4264 6382
937 20 1084 30 .._—._-_.._.
1097 22 1190 29 _—.__.
1209 24 1278 28 »__
1317 17 1320 20 ’
1357 17 1426 27 .‘L~

597 370 716 433 639

1115 368 1642 430 TERTULLIANI
1689 364 2012 426 OPERUM
2058 359 2256 422 PARS
2301 359 2348 418 l.
2387 389 2461 400 -—
2491 354 2763 417 SERIES
2809 353 2858 425 Ι,
2901 342 3464 419 APOLOGETICA.

3870 336 3994 396 640

601 501 696 556 die
724 500 1154 565 redundamus;
1187 513 1300 568 quo
1328 499 1348 532 ⁸
1379 497 1594 568 plures,
1623 497 1730 551 hoc
1761 494 2028 566 pluribus
2068 490 2234 547 odio-
2263 499 2315 566 Α
2349 486 2606 544 serendae
2638 483 2926 550 nationes,
2973 494 3106 536 ecce
3149 473 3534 550 proponimus
3589 468 3752 526 vobis
3809 465 3993 568 disci-

603 591 688 644 si:
724 589 911 659 magis
942 588 1214 642 increscit
1259 587 1479 652 odium,
1540 587 1894 640 increscente
1954 580 2235 646 materia;

603 677 937 748 proﬁciente
968 675 1342 730 multitudine
1376 691 1627 740 reorum,
1659 673 1799 744 quid
1831 674 1911 727 ita
1928 687 2039 726 non
2066 669 2238 741 proti-

603 768 682 821 cit
713 765 1026 820 multitudo
1055 764 1498 818 nuntiatorum?
1529 763 1688 827 Quod
1723 763 1927 828 sciam,
1989 763 2046 813 et
2105 774 2238 812 con-

607 855 858 909 versatio
888 853 1074 908 notior
1106 854 1256 907 facta
1278 858 1404 918 est;
1438 851 1602 906 scitis
1632 855 1687 906 et
1707 851 2240 905 diesconventuum

605 947 974 1010 nostrarum;
1009 943 1207 1012 itaque
1236 947 1292 996 et
1321 941 1661 995 obsidemur
1715 945 1771 993 et
1829 937 2240 1010 opprimimur,

604 1037 662 1088 et
690 1031 749 1086 in
781 1031 926 1102 ipsis
979 1030 1208 1086 arcanis
1267 1027 1812 1100 congregationibus
1889 1025 2238 1081 detinemur.

608 1119 748 1184 Quis
773 1135 1033 1191 unquam
1065 1124 1260 1174 tamen
1285 1134 1511 1174 semeso
1539 1133 1718 1188 puero
1741 1113 2075 1187 supervenit
2093 1113 2242 1184 (2i)?

607 1210 741 1280 quis
772 1209 830 1263 in
863 1213 1161 1264 cruentato
1189 1223 1336 1279 pane
1364 1205 1608 1278 vestigia
1637 1205 1896 1260 dentium
1921 1204 2244 1274 deprehen-

611 1298 740 1353 dit?
769 1298 900 1368 quis
934 1295 1189 1352 tenebris
1217 1295 1520 1366 repentino
1552 1294 1776 1350 lumine
1832 1293 2076 1362 irruptis
2133 1292 2245 1346 im-

611 1387 834 1441 munda
863 1385 1085 1456 aliqua,
1119 1401 1189 1438 ne
1211 1384 1450 1439 dixerim
1477 1383 1717 1446 incesta,
1741 1382 1957 1437 indicia
1978 1397 2247 1451 recogno-

605 1475 742 1530 vit?
773 1474 831 1530 Si
863 1472 1094 1544 praemio
1120 1473 1527 1544 impetramus,
1563 1487 1634 1525 ne
1662 1471 1809 1525 tales
1832 1470 1890 1523 in
1945 1468 2244 1542 publicum

607 1563 1001 1628 extrahamur,
1044 1578 1225 1633 quare
1255 1559 1763 1631 etopprimimur?
1819 1558 2138 1613 Possumus
2192 1561 2250 1612 et

613 1653 851 1710 omnino
883 1669 997 1707 non
1037 1651 1298 1717 extrahi;
1332 1650 1464 1720 quis
1495 1649 1649 1705 enim
1698 1647 2084 1719 proditionem
2137 1647 2249 1702 cri-

612 1742 790 1798 minis
819 1741 1068 1811 alicujus
1101 1739 1226 1796 sine
1242 1739 1484 1793 crimine
1507 1739 1632 1808 ipso
1659 1742 1760 1792 aut
1779 1737 2066 1792 venditau
2097 1735 2246 1791 redi-

613 1830 764 1886 mit?
793 1829 903 1885 Sed
938 1829 1077 1900 quid
1110 1827 1397 1883 extraneis
1424 1825 1887 1898 speculatoribus
1928 1829 1985 1880 et
2041 1823 2246 1878 indici-

615 1920 726 1974 bus
757 1919 1093 1984 detractcm,
1126 1917 1223 1988 qui
1255 1915 1394 1970 talia
1447 1915 1758 1986 objiciatis,
1816 1931 1941 1984 quis
2002 1929 2118 1967 non
2176 1913 2247 1966 ab

618 2004 763 2076 ipsis
789 2003 954 2059 nobis
986 2021 1120 2058 cum
1179 2003 1434 2058 maxima
1483 2001 1892 2057 vociferatione
1951 1999 2248 2072 publicen-

616 2098 732 2164 tur,
763 2099 863 2148 aut
892 2093 1086 2147 statim
1148 2091 1367 2160 audita,
1428 2091 1474 2146 si
1534 2090 1695 2162 prius
1752 2091 2251 2156 demonstrantur,

619 2186 720 2238 aut
750 2185 952 2254 postea
974 2185 1216 2252 reperta,
1251 2180 1296 2235 si
1328 2178 1562 2234 interim
1595 2177 1898 2234 celentur?
1955 2178 2087 2233 Sine
2142 2177 2254 2231 du-

621 2271 715 2326 bio
796 2270 952 2325 enim
1037 2269 1329 2324 initiatum
1371 2267 1704 2323 volentibus
1763 2283 1891 2322 mos
1948 2272 2036 2322 est
2095 2265 2256 2337 prius

622 2363 775 2418 509
803 2362 868 2416 ad
902 2359 1248 2431 magistrum
1299 2375 1597 2414 sacrorum
1647 2356 1734 2412 vel
1793 2361 2015 2429 patrem
2075 2357 2256 2411 adire.

623 2453 772 2507 Tum
808 2449 904 2506 ille
933 2450 1123 2505 dicet:
1159 2449 1356 2504 Infans
1385 2448 1490 2502 tibi
1522 2447 1622 2519 qui
1667 2447 1860 2502 adhuc
1903 2445 2060 2517 vagit
2090 2446 2110 2480 θ
2166 2462 2261 2500 ne-

626 2539 941 2604 cessarius,
973 2537 1074 2610 qui
1101 2537 1442 2593 immolatur
1463 2541 1543 2605 ,et
1564 2535 1728 2607 panis
1750 2535 2139 2606 aliquantum,
2163 2533 2262 2604 qui

522 2682 530 2692 _
620 2627 682 2683 in
713 2628 1000 2699 sanguine
1029 2625 1401 2697 infringatur,
1433 2630 1710 2696 praeterea
1731 2623 2100 2688 candelabra,
2135 2638 2260 2692 qua

627 2733 799 2771 canes
853 2716 1059 2770 annexi
1119 2715 1448 2785 deturbent,
1505 2719 1563 2769 et
1619 2713 1805 2769 otl‘ulte
1858 2729 1984 2784 quae
2031 2712 2262 2767 eosdem

629 2820 804 2862 canes
837 2804 914 2860 ¹⁰;
950 2805 1051 2859 sed
1084 2809 1139 2859 et
1171 2809 1354 2858 mater
1401 2809 1502 2858 aut
1554 2819 1718 2859 soror
1773 2801 1878 2858 tibi
1937 2799 2266 2856 necessaria

631 2900 740 2951 est.
770 2894 942 2960 Quid,
976 2893 1024 2948 si
1048 2891 1220 2948 nullae
1251 2893 1469 2948 erunt?
1499 2892 1723 2964 opinor,
1775 2890 2074 2962 legitimus
2101 2888 2264 2944 Chri-

631 2984 857 3040 stianus
889 2998 1154 3038 essenon
1188 2981 1449 3052 poteris?
1504 2981 1652 3046 Haec,
1710 2996 1808 3034 oro
1865 2996 1986 3049 vos,
2041 2979 2266 3032 denun-

2349 575 2519 648 plinas
2551 579 2762 630 nostras
2788 570 3186 643 sponsionem.
3218 564 3409 619 Vitam
3443 566 3716 616 aeternam
3748 557 3994 613 sectato-

2350 666 2510 720 ribus
2542 668 2598 719 et
2629 642 3135 717 conservatoribus
3165 655 3290 709 suis
3321 651 3588 724 spondet,
3621 664 3652 702 θ
3699 642 3991 702 contrario

2350 754 2608 826 profanis
2634 755 2690 806 et
2744 748 2970 804 aemulis
3022 743 3378 816 supplicium
3437 744 3718 794 internum
3771 738 3990 789 aeterno

2349 843 2469 914 igni
2503 841 2934 904 comminatur;
2969 837 3038 891 ad
3093 839 3400 902 utramque
3431 843 3669 884 causam
3727 827 3994 879 mortuo-

2351 911 2480 988 rum
2541 927 2885 986 resurrectio
2935 923 3298 996 prmdicatur.
3344 916 3678 973 Viderimus
3736 915 3806 968 de
3879 911 3995 965 fide

2349 1022 2620 1087 istorum,
2653 1020 2795 1073 dum
2827 1032 2932 1070 suo
2977 1015 3103 1068 loco
3133 1012 3516 1082 digeruntur;
3575 1004 3806 1059 interim
3867 1015 3994 1056 cre-

2351 1111 2491 1178 dite,
2515 1105 3010 1181 quemadmodum
3043 1117 3170 1157 nos.
3204 1097 3346 1154 Volo
3372 1096 3528 1152 enim
3563 1093 3732 1159 scire,
3784 1091 3834 1146 si
3893 1105 3998 1161 per

2349 1177 2492 1256 talia
2511 1177 2730 1254 scelera
2752 1194 2909 1251 adire
2932 1191 3114 1264 parati
3133 1189 3295 1254 estis,
3319 1182 3806 1258 quemadmodem
3836 1195 3945 1234 nos
3967 1177 3996 1231 ?

2351 1289 2522 1355 Veni,
2554 1288 2601 1342 si
2635 1286 2764 1356 quis
2795 1300 2878 1347 es,
2908 1283 3178 1350 demerge
3209 1279 3426 1333 ferrum
3456 1274 3516 1329 in
3543 1272 3828 1327 infantem
3854 1285 3868 1336 ;
3904 1264 3996 1322 vel

2355 1381 2400 1436 si
2437 1378 2680 1433 alterius
2710 1374 2965 1430 ofﬁcium
2997 1375 3106 1438 est,
3140 1372 3265 1422 tum
3297 1364 3469 1420 modo
3508 1364 3705 1434 specta
3738 1357 3998 1413 morien-

2354 1476 2471 1526 tem
2501 1467 2782 1529 animam,
2817 1467 3129 1530 antequam
3162 1455 3320 1520 vixit,
3363 1456 3515 1508 certe
3541 1449 3739 1520 excipe
3787 1447 3998 1502 rudem

2359 1557 2706 1631 sanguinem
2739 1553 2796 1607 in
2833 1567 2946 1622 quo
2969 1563 3178 1622 panem
3212 1551 3379 1600 tuum
3412 1540 3612 1604 saties,
3644 1552 3875 1593 vescere
3929 1534 4001 1589 li-

2357 1621 2598 1713 benter;
2631 1621 2864 1700 interea
2909 1621 3286 1694 discumbens
3328 1632 3636 1686 dinumera
3692 1625 3838 1693 loca,
3893 1621 4000 1678 ubi

2359 1743 2547 1793 mater
2576 1740 2676 1790 aut
2707 1748 2871 1789 soror
2898 1734 3093 1784 torum
3127 1721 3442 1795 presserit;
3478 1722 3618 1773 nota
3664 1714 3996 1786 diligenter,

2359 1833 2424 1883 ut
2449 1842 2581 1881 cum
2611 1822 2860 1878 tenebrae
2891 1814 3187 1878 irruerint,
3233 1809 3524 1863 tentantes
3583 1800 3805 1859 scilicet
3861 1796 3996 1852 dili-

2277 1869 2323 1934 B
2357 1915 2610 1988 gentiam
2645 1908 3035 1980 singulorum,
3068 1917 3184 1956 non
3216 1912 3372 1954 erres
3421 1898 3753 1949 extraneum
3795 1887 3995 1942 incur-

2359 1978 2534 2063 sans:
2569 1978 2864 2075 piaculum
2895 1991 3120 2056 feceris,
3153 1987 3265 2043 nisi
3309 1986 3620 2039 incestum.
3682 1978 3813 2034 Haec
3859 1989 3997 2073 cum

2362 2061 2730 2165 expunxeris,
2761 2086 2918 2140 vives
2953 2084 3012 2138 in
3035 2093 3242 2135 aevum.
3288 2073 3469 2145 Cupio
3524 2066 3902 2140 respondeas,
3949 2061 4003 2118 si

2362 2153 2508 2239 tanti
2545 2153 2728 2235 facias
2754 2165 3182 2232 mternitatem?
3215 2165 3332 2219 imo
3367 2161 3581 2216 idcirco
3632 2172 3736 2212 nec
3790 2153 4008 2223 credis,

2365 2279 2421 2330 et
2428 2274 2553 2344 jam
2583 2269 2632 2325 si
2663 2262 2999 2326 credideris,
3031 2274 3178 2329 nego
3210 2251 3458 2344 tervelle,
3482 2254 3548 2344 et
3567 2248 3694 2344 jam
3727 2247 3776 2301 si
3805 2243 4010 2312 velles,

2367 2336 2513 2434 nego
2544 2365 2599 2415 te
2633 2371 2825 2430 posse.
2851 2353 2967 2408 Cur
2995 2354 3186 2404 autem
3209 2343 3307 2400 alii
3339 2339 3587 2414 possint,
3643 2336 3694 2390 si
3739 2349 3842 2390 vos
3890 2349 4010 2388 non

2370 2421 2665 2522 potestis?
2697 2460 2799 2499 cur
2821 2456 2935 2496 non
2961 2434 3218 2510 possitis,
3241 2431 3289 2487 si
3314 2429 3411 2486 alii
3432 2423 3724 2500 possunt?
3745 2421 4014 2494 impuni-

2369 2509 2570 2605 tatem,
2603 2509 2984 2589 aeternitatem
3011 2527 3231 2596 quanto
3254 2523 3522 2576 constare
3542 2514 3720 2605 vultis
3743 2510 3767 2566 Ρ
3924 2509 4014 2564 ha

2373 2599 2734 2680 nobis'omni
2767 2617 2936 2673 modo
2967 2611 3315 2670 redimendae
3346 2603 3662 2664 videntur?
3692 2618 3763 2657 an
3796 2599 3893 2656 alii
3911 2615 4013 2653 or-

2373 2713 2539 2768 dines
2574 2710 2835 2766 dentium
2870 2704 3357 2766 Christianorum,
3390 2701 3447 2752 et
3467 2694 3566 2751 alii
3595 2706 3809 2764 specus
3856 2687 4015 2745 570

2373 2802 2660 2867 faucium,
2691 2802 2748 2854 et
2799 2795 2896 2853 alii
2929 2795 3001 2850 ad
3023 2791 3231 2848 incesti
3278 2786 3583 2843 libidinem
3633 2777 3842 2836 nervi?
3883 2777 4014 2832 Non

2374 2893 2616 2964 opinor;
2647 2887 2794 2943 satis
2820 2885 2974 2940 enim
3007 2886 3095 2938 est
3124 2878 3294 2934 nobis
3324 2874 3446 2932 sola
3471 2872 3710 2928 veritate
3739 2885 3773 2924 a
3818 2870 4016 2922 vestra

2375 2961 2661 3055 positione
2687 2973 2961 3033 discerni.
3009 2970 3267 3026 Tertium
3314 2980 3496 3038 genus
3536 2961 3806 3025 dicimur,
3838 2971 4015 3029 cyno-

628 3072 774 3128 tiata
805 3072 876 3127 ab
909 3070 1040 3126 aliis
1078 3045 1377 3125 sustinent
1405 3069 1608 3142 prodi?
1640 3069 1938 3125 Diversum
1971 3045 2118 3140 opus
2151 3083 2267 3122 non
2375 3045 2578 3143 pennis
2610 3069 2654 3103 ¹²
2683 3065 2886 3138 aliqui,
2920 3061 3010 3117 vel
3041 3057 3346 3130 sciapodes
3388 3054 3521 3127 (22),
3569 3050 3657 3107 vel
3715 3047 3894 3119 aliqui
3944 3045 4017 3101 de

634 3165 722 3218 est
742 3160 890 3217 scire
916 3159 1049 3216 illos
1080 3162 1121 3195 “
1153 3175 1166 3227 ;
1210 3158 1372 3230 prius
1406 3157 1645 3215 fallacia
1703 3159 2000 3231 negotium
2061 3172 2264 3228 perpe-
2313 3226 2342 3231 ῳ
2381 3160 2761 3216 subterranea
2795 3151 3101 3224 antipodes
3130 3148 3263 3219 (23).

630 3255 839 3318 tratur,
871 3249 1092 3321 ignaris
1125 3223 1183 3304 et
1210 3223 1419 3320 -dapes
1470 3253 1529 3304 et
1580 3223 1811 3320 unptiaev
1855 3223 2256 3316 subiici-untur.

2450 3249 2508 3304 8.
2540 3247 2599 3303 Si
2632 3261 2750 3317 qua
2779 3223 2939 3307 istic,
2967 3239 3121 3312 apud
3155 3254 3256 3293 vos
3286 3233 3493 3292 saltem
3523 3229 3671 3287 ratio
3693 3231 3801 3297 est,
3832 3223 4022 3321 edatis

635 3339 792 3395 Nihil
823 3313 975 3394 enim
1011 3354 1269 3410 unquam
1303 3313 1453 3394 retro
1485 3338 1555 3392 de
1586 3313 1929 3392 Christianis
1973 3313 2270 3406 mysteriis
2379 3337 2548 3394 velim
2573 3313 2828 3409 primum
2849 3337 2906 3388 et
2935 3328 3256 3386 secundum
3292 3339 3498 3396 genus,
3534 3319 3700 3376 utita
3729 3318 3800 3372 de
3848 3313 4020 3370 tertio

639 3429 968 3484 audierunt.
1001 3402 1221 3482 Tamen
1255 3430 1453 3498 postea
1481 3430 1833 3498 cognoscant
1888 3402 2123 3480 necesse
2179 3425 2270 3478 est
2380 3402 2624 3483 constet.
2660 3418 3126 3479 Psammetichus
3157 3415 3393 3487 quidem
3425 3408 3648 3484 putavit
3677 3405 3782 3461 tibi
3817 3420 3878 3460 se
3929 3402 4021 3457 in-

633 3516 722 3573 vel
752 3516 881 3572 aliis
910 3533 1058 3588 quos
1087 3515 1372 3570 inducunt
1410 3514 1929 3586 prteministranda.
1988 3515 2268 3568 Caeterum
2375 3512 2912 3588 genioexploratus,
2935 3507 2986 3564 si
3007 3506 3078 3561 de
3099 3503 3288 3578 prima
3305 3499 3568 3575 generis:
3595 3494 3844 3552 discitur
3865 3491 4023 3547 enim

640 3622 818 3677 quam
848 3621 1063 3660 vanum
1098 3608 1185 3658 est
1217 3605 1488 3675 profanos
1527 3604 1676 3658 scire
1709 3603 1862 3675 quod
1897 3601 2118 3657 nesciat
2175 3617 2270 3656 sa-
2376 3582 2648 3659 infantes
2679 3597 2893 3655 recenti
2942 3613 2974 3651 e
3046 3601 3216 3668 partu
3256 3604 3522 3648 seorsum
3585 3603 3618 3642 a
3670 3582 4022 3640 commercio

639 3674 1132 3751 cerdos?Tacent
1158 3674 1359 3763 igitur,
1381 3696 1438 3747 et
1467 3697 1701 3762 accepto
1733 3674 1958 3758 ferunt,
2017 3697 2070 3746 et
2125 3689 2272 3745 nihil
2379 3691 2681 3748 hominum
2742 3686 2981 3743 alendos
3045 3681 3358 3738 tradidisse
3420 3675 3655 3746 nutrici,
3723 3688 3900 3744 quam
3965 3674 4024 3726 et

639 3782 936 3856 tragoedia
987 3759 1246 3854 Thyest—aa
1307 3780 1394 3835 vei
1451 3759 1763 3851 OEdipodis
1820 3781 2155 3850 erumpunt,
2216 3781 2273 3834 et
2379 3782 2564 3853 ipsam
2598 3781 2869 3852 proptere.
2897 3773 3310 3846 elinguaverat,
3344 3773 3409 3824 ut
3453 3767 3513 3822 in
3561 3769 3746 3820 totum
3790 3759 4021 3818 exsules

639 3849 769 3932 non
785 3849 1135 3946 protrahunt
1165 3871 1235 3926 ad
1269 3869 1576 3942 populum,
1598 3849 1716 3924 iide
1744 3867 1804 3924 in
1863 3849 2162 3923 ministros
2219 3870 2276 3922 et
2379 3849 2538 3927 vocis
2565 3849 2833 3924 humanae
2867 3880 2984 3920 non
3010 3861 3211 3919 auditu
3246 3859 3564 3915 formarent
3585 3849 4019 3925 loquelam,sed

640 3962 942 4036 magistris
973 3965 1030 4016 et
1060 3961 1130 4016 de
1163 3959 1310 4031 ipsis
1331 3957 1583 4030 potiores
1606 3973 1837 4012 morsus
1851 3958 1975 4028 jam
1993 3956 2272 4012 doctis....
2383 3976 2488 4016 suo
2512 3961 2843 4031 prementes
2864 3969 2992 4010 eam
3024 3951 3275 4024 primam
3307 3946 3599 4003 nationem
3623 3941 4024 4013 designarent.

643 4026 899 4125 rapiunt.
934 4049 995 4108 Si
1026 4049 1172 4106 nihil
1190 4026 1311 4104 tale
1334 4026 1635 4120 probetur,
1659 4026 1874 4116 grande
1905 4045 2098 4102 nescio
2131 4045 2273 4116 quid
2384 4026 2554 4118 cuju-s
2575 4060 2786 4102 sonum
2819 4047 3032 4098 natura
3059 4039 3357 4096 dictasset.
3394 4034 3583 4090 Prima
3601 4048 3710 4089 vox
3732 4030 3953 4086 Bekkos
3977 4026 4024 4061 ¹³

642 4114 920 4198 aestimari
979 4141 1226 4210 oportet,
1284 4114 1454 4208 cujus
1511 4114 1906 4207 compensatio
1981 4114 2274 4190 tantarum
2384 4114 2720 4191 renuntiata
2739 4136 2830 4190 est
2857 4132 3009 4202 (24);
3049 4123 3450 4200 interpretatio
3477 4124 3604 4195 ejus
3646 4119 3822 4176 Panis
3871 4114 4027 4210 apud

645 4203 1906 4287 atrocitatum-tolerantia'constat.vMiserae
1957 4228 2136 4295 atque
2165 4223 2275 4278 mi-
2385 4222 2646 4295 Phrygas
2667 4237 2881 4278 nomen
2894 4210 3670 4291 est;Phrygesprimigenus
3709 4203 4030 4267 exindeha-

2054 4321 2256 4385 Variae
2286 4321 2610 4384 lectiones.

712 4430 733 4466 ⁸
763 4430 882 4501 Rig.
917 4426 1092 4500 quod.
1125 4425 1146 4460 ⁹
1178 4423 1358 4501 Codd,
1383 4421 1525 4501 Mss.
1557 4425 1820 4501 vagetur.
1855 4421 1899 4501 f°
1936 4418 2180 4501 Apol._8,
2217 4419 2478 4501 «offulae,
2512 4435 2638 4501 quas
2671 4417 2803 4474 illos
2835 4416 2906 4472 ad
2939 4402 4034 4501 eversiogemlumipugppxtppdanti

649 4501 810 4575 Quod
828 4476 954 4575 ἶ]ρᾶ
987 4495 1422 4575 extendantjtic
1451 4476 1992 4575 autvrétiyendgm'
2019 4497 2121 4547 aut
2169 4476 2868 4575 Eubintellipeiidugnnesae
2899 4489 3099 4575 “captet
3154 4486 3386 4575 ﬂauere:
3451 4480 3676 4575 “pingi;
3730 4476 4037 4575 Diversum

648 4545 817 4647 ἓξρἶῖἔ.
841 4545 2676 4637 "ﬁéh'ési'ééiié'iiib'sféic.13iiﬁfcyhopéhnég’séd‘cﬂupaz.
2711 4564 2765 4629 8,
2821 4561 2864 4598 ιι
2895 4558 3054 4616 Codd.
3088 4573 3218 4613 mss.
3254 4556 3482 4612 Pactos.
3515 4552 3596 4623 cr.
3621 4545 3823 4607 'Herod.
3854 4549 3911 4615 2,
3941 4545 3997 4601 2.

2067 4671 2586 4733 Commentarius.

719 4779 828 4850 (21)
859 4777 1270 4850 Semesqpuero
1307 4769 1873 4850 superuenit-Variis
1925 4768 2286 4850 argumentis
2315 4772 2363 4836 Ι)
2392 4765 2690 4850 Gallorum
2761 4761 3157 4850 Mercurium,
3212 4763 3312 4843 aut
3358 4759 3628 4850 Afrorum
3673 4757 4038 4850 ‘Saturnum,

648 4847 1010 4921 impietatem
1064 4847 1222 4901 illam

650 4911 827 4988 arcet,
863 4919 1116 4989 facitque
1142 4935 1250 4973 sua
1279 4911 1614 4989 eloquentia
1643 4917 1709 4989 ut
1738 4911 1958 4989 crimen
1992 4911 2137 4989 illud
2197 4911 2286 4967 in-

651 4985 936 5048 fanticidii
969 4985 1083 5046 non
1115 4989 1328 5045 haereat
1359 4985 1417 5044 in
1468 4986 1838 5042 Christianis.
1897 4985 2283 5042 Notissimum

647 5082 775 5122 esse
807 5063 976 5119 debet
1005 5061 1358 5118 calumniam
1394 5057 1553 5114 illam
1587 5059 1957 5128 desumptam
2005 5059 2186 5113 fuisse
2215 5071 2284 5111 ex

648 5137 970 5194 infamibus
1002 5135 1183 5190 sacris
1215 5131 1472 5201 Saturni,
1506 5148 1632 5202 qua:
1664 5130 1723 5185 in
1753 5129 1946 5186 Africa
1978 5129 2101 5186 fieri
2142 5144 2283 5202 con-

649 5213 982 5273 sueverunt,
1014 5207 1072 5262 in
1101 5205 1312 5276 quibus
1344 5200 1751 5276 mactabantur
1808 5201 2080 5259 infantes.
2141 5200 2283 5256 Pru-

647 5283 902 5348 dentius,
939 5281 1041 5336 lib.
1075 5275 1136 5346 11,
1172 5278 1302 5334 adv.
1325 5275 1756 5348 Symmachum:

711 5399 956 5449 Credibus
986 5397 1255 5445 infantum
1284 5393 1492 5442 fument
1510 5390 1756 5441 Saturnia
1774 5403 1940 5450 sacra,

709 5461 1098 5523 Flebilibusque
1127 5462 1303 5508 truces
1331 5459 1584 5506 resonent
1611 5453 1878 5518 vagitibus
1913 5463 2036 5500 arts.

718 5567 872 5624 Nihil
897 5566 1085 5638 magis
1115 5564 1350 5638 obvium
1384 5561 1538 5638 apud
1572 5554 2286 5638 Lactantiumﬂttlinutium

649 5646 708 5696 et
763 5627 1030 5696 caeteros?
1070 5627 1654 5709 Ipse_Te_rtullAianus
1713 5627 2286 5709 contra'Gnosticos

650 5713 772 5768 haec
798 5712 1014 5768 habet:
1048 5699 1410 5764 «'Eedenim
1464 5703 1814 5777 Scytharum
1872 5699 2142 5770 Dianam,
2187 5702 2290 5757 aut

1273 4825 2289 4915 quasiChristianis;impi‘nggebatur
2315 4825 2358 4836 ν
2396 4838 2703 4915 hominum
2746 4837 2986 4893 victima
3035 4825 3254 4906 placari
3295 4831 3472 4903 apud,
3517 4827 3794 4886 seculum
3844 4825 4033 4881 licuit.

2397 4913 2471 4968 Ls
2503 4915 2606 4966 Pa.

2469 4982 2577 5054 (22)
2606 5053 2612 5054 γ
2642 4980 2981 5052 Cynopennae
3041 4976 3246 5054 aliqui,
3314 4974 3402 5054 υςι
3461 4970 3746 5054 Scippodgs
3793 4972 3816 5022 .9
3872 4967 4039 5054 1_.egit

2393 5041 2714 5121 Pamelius',
2789 5041 2967 5122 quem
3027 5041 3296 5120 sequitur
3352 5041 3623 5122 Lacerda,
3681 5041 4038 5122 Cynophane,

2391 5127 2593 5208 sicque
2643 5113 2866 5208 .sensus
2920 5124 3046 5208 est:
3090 5113 3640 5208 sumusne‘canino
3694 5113 3864 5208 ‘vultu
3940 5116 4043 5170 aut

2393 5185 2602 5253 canina
2640 5195 2719 5250 im
2732 5193 3012 5267 pudentis
3037 5197 3108 5267 ut
3130 5189 3516 5267 homicidium
3541 5193 3661 5267 tam
3676 5185 3858 5267 “facile
3879 5197 4044 5267 Spec-

2392 5275 2584 5326 temus
2615 5256 3182 5324 seu‘infanticidium
3206 5261 3234 5318 ‘I
3267 5259 3642 5319 Vowerenius
3665 5256 3926 5329 Cyclopea
3965 5256 4042 5314 le-

2392 5343 2512 5414 git:
2548 5337 2829 5414 atiDesid,
2867 5335 3148 5393 Heraldus
3167 5335 3346 5414 habet
3367 5335 3752 5414 _Cyno_penn.z;.
3790 5331 3947 5414 lusu.

2465 5412 2575 5484 (23)
2609 5413 2684 5466 De
2736 5411 3086 5484 subterranea
3136 5402 3462 5484 ᾼηιξροίίιεὲἒ
3487 5402 3638 5484 _Lib.
3693 5402 3760 5458 de
3814 5403 4037 5484 Anima,

2393 5475 2527 5556 Pag.
2560 5475 2686 5550 334,
2718 5482 2903 5539 dixit:
2967 5502 2995 5529 «
3043 5475 3320 5536 Animalia
3375 5478 3796 5534 subterraneum
3851 5475 4038 5529 viven-

2394 5556 2928 5698 M(22)I}’Irc-}iinavox
2957 5625 3148 5698 Becco:
3201 5621 3540 5698 ron_unti_qta_
3585 5621 3684 5698 est.
3749 5617 4034 5698 Deprava-

2394 5689 2524 5754 tuin
2554 5689 2644 5755 est
2673 5697 2830 5769 quod
2856 5695 2919 5752 in
2950 5693 3147 5752 codice
3185 5689 3470 5765 Agobardi
3525 5689 3758 5762 legitur.
3815 5689 4032 5746 Factae.
