4264 6354
314 391 431 451 641

1539 380 1641 439 AD
1686 371 2101 437 NATIONES.
2140 406 2211 417 —
2256 372 2401 432 LIB.
2447 372 2497 431 I.

3601 373 3720 431 642

314 528 552 583 bentur.
585 523 695 579 Sed
729 521 838 577 hoc
871 534 1054 576 unum
1081 516 1191 576 erit
1219 517 1291 572 de
1328 512 1688 571 vanitatibus
1749 512 1967 567 vestra-

2086 539 2293 581 causas
2348 539 2476 580 esse
2531 522 2729 578 vultis.
2784 521 2842 577 Si
2889 520 3113 577 Tiberis
3176 522 3610 591 redundaverit,
3672 524 3723 581 ei

320 632 453 671 rum
473 612 806 671 fabularum
834 627 945 666 non
968 609 1152 664 otiose
1168 606 1336 662 nobis
1368 601 1827 671 retractandum,
1851 614 1964 671 quo

320 706 498 761 ﬁdem
555 707 811 757 vestram
868 698 1227 755 vanitatibus
1296 710 1473 767 quam
1520 690 1865 747 veritatibus
1926 690 1969 726 ιι

323 794 581 850 deditam
616 792 1020 847 demonstrare
1052 786 1355 856 gestimus.
1388 786 1473 839 An
1508 782 1746 838 omnino
1778 779 1970 834 credi-

322 883 439 940 bile
470 882 569 945 sit,
593 879 695 935 tali
728 878 991 933 membro
1015 876 1269 938 desecto,
1299 876 1522 928 vastato
1554 871 1740 941 ipsius
1764 869 1970 925 anima

325 988 543 1043 organo
574 976 631 1025 et
648 969 848 1040 utique
880 965 1161 1021 radicitus
1193 980 1362 1029 caso,
1386 961 1659 1016 caetratis
1680 960 1971 1027 faucibus,

327 1079 455 1134 qua
516 1059 693 1115 etiam
756 1057 1124 1112 extrinsecus
1172 1051 1497 1124 periculose
1573 1049 1972 1114 vulnerantur,

328 1150 534 1208 exinde
564 1148 698 1203 tabe
730 1146 787 1200 in
824 1143 1139 1216 pracordia
1168 1142 1468 1206 refluente,
1503 1145 1699 1210 postre
1740 1155 1835 1192 mo
1866 1136 1975 1191 ali-

329 1239 612 1314 quamdiu
646 1234 1015 1291 cessantibus
1038 1230 1357 1298 alimentis,
1392 1230 1568 1283 vitam
1606 1226 1820 1283 nutrici
1848 1242 1977 1298 per-

325 1331 573 1385 durasse
601 1325 629 1379 ?
659 1328 770 1396 Age
801 1337 980 1387 nunc,
1010 1318 1464 1392 perseveraverit
1495 1315 1827 1371 Philomela
1862 1330 1981 1370 me-

338 1414 759 1473 dicamentis...
791 1426 967 1482 quam
1011 1413 1068 1465 et
1124 1408 1315 1480 ipsam
1370 1406 1802 1478 prudentiores,
1863 1422 1979 1459 non

337 1506 550 1577 lingua
579 1502 755 1567 cade,
790 1500 890 1555 sed
922 1497 1162 1569 pudoris
1188 1496 1401 1551 rubore
1433 1500 1656 1549 mutam
1694 1494 1982 1565 interpre-

342 1599 561 1651 tantur.
584 1591 642 1647 Si
661 1606 796 1661 ergo
813 1588 973 1657 vixit,
998 1586 1185 1659 potuit
1207 1584 1433 1640 ell‘utire
1456 1583 1672 1655 aliquid
1701 1585 1978 1639 obtusum

329 1691 387 1741 et
416 1679 866 1738 exarticulatum
901 1693 1113 1733 sonum
1144 1674 1563 1745 tinuitumque,
1613 1674 1737 1728 sine
1770 1674 1978 1728 modu-

332 1775 455 1830 latu
491 1769 857 1835 labellorum,
889 1782 1147 1837 expanso
1179 1780 1296 1829 ore,
1331 1762 1533 1833 lingua
1563 1767 1859 1833 stupente,
1910 1763 1980 1816 de

2074 615 2241 670 Nilus
2302 629 2417 669 non
2467 612 2835 679 redundavit,
2887 612 2937 667 si
2986 612 3196 667 calum
3249 611 3427 680 stetit,
3462 613 3509 669 si
3569 618 3723 669 terra

2080 702 2327 759 movit...
2362 704 2480 758 tiva
2508 702 2774 769 vastavit,
2809 702 2858 756 si
2890 702 3073 757 fames
3098 702 3325 773 afﬂixit,
3358 702 3552 757 statim
3599 720 3726 759 om-

2080 793 2243 847 nium
2300 809 2408 847 vox
2436 809 2447 846 :
2480 792 2787 849 Christi....
2823 795 2967 846 tum.
3001 790 3173 855 Quasi
3206 791 3501 845 modicum
3547 793 3723 847 habe-

2082 886 2183 937 ant
2212 885 2314 936 aut
2344 881 2503 935 aliud
2539 879 2842 935 metuere!
2887 880 3032 945 Quid
3090 879 3311 949 igitur?
3363 880 3601 953 Opinor,
3664 887 3728 937 ut

2082 977 2513 1042 contemptores
2536 972 2775 1025 deorum
2801 975 3125 1023 vestrorum
3152 968 3271 1023 hac
3296 970 3493 1039 jacula
3522 988 3722 1027 eorum

2084 1076 2488 1132 provocamus.
2544 1059 2612 1113 Ut
2670 1075 2850 1129 supra
2906 1058 3219 1125 edidimus,
3278 1059 3461 1113 atatis
3520 1067 3726 1115 nostra

2088 1150 2347 1205 nondum
2380 1150 2491 1220 (28)
2524 1148 2661 1203 anni
2692 1147 2957 1216 trecenti,
2989 1152 3218 1217 quanta
3248 1148 3444 1202 clades
3482 1155 3616 1204 ante
3669 1150 3726 1204 id

2088 1238 2343 1309 spatium
2379 1254 2557 1309 supra
2591 1237 2926 1291 universum
2960 1237 3159 1291 orbem
3200 1237 3273 1290 ad
3306 1237 3570 1309 singulas
3627 1256 3729 1293 ur-

2088 1328 2189 1383 bes
2218 1331 2273 1382 et
2296 1326 2623 1398 provincias
2654 1325 3034 1380 ceciderunt?
3065 1334 3283 1396 quanta
3314 1325 3465 1381 bella
3495 1332 3732 1385 externa

2088 1421 2145 1471 et
2174 1415 2455 1470 intestina
2486 1415 2508 1469 Ρ
2542 1419 2682 1485 quot
2703 1418 2919 1485 pestes,
2956 1415 3155 1483 fames,
3180 1414 3365 1485 ignes,
3400 1415 3596 1472 hiatus
3619 1434 3739 1473 mo.

2087 1509 2302 1576 tusque
2332 1510 2620 1559 terrarum
2653 1501 2917 1558 seculum
2953 1502 3245 1573 digessit?
3267 1502 3373 1558 Ubi
3396 1509 3537 1559 tunc
3562 1506 3725 1569 Chris

2090 1594 2288 1659 stiani,
2321 1609 2452 1648 cum
2479 1609 2570 1647 res
2602 1593 2861 1646 Romana
2882 1595 2969 1645 tot
3003 1591 3279 1646 historias
3304 1592 3570 1648 laborum
3602 1612 3707 1651 suo

2090 1701 2220 1739 rum
2280 1680 2791 1738 subministravit?
2852 1680 2949 1734 ubi
3007 1686 3145 1734 tunc
3202 1681 3534 1750 Christiani,
3597 1700 3695 1743 cur

2090 1773 2456 1843 Hicrenappe
2486 1772 2599 1840 (20)
2633 1775 2689 1825 et
2747 1769 3000 1838 Delphos
3060 1773 3115 1823 et
3168 1770 3398 1824 Rhodos
3432 1772 3473 1804 ¹⁸
3505 1774 3620 1843 (30)
3674 1772 3693 1823 ι

334 1862 473 1920 solis
506 1859 774 1915 faucibus
801 1857 928 1928 cogi
959 1854 1130 1921 licet;
1165 1854 1221 1908 id
1256 1854 1374 1907 fors
1406 1858 1543 1907 tunc
1565 1852 1819 1907 infantes
1844 1854 1983 1921 quia
2013 1875 2059 1939 B
2092 1864 2257 1917 Creta
2287 1860 2492 1915 insula;
2528 1858 2730 1913 multis
2761 1873 2891 1912 cum
2926 1856 3191 1912 millibus
3236 1857 3540 1913 hominum
3601 1878 3690 1933 ρρ.

339 1952 603 2017 unicum,
638 1946 866 2003 facilius
911 1942 1307 2007 commentati,
1369 1940 1540 2013 paulo
1599 1939 1979 2007 modulatius,

341 2044 545 2113 utpote
563 2034 898 2109 linguatuli,
932 2034 988 2087 in
1012 2038 1248 2087 ventum
1279 2030 1532 2100 alicujus
1555 2030 1980 2101 interpretatio.

345 2130 439 2185 nis
468 2124 840 2198 impegerint.
875 2122 986 2194 (25)
1017 2121 1147 2176 Sint
1176 2135 1331 2174 nunc
1356 2118 1527 2189 primi
1560 2118 1834 2190 Phryges,
1868 2135 1983 2173 non

342 2225 539 2274 tamen
564 2214 719 2271 tertii
742 2211 1055 2268 Christiani
1089 2227 1102 2275 ;
1127 2212 1359 2280 quanta
1382 2208 1537 2261 enim
1562 2206 1686 2261 alia
1718 2207 1983 2277 gentium

342 2308 526 2364 series
559 2307 691 2376 post
723 2302 979 2373 Phrygas
1008 2299 1034 2353 ?
1066 2298 1278 2353 Verum
1316 2297 1651 2363 recogitare;
1713 2312 1782 2351 ne
1840 2312 1986 2366 quos

340 2395 582 2454 tertium
627 2408 815 2464 genus
848 2388 1063 2454 dicitis,
1096 2386 1419 2459 principem
1443 2385 1635 2439 locum
1664 2384 1989 2453 obtineant,

344 2484 638 2557 siquidem
674 2498 787 2535 non
821 2478 943 2533 ulla
983 2494 1129 2549 gens
1186 2492 1302 2530 non
1359 2473 1728 2540 Christiana;
1793 2475 1990 2546 itaque

345 2586 709 2646 quacunque
740 2583 885 2640 gens
928 2568 1137 2637 prima,
1198 2563 1583 2618 nihilominus
1638 2562 1988 2619 Christiana.

346 2660 613 2719 Ridicule
645 2656 960 2723 dementia,
1022 2652 1371 2709 novissimos
1428 2652 1619 2707 dicitis
1675 2657 1731 2707 et
1787 2654 1991 2709 tertios

349 2749 690 2808 nominatis.
723 2747 831 2801 Sed
864 2746 934 2799 de
964 2742 1379 2815 superstitione
1410 2742 1647 2795 tertium
1682 2758 1867 2809 genus
1900 2744 1993 2797 de-

350 2846 650 2915 putamur,
682 2852 796 2891 non
825 2834 895 2888 de
926 2832 1173 2894 ratione,
1208 2835 1269 2885 ut
1297 2830 1417 2885 sint
1466 2830 1735 2897 Romani,
1782 2831 1991 2901 Judai,

354 2928 569 2985 dehinc
599 2922 940 2980 Christiani.
1011 2921 1114 2977 Ubi
1178 2924 1374 2973 autem
1429 2918 1658 2973 Graci?
1706 2920 1790 2975 vel
1852 2922 1991 2977 siin

353 3020 749 3073 Romanorum
781 3007 1297 3079 superstitionibus
1350 3012 1681 3076 censentur,
1732 3010 1996 3079 quando-

353 3105 591 3177 quidem
624 3101 771 3157 511
810 3098 987 3153 etiam
1019 3097 1157 3151 deos
1202 3094 1430 3149 Gracia
1484 3098 1668 3150 Roma
1724 3096 1997 3152 sollicita-

348 3194 431 3249 vit
459 3193 595 3263 (26),
623 3190 722 3244 ubi
753 3186 965 3244 saltem
995 3185 1265 3263 Egyptii,
1312 3188 1369 3237 et
1412 3183 1548 3255 ipsi,
1580 3186 1733 3255 quod
1783 3186 1987 3254 sciam,

351 3282 587 3356 privata
618 3278 976 3346 curiosaquc
1005 3262 1346 3345 religionis?
1378 3273 1569 3338 Porro,
1602 3273 1647 3327 si
1678 3279 1794 3329 tam
1828 3292 1992 3330 mon-

348 3370 593 3433 etruosi,
624 3366 723 3439 qui
756 3363 886 3419 terii
918 3362 1049 3429 loci,
1084 3361 1287 3433 quales
1320 3360 1594 3429 habendi,
1645 3363 1745 3427 qui
1802 3365 1992 3436 primo

346 3467 401 3519 et
432 3457 688 3516 secundo
730 3453 1125 3508 antecedunt?

411 3551 466 3604 9.
490 3547 599 3602 Sed
633 3543 769 3616 quid
795 3558 900 3614 ego
933 3540 1112 3594 mirer
1142 3556 1291 3594 vana
1322 3544 1533 3610 vestra,
1567 3556 1700 3595 cum
1750 3558 1819 3595 ex
1876 3545 1992 3596 for-

342 3657 439 3695 ma
472 3633 724 3691 naturali
758 3633 1178 3701 concorporata
1233 3633 1289 3682 et
1343 3636 1612 3684 concreta
1667 3630 1996 3688 intercessit

338 3726 568 3785 malitia
595 3728 651 3779 et
682 3719 933 3778 stultitia
953 3718 1062 3773 sub
1081 3719 1283 3773 eodem
1309 3718 1576 3789 mancipe
1596 3721 1810 3776 erroris
1833 3722 1943 3793 (27)
1968 3726 1996 3777 ‘I

349 3820 521 3885 Sane,
556 3814 697 3886 quia
729 3828 843 3865 non
876 3809 1074 3874 miror,
1108 3823 1445 3862 enumerem
1503 3825 1740 3865 necesse
1771 3818 1883 3879 est,
1940 3817 1996 3867 et

346 3925 448 3964 vos
464 3900 929 3975 recognoscendo
952 3896 1265 3959 miremini,
1288 3896 1344 3950 in
1371 3902 1651 3967 quantam
1684 3900 1993 3959 stultitiam

349 3992 645 4056 incidatis,
676 3989 777 4062 qui
810 3987 1005 4042 omnis
1037 3985 1221 4040 cladis
1254 3984 1503 4055 publica
1530 3987 1618 4041 vel
1647 3987 1873 4060 injuria
1893 4009 1998 4048 nos

2093 1950 2460 2007 sumierunt:
2512 1948 2597 2003 vel
2659 1963 2835 2017 quam
2896 1945 3058 2000 Plato
3118 1952 3402 2001 memorat
3458 1950 3693 2020 majorm

2090 2039 2287 2094 Asiam
2322 2043 2422 2094 aut
2454 2038 2698 2091 Africam
2730 2035 3016 2090 Atlantico
3049 2035 3192 2089 mari
3253 2052 3544 2104 mersam;
3604 2050 3693 2093 cm

2092 2128 2390 2182 Vulsinios
2422 2127 2493 2181 de
2519 2126 2682 2192 calo,
2713 2125 2990 2195 Tarpeios
3022 2127 3088 2179 de
3121 2142 3226 2179 suo
3259 2132 3455 2180 monte
3477 2124 3697 2197 iperfiiit

2092 2217 2267 2288 ignis,
2301 2232 2431 2271 cum
2466 2221 2631 2269 terra
2660 2218 2818 2268 motu
2854 2229 3012 2267 mare
3057 2213 3420 2269 Corinthium
3480 2222 3693 2287 erepim

2096 2312 2204 2369 est,
2238 2321 2369 2359 cum
2405 2308 2590 2359 totum
2624 2303 2821 2357 orbem
2852 2301 3239 2372 cataclysmus
3292 2303 3580 2358 abolevit?
3609 2292 3691 2356 ibi

2096 2399 2257 2463 tunc,
2287 2410 2399 2447 non
2423 2393 2613 2446 dicam
2648 2395 3076 2461 contemptores
3129 2390 3368 2445 deorum
3402 2389 3689 2455 Christzni,

2099 2484 2199 2539 sed
2233 2482 2345 2553 ipsi
2383 2482 2458 2535 dii
2493 2480 2691 2543 vestri,
2725 2495 2874 2549 quos
2905 2478 3183 2532 cladeiila
3217 2480 3565 2549 posteriores
3592 2494 3694 2544 ica,

2101 2572 2314 2644 oppida
2343 2570 2689 2641 approbant,
2722 2568 2777 2621 in
2813 2568 3025 2635 quibus
3065 2568 3209 2636 nati,
3254 2568 3481 2635 morati,
3534 2568 3694 2627 seulti

2102 2666 2261 2731 sunt,
2282 2660 2454 2715 etiam
2482 2676 2609 2729 qua
2630 2656 3063 2711 condiderunt?
3080 2673 3195 2711 non
3212 2655 3355 2711 alias
3375 2658 3529 2712 enim
3546 2672 3697 2727 sper-

2102 2751 2352 2806 t‘uissent
2382 2749 2450 2803 ad
2474 2748 2842 2813 hodiernum,
2876 2746 2986 2800 nisi
3015 2746 3325 2816 posthuma
3357 2746 3541 2801 cladis
3565 2746 3691 2803 lius.

2102 2841 2211 2895 Sed
2246 2837 2500 2909 relegere
2523 2835 2905 2906 etirevolvere
2964 2851 3077 2888 non
3137 2836 3355 2889 curatis
3411 2835 3694 2891 testinnia

2104 2933 2433 2997 temporum
2495 2924 2664 2979 aliter
2720 2922 2882 2977 vobis
2938 2925 3295 2988 renuntiata,
3348 2924 3585 2995 impria;
3620 2939 3691 2977 ne

2104 3018 2244 3070 deos
2258 3011 2924 3081 vestrosinjustissimos
2947 3011 3353 3081 pronuntiatis,
3380 3012 3478 3081 qui
3513 3015 3692 3083 pppter

2106 3108 2533 3173 contemptores
2566 3100 2740 3155 etiam
2792 3098 3045 3153 cultores
3089 3115 3229 3152 suos
3288 3099 3689 3167 ladunt;tunc

2105 3192 2257 3248 enim
2283 3189 2668 3259 vosmetipsos
2700 3203 2891 3242 errare
2925 3186 3206 3256 probatis,
3231 3186 3279 3240 si
3311 3188 3448 3241 deos
3478 3187 3687 3254 ‘trlitis,

2105 3281 2205 3352 qui
2254 3297 2357 3335 vos
2407 3296 2440 3333 a
2491 3278 2709 3332 meritis
2767 3277 3140 3347 profanorum
3201 3292 3315 3329 non
3376 3276 3683 3332 disceiunt.

2101 3370 2261 3433 Quod
2297 3368 2368 3433 si,
2403 3374 2465 3421 ut
2496 3383 2649 3420 unus
2681 3371 2857 3435 atque
2888 3364 3141 3418 alius....
3178 3380 3309 3419 mus
3366 3366 3466 3429 ait,
3526 3366 3684 3449 piroo

2102 3458 2267 3513 vobis
2298 3472 2530 3527 quoque
2556 3456 2911 3515 irascuntur,
2946 3452 3224 3523 quoniam
3259 3454 3330 3507 de
3358 3454 3510 3509 572
3534 3460 3688 3517 ostra

2102 3546 2493 3602 eradicatione
2521 3543 2832 3612 negiigitis,
2864 3541 3198 3596 absolutum
3233 3546 3321 3596 est
3363 3543 3432 3596 de
3488 3542 3686 3601 irrmi-

2103 3641 2224 3692 tate
2244 3639 2301 3690 et
2331 3633 2729 3689 mediocritate
2759 3648 2961 3687 eorum
2987 3647 3001 3697 ;
3035 3647 3171 3685 nam
3206 3646 3319 3685 non
3354 3630 3689 3689 irasceintur

2103 3726 2268 3781 vobis
2288 3725 2343 3777 in
2370 3721 3280 3788 animadversionecessantibus,
3307 3721 3352 3775 si
3374 3720 3485 3791 ipsi
3509 3723 3687 3794 ezequi

2106 3820 2348 3887 possent
2381 3826 2759 3883 ;quanquam
2793 3814 2849 3865 et
2882 3808 3027 3863 alias
3071 3810 3427 3863 coniltemini
3484 3810 3605 3877 istd,
3639 3812 3691 3867 si

2107 3904 2341 3975 quando
2401 3901 2532 3956 illos
2590 3898 2877 3970 supplicio
2937 3903 3134 3952 nostro
3178 3898 3456 3953 videmini
3520 3900 3684 3973 uisci.

2108 3968 2360 4048 Abaiiud
2395 4007 2429 4045 a
2461 3968 2682 4061 majore
2710 3968 3041 4042 defenditur
3073 3986 3204 4057 (31).

1750 4124 1953 4186 Varia
1983 4126 2304 4187 lectiones.

419 4238 463 4273 ¹⁴
491 4234 669 4293 Scrib.
704 4249 836 4289 van.
872 4228 1068 4303 potius
1100 4246 1277 4301 quam
1311 4245 1425 4288 rev.
1464 4229 1505 4265 ¹¹⁵
1536 4228 1714 4286 Scrib.
1748 4232 1943 4301 Hiera,
1974 4235 2220 4307 Anaphe
2255 4232 2359 4303 (vel
2392 4232 2607 4303 Napea)
2639 4236 2695 4285 et
2727 4229 2915 4295 Delos,
2943 4232 3054 4295 etc,
3089 4226 3171 4298 Cf.
3206 4225 3346 4297 Apol
3369 4228 3455 4281 40.
3540 4224 3543 4229 ⁴

3200 4322 3231 4361 Ι

1801 4378 2303 4441 Commentarios

354 4488 506 4559 Name
534 4484 687 4559 αρυά
720 4479 1365 4559 Ηβγράοιυωεεειιίοὲν,
1392 4479 1490 4550 (illi
1516 4480 1997 4559 hanqhistoriam
2034 4491 2080 4555 D
2112 4494 2311 4546 tanam
2343 4488 2637 4559 intelligit,
2675 4484 3047 4556 magnarium
3081 4485 3247 4541 ilium
3279 4481 3501 4539 fraudis
3540 4496 3690 4537 ‘ma-

354 4550 1263 4631 Septimio_tradidere.s_crib_itur
1283 4550 1689 4631 _Be:xxo;_.spud
1719 4554 1999 4631 Galerium

400 4620 590 4701 lioque
621 4627 719 4682 lib.
757 4628 928 4701 II,_De
1138 4620 1371 4701 ’ADC‘si
1419 4623 1505 4701 xuii.
1540 4620 1755 4701 six-493
1796 4625 1999 4701 ἐθέλεις

400 4648 590 4701 uoque
621 4648 719 4682 ιιυ.
757 4648 820 4693 II,
856 4648 928 4681 ue
976 4648 1103 4694 al”.
1156 4648 1274 4678 AAA
1326 4648 1371 4677 ει
1419 4648 1505 4676 και
1542 4648 1734 4684 new/.0:
1796 4648 1993 4688 ευΞΛεις

350 4648 440 4773 ’ἓν
498 4697 693 4773 *ἄρτον
754 4696 959 4766 καλεῖν,
1022 4697 1202 4769 ὥσπερ
1258 4693 1318 4747 οἷ’
1372 4696 1587 4772 Φρύγες
1646 4694 1800 4750 οὐδὲν
1860 4700 1993 4769 ἡμῖν

356 4771 593 4848 διαφὲρέῗι
626 4775 751 4848 RIG.

423 4792 847 4918 ἷὲρὲςιιιηῗέἓὶαηι
871 4843 1105 4918 alicuius
1147 4838 1615 4918 interpretationis
1648 4840 1995 4910 impegerint.

354 4910 470 4973 Hoc
503 4910 609 4983 est,
644 4915 975 4970 Temeraria
1005 4910 1219 4985 lingua
1254 4913 1309 4985 in
1342 4910 1701 4985 contrarium
1763 4919 1998 4969 ventum

355 4990 472 5046 sive
505 5004 695 5045 aerem
712 4987 962 5058 appulsu
987 5002 1196 5043 sonum
1230 4984 1479 5054 alicujus
1502 4984 2000 5054 interpretationis

358 5062 669 5117 ediderint.
706 5064 869 5113 IDEM.

437 5135 549 5205 (26)
583 5139 719 5205 Deo;
742 5128 963 5205 Graiae
1019 5131 1191 5185 Roma
1240 5128 1578 5205 sollicitavit.
1610 5126 1677 5205 in
1728 5129 2001 5184 omnibus

357 5199 583 5267 Graece
608 5203 817 5258 imitati
849 5206 989 5257 sunt
1015 5201 1284 5266 Romani,
1324 5214 1507 5269 usque
1555 5199 1624 5269 ad
1676 5214 1899 5255 errores
1948 5210 2002 5256 ct

356 5279 498 5338 vitia
534 5296 545 5332 :
591 5276 639 5330 si
667 5292 792 5347 qua
820 5274 882 5347 in
908 5274 1125 5329 Gracia
1157 5280 1293 5327 nata
1326 5267 1431 5347 aut
1454 5267 1689 5347 exculta
1720 5271 1843 5347 fuit
1899 5291 1998 5328 su-

398 5348 645 5410 erstitio,
684 5341 895 5401 statim
944 5347 1178 5401 Romam
1233 5342 1578 5406 convolavit,
1636 5341 1733 5394 ubi
1796 5361 2002 5410 niagno

403 5408 666 5482 ominum
704 5418 911 5490 plausu
930 5417 1345 5490 excipiebatur.
1380 5413 1785 5490 Spliicitabant
1804 5408 1999 5485 etiam,

358 5498 468 5553 hoc
493 5498 582 5547 est
613 5487 859 5545 numina
882 5489 979 5543 illa
1013 5498 1064 5542 et
1094 5490 1381 5543 vanitates
1413 5487 1801 5541 Barbarorum
1836 5490 2004 5544 advo-

366 5570 610 5625 cabant:
646 5564 729 5617 sic
751 5560 979 5625 Cybelle
996 5564 1183 5615 mater
1214 5562 1453 5615 deorum
1480 5557 1633 5613 uitro
1658 5557 2004 5616 Pessinunte

364 5642 608 5697 Romam
643 5632 950 5691 advolavit.
986 5632 1059 5686 Ls
1094 5632 1192 5685 Pa.

432 5712 543 5785 (27)
572 5708 684 5764 Sub
715 5707 900 5765 eodem
922 5705 1179 5773 mancipe
1204 5702 1429 5758 erroris.
1487 5700 1702 5759 Malum
1746 5703 1864 5760 sive
1894 5706 1998 5761 Sa-

2113 4561 2249 4615 iitia
2285 4560 2727 4631 negotiatorem.
2764 4562 2886 4612 RIG.

2183 4634 2289 4704 (28)
2324 4624 2516 4687 {Euius
2564 4634 2770 4704 nostra;
2821 4627 3087 4698 nondum,
3138 4631 3257 4704 _etc.
3319 4626 3448 4704 Mos
3490 4624 3687 4704 derat,

2108 4696 2353 4759 nondzlm
2384 4706 2521 4758 anni
2549 4704 2673 4757 250.
2708 4700 2809 4754 Hic
2841 4716 2969 4754 vere
3001 4696 3263 4755 nondum
3297 4698 3433 4752 anni
3484 4696 3688 4751 trenti.

2109 4775 2170 4830 In
2205 4793 2269 4831 eo
2305 4783 2499 4831 tamen
2526 4780 2641 4829 tam
2674 4773 2832 4827 brevi
2865 4774 3073 4841 spatio,
3106 4778 3191 4826 tot
3248 4769 3442 4824 clades
3495 4769 3688 4841 exiite-

2112 4853 2445 4915 runt,tanta
2474 4852 2701 4917 strages
2720 4843 2888 4917 redita
2902 4840 3369 4917 Christianorum
3395 4842 3453 4917 in
3472 4840 3689 4917 ortibus

2109 4912 2269 4976 orbis
2300 4912 2683 4992 partibusfut
2714 4916 3030 4992 incredible
3061 4916 3300 4992 omnino
3358 4913 3413 4967 id
3472 4912 3693 4991 haatur

2111 4986 2317 5065 parum
2348 4996 2565 5047 attente
2597 4987 3123 5065 considerantibus.
3162 4989 3231 5042 Ls
3255 4986 3351 5065 Pa.

2183 5065 2296 5129 (‘38)
2333 5066 2692 5127 Hierennape.
2727 5059 2830 5112 Pro
2866 5059 3204 5129 Hierenape,
3240 5064 3304 5113 ut
3334 5032 3691 5127 supras/no-

2115 5153 2297 5205 pennc
2331 5154 2431 5201 pro
2465 5136 2789 5205 Cynopene.
2826 5131 2951 5205 llic.
3154 5200 3165 5205 Δ
3318 5199 3328 5205 _
3373 5198 3383 5205 _
3548 5140 3551 5205 ἧ

3022 5209 3063 5255 Α
3078 5198 3387 5273 pologetici
3419 5174 3691 5279 capillud

2112 5272 2433 5345 tractavit;
2467 5279 2595 5333 vide
2635 5293 2760 5348 qua
2811 5276 2980 5329 habet
3012 5272 3237 5348 et’qua’
3262 5272 3690 5348 annotataiunt.

2112 5354 2318 5407 Nescio
2353 5343 2429 5405 an.
2459 5343 2865 5419 corrigendum
2898 5351 3077 5409 esset,
3104 5343 3293 5411 Hiera,
3325 5347 3380 5419 et
3402 5343 3573 5419 Armis
3590 5356 3692 5411 pro

2112 5425 2472 5494 IIierenappc,
2507 5426 2563 5476 et
2596 5412 2871 5494 llelosprg
2906 5418 3161 5494 Delphos.
3184 5412 3694 5494 .‘\mmianu'e<ippe

2112 5495 2213 5550 lib.
2250 5483 2402 5563 xvxi';
2443 5483 2469 5542 ι’
2491 5494 2561 5549 Ut
2593 5494 2649 5547 in
2673 5483 2807 5545 Asia
2838 5483 3016 5563 Delos
3038 5488 3297 5555 emersit,
3349 5491 3405 5541 et
3461 5483 3589 5561 Hie,
3641 5486 3700 5538 et

2112 5569 2371 5638 Anaphe,
2392 5554 2461 5623 'et
2492 5565 2753 5627 Rhodus,
2788 5585 2812 5638 ›ξ
2848 5562 2921 5618 Le
2953 5567 3069 5638 Ρμ.Δ
3286 5554 3291 5555 ί
3373 5627 3422 5638 Α,
3556 5554 3559 5609 ζ

2186 5627 2297 5711 (31)
2328 5627 2565 5695 Ᾱὺαιίαά
2612 5654 2657 5711 α⁸
2700 5635 2910 5711 majore
2968 5632 3332 5711 de£e_nr_iitur._
3371 5627 3462 5683 Sic
3503 5627 3697 5711 .opin‘o

2114 5699 2329 5784 legitur
2360 5710 2417 5766 in
2448 5708 2748 5767 vetustiss.
2783 5699 3000 5762 codice.
3039 5699 3191 5761 Dixit
3241 5704 3435 5757 autem
3492 5699 3695 5805 Aliiud.

3568 5828 3573 5895 i
