  <div class='ocr_page' id='page_1' title='image "/cluster/home/n/w/nwhite01/storage/ocr_20150623/1/umn.31951002477295j/327.png"; bbox 0 0 4264 6368; ppageno 0'>
   <div class='ocr_carea' id='block_1_1' title="bbox 533 329 652 390">
    <p class='ocr_par' dir='ltr' id='par_1_1' title="bbox 533 329 652 390">
     <span class='ocr_line' id='line_1_1' title="bbox 533 329 652 390; baseline 0.017 -2"><span class='ocrx_word' id='word_1_1' title='bbox 533 329 652 390; x_wconf 71' lang='grc'><strong>643</strong></span> 
     </span>
    </p>
   </div>
   <div class='ocr_carea' id='block_1_2' title="bbox 1051 317 3405 392">
    <p class='ocr_par' dir='ltr' id='par_1_2' title="bbox 1051 317 3405 392">
     <span class='ocr_line' id='line_1_2' title="bbox 1051 317 3405 392; baseline -0.004 -4"><span class='ocrx_word' id='word_1_2' title='bbox 1051 325 1574 389; x_wconf 84' lang='lat' dir='ltr'><strong>TERTULLIANI</strong></span> <span class='ocrx_word' id='word_1_3' title='bbox 1619 320 1944 386; x_wconf 80' lang='lat' dir='ltr'><strong>OPERUM</strong></span> <span class='ocrx_word' id='word_1_4' title='bbox 1985 320 2186 381; x_wconf 83' lang='lat' dir='ltr'><strong>PARS</strong></span> <span class='ocrx_word' id='word_1_5' title='bbox 2231 320 2280 379; x_wconf 87' lang='lat' dir='ltr'><strong>l.</strong></span> <span class='ocrx_word' id='word_1_6' title='bbox 2312 350 2392 364; x_wconf 93' lang='lat'><strong>—</strong></span> <span class='ocrx_word' id='word_1_7' title='bbox 2421 317 2696 380; x_wconf 81' lang='lat' dir='ltr'><strong>SERIES</strong></span> <span class='ocrx_word' id='word_1_8' title='bbox 2741 318 2789 392; x_wconf 83' lang='lat' dir='ltr'><strong>l,</strong></span> <span class='ocrx_word' id='word_1_9' title='bbox 2833 317 3405 380; x_wconf 79' lang='lat' dir='ltr'><strong>APOLOGETICA.</strong></span> 
     </span>
    </p>
   </div>
   <div class='ocr_carea' id='block_1_3' title="bbox 3814 319 3937 379">
    <p class='ocr_par' dir='ltr' id='par_1_3' title="bbox 3814 319 3937 379">
     <span class='ocr_line' id='line_1_3' title="bbox 3814 319 3937 379; baseline 0.008 -1"><span class='ocrx_word' id='word_1_10' title='bbox 3814 319 3937 379; x_wconf 73' lang='grc'><strong>644</strong></span> 
     </span>
    </p>
   </div>
   <div class='ocr_carea' id='block_1_4' title="bbox 606 452 3935 533">
    <p class='ocr_par' dir='ltr' id='par_1_4' title="bbox 606 452 3935 533">
     <span class='ocr_line' id='line_1_4' title="bbox 606 452 3935 533; baseline -0.003 -15"><span class='ocrx_word' id='word_1_11' title='bbox 606 465 690 518; x_wconf 83' lang='grc'><strong>10.</strong></span> <span class='ocrx_word' id='word_1_12' title='bbox 728 461 1141 533; x_wconf 74' lang='lat' dir='ltr'><strong>Pudcatigitur</strong></span> <span class='ocrx_word' id='word_1_13' title='bbox 1161 463 1296 516; x_wconf 82' lang='lat' dir='ltr'><strong>deos</strong></span> <span class='ocrx_word' id='word_1_14' title='bbox 1321 461 1391 514; x_wconf 91' lang='lat' dir='ltr'><strong>ab</strong></span> <span class='ocrx_word' id='word_1_15' title='bbox 1425 460 1660 514; x_wconf 90' lang='lat' dir='ltr'><strong>homine</strong></span> <span class='ocrx_word' id='word_1_16' title='bbox 1694 457 1946 513; x_wconf 80' lang='lat' dir='ltr'><strong>defendi.</strong></span> <span class='ocrx_word' id='word_1_17' title='bbox 1979 455 2173 510; x_wconf 80' lang='lat' dir='ltr'><strong>Etl&#39;un-</strong></span> <span class='ocrx_word' id='word_1_18' title='bbox 2201 455 2252 521; x_wconf 85' lang='grc' dir='ltr'>Α</span> <span class='ocrx_word' id='word_1_19' title='bbox 2287 469 2421 524; x_wconf 88' lang='lat' dir='ltr'><strong>ergo</strong></span> <span class='ocrx_word' id='word_1_20' title='bbox 2453 456 2593 507; x_wconf 91' lang='lat' dir='ltr'><strong>tunc</strong></span> <span class='ocrx_word' id='word_1_21' title='bbox 2627 452 2813 523; x_wconf 87' lang='lat' dir='ltr'><strong>primo</strong></span> <span class='ocrx_word' id='word_1_22' title='bbox 2845 453 3303 524; x_wconf 88' lang='lat' dir='ltr'><strong>contempsistis,</strong></span> <span class='ocrx_word' id='word_1_23' title='bbox 3335 469 3446 508; x_wconf 88' lang='lat' dir='ltr'><strong>non</strong></span> <span class='ocrx_word' id='word_1_24' title='bbox 3479 453 3649 509; x_wconf 91' lang='lat' dir='ltr'><strong>veriti</strong></span> <span class='ocrx_word' id='word_1_25' title='bbox 3706 453 3935 510; x_wconf 75' lang='lat' dir='ltr'><strong>scilicet</strong></span> 
     </span>
    </p>
   </div>
   <div class='ocr_carea' id='block_1_5' title="bbox 533 542 2174 621">
    <p class='ocr_par' dir='ltr' id='par_1_5' title="bbox 533 542 2174 621">
     <span class='ocr_line' id='line_1_5' title="bbox 533 542 2174 621; baseline -0.007 -14"><span class='ocrx_word' id='word_1_26' title='bbox 533 553 651 607; x_wconf 88' lang='lat' dir='ltr'><strong>dite</strong></span> <span class='ocrx_word' id='word_1_27' title='bbox 675 553 796 621; x_wconf 88' lang='lat' dir='ltr'><strong>jam</strong></span> <span class='ocrx_word' id='word_1_28' title='bbox 821 550 1019 606; x_wconf 83' lang='lat' dir='ltr'><strong>omnia</strong></span> <span class='ocrx_word' id='word_1_29' title='bbox 1037 566 1278 620; x_wconf 87' lang='lat' dir='ltr'><strong>venena,</strong></span> <span class='ocrx_word' id='word_1_30' title='bbox 1311 547 1508 604; x_wconf 81' lang='lat' dir='ltr'><strong>omnia</strong></span> <span class='ocrx_word' id='word_1_31' title='bbox 1537 545 1844 603; x_wconf 66' lang='lat' dir='ltr'><strong>calumniae</strong></span> <span class='ocrx_word' id='word_1_32' title='bbox 1877 544 1995 600; x_wconf 92' lang='lat' dir='ltr'><strong>tela</strong></span> <span class='ocrx_word' id='word_1_33' title='bbox 2023 542 2174 597; x_wconf 85' lang='lat' dir='ltr'><strong>inﬂi-</strong></span> 
     </span>
    </p>
   </div>
   <div class='ocr_carea' id='block_1_6' title="bbox 532 632 2176 713">
    <p class='ocr_par' dir='ltr' id='par_1_6' title="bbox 532 632 2176 713">
     <span class='ocr_line' id='line_1_6' title="bbox 532 632 2176 713; baseline -0.005 -19"><span class='ocrx_word' id='word_1_34' title='bbox 532 641 651 713; x_wconf 89' lang='lat' dir='ltr'><strong>gite</strong></span> <span class='ocrx_word' id='word_1_35' title='bbox 673 640 809 695; x_wconf 87' lang='lat' dir='ltr'><strong>huic</strong></span> <span class='ocrx_word' id='word_1_36' title='bbox 841 639 1083 705; x_wconf 88' lang='lat' dir='ltr'><strong>nomini,</strong></span> <span class='ocrx_word' id='word_1_37' title='bbox 1118 655 1232 693; x_wconf 91' lang='lat' dir='ltr'><strong>non</strong></span> <span class='ocrx_word' id='word_1_38' title='bbox 1265 638 1503 693; x_wconf 86' lang='lat' dir='ltr'><strong>cessabo</strong></span> <span class='ocrx_word' id='word_1_39' title='bbox 1534 636 1690 691; x_wconf 90' lang='lat' dir='ltr'><strong>ultra</strong></span> <span class='ocrx_word' id='word_1_40' title='bbox 1739 632 2014 706; x_wconf 84' lang='lat' dir='ltr'><strong>repellere</strong></span> <span class='ocrx_word' id='word_1_41' title='bbox 2041 649 2055 699; x_wconf 89' lang='lat'><strong>;</strong></span> <span class='ocrx_word' id='word_1_42' title='bbox 2117 633 2176 686; x_wconf 91' lang='lat' dir='ltr'><strong>at</strong></span> 
     </span>
    </p>
   </div>
   <div class='ocr_carea' id='block_1_7' title="bbox 531 723 2172 802">
    <p class='ocr_par' dir='ltr' id='par_1_7' title="bbox 531 723 2172 802">
     <span class='ocr_line' id='line_1_7' title="bbox 531 723 2172 802; baseline -0.007 -18"><span class='ocrx_word' id='word_1_43' title='bbox 531 729 904 802; x_wconf 77' lang='lat' dir='ltr'><strong>postmodum</strong></span> <span class='ocrx_word' id='word_1_44' title='bbox 939 727 1342 782; x_wconf 90' lang='lat' dir='ltr'><strong>obtundentur</strong></span> <span class='ocrx_word' id='word_1_45' title='bbox 1369 725 1732 797; x_wconf 78' lang='lat' dir='ltr'><strong>expositione</strong></span> <span class='ocrx_word' id='word_1_46' title='bbox 1753 723 1934 779; x_wconf 89' lang='lat' dir='ltr'><strong>totius</strong></span> <span class='ocrx_word' id='word_1_47' title='bbox 1963 723 2172 776; x_wconf 60' lang='lat' dir='ltr'><strong>nostra;</strong></span> 
     </span>
    </p>
   </div>
   <div class='ocr_carea' id='block_1_8' title="bbox 530 814 2175 887">
    <p class='ocr_par' dir='ltr' id='par_1_8' title="bbox 530 814 2175 887">
     <span class='ocr_line' id='line_1_8' title="bbox 530 814 2175 887; baseline -0.005 -15"><span class='ocrx_word' id='word_1_48' title='bbox 530 816 850 887; x_wconf 71' lang='lat' dir='ltr'><strong>disciplima</strong></span> <span class='ocrx_word' id='word_1_49' title='bbox 877 834 889 881; x_wconf 83' lang='lat'><strong>;</strong></span> <span class='ocrx_word' id='word_1_50' title='bbox 922 833 1076 870; x_wconf 91' lang='lat' dir='ltr'><strong>nunc</strong></span> <span class='ocrx_word' id='word_1_51' title='bbox 1099 833 1231 870; x_wconf 91' lang='lat' dir='ltr'><strong>vero</strong></span> <span class='ocrx_word' id='word_1_52' title='bbox 1253 817 1454 870; x_wconf 89' lang='lat' dir='ltr'><strong>eadem</strong></span> <span class='ocrx_word' id='word_1_53' title='bbox 1480 814 1607 886; x_wconf 89' lang='lat' dir='ltr'><strong>ipsa</strong></span> <span class='ocrx_word' id='word_1_54' title='bbox 1627 815 1696 869; x_wconf 92' lang='lat' dir='ltr'><strong>de</strong></span> <span class='ocrx_word' id='word_1_55' title='bbox 1714 817 1912 868; x_wconf 87' lang='lat' dir='ltr'><strong>nostro</strong></span> <span class='ocrx_word' id='word_1_56' title='bbox 1934 824 2175 880; x_wconf 87' lang='lat' dir='ltr'><strong>corpore</strong></span> 
     </span>
    </p>
   </div>
   <div class='ocr_carea' id='block_1_9' title="bbox 526 898 2171 975">
    <p class='ocr_par' dir='ltr' id='par_1_9' title="bbox 526 898 2171 975">
     <span class='ocr_line' id='line_1_9' title="bbox 526 898 2171 975; baseline -0.005 -15"><span class='ocrx_word' id='word_1_57' title='bbox 526 905 691 960; x_wconf 86' lang='lat' dir='ltr'><strong>vulsa</strong></span> <span class='ocrx_word' id='word_1_58' title='bbox 727 905 782 958; x_wconf 91' lang='lat' dir='ltr'><strong>in</strong></span> <span class='ocrx_word' id='word_1_59' title='bbox 815 921 916 960; x_wconf 88' lang='lat' dir='ltr'><strong>vos</strong></span> <span class='ocrx_word' id='word_1_60' title='bbox 945 905 1313 975; x_wconf 82' lang='lat' dir='ltr'><strong>retorquebo,</strong></span> <span class='ocrx_word' id='word_1_61' title='bbox 1348 904 1548 958; x_wconf 89' lang='lat' dir='ltr'><strong>cadem</strong></span> <span class='ocrx_word' id='word_1_62' title='bbox 1576 902 1826 957; x_wconf 88' lang='lat' dir='ltr'><strong>vulnera</strong></span> <span class='ocrx_word' id='word_1_63' title='bbox 1855 898 2171 956; x_wconf 88' lang='lat' dir='ltr'><strong>criminum</strong></span> 
     </span>
    </p>
   </div>
   <div class='ocr_carea' id='block_1_10' title="bbox 528 985 2173 1062">
    <p class='ocr_par' dir='ltr' id='par_1_10' title="bbox 528 985 2173 1062">
     <span class='ocr_line' id='line_1_10' title="bbox 528 985 2173 1062; baseline -0.004 -14"><span class='ocrx_word' id='word_1_64' title='bbox 528 995 586 1048; x_wconf 91' lang='lat' dir='ltr'><strong>in</strong></span> <span class='ocrx_word' id='word_1_65' title='bbox 619 993 780 1048; x_wconf 89' lang='lat' dir='ltr'><strong>vobis</strong></span> <span class='ocrx_word' id='word_1_66' title='bbox 813 992 1044 1048; x_wconf 82' lang='lat' dir='ltr'><strong>defossa</strong></span> <span class='ocrx_word' id='word_1_67' title='bbox 1077 992 1438 1059; x_wconf 83' lang='lat' dir='ltr'><strong>monstrabo,</strong></span> <span class='ocrx_word' id='word_1_68' title='bbox 1468 1008 1582 1062; x_wconf 93' lang='lat' dir='ltr'><strong>quo</strong></span> <span class='ocrx_word' id='word_1_69' title='bbox 1614 989 1919 1046; x_wconf 84' lang='lat' dir='ltr'><strong>machaeris</strong></span> <span class='ocrx_word' id='word_1_70' title='bbox 1967 985 2173 1042; x_wconf 83' lang='lat' dir='ltr'><strong>vestris</strong></span> 
     </span>
    </p>
   </div>
   <div class='ocr_carea' id='block_1_11' title="bbox 529 1074 2170 1151">
    <p class='ocr_par' dir='ltr' id='par_1_11' title="bbox 529 1074 2170 1151">
     <span class='ocr_line' id='line_1_11' title="bbox 529 1074 2170 1151; baseline -0.005 -14"><span class='ocrx_word' id='word_1_71' title='bbox 529 1081 1180 1151; x_wconf 85' lang='lat' dir='ltr'><strong>admentationibusque</strong></span> <span class='ocrx_word' id='word_1_72' title='bbox 1207 1081 1432 1136; x_wconf 82' lang='lat' dir='ltr'><strong>cedatis</strong></span> <span class='ocrx_word' id='word_1_73' title='bbox 1456 1081 1516 1133; x_wconf 81' lang='grc'><strong>¹⁸.</strong></span> <span class='ocrx_word' id='word_1_74' title='bbox 1542 1080 1670 1135; x_wconf 89' lang='lat' dir='ltr'><strong>Jam</strong></span> <span class='ocrx_word' id='word_1_75' title='bbox 1689 1079 1899 1150; x_wconf 91' lang='lat' dir='ltr'><strong>primo,</strong></span> <span class='ocrx_word' id='word_1_76' title='bbox 1925 1075 2079 1148; x_wconf 91' lang='lat' dir='ltr'><strong>quod</strong></span> <span class='ocrx_word' id='word_1_77' title='bbox 2112 1074 2170 1129; x_wconf 89' lang='lat' dir='ltr'><strong>in</strong></span> 
     </span>
    </p>
   </div>
   <div class='ocr_carea' id='block_1_12' title="bbox 528 1163 2170 1240">
    <p class='ocr_par' dir='ltr' id='par_1_12' title="bbox 528 1163 2170 1240">
     <span class='ocr_line' id='line_1_12' title="bbox 528 1163 2170 1240; baseline -0.005 -15"><span class='ocrx_word' id='word_1_78' title='bbox 528 1187 634 1225; x_wconf 91' lang='lat' dir='ltr'><strong>nos</strong></span> <span class='ocrx_word' id='word_1_79' title='bbox 666 1169 920 1239; x_wconf 75' lang='lat' dir='ltr'><strong>generali</strong></span> <span class='ocrx_word' id='word_1_80' title='bbox 941 1168 1315 1224; x_wconf 87' lang='lat' dir='ltr'><strong>accusatione</strong></span> <span class='ocrx_word' id='word_1_81' title='bbox 1335 1167 1611 1240; x_wconf 88' lang='lat' dir='ltr'><strong>dirigitis,</strong></span> <span class='ocrx_word' id='word_1_82' title='bbox 1644 1166 1962 1222; x_wconf 85' lang='lat' dir='ltr'><strong>divortium</strong></span> <span class='ocrx_word' id='word_1_83' title='bbox 1986 1164 2058 1220; x_wconf 90' lang='lat' dir='ltr'><strong>ab</strong></span> <span class='ocrx_word' id='word_1_84' title='bbox 2082 1163 2170 1217; x_wconf 89' lang='lat' dir='ltr'><strong>in-</strong></span> 
     </span>
    </p>
   </div>
   <div class='ocr_carea' id='block_1_13' title="bbox 530 1253 2172 1328">
    <p class='ocr_par' dir='ltr' id='par_1_13' title="bbox 530 1253 2172 1328">
     <span class='ocr_line' id='line_1_13' title="bbox 530 1253 2172 1328; baseline -0.005 -14"><span class='ocrx_word' id='word_1_85' title='bbox 530 1257 752 1314; x_wconf 88' lang='lat' dir='ltr'><strong>stitutis</strong></span> <span class='ocrx_word' id='word_1_86' title='bbox 767 1259 1081 1328; x_wconf 87' lang='lat' dir='ltr'><strong>majorum,</strong></span> <span class='ocrx_word' id='word_1_87' title='bbox 1106 1257 1473 1312; x_wconf 86' lang='lat' dir='ltr'><strong>considerate</strong></span> <span class='ocrx_word' id='word_1_88' title='bbox 1495 1256 1670 1312; x_wconf 91' lang='lat' dir='ltr'><strong>etiam</strong></span> <span class='ocrx_word' id='word_1_89' title='bbox 1688 1259 1861 1326; x_wconf 88' lang='lat' dir='ltr'><strong>atque</strong></span> <span class='ocrx_word' id='word_1_90' title='bbox 1883 1253 2084 1317; x_wconf 91' lang='lat' dir='ltr'><strong>etiam,</strong></span> <span class='ocrx_word' id='word_1_91' title='bbox 2100 1267 2172 1306; x_wconf 91' lang='lat' dir='ltr'><strong>ne</strong></span> 
     </span>
    </p>
   </div>
   <div class='ocr_carea' id='block_1_14' title="bbox 526 1341 2168 1403">
    <p class='ocr_par' dir='ltr' id='par_1_14' title="bbox 526 1341 2168 1403">
     <span class='ocr_line' id='line_1_14' title="bbox 526 1341 2168 1403; baseline -0.004 0"><span class='ocrx_word' id='word_1_92' title='bbox 526 1347 828 1403; x_wconf 88' lang='lat' dir='ltr'><strong>vobiscum</strong></span> <span class='ocrx_word' id='word_1_93' title='bbox 863 1345 1368 1401; x_wconf 90' lang='lat' dir='ltr'><strong>communicemus</strong></span> <span class='ocrx_word' id='word_1_94' title='bbox 1401 1345 1620 1401; x_wconf 88' lang='lat' dir='ltr'><strong>crimen</strong></span> <span class='ocrx_word' id='word_1_95' title='bbox 1654 1344 1990 1400; x_wconf 87' lang='lat' dir='ltr'><strong>istud.Ecce</strong></span> <span class='ocrx_word' id='word_1_96' title='bbox 2016 1341 2168 1397; x_wconf 89' lang='lat' dir='ltr'><strong>enim</strong></span> 
     </span>
    </p>
   </div>
   <div class='ocr_carea' id='block_1_15' title="bbox 535 1430 2170 1508">
    <p class='ocr_par' dir='ltr' id='par_1_15' title="bbox 535 1430 2170 1508">
     <span class='ocr_line' id='line_1_15' title="bbox 535 1430 2170 1508; baseline -0.004 -17"><span class='ocrx_word' id='word_1_97' title='bbox 535 1450 637 1508; x_wconf 88' lang='lat' dir='ltr'><strong>per</strong></span> <span class='ocrx_word' id='word_1_98' title='bbox 664 1435 864 1491; x_wconf 90' lang='lat' dir='ltr'><strong>omnia</strong></span> <span class='ocrx_word' id='word_1_99' title='bbox 893 1433 1019 1489; x_wconf 71' lang='lat' dir='ltr'><strong>vita:</strong></span> <span class='ocrx_word' id='word_1_100' title='bbox 1051 1450 1116 1489; x_wconf 92' lang='lat' dir='ltr'><strong>ac</strong></span> <span class='ocrx_word' id='word_1_101' title='bbox 1138 1433 1464 1505; x_wconf 72' lang='lat' dir='ltr'><strong>disciplinae</strong></span> <span class='ocrx_word' id='word_1_102' title='bbox 1491 1438 1847 1504; x_wconf 89' lang='lat' dir='ltr'><strong>corruptam,</strong></span> <span class='ocrx_word' id='word_1_103' title='bbox 1871 1432 1988 1486; x_wconf 91' lang='lat' dir='ltr'><strong>imo</strong></span> <span class='ocrx_word' id='word_1_104' title='bbox 2013 1430 2170 1485; x_wconf 81' lang='lat' dir='ltr'><strong>dela-</strong></span> 
     </span>
    </p>
   </div>
   <div class='ocr_carea' id='block_1_16' title="bbox 553 1519 2172 1594">
    <p class='ocr_par' dir='ltr' id='par_1_16' title="bbox 553 1519 2172 1594">
     <span class='ocr_line' id='line_1_16' title="bbox 553 1519 2172 1594; baseline -0.005 -14"><span class='ocrx_word' id='word_1_105' title='bbox 553 1540 645 1580; x_wconf 92' lang='lat' dir='ltr'><strong>am</strong></span> <span class='ocrx_word' id='word_1_106' title='bbox 677 1523 736 1578; x_wconf 91' lang='lat' dir='ltr'><strong>in</strong></span> <span class='ocrx_word' id='word_1_107' title='bbox 769 1523 933 1578; x_wconf 87' lang='lat' dir='ltr'><strong>vobis</strong></span> <span class='ocrx_word' id='word_1_108' title='bbox 965 1522 1379 1594; x_wconf 87' lang='lat' dir='ltr'><strong>antiquitatem</strong></span> <span class='ocrx_word' id='word_1_109' title='bbox 1411 1539 1783 1594; x_wconf 89' lang='lat' dir='ltr'><strong>recognosco,</strong></span> <span class='ocrx_word' id='word_1_110' title='bbox 1817 1521 1895 1576; x_wconf 93' lang='lat' dir='ltr'><strong>De</strong></span> <span class='ocrx_word' id='word_1_111' title='bbox 1945 1519 2172 1590; x_wconf 84' lang='lat' dir='ltr'><strong>legibus</strong></span> 
     </span>
    </p>
   </div>
   <div class='ocr_carea' id='block_1_17' title="bbox 572 1607 2174 1683">
    <p class='ocr_par' dir='ltr' id='par_1_17' title="bbox 572 1607 2174 1683">
     <span class='ocr_line' id='line_1_17' title="bbox 572 1607 2174 1683; baseline -0.004 -16"><span class='ocrx_word' id='word_1_112' title='bbox 572 1612 765 1667; x_wconf 87' lang='lat' dir='ltr'><strong>uidem</strong></span> <span class='ocrx_word' id='word_1_113' title='bbox 789 1612 914 1681; x_wconf 89' lang='lat' dir='ltr'><strong>jam</strong></span> <span class='ocrx_word' id='word_1_114' title='bbox 949 1628 1127 1682; x_wconf 90' lang='lat' dir='ltr'><strong>supra</strong></span> <span class='ocrx_word' id='word_1_115' title='bbox 1157 1611 1376 1665; x_wconf 87' lang='lat' dir='ltr'><strong>dictum</strong></span> <span class='ocrx_word' id='word_1_116' title='bbox 1415 1615 1522 1677; x_wconf 87' lang='lat' dir='ltr'><strong>cst,</strong></span> <span class='ocrx_word' id='word_1_117' title='bbox 1559 1612 1711 1683; x_wconf 91' lang='lat' dir='ltr'><strong>quod</strong></span> <span class='ocrx_word' id='word_1_118' title='bbox 1746 1627 1839 1664; x_wconf 89' lang='lat' dir='ltr'><strong>cas</strong></span> <span class='ocrx_word' id='word_1_119' title='bbox 1891 1607 2054 1664; x_wconf 90' lang='lat' dir='ltr'><strong>novis</strong></span> <span class='ocrx_word' id='word_1_120' title='bbox 2104 1607 2174 1661; x_wconf 91' lang='lat' dir='ltr'><strong>de</strong></span> 
     </span>
    </p>
   </div>
   <div class='ocr_carea' id='block_1_18' title="bbox 569 1695 2174 1770">
    <p class='ocr_par' dir='ltr' id='par_1_18' title="bbox 569 1695 2174 1770">
     <span class='ocr_line' id='line_1_18' title="bbox 569 1695 2174 1770; baseline -0.004 -16"><span class='ocrx_word' id='word_1_121' title='bbox 569 1701 622 1755; x_wconf 81' lang='lat' dir='ltr'><strong>ie</strong></span> <span class='ocrx_word' id='word_1_122' title='bbox 652 1698 937 1754; x_wconf 88' lang='lat' dir='ltr'><strong>consultis</strong></span> <span class='ocrx_word' id='word_1_123' title='bbox 967 1698 1422 1770; x_wconf 86' lang='lat' dir='ltr'><strong>constitutisque</strong></span> <span class='ocrx_word' id='word_1_124' title='bbox 1453 1698 1752 1753; x_wconf 91' lang='lat' dir='ltr'><strong>obruistis.</strong></span> <span class='ocrx_word' id='word_1_125' title='bbox 1809 1697 1888 1752; x_wconf 91' lang='lat' dir='ltr'><strong>De</strong></span> <span class='ocrx_word' id='word_1_126' title='bbox 1947 1695 2174 1766; x_wconf 89' lang='lat' dir='ltr'><strong>reliqua</strong></span> 
     </span>
    </p>
   </div>
   <div class='ocr_carea' id='block_1_19' title="bbox 569 1783 2169 1857">
    <p class='ocr_par' dir='ltr' id='par_1_19' title="bbox 569 1783 2169 1857">
     <span class='ocr_line' id='line_1_19' title="bbox 569 1783 2169 1857; baseline -0.001 -19"><span class='ocrx_word' id='word_1_127' title='bbox 569 1800 663 1842; x_wconf 70' lang='grc' dir='ltr'><strong>πο</strong></span> <span class='ocrx_word' id='word_1_128' title='bbox 714 1787 1174 1843; x_wconf 82' lang='lat' dir='ltr'><strong>conversationis</strong></span> <span class='ocrx_word' id='word_1_129' title='bbox 1233 1787 1492 1841; x_wconf 67' lang='lat' dir='ltr'><strong>humana)</strong></span> <span class='ocrx_word' id='word_1_130' title='bbox 1545 1787 1923 1857; x_wconf 88' lang='lat' dir='ltr'><strong>dispositione</strong></span> <span class='ocrx_word' id='word_1_131' title='bbox 1980 1783 2169 1856; x_wconf 90' lang='lat' dir='ltr'><strong>palam</strong></span> 
     </span>
    </p>
   </div>
   <div class='ocr_carea' id='block_1_20' title="bbox 571 1871 2169 1946">
    <p class='ocr_par' dir='ltr' id='par_1_20' title="bbox 571 1871 2169 1946">
     <span class='ocr_line' id='line_1_20' title="bbox 571 1871 2169 1946; baseline -0.001 -19"><span class='ocrx_word' id='word_1_132' title='bbox 571 1876 813 1946; x_wconf 84' lang='lat' dir='ltr'><strong>sbjacet,</strong></span> <span class='ocrx_word' id='word_1_133' title='bbox 847 1879 1065 1946; x_wconf 89' lang='lat' dir='ltr'><strong>quanto</strong></span> <span class='ocrx_word' id='word_1_134' title='bbox 1097 1893 1128 1930; x_wconf 91' lang='lat' dir='ltr'><strong>a</strong></span> <span class='ocrx_word' id='word_1_135' title='bbox 1160 1875 1482 1946; x_wconf 87' lang='lat' dir='ltr'><strong>majoribus</strong></span> <span class='ocrx_word' id='word_1_136' title='bbox 1526 1874 1936 1938; x_wconf 90' lang='lat' dir='ltr'><strong>mutaverittis,</strong></span> <span class='ocrx_word' id='word_1_137' title='bbox 1987 1871 2169 1938; x_wconf 92' lang='lat' dir='ltr'><strong>cultu,</strong></span> 
     </span>
    </p>
   </div>
   <div class='ocr_carea' id='block_1_21' title="bbox 571 1960 2160 2035">
    <p class='ocr_par' dir='ltr' id='par_1_21' title="bbox 571 1960 2160 2035">
     <span class='ocr_line' id='line_1_21' title="bbox 571 1960 2160 2035; baseline 0.001 -20"><span class='ocrx_word' id='word_1_138' title='bbox 571 1960 754 2033; x_wconf 91' lang='lat' dir='ltr'><strong>hbitu,</strong></span> <span class='ocrx_word' id='word_1_139' title='bbox 789 1969 1098 2035; x_wconf 89' lang='lat' dir='ltr'><strong>apparatu,</strong></span> <span class='ocrx_word' id='word_1_140' title='bbox 1133 1965 1376 2034; x_wconf 91' lang='lat' dir='ltr'><strong>ipsoque</strong></span> <span class='ocrx_word' id='word_1_141' title='bbox 1405 1964 1585 2030; x_wconf 90' lang='lat' dir='ltr'><strong>victu,</strong></span> <span class='ocrx_word' id='word_1_142' title='bbox 1609 1964 1852 2035; x_wconf 89' lang='lat' dir='ltr'><strong>ipsoque</strong></span> <span class='ocrx_word' id='word_1_143' title='bbox 1875 1977 2160 2018; x_wconf 85' lang='lat' dir='ltr'><strong>sermone-</strong></span> 
     </span>
    </p>
   </div>
   <div class='ocr_carea' id='block_1_22' title="bbox 579 2048 2173 2124">
    <p class='ocr_par' dir='ltr' id='par_1_22' title="bbox 579 2048 2173 2124">
     <span class='ocr_line' id='line_1_22' title="bbox 579 2048 2173 2124; baseline -0.002 -17"><span class='ocrx_word' id='word_1_144' title='bbox 579 2048 681 2107; x_wconf 85' lang='lat' dir='ltr'><strong>Nm</strong></span> <span class='ocrx_word' id='word_1_145' title='bbox 715 2053 1028 2124; x_wconf 90' lang='lat' dir='ltr'><strong>pristinum</strong></span> <span class='ocrx_word' id='word_1_146' title='bbox 1051 2055 1115 2108; x_wconf 89' lang='lat' dir='ltr'><strong>ut</strong></span> <span class='ocrx_word' id='word_1_147' title='bbox 1136 2053 1438 2109; x_wconf 88' lang='lat' dir='ltr'><strong>rancidum</strong></span> <span class='ocrx_word' id='word_1_148' title='bbox 1471 2052 1760 2122; x_wconf 77' lang='lat' dir='ltr'><strong>relegatis,</strong></span> <span class='ocrx_word' id='word_1_149' title='bbox 1787 2051 2020 2107; x_wconf 88' lang='lat' dir='ltr'><strong>exclusa</strong></span> <span class='ocrx_word' id='word_1_150' title='bbox 2041 2050 2173 2106; x_wconf 78' lang='lat' dir='ltr'><strong>ubi-</strong></span> 
     </span>
    </p>
   </div>
   <div class='ocr_carea' id='block_1_23' title="bbox 583 2140 2175 2212">
    <p class='ocr_par' dir='ltr' id='par_1_23' title="bbox 583 2140 2175 2212">
     <span class='ocr_line' id='line_1_23' title="bbox 583 2140 2175 2212; baseline -0.003 -16"><span class='ocrx_word' id='word_1_151' title='bbox 583 2154 649 2209; x_wconf 74' lang='lat' dir='ltr'><strong>qe</strong></span> <span class='ocrx_word' id='word_1_152' title='bbox 680 2140 1002 2211; x_wconf 87' lang='lat' dir='ltr'><strong>antiquitas</strong></span> <span class='ocrx_word' id='word_1_153' title='bbox 1032 2141 1086 2195; x_wconf 93' lang='lat' dir='ltr'><strong>in</strong></span> <span class='ocrx_word' id='word_1_154' title='bbox 1121 2140 1392 2212; x_wconf 89' lang='lat' dir='ltr'><strong>negotiis,</strong></span> <span class='ocrx_word' id='word_1_155' title='bbox 1416 2141 1470 2195; x_wconf 92' lang='lat' dir='ltr'><strong>in</strong></span> <span class='ocrx_word' id='word_1_156' title='bbox 1505 2141 1713 2196; x_wconf 78' lang='lat' dir='ltr'><strong>ofﬁciis</strong></span> <span class='ocrx_word' id='word_1_157' title='bbox 1739 2159 1751 2207; x_wconf 89' lang='lat'><strong>;</strong></span> <span class='ocrx_word' id='word_1_158' title='bbox 1775 2144 1950 2194; x_wconf 87' lang='lat' dir='ltr'><strong>totam</strong></span> <span class='ocrx_word' id='word_1_159' title='bbox 1983 2142 2175 2194; x_wconf 86' lang='lat' dir='ltr'><strong>aucto-</strong></span> 
     </span>
    </p>
   </div>
   <div class='ocr_carea' id='block_1_24' title="bbox 573 2226 2168 2300">
    <p class='ocr_par' dir='ltr' id='par_1_24' title="bbox 573 2226 2168 2300">
     <span class='ocr_line' id='line_1_24' title="bbox 573 2226 2168 2300; baseline 0.001 -19"><span class='ocrx_word' id='word_1_160' title='bbox 573 2226 757 2283; x_wconf 87' lang='lat' dir='ltr'><strong>rittem</strong></span> <span class='ocrx_word' id='word_1_161' title='bbox 791 2230 1082 2300; x_wconf 89' lang='lat' dir='ltr'><strong>majorum</strong></span> <span class='ocrx_word' id='word_1_162' title='bbox 1135 2233 1325 2283; x_wconf 89' lang='lat' dir='ltr'><strong>vestra</strong></span> <span class='ocrx_word' id='word_1_163' title='bbox 1368 2229 1687 2284; x_wconf 83' lang='lat' dir='ltr'><strong>auctoritas</strong></span> <span class='ocrx_word' id='word_1_164' title='bbox 1734 2227 1963 2298; x_wconf 90' lang='lat' dir='ltr'><strong>dejeoit.</strong></span> <span class='ocrx_word' id='word_1_165' title='bbox 1997 2228 2168 2295; x_wconf 88' lang='lat' dir='ltr'><strong>Sane,</strong></span> 
     </span>
    </p>
   </div>
   <div class='ocr_carea' id='block_1_25' title="bbox 573 2316 2169 2388">
    <p class='ocr_par' dir='ltr' id='par_1_25' title="bbox 573 2316 2169 2388">
     <span class='ocr_line' id='line_1_25' title="bbox 573 2316 2169 2388; baseline -0.001 -16"><span class='ocrx_word' id='word_1_166' title='bbox 573 2317 681 2386; x_wconf 73' lang='lat' dir='ltr'><strong>qui</strong></span> <span class='ocrx_word' id='word_1_167' title='bbox 711 2316 874 2372; x_wconf 87' lang='lat' dir='ltr'><strong>vobis</strong></span> <span class='ocrx_word' id='word_1_168' title='bbox 908 2317 1096 2388; x_wconf 87' lang='lat' dir='ltr'><strong>magis</strong></span> <span class='ocrx_word' id='word_1_169' title='bbox 1129 2318 1340 2388; x_wconf 91' lang='lat' dir='ltr'><strong>probro</strong></span> <span class='ocrx_word' id='word_1_170' title='bbox 1372 2321 1478 2386; x_wconf 91' lang='lat' dir='ltr'><strong>est,</strong></span> <span class='ocrx_word' id='word_1_171' title='bbox 1509 2316 1764 2372; x_wconf 88' lang='lat' dir='ltr'><strong>laudatis</strong></span> <span class='ocrx_word' id='word_1_172' title='bbox 1795 2332 2026 2388; x_wconf 89' lang='lat' dir='ltr'><strong>semper</strong></span> <span class='ocrx_word' id='word_1_173' title='bbox 2076 2331 2169 2370; x_wconf 91' lang='lat' dir='ltr'><strong>ve-</strong></span> 
     </span>
    </p>
   </div>
   <div class='ocr_carea' id='block_1_26' title="bbox 573 2403 2172 2477">
    <p class='ocr_par' dir='ltr' id='par_1_26' title="bbox 573 2403 2172 2477">
     <span class='ocr_line' id='line_1_26' title="bbox 573 2403 2172 2477; baseline -0.001 -18"><span class='ocrx_word' id='word_1_174' title='bbox 573 2407 796 2474; x_wconf 77' lang='lat' dir='ltr'><strong>tuntes,</strong></span> <span class='ocrx_word' id='word_1_175' title='bbox 824 2410 882 2460; x_wconf 92' lang='lat' dir='ltr'><strong>et</strong></span> <span class='ocrx_word' id='word_1_176' title='bbox 937 2405 1286 2461; x_wconf 87' lang='lat' dir='ltr'><strong>nihilminus</strong></span> <span class='ocrx_word' id='word_1_177' title='bbox 1347 2406 1651 2461; x_wconf 87' lang='lat' dir='ltr'><strong>recusatis.</strong></span> <span class='ocrx_word' id='word_1_178' title='bbox 1713 2408 1836 2473; x_wconf 84' lang='lat' dir='ltr'><strong>Qua</strong></span> <span class='ocrx_word' id='word_1_179' title='bbox 1891 2403 2172 2477; x_wconf 87' lang='lat' dir='ltr'><strong>perversi-</strong></span> 
     </span>
    </p>
   </div>
   <div class='ocr_carea' id='block_1_27' title="bbox 576 2495 2168 2566">
    <p class='ocr_par' dir='ltr' id='par_1_27' title="bbox 576 2495 2168 2566">
     <span class='ocr_line' id='line_1_27' title="bbox 576 2495 2168 2566; baseline 0 -19"><span class='ocrx_word' id='word_1_180' title='bbox 576 2495 941 2549; x_wconf 89' lang='lat' dir='ltr'><strong>tattant......</strong></span> <span class='ocrx_word' id='word_1_181' title='bbox 979 2495 1265 2563; x_wconf 86' lang='lat' dir='ltr'><strong>majorum</strong></span> <span class='ocrx_word' id='word_1_182' title='bbox 1301 2495 1454 2566; x_wconf 89' lang='lat' dir='ltr'><strong>apud</strong></span> <span class='ocrx_word' id='word_1_183' title='bbox 1495 2511 1596 2550; x_wconf 93' lang='lat' dir='ltr'><strong>vos</strong></span> <span class='ocrx_word' id='word_1_184' title='bbox 1644 2509 1981 2564; x_wconf 88' lang='lat' dir='ltr'><strong>permanere</strong></span> <span class='ocrx_word' id='word_1_185' title='bbox 2037 2509 2168 2564; x_wconf 84' lang='lat' dir='ltr'><strong>pro-</strong></span> 
     </span>
    </p>
   </div>
   <div class='ocr_carea' id='block_1_28' title="bbox 578 2579 2171 2654">
    <p class='ocr_par' dir='ltr' id='par_1_28' title="bbox 578 2579 2171 2654">
     <span class='ocr_line' id='line_1_28' title="bbox 578 2579 2171 2654; baseline -0.001 -18"><span class='ocrx_word' id='word_1_186' title='bbox 578 2581 1038 2651; x_wconf 80' lang='lat' dir='ltr'><strong>baidebuerunt,</strong></span> <span class='ocrx_word' id='word_1_187' title='bbox 1071 2598 1201 2636; x_wconf 90' lang='lat' dir='ltr'><strong>cum</strong></span> <span class='ocrx_word' id='word_1_188' title='bbox 1238 2597 1305 2636; x_wconf 89' lang='lat' dir='ltr'><strong>ea</strong></span> <span class='ocrx_word' id='word_1_189' title='bbox 1347 2599 1474 2652; x_wconf 69' lang='lat' dir='ltr'><strong>quae</strong></span> <span class='ocrx_word' id='word_1_190' title='bbox 1517 2583 1776 2654; x_wconf 90' lang='lat' dir='ltr'><strong>probatis</strong></span> <span class='ocrx_word' id='word_1_191' title='bbox 1836 2580 2118 2636; x_wconf 89' lang='lat' dir='ltr'><strong>recusetis</strong></span> <span class='ocrx_word' id='word_1_192' title='bbox 2143 2579 2171 2634; x_wconf 73' lang='lat' dir='ltr'><strong>‘t</strong></span> 
     </span>
    </p>
   </div>
   <div class='ocr_carea' id='block_1_29' title="bbox 579 2669 2167 2742">
    <p class='ocr_par' dir='ltr' id='par_1_29' title="bbox 579 2669 2167 2742">
     <span class='ocr_line' id='line_1_29' title="bbox 579 2669 2167 2742; baseline -0.001 -18"><span class='ocrx_word' id='word_1_193' title='bbox 579 2669 727 2727; x_wconf 64' lang='lat' dir='ltr'><strong>Sedet</strong></span> <span class='ocrx_word' id='word_1_194' title='bbox 755 2671 950 2742; x_wconf 91' lang='lat' dir='ltr'><strong>ipsum</strong></span> <span class='ocrx_word' id='word_1_195' title='bbox 983 2672 1134 2741; x_wconf 93' lang='lat' dir='ltr'><strong>quod</strong></span> <span class='ocrx_word' id='word_1_196' title='bbox 1165 2671 1440 2726; x_wconf 85' lang='lat' dir='ltr'><strong>videmini</strong></span> <span class='ocrx_word' id='word_1_197' title='bbox 1475 2688 1508 2726; x_wconf 93' lang='lat' dir='ltr'><strong>a</strong></span> <span class='ocrx_word' id='word_1_198' title='bbox 1540 2671 1857 2742; x_wconf 86' lang='lat' dir='ltr'><strong>majoribus</strong></span> <span class='ocrx_word' id='word_1_199' title='bbox 1887 2669 2167 2725; x_wconf 90' lang='lat' dir='ltr'><strong>traditum</strong></span> 
     </span>
    </p>
   </div>
   <div class='ocr_carea' id='block_1_30' title="bbox 579 2757 2170 2830">
    <p class='ocr_par' dir='ltr' id='par_1_30' title="bbox 579 2757 2170 2830">
     <span class='ocr_line' id='line_1_30' title="bbox 579 2757 2170 2830; baseline 0.001 -19"><span class='ocrx_word' id='word_1_200' title='bbox 579 2757 868 2814; x_wconf 84' lang='lat' dir='ltr'><strong>fidessime</strong></span> <span class='ocrx_word' id='word_1_201' title='bbox 901 2759 1196 2813; x_wconf 86' lang='lat' dir='ltr'><strong>custodire</strong></span> <span class='ocrx_word' id='word_1_202' title='bbox 1227 2763 1284 2813; x_wconf 78' lang='lat' dir='ltr'><strong>et</strong></span> <span class='ocrx_word' id='word_1_203' title='bbox 1314 2759 1640 2823; x_wconf 84' lang='lat' dir='ltr'><strong>defendere,</strong></span> <span class='ocrx_word' id='word_1_204' title='bbox 1665 2759 1750 2813; x_wconf 90' lang='lat' dir='ltr'><strong>vel</strong></span> <span class='ocrx_word' id='word_1_205' title='bbox 1775 2775 1889 2830; x_wconf 92' lang='lat' dir='ltr'><strong>quo</strong></span> <span class='ocrx_word' id='word_1_206' title='bbox 1919 2757 2170 2812; x_wconf 86' lang='lat' dir='ltr'><strong>maxime</strong></span> 
     </span>
    </p>
   </div>
   <div class='ocr_carea' id='block_1_31' title="bbox 583 2847 2166 2919">
    <p class='ocr_par' dir='ltr' id='par_1_31' title="bbox 583 2847 2166 2919">
     <span class='ocr_line' id='line_1_31' title="bbox 583 2847 2166 2919; baseline -0.001 -18"><span class='ocrx_word' id='word_1_207' title='bbox 583 2862 805 2902; x_wconf 79' lang='lat' dir='ltr'><strong>reonon</strong></span> <span class='ocrx_word' id='word_1_208' title='bbox 839 2847 1327 2919; x_wconf 87' lang='lat' dir='ltr'><strong>transgressionis</strong></span> <span class='ocrx_word' id='word_1_209' title='bbox 1360 2847 1689 2918; x_wconf 85' lang='lat' dir='ltr'><strong>postulatis,</strong></span> <span class='ocrx_word' id='word_1_210' title='bbox 1723 2848 1793 2902; x_wconf 92' lang='lat' dir='ltr'><strong>de</strong></span> <span class='ocrx_word' id='word_1_211' title='bbox 1824 2863 1938 2919; x_wconf 90' lang='lat' dir='ltr'><strong>quo</strong></span> <span class='ocrx_word' id='word_1_212' title='bbox 1979 2851 2166 2901; x_wconf 89' lang='lat' dir='ltr'><strong>totum</strong></span> 
     </span>
    </p>
   </div>
   <div class='ocr_carea' id='block_1_32' title="bbox 585 2933 2168 3002">
    <p class='ocr_par' dir='ltr' id='par_1_32' title="bbox 585 2933 2168 3002">
     <span class='ocr_line' id='line_1_32' title="bbox 585 2933 2168 3002; baseline 0 -13"><span class='ocrx_word' id='word_1_213' title='bbox 585 2933 736 2990; x_wconf 80' lang='lat' dir='ltr'><strong>edin</strong></span> <span class='ocrx_word' id='word_1_214' title='bbox 776 2935 1087 2992; x_wconf 88' lang='lat' dir='ltr'><strong>Christiani</strong></span> <span class='ocrx_word' id='word_1_215' title='bbox 1124 2935 1380 2990; x_wconf 83' lang='lat' dir='ltr'><strong>nominis</strong></span> <span class='ocrx_word' id='word_1_216' title='bbox 1402 2935 1717 3002; x_wconf 83' lang='lat' dir='ltr'><strong>animatur,</strong></span> <span class='ocrx_word' id='word_1_217' title='bbox 1752 2937 1991 2990; x_wconf 88' lang='lat' dir='ltr'><strong>deorum</strong></span> <span class='ocrx_word' id='word_1_218' title='bbox 2041 2935 2168 2990; x_wconf 91' lang='lat' dir='ltr'><strong>dico</strong></span> 
     </span>
    </p>
   </div>
   <div class='ocr_carea' id='block_1_33' title="bbox 585 3023 2170 3096">
    <p class='ocr_par' dir='ltr' id='par_1_33' title="bbox 585 3023 2170 3096">
     <span class='ocr_line' id='line_1_33' title="bbox 585 3023 2170 3096; baseline -0.001 -17"><span class='ocrx_word' id='word_1_219' title='bbox 585 3023 844 3094; x_wconf 56' lang='lat' dir='ltr'><strong>cultam,</strong></span> <span class='ocrx_word' id='word_1_220' title='bbox 877 3024 1117 3095; x_wconf 89' lang='lat' dir='ltr'><strong>perinde</strong></span> <span class='ocrx_word' id='word_1_221' title='bbox 1148 3041 1181 3078; x_wconf 89' lang='lat' dir='ltr'><strong>a</strong></span> <span class='ocrx_word' id='word_1_222' title='bbox 1207 3025 1374 3080; x_wconf 89' lang='lat' dir='ltr'><strong>vobis</strong></span> <span class='ocrx_word' id='word_1_223' title='bbox 1405 3025 1626 3079; x_wconf 89' lang='lat' dir='ltr'><strong>destrui</strong></span> <span class='ocrx_word' id='word_1_224' title='bbox 1651 3042 1716 3080; x_wconf 92' lang='lat' dir='ltr'><strong>ac</strong></span> <span class='ocrx_word' id='word_1_225' title='bbox 1738 3024 1957 3096; x_wconf 88' lang='lat' dir='ltr'><strong>despici</strong></span> <span class='ocrx_word' id='word_1_226' title='bbox 1981 3029 2170 3079; x_wconf 90' lang='lat' dir='ltr'><strong>osten-</strong></span> 
     </span>
    </p>
   </div>
   <div class='ocr_carea' id='block_1_34' title="bbox 580 3111 2168 3185">
    <p class='ocr_par' dir='ltr' id='par_1_34' title="bbox 580 3111 2168 3185">
     <span class='ocr_line' id='line_1_34' title="bbox 580 3111 2168 3185; baseline 0 -17"><span class='ocrx_word' id='word_1_227' title='bbox 580 3111 828 3168; x_wconf 88' lang='lat' dir='ltr'><strong>damnisi</strong></span> <span class='ocrx_word' id='word_1_228' title='bbox 860 3114 1013 3184; x_wconf 90' lang='lat' dir='ltr'><strong>quod</strong></span> <span class='ocrx_word' id='word_1_229' title='bbox 1046 3129 1157 3168; x_wconf 94' lang='lat' dir='ltr'><strong>non</strong></span> <span class='ocrx_word' id='word_1_230' title='bbox 1193 3114 1442 3185; x_wconf 86' lang='lat' dir='ltr'><strong>perinde</strong></span> <span class='ocrx_word' id='word_1_231' title='bbox 1479 3131 1491 3180; x_wconf 89' lang='lat'>;</span> <span class='ocrx_word' id='word_1_232' title='bbox 1527 3130 1634 3169; x_wconf 88' lang='lat' dir='ltr'><strong>nos</strong></span> <span class='ocrx_word' id='word_1_233' title='bbox 1665 3114 1819 3168; x_wconf 89' lang='lat' dir='ltr'><strong>enim</strong></span> <span class='ocrx_word' id='word_1_234' title='bbox 1864 3117 2168 3185; x_wconf 88' lang='lat' dir='ltr'><strong>contemp-</strong></span> 
     </span>
    </p>
   </div>
   <div class='ocr_carea' id='block_1_35' title="bbox 2284 539 3927 613">
    <p class='ocr_par' dir='ltr' id='par_1_35' title="bbox 2284 539 3927 613">
     <span class='ocr_line' id='line_1_35' title="bbox 2284 539 3927 613; baseline 0.001 -17"><span class='ocrx_word' id='word_1_235' title='bbox 2284 541 2366 597; x_wconf 89' lang='lat' dir='ltr'><strong>ita</strong></span> <span class='ocrx_word' id='word_1_236' title='bbox 2393 540 2720 608; x_wconf 86' lang='lat' dir='ltr'><strong>instituere,</strong></span> <span class='ocrx_word' id='word_1_237' title='bbox 2756 545 2819 596; x_wconf 93' lang='lat' dir='ltr'><strong>ut</strong></span> <span class='ocrx_word' id='word_1_238' title='bbox 2848 557 3048 596; x_wconf 89' lang='lat' dir='ltr'><strong>omnes</strong></span> <span class='ocrx_word' id='word_1_239' title='bbox 3081 539 3190 596; x_wconf 92' lang='lat' dir='ltr'><strong>coli</strong></span> <span class='ocrx_word' id='word_1_240' title='bbox 3214 558 3330 597; x_wconf 91' lang='lat' dir='ltr'><strong>non</strong></span> <span class='ocrx_word' id='word_1_241' title='bbox 3383 547 3644 613; x_wconf 83' lang='lat' dir='ltr'><strong>possent.</strong></span> <span class='ocrx_word' id='word_1_242' title='bbox 3693 541 3927 598; x_wconf 86' lang='lat' dir='ltr'><strong>Atenim</strong></span> 
     </span>
    </p>
   </div>
   <div class='ocr_carea' id='block_1_36' title="bbox 2282 629 3931 702">
    <p class='ocr_par' dir='ltr' id='par_1_36' title="bbox 2282 629 3931 702">
     <span class='ocr_line' id='line_1_36' title="bbox 2282 629 3931 702; baseline 0.002 -18"><span class='ocrx_word' id='word_1_243' title='bbox 2282 630 2366 684; x_wconf 83' lang='lat' dir='ltr'><strong>illi</strong></span> <span class='ocrx_word' id='word_1_244' title='bbox 2400 629 2819 701; x_wconf 86' lang='lat' dir='ltr'><strong>sapientissimi</strong></span> <span class='ocrx_word' id='word_1_245' title='bbox 2843 647 2908 684; x_wconf 88' lang='lat' dir='ltr'><strong>ac</strong></span> <span class='ocrx_word' id='word_1_246' title='bbox 2941 629 3385 702; x_wconf 86' lang='lat' dir='ltr'><strong>prudentissimi</strong></span> <span class='ocrx_word' id='word_1_247' title='bbox 3411 631 3742 702; x_wconf 87' lang='lat' dir='ltr'><strong>majorequ</strong></span> <span class='ocrx_word' id='word_1_248' title='bbox 3759 647 3931 687; x_wconf 91' lang='lat' dir='ltr'><strong>orum</strong></span> 
     </span>
    </p>
   </div>
   <div class='ocr_carea' id='block_1_37' title="bbox 2281 718 3932 792">
    <p class='ocr_par' dir='ltr' id='par_1_37' title="bbox 2281 718 3932 792">
     <span class='ocr_line' id='line_1_37' title="bbox 2281 718 3932 792; baseline 0.001 -18"><span class='ocrx_word' id='word_1_249' title='bbox 2281 719 2568 774; x_wconf 87' lang='lat' dir='ltr'><strong>institutis</strong></span> <span class='ocrx_word' id='word_1_250' title='bbox 2600 718 3060 774; x_wconf 90' lang='lat' dir='ltr'><strong>renuntiarenon</strong></span> <span class='ocrx_word' id='word_1_251' title='bbox 3091 719 3298 785; x_wconf 90' lang='lat' dir='ltr'><strong>nostis,</strong></span> <span class='ocrx_word' id='word_1_252' title='bbox 3325 719 3578 775; x_wconf 82' lang='lat' dir='ltr'><strong>maxime</strong></span> <span class='ocrx_word' id='word_1_253' title='bbox 3599 719 3657 774; x_wconf 90' lang='lat' dir='ltr'><strong>in</strong></span> <span class='ocrx_word' id='word_1_254' title='bbox 3677 736 3932 792; x_wconf 88' lang='lat' dir='ltr'><strong>persona</strong></span> 
     </span>
    </p>
   </div>
   <div class='ocr_carea' id='block_1_38' title="bbox 2281 806 3930 880">
    <p class='ocr_par' dir='ltr' id='par_1_38' title="bbox 2281 806 3930 880">
     <span class='ocr_line' id='line_1_38' title="bbox 2281 806 3930 880; baseline 0.001 -18"><span class='ocrx_word' id='word_1_255' title='bbox 2281 807 2524 864; x_wconf 89' lang='lat' dir='ltr'><strong>deorum</strong></span> <span class='ocrx_word' id='word_1_256' title='bbox 2555 811 2904 876; x_wconf 89' lang='lat' dir='ltr'><strong>vestrorum,</strong></span> <span class='ocrx_word' id='word_1_257' title='bbox 2937 806 3046 877; x_wconf 92' lang='lat' dir='ltr'><strong>ipsi</strong></span> <span class='ocrx_word' id='word_1_258' title='bbox 3089 823 3318 879; x_wconf 85' lang='lat' dir='ltr'><strong>quoque</strong></span> <span class='ocrx_word' id='word_1_259' title='bbox 3373 806 3540 878; x_wconf 88' lang='lat' dir='ltr'><strong>impii</strong></span> <span class='ocrx_word' id='word_1_260' title='bbox 3599 808 3930 880; x_wconf 83' lang='lat' dir='ltr'><strong>deprehen-</strong></span> 
     </span>
    </p>
   </div>
   <div class='ocr_carea' id='block_1_39' title="bbox 2281 895 3933 969">
    <p class='ocr_par' dir='ltr' id='par_1_39' title="bbox 2281 895 3933 969">
     <span class='ocr_line' id='line_1_39' title="bbox 2281 895 3933 969; baseline 0.001 -18"><span class='ocrx_word' id='word_1_261' title='bbox 2281 897 2522 952; x_wconf 92' lang='lat' dir='ltr'><strong>duntur.</strong></span> <span class='ocrx_word' id='word_1_262' title='bbox 2555 895 2822 963; x_wconf 89' lang='lat' dir='ltr'><strong>Mentior,</strong></span> <span class='ocrx_word' id='word_1_263' title='bbox 2857 895 2909 951; x_wconf 93' lang='lat' dir='ltr'><strong>si</strong></span> <span class='ocrx_word' id='word_1_264' title='bbox 2940 911 3243 967; x_wconf 88' lang='lat' dir='ltr'><strong>nunquam</strong></span> <span class='ocrx_word' id='word_1_265' title='bbox 3265 901 3646 967; x_wconf 82' lang='lat' dir='ltr'><strong>censuerant,</strong></span> <span class='ocrx_word' id='word_1_266' title='bbox 3708 913 3777 952; x_wconf 91' lang='lat' dir='ltr'><strong>ne</strong></span> <span class='ocrx_word' id='word_1_267' title='bbox 3827 898 3933 969; x_wconf 89' lang='lat' dir='ltr'><strong>qui</strong></span> 
     </span>
    </p>
   </div>
   <div class='ocr_carea' id='block_1_40' title="bbox 2279 983 3931 1058">
    <p class='ocr_par' dir='ltr' id='par_1_40' title="bbox 2279 983 3931 1058">
     <span class='ocr_line' id='line_1_40' title="bbox 2279 983 3931 1058; baseline 0.001 -18"><span class='ocrx_word' id='word_1_268' title='bbox 2279 985 2598 1056; x_wconf 87' lang='lat' dir='ltr'><strong>imperator</strong></span> <span class='ocrx_word' id='word_1_269' title='bbox 2628 985 2846 1051; x_wconf 78' lang='lat' dir='ltr'><strong>fanum,</strong></span> <span class='ocrx_word' id='word_1_270' title='bbox 2879 985 3035 1055; x_wconf 91' lang='lat' dir='ltr'><strong>quod</strong></span> <span class='ocrx_word' id='word_1_271' title='bbox 3085 984 3142 1038; x_wconf 93' lang='lat' dir='ltr'><strong>in</strong></span> <span class='ocrx_word' id='word_1_272' title='bbox 3189 983 3391 1056; x_wconf 76' lang='lat' dir='ltr'><strong>prmlio</strong></span> <span class='ocrx_word' id='word_1_273' title='bbox 3434 984 3706 1049; x_wconf 89' lang='lat' dir='ltr'><strong>vovisset,</strong></span> <span class='ocrx_word' id='word_1_274' title='bbox 3761 987 3931 1058; x_wconf 88' lang='lat' dir='ltr'><strong>prius</strong></span> 
     </span>
    </p>
   </div>
   <div class='ocr_carea' id='block_1_41' title="bbox 2281 1072 3926 1146">
    <p class='ocr_par' dir='ltr' id='par_1_41' title="bbox 2281 1072 3926 1146">
     <span class='ocr_line' id='line_1_41' title="bbox 2281 1072 3926 1146; baseline 0.001 -18"><span class='ocrx_word' id='word_1_275' title='bbox 2281 1074 2612 1130; x_wconf 88' lang='lat' dir='ltr'><strong>dedicasset</strong></span> <span class='ocrx_word' id='word_1_276' title='bbox 2639 1089 2817 1145; x_wconf 90' lang='lat' dir='ltr'><strong>quam</strong></span> <span class='ocrx_word' id='word_1_277' title='bbox 2845 1079 3084 1128; x_wconf 82' lang='lat' dir='ltr'><strong>senatus</strong></span> <span class='ocrx_word' id='word_1_278' title='bbox 3105 1072 3425 1144; x_wconf 88' lang='lat' dir='ltr'><strong>probasset,</strong></span> <span class='ocrx_word' id='word_1_279' title='bbox 3458 1076 3522 1128; x_wconf 90' lang='lat' dir='ltr'><strong>ut</strong></span> <span class='ocrx_word' id='word_1_280' title='bbox 3551 1074 3796 1146; x_wconf 83' lang='lat' dir='ltr'><strong>contigit</strong></span> <span class='ocrx_word' id='word_1_281' title='bbox 3845 1075 3926 1130; x_wconf 85' lang='lat' dir='ltr'><strong>M.</strong></span> 
     </span>
    </p>
   </div>
   <div class='ocr_carea' id='block_1_42' title="bbox 2280 1160 3931 1235">
    <p class='ocr_par' dir='ltr' id='par_1_42' title="bbox 2280 1160 3931 1235">
     <span class='ocr_line' id='line_1_42' title="bbox 2280 1160 3931 1235; baseline 0.001 -18"><span class='ocrx_word' id='word_1_282' title='bbox 2280 1161 2532 1230; x_wconf 59' lang='lat' dir='ltr'><strong>zEmilio,</strong></span> <span class='ocrx_word' id='word_1_283' title='bbox 2566 1161 2666 1235; x_wconf 89' lang='lat' dir='ltr'><strong>qui</strong></span> <span class='ocrx_word' id='word_1_284' title='bbox 2685 1166 2916 1217; x_wconf 89' lang='lat' dir='ltr'><strong>voverat</strong></span> <span class='ocrx_word' id='word_1_285' title='bbox 2938 1160 3195 1218; x_wconf 83' lang='lat' dir='ltr'><strong>Alburno</strong></span> <span class='ocrx_word' id='word_1_286' title='bbox 3224 1162 3348 1217; x_wconf 86' lang='lat' dir='ltr'><strong>deo.</strong></span> <span class='ocrx_word' id='word_1_287' title='bbox 3381 1160 3591 1233; x_wconf 90' lang='lat' dir='ltr'><strong>Utique</strong></span> <span class='ocrx_word' id='word_1_288' title='bbox 3621 1162 3778 1218; x_wconf 89' lang='lat' dir='ltr'><strong>enim</strong></span> <span class='ocrx_word' id='word_1_289' title='bbox 3810 1163 3931 1219; x_wconf 90' lang='lat' dir='ltr'><strong>im-</strong></span> 
     </span>
    </p>
   </div>
   <div class='ocr_carea' id='block_1_43' title="bbox 2280 1250 3928 1324">
    <p class='ocr_par' dir='ltr' id='par_1_43' title="bbox 2280 1250 3928 1324">
     <span class='ocr_line' id='line_1_43' title="bbox 2280 1250 3928 1324; baseline 0.002 -19"><span class='ocrx_word' id='word_1_290' title='bbox 2280 1251 2638 1324; x_wconf 90' lang='lat' dir='ltr'><strong>piissimum,</strong></span> <span class='ocrx_word' id='word_1_291' title='bbox 2660 1251 2777 1306; x_wconf 93' lang='lat' dir='ltr'><strong>imo</strong></span> <span class='ocrx_word' id='word_1_292' title='bbox 2791 1250 3450 1306; x_wconf 88' lang='lat' dir='ltr'><strong>contumeliosissimum</strong></span> <span class='ocrx_word' id='word_1_293' title='bbox 3476 1251 3799 1307; x_wconf 89' lang='lat' dir='ltr'><strong>admissum</strong></span> <span class='ocrx_word' id='word_1_294' title='bbox 3815 1261 3928 1320; x_wconf 88' lang='lat' dir='ltr'><strong>est,</strong></span> 
     </span>
    </p>
   </div>
   <div class='ocr_carea' id='block_1_44' title="bbox 2279 1338 3930 1397">
    <p class='ocr_par' dir='ltr' id='par_1_44' title="bbox 2279 1338 3930 1397">
     <span class='ocr_line' id='line_1_44' title="bbox 2279 1338 3930 1397; baseline 0.001 -1"><span class='ocrx_word' id='word_1_295' title='bbox 2279 1340 2340 1396; x_wconf 87' lang='lat' dir='ltr'><strong>in</strong></span> <span class='ocrx_word' id='word_1_296' title='bbox 2373 1339 2612 1395; x_wconf 87' lang='lat' dir='ltr'><strong>arbitrio</strong></span> <span class='ocrx_word' id='word_1_297' title='bbox 2645 1344 2700 1394; x_wconf 89' lang='lat' dir='ltr'><strong>et</strong></span> <span class='ocrx_word' id='word_1_298' title='bbox 2728 1338 2968 1395; x_wconf 85' lang='lat' dir='ltr'><strong>libidine</strong></span> <span class='ocrx_word' id='word_1_299' title='bbox 2992 1339 3295 1395; x_wconf 68' lang='lat' dir='ltr'><strong>sententiae</strong></span> <span class='ocrx_word' id='word_1_300' title='bbox 3318 1339 3591 1396; x_wconf 79' lang='lat' dir='ltr'><strong>humana:</strong></span> <span class='ocrx_word' id='word_1_301' title='bbox 3610 1339 3799 1396; x_wconf 87' lang='lat' dir='ltr'><strong>locare</strong></span> <span class='ocrx_word' id='word_1_302' title='bbox 3821 1340 3930 1397; x_wconf 88' lang='lat' dir='ltr'><strong>bo-</strong></span> 
     </span>
    </p>
   </div>
   <div class='ocr_carea' id='block_1_45' title="bbox 2282 1427 3930 1498">
    <p class='ocr_par' dir='ltr' id='par_1_45' title="bbox 2282 1427 3930 1498">
     <span class='ocr_line' id='line_1_45' title="bbox 2282 1427 3930 1498; baseline 0.002 -15"><span class='ocrx_word' id='word_1_303' title='bbox 2282 1444 2481 1483; x_wconf 89' lang='lat' dir='ltr'><strong>norem</strong></span> <span class='ocrx_word' id='word_1_304' title='bbox 2515 1427 2848 1495; x_wconf 84' lang='lat' dir='ltr'><strong>divinitatis,</strong></span> <span class='ocrx_word' id='word_1_305' title='bbox 2873 1431 2938 1482; x_wconf 91' lang='lat' dir='ltr'><strong>ut</strong></span> <span class='ocrx_word' id='word_1_306' title='bbox 2968 1428 3113 1484; x_wconf 92' lang='lat' dir='ltr'><strong>deus</strong></span> <span class='ocrx_word' id='word_1_307' title='bbox 3144 1445 3259 1483; x_wconf 87' lang='lat' dir='ltr'><strong>non</strong></span> <span class='ocrx_word' id='word_1_308' title='bbox 3318 1427 3414 1498; x_wconf 90' lang='lat' dir='ltr'><strong>sit,</strong></span> <span class='ocrx_word' id='word_1_309' title='bbox 3474 1428 3584 1483; x_wconf 91' lang='lat' dir='ltr'><strong>nisi</strong></span> <span class='ocrx_word' id='word_1_310' title='bbox 3644 1429 3736 1484; x_wconf 90' lang='lat' dir='ltr'><strong>cui</strong></span> <span class='ocrx_word' id='word_1_311' title='bbox 3797 1446 3930 1486; x_wconf 88' lang='lat' dir='ltr'><strong>esse</strong></span> 
     </span>
    </p>
   </div>
   <div class='ocr_carea' id='block_1_46' title="bbox 2279 1516 3926 1591">
    <p class='ocr_par' dir='ltr' id='par_1_46' title="bbox 2279 1516 3926 1591">
     <span class='ocr_line' id='line_1_46' title="bbox 2279 1516 3926 1591; baseline 0.002 -19"><span class='ocrx_word' id='word_1_312' title='bbox 2279 1516 2612 1588; x_wconf 90' lang='lat' dir='ltr'><strong>permiserit</strong></span> <span class='ocrx_word' id='word_1_313' title='bbox 2641 1521 2882 1572; x_wconf 89' lang='lat' dir='ltr'><strong>senatus</strong></span> <span class='ocrx_word' id='word_1_314' title='bbox 2929 1521 3089 1588; x_wconf 70' lang='lat' dir='ltr'><strong>Saepe</strong></span> <span class='ocrx_word' id='word_1_315' title='bbox 3129 1533 3404 1573; x_wconf 88' lang='lat' dir='ltr'><strong>censores</strong></span> <span class='ocrx_word' id='word_1_316' title='bbox 3433 1516 3764 1573; x_wconf 89' lang='lat' dir='ltr'><strong>inconsulto</strong></span> <span class='ocrx_word' id='word_1_317' title='bbox 3822 1535 3926 1591; x_wconf 81' lang='lat' dir='ltr'><strong>po-</strong></span> 
     </span>
    </p>
   </div>
   <div class='ocr_carea' id='block_1_47' title="bbox 2280 1603 3924 1678">
    <p class='ocr_par' dir='ltr' id='par_1_47' title="bbox 2280 1603 3924 1678">
     <span class='ocr_line' id='line_1_47' title="bbox 2280 1603 3924 1678; baseline 0.002 -19"><span class='ocrx_word' id='word_1_318' title='bbox 2280 1605 2416 1678; x_wconf 92' lang='lat' dir='ltr'><strong>pulo</strong></span> <span class='ocrx_word' id='word_1_319' title='bbox 2446 1603 2860 1660; x_wconf 86' lang='lat' dir='ltr'><strong>adsolaverunt</strong></span> <span class='ocrx_word' id='word_1_320' title='bbox 2894 1622 2908 1672; x_wconf 88' lang='lat'><strong>;</strong></span> <span class='ocrx_word' id='word_1_321' title='bbox 2941 1608 3094 1659; x_wconf 88' lang='lat' dir='ltr'><strong>certe</strong></span> <span class='ocrx_word' id='word_1_322' title='bbox 3113 1604 3378 1659; x_wconf 84' lang='lat' dir='ltr'><strong>Liberum</strong></span> <span class='ocrx_word' id='word_1_323' title='bbox 3413 1607 3763 1678; x_wconf 81' lang='lat' dir='ltr'><strong>patrem(32)</strong></span> <span class='ocrx_word' id='word_1_324' title='bbox 3788 1624 3924 1663; x_wconf 89' lang='lat' dir='ltr'><strong>cum</strong></span> 
     </span>
    </p>
   </div>
   <div class='ocr_carea' id='block_1_48' title="bbox 2279 1693 3927 1752">
    <p class='ocr_par' dir='ltr' id='par_1_48' title="bbox 2279 1693 3927 1752">
     <span class='ocr_line' id='line_1_48' title="bbox 2279 1693 3927 1752; baseline 0.002 -3"><span class='ocrx_word' id='word_1_325' title='bbox 2279 1711 2445 1750; x_wconf 90' lang='lat' dir='ltr'><strong>sacro</strong></span> <span class='ocrx_word' id='word_1_326' title='bbox 2467 1711 2572 1748; x_wconf 90' lang='lat' dir='ltr'><strong>suo</strong></span> <span class='ocrx_word' id='word_1_327' title='bbox 2605 1693 2874 1748; x_wconf 90' lang='lat' dir='ltr'><strong>consules</strong></span> <span class='ocrx_word' id='word_1_328' title='bbox 2915 1698 3154 1748; x_wconf 87' lang='lat' dir='ltr'><strong>senatus</strong></span> <span class='ocrx_word' id='word_1_329' title='bbox 3175 1693 3522 1749; x_wconf 89' lang='lat' dir='ltr'><strong>auctoritate</strong></span> <span class='ocrx_word' id='word_1_330' title='bbox 3545 1695 3687 1750; x_wconf 90' lang='lat' dir='ltr'><strong>urbe</strong></span> <span class='ocrx_word' id='word_1_331' title='bbox 3705 1712 3818 1750; x_wconf 91' lang='lat' dir='ltr'><strong>non</strong></span> <span class='ocrx_word' id='word_1_332' title='bbox 3835 1712 3927 1752; x_wconf 88' lang='lat' dir='ltr'><strong>so-</strong></span> 
     </span>
    </p>
   </div>
   <div class='ocr_carea' id='block_1_49' title="bbox 2279 1781 3924 1849">
    <p class='ocr_par' dir='ltr' id='par_1_49' title="bbox 2279 1781 3924 1849">
     <span class='ocr_line' id='line_1_49' title="bbox 2279 1781 3924 1849; baseline 0.002 -12"><span class='ocrx_word' id='word_1_333' title='bbox 2279 1783 2602 1849; x_wconf 90' lang='lat' dir='ltr'><strong>lummodo,</strong></span> <span class='ocrx_word' id='word_1_334' title='bbox 2636 1799 2836 1836; x_wconf 92' lang='lat' dir='ltr'><strong>verum</strong></span> <span class='ocrx_word' id='word_1_335' title='bbox 2868 1781 2984 1837; x_wconf 89' lang='lat' dir='ltr'><strong>tola</strong></span> <span class='ocrx_word' id='word_1_336' title='bbox 3016 1781 3184 1838; x_wconf 85' lang='lat' dir='ltr'><strong>Italia</strong></span> <span class='ocrx_word' id='word_1_337' title='bbox 3215 1781 3684 1838; x_wconf 90' lang='lat' dir='ltr'><strong>eliminaverunt.</strong></span> <span class='ocrx_word' id='word_1_338' title='bbox 3743 1784 3924 1840; x_wconf 72' lang='lat' dir='ltr'><strong>Caste-</strong></span> 
     </span>
    </p>
   </div>
   <div class='ocr_carea' id='block_1_50' title="bbox 2281 1870 3928 1944">
    <p class='ocr_par' dir='ltr' id='par_1_50' title="bbox 2281 1870 3928 1944">
     <span class='ocr_line' id='line_1_50' title="bbox 2281 1870 3928 1944; baseline 0.002 -19"><span class='ocrx_word' id='word_1_339' title='bbox 2281 1887 2408 1926; x_wconf 91' lang='lat' dir='ltr'><strong>rum</strong></span> <span class='ocrx_word' id='word_1_340' title='bbox 2441 1876 2710 1942; x_wconf 88' lang='lat' dir='ltr'><strong>Serapem</strong></span> <span class='ocrx_word' id='word_1_341' title='bbox 2743 1874 2799 1924; x_wconf 91' lang='lat' dir='ltr'><strong>et</strong></span> <span class='ocrx_word' id='word_1_342' title='bbox 2862 1870 3072 1926; x_wconf 87' lang='lat' dir='ltr'><strong>Isidem</strong></span> <span class='ocrx_word' id='word_1_343' title='bbox 3130 1870 3243 1941; x_wconf 87' lang='lat'><strong>(33)</strong></span> <span class='ocrx_word' id='word_1_344' title='bbox 3291 1875 3348 1926; x_wconf 92' lang='lat' dir='ltr'><strong>et</strong></span> <span class='ocrx_word' id='word_1_345' title='bbox 3395 1871 3806 1944; x_wconf 83' lang='lat' dir='ltr'><strong>Harpocratem</strong></span> <span class='ocrx_word' id='word_1_346' title='bbox 3866 1877 3928 1929; x_wconf 85' lang='lat' dir='ltr'><strong>et</strong></span> 
     </span>
    </p>
   </div>
   <div class='ocr_carea' id='block_1_51' title="bbox 2281 1957 3919 2031">
    <p class='ocr_par' dir='ltr' id='par_1_51' title="bbox 2281 1957 3919 2031">
     <span class='ocr_line' id='line_1_51' title="bbox 2281 1957 3919 2031; baseline 0.002 -17"><span class='ocrx_word' id='word_1_347' title='bbox 2281 1960 2546 2014; x_wconf 84' lang='lat' dir='ltr'><strong>Anubem</strong></span> <span class='ocrx_word' id='word_1_348' title='bbox 2583 1959 2906 2031; x_wconf 87' lang='lat' dir='ltr'><strong>prohibitos</strong></span> <span class='ocrx_word' id='word_1_349' title='bbox 2925 1957 3206 2031; x_wconf 87' lang='lat' dir='ltr'><strong>Capitolio</strong></span> <span class='ocrx_word' id='word_1_350' title='bbox 3247 1958 3426 2014; x_wconf 88' lang='lat' dir='ltr'><strong>Varro</strong></span> <span class='ocrx_word' id='word_1_351' title='bbox 3472 1966 3919 2027; x_wconf 87' lang='lat' dir='ltr'><strong>commemorat,</strong></span> 
     </span>
    </p>
   </div>
   <div class='ocr_carea' id='block_1_52' title="bbox 2280 2048 3923 2121">
    <p class='ocr_par' dir='ltr' id='par_1_52' title="bbox 2280 2048 3923 2121">
     <span class='ocr_line' id='line_1_52' title="bbox 2280 2048 3923 2121; baseline 0.001 -17"><span class='ocrx_word' id='word_1_352' title='bbox 2280 2065 2600 2120; x_wconf 91' lang='lat' dir='ltr'><strong>eorumque</strong></span> <span class='ocrx_word' id='word_1_353' title='bbox 2632 2052 2857 2103; x_wconf 86' lang='lat' dir='ltr'><strong>statuas</strong></span> <span class='ocrx_word' id='word_1_354' title='bbox 2891 2065 2922 2102; x_wconf 88' lang='lat' dir='ltr'><strong>a</strong></span> <span class='ocrx_word' id='word_1_355' title='bbox 2954 2052 3158 2103; x_wconf 88' lang='lat' dir='ltr'><strong>senatu</strong></span> <span class='ocrx_word' id='word_1_356' title='bbox 3190 2048 3465 2118; x_wconf 87' lang='lat' dir='ltr'><strong>dejectas,</strong></span> <span class='ocrx_word' id='word_1_357' title='bbox 3527 2049 3761 2104; x_wconf 89' lang='lat' dir='ltr'><strong>nonnisi</strong></span> <span class='ocrx_word' id='word_1_358' title='bbox 3820 2067 3923 2121; x_wconf 87' lang='lat' dir='ltr'><strong>per</strong></span> 
     </span>
    </p>
   </div>
   <div class='ocr_carea' id='block_1_53' title="bbox 2279 2135 3922 2209">
    <p class='ocr_par' dir='ltr' id='par_1_53' title="bbox 2279 2135 3922 2209">
     <span class='ocr_line' id='line_1_53' title="bbox 2279 2135 3922 2209; baseline 0.004 -21"><span class='ocrx_word' id='word_1_359' title='bbox 2279 2138 2396 2192; x_wconf 87' lang='lat' dir='ltr'><strong>vim</strong></span> <span class='ocrx_word' id='word_1_360' title='bbox 2431 2137 2800 2209; x_wconf 88' lang='lat' dir='ltr'><strong>popularium</strong></span> <span class='ocrx_word' id='word_1_361' title='bbox 2835 2140 3171 2192; x_wconf 90' lang='lat' dir='ltr'><strong>restructas.</strong></span> <span class='ocrx_word' id='word_1_362' title='bbox 3205 2135 3522 2191; x_wconf 90' lang='lat' dir='ltr'><strong>Sedtamen</strong></span> <span class='ocrx_word' id='word_1_363' title='bbox 3547 2141 3605 2192; x_wconf 92' lang='lat' dir='ltr'><strong>et</strong></span> <span class='ocrx_word' id='word_1_364' title='bbox 3635 2137 3922 2195; x_wconf 88' lang='lat' dir='ltr'><strong>Gabinius</strong></span> 
     </span>
    </p>
   </div>
   <div class='ocr_carea' id='block_1_54' title="bbox 2281 2223 3922 2297">
    <p class='ocr_par' dir='ltr' id='par_1_54' title="bbox 2281 2223 3922 2297">
     <span class='ocr_line' id='line_1_54' title="bbox 2281 2223 3922 2297; baseline 0 -15"><span class='ocrx_word' id='word_1_365' title='bbox 2281 2225 2484 2282; x_wconf 91' lang='lat' dir='ltr'><strong>consul</strong></span> <span class='ocrx_word' id='word_1_366' title='bbox 2517 2224 2789 2280; x_wconf 88' lang='lat' dir='ltr'><strong>Kalendis</strong></span> <span class='ocrx_word' id='word_1_367' title='bbox 2815 2223 3129 2288; x_wconf 88' lang='lat' dir='ltr'><strong>Januariis,</strong></span> <span class='ocrx_word' id='word_1_368' title='bbox 3165 2241 3294 2278; x_wconf 91' lang='lat' dir='ltr'><strong>cum</strong></span> <span class='ocrx_word' id='word_1_369' title='bbox 3329 2224 3421 2278; x_wconf 81' lang='lat' dir='ltr'><strong>vix</strong></span> <span class='ocrx_word' id='word_1_370' title='bbox 3456 2224 3677 2281; x_wconf 90' lang='lat' dir='ltr'><strong>hostias</strong></span> <span class='ocrx_word' id='word_1_371' title='bbox 3711 2228 3922 2297; x_wconf 88' lang='lat' dir='ltr'><strong>proba-</strong></span> 
     </span>
    </p>
   </div>
   <div class='ocr_carea' id='block_1_55' title="bbox 2281 2312 3921 2389">
    <p class='ocr_par' dir='ltr' id='par_1_55' title="bbox 2281 2312 3921 2389">
     <span class='ocr_line' id='line_1_55' title="bbox 2281 2312 3921 2389; baseline 0.001 -19"><span class='ocrx_word' id='word_1_372' title='bbox 2281 2319 2390 2377; x_wconf 90' lang='lat' dir='ltr'><strong>ret,</strong></span> <span class='ocrx_word' id='word_1_373' title='bbox 2423 2332 2540 2385; x_wconf 67' lang='lat' dir='ltr'><strong>prie</strong></span> <span class='ocrx_word' id='word_1_374' title='bbox 2572 2313 2939 2386; x_wconf 89' lang='lat' dir='ltr'><strong>popularium</strong></span> <span class='ocrx_word' id='word_1_375' title='bbox 2972 2320 3142 2377; x_wconf 78' lang='lat' dir='ltr'><strong>cmtu,</strong></span> <span class='ocrx_word' id='word_1_376' title='bbox 3189 2312 3325 2384; x_wconf 88' lang='lat' dir='ltr'><strong>quia</strong></span> <span class='ocrx_word' id='word_1_377' title='bbox 3385 2313 3526 2368; x_wconf 91' lang='lat' dir='ltr'><strong>nihil</strong></span> <span class='ocrx_word' id='word_1_378' title='bbox 3581 2315 3652 2370; x_wconf 91' lang='lat' dir='ltr'><strong>de</strong></span> <span class='ocrx_word' id='word_1_379' title='bbox 3707 2316 3921 2389; x_wconf 89' lang='lat' dir='ltr'><strong>Serape</strong></span> 
     </span>
    </p>
   </div>
   <div class='ocr_carea' id='block_1_56' title="bbox 2279 2403 3922 2476">
    <p class='ocr_par' dir='ltr' id='par_1_56' title="bbox 2279 2403 3922 2476">
     <span class='ocr_line' id='line_1_56' title="bbox 2279 2403 3922 2476; baseline -0.001 -14"><span class='ocrx_word' id='word_1_380' title='bbox 2279 2411 2336 2462; x_wconf 92' lang='lat' dir='ltr'><strong>et</strong></span> <span class='ocrx_word' id='word_1_381' title='bbox 2362 2406 2515 2461; x_wconf 90' lang='lat' dir='ltr'><strong>Iside</strong></span> <span class='ocrx_word' id='word_1_382' title='bbox 2536 2405 2958 2470; x_wconf 88' lang='lat' dir='ltr'><strong>constituisset,</strong></span> <span class='ocrx_word' id='word_1_383' title='bbox 2990 2405 3270 2476; x_wconf 90' lang='lat' dir='ltr'><strong>potiorem</strong></span> <span class='ocrx_word' id='word_1_384' title='bbox 3304 2403 3509 2459; x_wconf 90' lang='lat' dir='ltr'><strong>habuit</strong></span> <span class='ocrx_word' id='word_1_385' title='bbox 3530 2409 3768 2461; x_wconf 88' lang='lat' dir='ltr'><strong>senatus</strong></span> <span class='ocrx_word' id='word_1_386' title='bbox 3790 2421 3922 2461; x_wconf 90' lang='lat' dir='ltr'><strong>cen-</strong></span> 
     </span>
    </p>
   </div>
   <div class='ocr_carea' id='block_1_57' title="bbox 2279 2492 3917 2565">
    <p class='ocr_par' dir='ltr' id='par_1_57' title="bbox 2279 2492 3917 2565">
     <span class='ocr_line' id='line_1_57' title="bbox 2279 2492 3917 2565; baseline -0.001 -15"><span class='ocrx_word' id='word_1_387' title='bbox 2279 2511 2478 2550; x_wconf 90' lang='lat' dir='ltr'><strong>suram</strong></span> <span class='ocrx_word' id='word_1_388' title='bbox 2512 2511 2686 2565; x_wconf 88' lang='lat' dir='ltr'><strong>quam</strong></span> <span class='ocrx_word' id='word_1_389' title='bbox 2718 2494 2999 2565; x_wconf 89' lang='lat' dir='ltr'><strong>impetum</strong></span> <span class='ocrx_word' id='word_1_390' title='bbox 3031 2493 3210 2565; x_wconf 83' lang='lat' dir='ltr'><strong>vulgi,</strong></span> <span class='ocrx_word' id='word_1_391' title='bbox 3243 2498 3299 2548; x_wconf 91' lang='lat' dir='ltr'><strong>et</strong></span> <span class='ocrx_word' id='word_1_392' title='bbox 3328 2509 3458 2548; x_wconf 91' lang='lat' dir='ltr'><strong>aras</strong></span> <span class='ocrx_word' id='word_1_393' title='bbox 3507 2492 3735 2548; x_wconf 88' lang='lat' dir='ltr'><strong>institui</strong></span> <span class='ocrx_word' id='word_1_394' title='bbox 3785 2511 3917 2565; x_wconf 85' lang='lat' dir='ltr'><strong>pro-</strong></span> 
     </span>
    </p>
   </div>
   <div class='ocr_carea' id='block_1_58' title="bbox 2279 2581 3918 2654">
    <p class='ocr_par' dir='ltr' id='par_1_58' title="bbox 2279 2581 3918 2654">
     <span class='ocr_line' id='line_1_58' title="bbox 2279 2581 3918 2654; baseline -0.001 -16"><span class='ocrx_word' id='word_1_395' title='bbox 2279 2582 2492 2638; x_wconf 89' lang='lat' dir='ltr'><strong>hibuit.</strong></span> <span class='ocrx_word' id='word_1_396' title='bbox 2526 2582 2760 2638; x_wconf 87' lang='lat' dir='ltr'><strong>Habetis</strong></span> <span class='ocrx_word' id='word_1_397' title='bbox 2790 2581 2974 2654; x_wconf 89' lang='lat' dir='ltr'><strong>igitur</strong></span> <span class='ocrx_word' id='word_1_398' title='bbox 3016 2581 3072 2635; x_wconf 91' lang='lat' dir='ltr'><strong>in</strong></span> <span class='ocrx_word' id='word_1_399' title='bbox 3135 2581 3457 2652; x_wconf 87' lang='lat' dir='ltr'><strong>majoribus</strong></span> <span class='ocrx_word' id='word_1_400' title='bbox 3513 2581 3746 2647; x_wconf 88' lang='lat' dir='ltr'><strong>vestris,</strong></span> <span class='ocrx_word' id='word_1_401' title='bbox 3808 2582 3918 2637; x_wconf 90' lang='lat' dir='ltr'><strong>etsi</strong></span> 
     </span>
    </p>
   </div>
   <div class='ocr_carea' id='block_1_59' title="bbox 2280 2669 3920 2743">
    <p class='ocr_par' dir='ltr' id='par_1_59' title="bbox 2280 2669 3920 2743">
     <span class='ocr_line' id='line_1_59' title="bbox 2280 2669 3920 2743; baseline 0.001 -18"><span class='ocrx_word' id='word_1_402' title='bbox 2280 2688 2393 2726; x_wconf 90' lang='lat' dir='ltr'><strong>non</strong></span> <span class='ocrx_word' id='word_1_403' title='bbox 2414 2687 2620 2725; x_wconf 90' lang='lat' dir='ltr'><strong>nomen</strong></span> <span class='ocrx_word' id='word_1_404' title='bbox 2636 2715 2649 2735; x_wconf 89' lang='lat'><strong>,</strong></span> <span class='ocrx_word' id='word_1_405' title='bbox 2673 2674 2932 2724; x_wconf 88' lang='lat' dir='ltr'><strong>attamen</strong></span> <span class='ocrx_word' id='word_1_406' title='bbox 2957 2676 3172 2724; x_wconf 88' lang='lat' dir='ltr'><strong>sectam</strong></span> <span class='ocrx_word' id='word_1_407' title='bbox 3193 2669 3608 2735; x_wconf 87' lang='lat' dir='ltr'><strong>Christianam,</strong></span> <span class='ocrx_word' id='word_1_408' title='bbox 3633 2687 3757 2743; x_wconf 62' lang='lat' dir='ltr'><strong>quae</strong></span> <span class='ocrx_word' id='word_1_409' title='bbox 3777 2671 3920 2727; x_wconf 90' lang='lat' dir='ltr'><strong>deos</strong></span> 
     </span>
    </p>
   </div>
   <div class='ocr_carea' id='block_1_60' title="bbox 2279 2757 3920 2831">
    <p class='ocr_par' dir='ltr' id='par_1_60' title="bbox 2279 2757 3920 2831">
     <span class='ocr_line' id='line_1_60' title="bbox 2279 2757 3920 2831; baseline 0.001 -16"><span class='ocrx_word' id='word_1_410' title='bbox 2279 2759 2539 2831; x_wconf 86' lang='lat' dir='ltr'><strong>negligit.</strong></span> <span class='ocrx_word' id='word_1_411' title='bbox 2567 2759 2807 2825; x_wconf 85' lang='lat' dir='ltr'><strong>Horum,</strong></span> <span class='ocrx_word' id='word_1_412' title='bbox 2841 2758 2888 2812; x_wconf 91' lang='lat' dir='ltr'><strong>si</strong></span> <span class='ocrx_word' id='word_1_413' title='bbox 2922 2775 3022 2813; x_wconf 90' lang='lat' dir='ltr'><strong>vos</strong></span> <span class='ocrx_word' id='word_1_414' title='bbox 3045 2758 3252 2814; x_wconf 89' lang='lat' dir='ltr'><strong>saltem</strong></span> <span class='ocrx_word' id='word_1_415' title='bbox 3274 2757 3567 2830; x_wconf 86' lang='lat' dir='ltr'><strong>integrum</strong></span> <span class='ocrx_word' id='word_1_416' title='bbox 3592 2758 3920 2817; x_wconf 89' lang='lat' dir='ltr'><strong>honoribus</strong></span> 
     </span>
    </p>
   </div>
   <div class='ocr_carea' id='block_1_61' title="bbox 2277 2846 3920 2920">
    <p class='ocr_par' dir='ltr' id='par_1_61' title="bbox 2277 2846 3920 2920">
     <span class='ocr_line' id='line_1_61' title="bbox 2277 2846 3920 2920; baseline 0.001 -17"><span class='ocrx_word' id='word_1_417' title='bbox 2277 2849 2486 2904; x_wconf 78' lang='lat' dir='ltr'><strong>vestris</strong></span> <span class='ocrx_word' id='word_1_418' title='bbox 2501 2847 2579 2902; x_wconf 87' lang='lat' dir='ltr'><strong>rei</strong></span> <span class='ocrx_word' id='word_1_419' title='bbox 2595 2864 2721 2903; x_wconf 87' lang='lat' dir='ltr'><strong>esse</strong></span> <span class='ocrx_word' id='word_1_420' title='bbox 2736 2847 2882 2902; x_wconf 63' lang='lat' dir='ltr'><strong>laesa;</strong></span> <span class='ocrx_word' id='word_1_421' title='bbox 2907 2846 3202 2918; x_wconf 79' lang='lat' dir='ltr'><strong>religionis</strong></span> <span class='ocrx_word' id='word_1_422' title='bbox 3223 2873 3236 2914; x_wconf 87' lang='lat'><strong>;</strong></span> <span class='ocrx_word' id='word_1_423' title='bbox 3255 2848 3355 2904; x_wconf 88' lang='lat' dir='ltr'><strong>sed</strong></span> <span class='ocrx_word' id='word_1_424' title='bbox 3372 2847 3601 2904; x_wconf 91' lang='lat' dir='ltr'><strong>invenio</strong></span> <span class='ocrx_word' id='word_1_425' title='bbox 3615 2848 3920 2920; x_wconf 90' lang='lat' dir='ltr'><strong>conspiras</strong></span> 
     </span>
    </p>
   </div>
   <div class='ocr_carea' id='block_1_62' title="bbox 2279 2935 3920 3009">
    <p class='ocr_par' dir='ltr' id='par_1_62' title="bbox 2279 2935 3920 3009">
     <span class='ocr_line' id='line_1_62' title="bbox 2279 2935 3920 3009; baseline -0.001 -15"><span class='ocrx_word' id='word_1_426' title='bbox 2279 2954 2338 2994; x_wconf 90' lang='lat' dir='ltr'><strong>se</strong></span> <span class='ocrx_word' id='word_1_427' title='bbox 2360 2955 2390 2991; x_wconf 91' lang='lat' dir='ltr'><strong>a</strong></span> <span class='ocrx_word' id='word_1_428' title='bbox 2412 2937 2570 2992; x_wconf 88' lang='lat' dir='ltr'><strong>vobis</strong></span> <span class='ocrx_word' id='word_1_429' title='bbox 2594 2941 2712 2992; x_wconf 88' lang='lat' dir='ltr'><strong>tam</strong></span> <span class='ocrx_word' id='word_1_430' title='bbox 2731 2935 3166 3009; x_wconf 89' lang='lat' dir='ltr'><strong>superstitionis</strong></span> <span class='ocrx_word' id='word_1_431' title='bbox 3189 2953 3364 3007; x_wconf 90' lang='lat' dir='ltr'><strong>quam</strong></span> <span class='ocrx_word' id='word_1_432' title='bbox 3384 2935 3706 3008; x_wconf 85' lang='lat' dir='ltr'><strong>impietatis</strong></span> <span class='ocrx_word' id='word_1_433' title='bbox 3733 2938 3920 3009; x_wconf 80' lang='lat' dir='ltr'><strong>profe-</strong></span> 
     </span>
    </p>
   </div>
   <div class='ocr_carea' id='block_1_63' title="bbox 2277 3024 3920 3096">
    <p class='ocr_par' dir='ltr' id='par_1_63' title="bbox 2277 3024 3920 3096">
     <span class='ocr_line' id='line_1_63' title="bbox 2277 3024 3920 3096; baseline -0.001 -14"><span class='ocrx_word' id='word_1_434' title='bbox 2277 3033 2456 3082; x_wconf 86' lang='lat' dir='ltr'><strong>ctum.</strong></span> <span class='ocrx_word' id='word_1_435' title='bbox 2474 3028 2697 3090; x_wconf 87' lang='lat' dir='ltr'><strong>Quanto</strong></span> <span class='ocrx_word' id='word_1_436' title='bbox 2719 3025 2874 3081; x_wconf 91' lang='lat' dir='ltr'><strong>enim</strong></span> <span class='ocrx_word' id='word_1_437' title='bbox 2903 3024 3344 3096; x_wconf 88' lang='lat' dir='ltr'><strong>irreligiosiores</strong></span> <span class='ocrx_word' id='word_1_438' title='bbox 3367 3025 3920 3096; x_wconf 79' lang='lat' dir='ltr'><strong>deprehendimini?</strong></span> 
     </span>
    </p>
   </div>
   <div class='ocr_carea' id='block_1_64' title="bbox 2277 3114 3919 3186">
    <p class='ocr_par' dir='ltr' id='par_1_64' title="bbox 2277 3114 3919 3186">
     <span class='ocr_line' id='line_1_64' title="bbox 2277 3114 3919 3186; baseline 0 -16"><span class='ocrx_word' id='word_1_439' title='bbox 2277 3116 2539 3171; x_wconf 90' lang='lat' dir='ltr'><strong>Privatos</strong></span> <span class='ocrx_word' id='word_1_440' title='bbox 2569 3115 2723 3170; x_wconf 91' lang='lat' dir='ltr'><strong>enim</strong></span> <span class='ocrx_word' id='word_1_441' title='bbox 2759 3115 2915 3184; x_wconf 89' lang='lat' dir='ltr'><strong>deos,</strong></span> <span class='ocrx_word' id='word_1_442' title='bbox 2950 3131 3097 3186; x_wconf 89' lang='lat' dir='ltr'><strong>quos</strong></span> <span class='ocrx_word' id='word_1_443' title='bbox 3123 3119 3292 3169; x_wconf 87' lang='lat' dir='ltr'><strong>Lares</strong></span> <span class='ocrx_word' id='word_1_444' title='bbox 3322 3118 3378 3170; x_wconf 91' lang='lat' dir='ltr'><strong>et</strong></span> <span class='ocrx_word' id='word_1_445' title='bbox 3429 3114 3673 3169; x_wconf 89' lang='lat' dir='ltr'><strong>Penates</strong></span> <span class='ocrx_word' id='word_1_446' title='bbox 3717 3115 3919 3171; x_wconf 88' lang='lat' dir='ltr'><strong>dome-</strong></span> 
     </span>
    </p>
   </div>
   <div class='ocr_carea' id='block_1_65' title="bbox 581 3189 3920 3275">
    <p class='ocr_par' dir='ltr' id='par_1_65' title="bbox 581 3189 3920 3275">
     <span class='ocr_line' id='line_1_65' title="bbox 581 3189 3920 3275; baseline 0.001 -19"><span class='ocrx_word' id='word_1_447' title='bbox 581 3204 952 3258; x_wconf 87' lang='lat' dir='ltr'><strong>toredeorum</strong></span> <span class='ocrx_word' id='word_1_448' title='bbox 987 3201 1187 3256; x_wconf 88' lang='lat' dir='ltr'><strong>haberi</strong></span> <span class='ocrx_word' id='word_1_449' title='bbox 1222 3202 1384 3257; x_wconf 88' lang='lat' dir='ltr'><strong>nulla</strong></span> <span class='ocrx_word' id='word_1_450' title='bbox 1433 3203 1581 3258; x_wconf 91' lang='lat' dir='ltr'><strong>ratio</strong></span> <span class='ocrx_word' id='word_1_451' title='bbox 1640 3206 1748 3270; x_wconf 90' lang='lat' dir='ltr'><strong>est,</strong></span> <span class='ocrx_word' id='word_1_452' title='bbox 1807 3203 1940 3273; x_wconf 88' lang='lat' dir='ltr'><strong>quia</strong></span> <span class='ocrx_word' id='word_1_453' title='bbox 1996 3189 2241 3258; x_wconf 87' lang='lat' dir='ltr'><strong>nemoC</strong></span> <span class='ocrx_word' id='word_1_454' title='bbox 2279 3205 2422 3261; x_wconf 86' lang='lat' dir='ltr'><strong>stica</strong></span> <span class='ocrx_word' id='word_1_455' title='bbox 2506 3203 2940 3259; x_wconf 88' lang='lat' dir='ltr'><strong>consecratione</strong></span> <span class='ocrx_word' id='word_1_456' title='bbox 3026 3202 3365 3275; x_wconf 88' lang='lat' dir='ltr'><strong>perhibetis,</strong></span> <span class='ocrx_word' id='word_1_457' title='bbox 3453 3203 3771 3259; x_wconf 89' lang='lat' dir='ltr'><strong>domestica</strong></span> <span class='ocrx_word' id='word_1_458' title='bbox 3853 3203 3920 3258; x_wconf 88' lang='lat' dir='ltr'><strong>li-</strong></span> 
     </span>
    </p>
   </div>
   <div class='ocr_carea' id='block_1_66' title="bbox 583 3291 2173 3361">
    <p class='ocr_par' dir='ltr' id='par_1_66' title="bbox 583 3291 2173 3361">
     <span class='ocr_line' id='line_1_66' title="bbox 583 3291 2173 3361; baseline -0.001 -14"><span class='ocrx_word' id='word_1_459' title='bbox 583 3291 850 3348; x_wconf 87' lang='lat' dir='ltr'><strong>eontnnit</strong></span> <span class='ocrx_word' id='word_1_460' title='bbox 882 3292 1035 3361; x_wconf 89' lang='lat' dir='ltr'><strong>quod</strong></span> <span class='ocrx_word' id='word_1_461' title='bbox 1077 3291 1225 3344; x_wconf 89' lang='lat' dir='ltr'><strong>sciat</strong></span> <span class='ocrx_word' id='word_1_462' title='bbox 1246 3292 1506 3346; x_wconf 91' lang='lat' dir='ltr'><strong>omnimo</strong></span> <span class='ocrx_word' id='word_1_463' title='bbox 1534 3308 1646 3346; x_wconf 89' lang='lat' dir='ltr'><strong>non</strong></span> <span class='ocrx_word' id='word_1_464' title='bbox 1680 3308 1827 3347; x_wconf 88' lang='lat' dir='ltr'><strong>esse.</strong></span> <span class='ocrx_word' id='word_1_465' title='bbox 1862 3292 2021 3357; x_wconf 89' lang='lat' dir='ltr'><strong>Quod</strong></span> <span class='ocrx_word' id='word_1_466' title='bbox 2054 3308 2173 3346; x_wconf 92' lang='lat' dir='ltr'><strong>om-</strong></span> 
     </span>
    </p>
   </div>
   <div class='ocr_carea' id='block_1_67' title="bbox 587 3378 2171 3451">
    <p class='ocr_par' dir='ltr' id='par_1_67' title="bbox 587 3378 2171 3451">
     <span class='ocr_line' id='line_1_67' title="bbox 587 3378 2171 3451; baseline -0.001 -17"><span class='ocrx_word' id='word_1_467' title='bbox 587 3379 801 3444; x_wconf 81' lang='lat' dir='ltr'><strong>ninost,</strong></span> <span class='ocrx_word' id='word_1_468' title='bbox 833 3379 888 3432; x_wconf 91' lang='lat' dir='ltr'><strong>id</strong></span> <span class='ocrx_word' id='word_1_469' title='bbox 926 3379 1216 3434; x_wconf 90' lang='lat' dir='ltr'><strong>contemni</strong></span> <span class='ocrx_word' id='word_1_470' title='bbox 1253 3383 1464 3450; x_wconf 87' lang='lat' dir='ltr'><strong>potest,</strong></span> <span class='ocrx_word' id='word_1_471' title='bbox 1497 3381 1651 3451; x_wconf 91' lang='lat' dir='ltr'><strong>quod</strong></span> <span class='ocrx_word' id='word_1_472' title='bbox 1687 3379 1830 3433; x_wconf 89' lang='lat' dir='ltr'><strong>nihil</strong></span> <span class='ocrx_word' id='word_1_473' title='bbox 1879 3385 1985 3445; x_wconf 88' lang='lat' dir='ltr'><strong>est,</strong></span> <span class='ocrx_word' id='word_1_474' title='bbox 2027 3378 2171 3435; x_wconf 89' lang='lat' dir='ltr'><strong>nihil</strong></span> 
     </span>
    </p>
   </div>
   <div class='ocr_carea' id='block_1_68' title="bbox 589 3466 2172 3540">
    <p class='ocr_par' dir='ltr' id='par_1_68' title="bbox 589 3466 2172 3540">
     <span class='ocr_line' id='line_1_68' title="bbox 589 3466 2172 3540; baseline 0.002 -19"><span class='ocrx_word' id='word_1_475' title='bbox 589 3467 772 3540; x_wconf 88' lang='lat' dir='ltr'><strong>patir.</strong></span> <span class='ocrx_word' id='word_1_476' title='bbox 809 3466 992 3537; x_wconf 87' lang='lat' dir='ltr'><strong>Igitur</strong></span> <span class='ocrx_word' id='word_1_477' title='bbox 1025 3466 1240 3539; x_wconf 86' lang='lat' dir='ltr'><strong>quibus</strong></span> <span class='ocrx_word' id='word_1_478' title='bbox 1272 3471 1379 3535; x_wconf 90' lang='lat' dir='ltr'><strong>est,</strong></span> <span class='ocrx_word' id='word_1_479' title='bbox 1413 3467 1484 3522; x_wconf 89' lang='lat' dir='ltr'><strong>ab</strong></span> <span class='ocrx_word' id='word_1_480' title='bbox 1520 3468 1603 3523; x_wconf 89' lang='lat' dir='ltr'><strong>eis</strong></span> <span class='ocrx_word' id='word_1_481' title='bbox 1636 3468 1892 3539; x_wconf 85' lang='lat' dir='ltr'><strong>patiatur</strong></span> <span class='ocrx_word' id='word_1_482' title='bbox 1945 3485 2172 3524; x_wconf 87' lang='lat' dir='ltr'><strong>necesse</strong></span> 
     </span>
    </p>
   </div>
   <div class='ocr_carea' id='block_1_69' title="bbox 585 3555 2174 3627">
    <p class='ocr_par' dir='ltr' id='par_1_69' title="bbox 585 3555 2174 3627">
     <span class='ocr_line' id='line_1_69' title="bbox 585 3555 2174 3627; baseline 0.001 -16"><span class='ocrx_word' id='word_1_483' title='bbox 585 3557 835 3622; x_wconf 89' lang='lat' dir='ltr'><strong>esseQuo</strong></span> <span class='ocrx_word' id='word_1_484' title='bbox 869 3555 1058 3627; x_wconf 91' lang='lat' dir='ltr'><strong>magis</strong></span> <span class='ocrx_word' id='word_1_485' title='bbox 1091 3555 1438 3621; x_wconf 87' lang='lat' dir='ltr'><strong>oneramini,</strong></span> <span class='ocrx_word' id='word_1_486' title='bbox 1473 3557 1774 3612; x_wconf 87' lang='lat' dir='ltr'><strong>credentes</strong></span> <span class='ocrx_word' id='word_1_487' title='bbox 1807 3572 1933 3611; x_wconf 88' lang='lat' dir='ltr'><strong>esse</strong></span> <span class='ocrx_word' id='word_1_488' title='bbox 1955 3562 2012 3613; x_wconf 90' lang='lat' dir='ltr'><strong>et</strong></span> <span class='ocrx_word' id='word_1_489' title='bbox 2042 3573 2174 3612; x_wconf 86' lang='lat' dir='ltr'><strong>con-</strong></span> 
     </span>
    </p>
   </div>
   <div class='ocr_carea' id='block_1_70' title="bbox 585 3643 2174 3716">
    <p class='ocr_par' dir='ltr' id='par_1_70' title="bbox 585 3643 2174 3716">
     <span class='ocr_line' id='line_1_70' title="bbox 585 3643 2174 3716; baseline 0.001 -16"><span class='ocrx_word' id='word_1_490' title='bbox 585 3647 877 3711; x_wconf 69' lang='lat' dir='ltr'><strong>temantes,</strong></span> <span class='ocrx_word' id='word_1_491' title='bbox 933 3643 1185 3700; x_wconf 90' lang='lat' dir='ltr'><strong>colentes</strong></span> <span class='ocrx_word' id='word_1_492' title='bbox 1216 3648 1270 3698; x_wconf 89' lang='lat' dir='ltr'><strong>et</strong></span> <span class='ocrx_word' id='word_1_493' title='bbox 1302 3644 1673 3716; x_wconf 90' lang='lat' dir='ltr'><strong>despuentes,</strong></span> <span class='ocrx_word' id='word_1_494' title='bbox 1705 3644 2058 3701; x_wconf 90' lang='lat' dir='ltr'><strong>honorantes</strong></span> <span class='ocrx_word' id='word_1_495' title='bbox 2115 3649 2174 3702; x_wconf 92' lang='lat' dir='ltr'><strong>et</strong></span> 
     </span>
    </p>
   </div>
   <div class='ocr_carea' id='block_1_71' title="bbox 582 3730 2171 3805">
    <p class='ocr_par' dir='ltr' id='par_1_71' title="bbox 582 3730 2171 3805">
     <span class='ocr_line' id='line_1_71' title="bbox 582 3730 2171 3805; baseline 0.001 -17"><span class='ocrx_word' id='word_1_496' title='bbox 582 3733 879 3788; x_wconf 88' lang='lat' dir='ltr'><strong>laceentes</strong></span> <span class='ocrx_word' id='word_1_497' title='bbox 913 3730 1064 3786; x_wconf 85' lang='lat' dir='ltr'><strong>Licet</strong></span> <span class='ocrx_word' id='word_1_498' title='bbox 1086 3732 1258 3786; x_wconf 89' lang='lat' dir='ltr'><strong>etiam</strong></span> <span class='ocrx_word' id='word_1_499' title='bbox 1285 3731 1420 3786; x_wconf 90' lang='lat' dir='ltr'><strong>hinc</strong></span> <span class='ocrx_word' id='word_1_500' title='bbox 1445 3748 1853 3802; x_wconf 87' lang='lat' dir='ltr'><strong>recognoscere</strong></span> <span class='ocrx_word' id='word_1_501' title='bbox 1879 3733 2171 3805; x_wconf 91' lang='lat' dir='ltr'><strong>imprimis</strong></span> 
     </span>
    </p>
   </div>
   <div class='ocr_carea' id='block_1_72' title="bbox 585 3819 2168 3893">
    <p class='ocr_par' dir='ltr' id='par_1_72' title="bbox 585 3819 2168 3893">
     <span class='ocr_line' id='line_1_72' title="bbox 585 3819 2168 3893; baseline 0.001 -16"><span class='ocrx_word' id='word_1_502' title='bbox 585 3819 790 3877; x_wconf 88' lang='lat' dir='ltr'><strong>cumlii</strong></span> <span class='ocrx_word' id='word_1_503' title='bbox 823 3819 969 3876; x_wconf 90' lang='lat' dir='ltr'><strong>alios</strong></span> <span class='ocrx_word' id='word_1_504' title='bbox 1000 3820 1139 3876; x_wconf 91' lang='lat' dir='ltr'><strong>deos</strong></span> <span class='ocrx_word' id='word_1_505' title='bbox 1172 3820 1383 3887; x_wconf 90' lang='lat' dir='ltr'><strong>colitis,</strong></span> <span class='ocrx_word' id='word_1_506' title='bbox 1418 3836 1516 3875; x_wconf 89' lang='lat' dir='ltr'><strong>eos</strong></span> <span class='ocrx_word' id='word_1_507' title='bbox 1571 3837 1718 3892; x_wconf 91' lang='lat' dir='ltr'><strong>quos</strong></span> <span class='ocrx_word' id='word_1_508' title='bbox 1778 3839 1890 3877; x_wconf 91' lang='lat' dir='ltr'><strong>non</strong></span> <span class='ocrx_word' id='word_1_509' title='bbox 1957 3823 2168 3893; x_wconf 90' lang='lat' dir='ltr'><strong>colitis,</strong></span> 
     </span>
    </p>
   </div>
   <div class='ocr_carea' id='block_1_73' title="bbox 585 3909 2170 3982">
    <p class='ocr_par' dir='ltr' id='par_1_73' title="bbox 585 3909 2170 3982">
     <span class='ocr_line' id='line_1_73' title="bbox 585 3909 2170 3982; baseline 0 -14"><span class='ocrx_word' id='word_1_510' title='bbox 585 3909 914 3979; x_wconf 74' lang='lat' dir='ltr'><strong>573utique</strong></span> <span class='ocrx_word' id='word_1_511' title='bbox 955 3909 1366 3975; x_wconf 82' lang='lat' dir='ltr'><strong>contemnitis;</strong></span> <span class='ocrx_word' id='word_1_512' title='bbox 1428 3909 1687 3982; x_wconf 66' lang='lat' dir='ltr'><strong>praelatio</strong></span> <span class='ocrx_word' id='word_1_513' title='bbox 1747 3912 1989 3968; x_wconf 89' lang='lat' dir='ltr'><strong>alterius</strong></span> <span class='ocrx_word' id='word_1_514' title='bbox 2044 3913 2170 3968; x_wconf 89' lang='lat' dir='ltr'><strong>sine</strong></span> 
     </span>
    </p>
   </div>
   <div class='ocr_carea' id='block_1_74' title="bbox 581 3998 2167 4070">
    <p class='ocr_par' dir='ltr' id='par_1_74' title="bbox 581 3998 2167 4070">
     <span class='ocr_line' id='line_1_74' title="bbox 581 3998 2167 4070; baseline 0 -14"><span class='ocrx_word' id='word_1_515' title='bbox 581 3999 762 4056; x_wconf 85' lang='lat' dir='ltr'><strong>altene</strong></span> <span class='ocrx_word' id='word_1_516' title='bbox 779 3998 1135 4053; x_wconf 85' lang='lat' dir='ltr'><strong>contumelia</strong></span> <span class='ocrx_word' id='word_1_517' title='bbox 1153 4015 1280 4053; x_wconf 91' lang='lat' dir='ltr'><strong>esse</strong></span> <span class='ocrx_word' id='word_1_518' title='bbox 1313 4015 1424 4053; x_wconf 91' lang='lat' dir='ltr'><strong>non</strong></span> <span class='ocrx_word' id='word_1_519' title='bbox 1453 4003 1659 4070; x_wconf 89' lang='lat' dir='ltr'><strong>potest,</strong></span> <span class='ocrx_word' id='word_1_520' title='bbox 1681 4016 1782 4055; x_wconf 90' lang='lat' dir='ltr'><strong>nec</strong></span> <span class='ocrx_word' id='word_1_521' title='bbox 1805 3999 1923 4056; x_wconf 88' lang='lat' dir='ltr'><strong>ulla</strong></span> <span class='ocrx_word' id='word_1_522' title='bbox 1966 4000 2167 4056; x_wconf 89' lang='lat' dir='ltr'><strong>electio</strong></span> 
     </span>
    </p>
   </div>
   <div class='ocr_carea' id='block_1_75' title="bbox 585 4087 2169 4161">
    <p class='ocr_par' dir='ltr' id='par_1_75' title="bbox 585 4087 2169 4161">
     <span class='ocr_line' id='line_1_75' title="bbox 585 4087 2169 4161; baseline 0.001 -17"><span class='ocrx_word' id='word_1_523' title='bbox 585 4087 1079 4159; x_wconf 86' lang='lat' dir='ltr'><strong>noneprobatione</strong></span> <span class='ocrx_word' id='word_1_524' title='bbox 1114 4087 1156 4121; x_wconf 81' lang='grc'>¹⁷</span> <span class='ocrx_word' id='word_1_525' title='bbox 1188 4088 1577 4158; x_wconf 89' lang='lat' dir='ltr'><strong>componitur.</strong></span> <span class='ocrx_word' id='word_1_526' title='bbox 1625 4087 1730 4154; x_wconf 84' lang='lat' dir='ltr'><strong>Qui</strong></span> <span class='ocrx_word' id='word_1_527' title='bbox 1775 4090 1844 4143; x_wconf 91' lang='lat' dir='ltr'><strong>de</strong></span> <span class='ocrx_word' id='word_1_528' title='bbox 1903 4089 2169 4161; x_wconf 89' lang='lat' dir='ltr'><strong>pluribus</strong></span> 
     </span>
    </p>
   </div>
   <div class='ocr_carea' id='block_1_76' title="bbox 585 4177 2167 4253">
    <p class='ocr_par' dir='ltr' id='par_1_76' title="bbox 585 4177 2167 4253">
     <span class='ocr_line' id='line_1_76' title="bbox 585 4177 2167 4253; baseline 0.001 -17"><span class='ocrx_word' id='word_1_529' title='bbox 585 4179 772 4236; x_wconf 88' lang='lat' dir='ltr'><strong>susoit</strong></span> <span class='ocrx_word' id='word_1_530' title='bbox 802 4177 1081 4250; x_wconf 86' lang='lat' dir='ltr'><strong>aliquem,</strong></span> <span class='ocrx_word' id='word_1_531' title='bbox 1116 4195 1246 4234; x_wconf 90' lang='lat' dir='ltr'><strong>eum</strong></span> <span class='ocrx_word' id='word_1_532' title='bbox 1273 4195 1446 4250; x_wconf 89' lang='lat' dir='ltr'><strong>quem</strong></span> <span class='ocrx_word' id='word_1_533' title='bbox 1474 4195 1587 4233; x_wconf 92' lang='lat' dir='ltr'><strong>non</strong></span> <span class='ocrx_word' id='word_1_534' title='bbox 1612 4179 1856 4251; x_wconf 87' lang='lat' dir='ltr'><strong>suscipit</strong></span> <span class='ocrx_word' id='word_1_535' title='bbox 1881 4181 2167 4253; x_wconf 83' lang='lat' dir='ltr'><strong>despexit,</strong></span> 
     </span>
    </p>
   </div>
   <div class='ocr_carea' id='block_1_77' title="bbox 585 4267 2162 4340">
    <p class='ocr_par' dir='ltr' id='par_1_77' title="bbox 585 4267 2162 4340">
     <span class='ocr_line' id='line_1_77' title="bbox 585 4267 2162 4340; baseline 0.001 -16"><span class='ocrx_word' id='word_1_536' title='bbox 585 4267 745 4325; x_wconf 62' lang='lat' dir='ltr'><strong>Sedit</strong></span> <span class='ocrx_word' id='word_1_537' title='bbox 775 4283 840 4324; x_wconf 87' lang='lat' dir='ltr'><strong>ac</strong></span> <span class='ocrx_word' id='word_1_538' title='bbox 870 4267 1017 4322; x_wconf 89' lang='lat' dir='ltr'><strong>tanti</strong></span> <span class='ocrx_word' id='word_1_539' title='bbox 1045 4267 1115 4323; x_wconf 91' lang='lat' dir='ltr'><strong>ab</strong></span> <span class='ocrx_word' id='word_1_540' title='bbox 1149 4267 1425 4322; x_wconf 89' lang='lat' dir='ltr'><strong>omnibus</strong></span> <span class='ocrx_word' id='word_1_541' title='bbox 1457 4267 1566 4323; x_wconf 93' lang='lat' dir='ltr'><strong>coli</strong></span> <span class='ocrx_word' id='word_1_542' title='bbox 1602 4283 1712 4323; x_wconf 89' lang='lat' dir='ltr'><strong>non</strong></span> <span class='ocrx_word' id='word_1_543' title='bbox 1740 4275 2010 4340; x_wconf 89' lang='lat' dir='ltr'><strong>possunt.</strong></span> <span class='ocrx_word' id='word_1_544' title='bbox 2034 4271 2162 4326; x_wconf 88' lang='lat' dir='ltr'><strong>Jam</strong></span> 
     </span>
    </p>
   </div>
   <div class='ocr_carea' id='block_1_78' title="bbox 2281 3291 3918 3364">
    <p class='ocr_par' dir='ltr' id='par_1_78' title="bbox 2281 3291 3918 3364">
     <span class='ocr_line' id='line_1_78' title="bbox 2281 3291 3918 3364; baseline 0 -15"><span class='ocrx_word' id='word_1_545' title='bbox 2281 3294 2469 3350; x_wconf 89' lang='lat' dir='ltr'><strong>centia</strong></span> <span class='ocrx_word' id='word_1_546' title='bbox 2527 3293 2636 3364; x_wconf 85' lang='grc'>(34)</span> <span class='ocrx_word' id='word_1_547' title='bbox 2694 3291 3022 3348; x_wconf 87' lang='lat' dir='ltr'><strong>inculcatis.</strong></span> <span class='ocrx_word' id='word_1_548' title='bbox 3092 3291 3469 3361; x_wconf 90' lang='lat' dir='ltr'><strong>venditando,</strong></span> <span class='ocrx_word' id='word_1_549' title='bbox 3556 3291 3918 3364; x_wconf 88' lang='lat' dir='ltr'><strong>pignerando</strong></span> 
     </span>
    </p>
   </div>
   <div class='ocr_carea' id='block_1_79' title="bbox 2279 3379 3923 3454">
    <p class='ocr_par' dir='ltr' id='par_1_79' title="bbox 2279 3379 3923 3454">
     <span class='ocr_line' id='line_1_79' title="bbox 2279 3379 3923 3454; baseline -0.001 -17"><span class='ocrx_word' id='word_1_550' title='bbox 2279 3399 2381 3454; x_wconf 91' lang='lat' dir='ltr'><strong>pro</strong></span> <span class='ocrx_word' id='word_1_551' title='bbox 2413 3381 2755 3437; x_wconf 89' lang='lat' dir='ltr'><strong>necessitate</strong></span> <span class='ocrx_word' id='word_1_552' title='bbox 2788 3398 2852 3436; x_wconf 87' lang='lat' dir='ltr'><strong>ac</strong></span> <span class='ocrx_word' id='word_1_553' title='bbox 2881 3379 3198 3436; x_wconf 90' lang='lat' dir='ltr'><strong>voluntate.</strong></span> <span class='ocrx_word' id='word_1_554' title='bbox 3218 3380 3425 3436; x_wconf 77' lang='lat' dir='ltr'><strong>Essent</strong></span> <span class='ocrx_word' id='word_1_555' title='bbox 3447 3380 3681 3450; x_wconf 92' lang='lat' dir='ltr'><strong>quidem</strong></span> <span class='ocrx_word' id='word_1_556' title='bbox 3713 3381 3923 3436; x_wconf 89' lang='lat' dir='ltr'><strong>tolera-</strong></span> 
     </span>
    </p>
   </div>
   <div class='ocr_carea' id='block_1_80' title="bbox 2279 3467 3920 3541">
    <p class='ocr_par' dir='ltr' id='par_1_80' title="bbox 2279 3467 3920 3541">
     <span class='ocr_line' id='line_1_80' title="bbox 2279 3467 3920 3541; baseline -0.001 -15"><span class='ocrx_word' id='word_1_557' title='bbox 2279 3469 2487 3526; x_wconf 89' lang='lat' dir='ltr'><strong>biliora</strong></span> <span class='ocrx_word' id='word_1_558' title='bbox 2515 3469 2803 3539; x_wconf 82' lang='lat' dir='ltr'><strong>ejusmodi</strong></span> <span class='ocrx_word' id='word_1_559' title='bbox 2837 3467 3219 3524; x_wconf 63' lang='lat' dir='ltr'><strong>contumaciae</strong></span> <span class='ocrx_word' id='word_1_560' title='bbox 3250 3467 3575 3540; x_wconf 84' lang='lat' dir='ltr'><strong>sacrilegia,</strong></span> <span class='ocrx_word' id='word_1_561' title='bbox 3620 3468 3732 3524; x_wconf 90' lang='lat' dir='ltr'><strong>nisi</strong></span> <span class='ocrx_word' id='word_1_562' title='bbox 3763 3471 3920 3541; x_wconf 92' lang='lat' dir='ltr'><strong>quod</strong></span> 
     </span>
    </p>
   </div>
   <div class='ocr_carea' id='block_1_81' title="bbox 2279 3555 3923 3628">
    <p class='ocr_par' dir='ltr' id='par_1_81' title="bbox 2279 3555 3923 3628">
     <span class='ocr_line' id='line_1_81' title="bbox 2279 3555 3923 3628; baseline 0 -14"><span class='ocrx_word' id='word_1_563' title='bbox 2279 3559 2483 3627; x_wconf 89' lang='lat' dir='ltr'><strong>eojam</strong></span> <span class='ocrx_word' id='word_1_564' title='bbox 2517 3556 3049 3623; x_wconf 86' lang='lat' dir='ltr'><strong>contumeliosiora,</strong></span> <span class='ocrx_word' id='word_1_565' title='bbox 3081 3557 3233 3628; x_wconf 90' lang='lat' dir='ltr'><strong>quod</strong></span> <span class='ocrx_word' id='word_1_566' title='bbox 3259 3555 3506 3618; x_wconf 79' lang='lat' dir='ltr'><strong>modica.</strong></span> <span class='ocrx_word' id='word_1_567' title='bbox 3565 3557 3673 3612; x_wconf 90' lang='lat' dir='ltr'><strong>Sed</strong></span> <span class='ocrx_word' id='word_1_568' title='bbox 3730 3556 3923 3628; x_wconf 89' lang='lat' dir='ltr'><strong>aliquo</strong></span> 
     </span>
    </p>
   </div>
   <div class='ocr_carea' id='block_1_82' title="bbox 2280 3644 3920 3718">
    <p class='ocr_par' dir='ltr' id='par_1_82' title="bbox 2280 3644 3920 3718">
     <span class='ocr_line' id='line_1_82' title="bbox 2280 3644 3920 3718; baseline 0.001 -16"><span class='ocrx_word' id='word_1_569' title='bbox 2280 3646 2485 3702; x_wconf 89' lang='lat' dir='ltr'><strong>solatio</strong></span> <span class='ocrx_word' id='word_1_570' title='bbox 2544 3645 2901 3718; x_wconf 88' lang='lat' dir='ltr'><strong>privatorum</strong></span> <span class='ocrx_word' id='word_1_571' title='bbox 2933 3650 2988 3701; x_wconf 91' lang='lat' dir='ltr'><strong>et</strong></span> <span class='ocrx_word' id='word_1_572' title='bbox 3024 3644 3475 3700; x_wconf 90' lang='lat' dir='ltr'><strong>domesticorum</strong></span> <span class='ocrx_word' id='word_1_573' title='bbox 3507 3645 3748 3702; x_wconf 91' lang='lat' dir='ltr'><strong>deorum</strong></span> <span class='ocrx_word' id='word_1_574' title='bbox 3781 3662 3920 3717; x_wconf 85' lang='lat' dir='ltr'><strong>que-</strong></span> 
     </span>
    </p>
   </div>
   <div class='ocr_carea' id='block_1_83' title="bbox 2279 3733 3912 3807">
    <p class='ocr_par' dir='ltr' id='par_1_83' title="bbox 2279 3733 3912 3807">
     <span class='ocr_line' id='line_1_83' title="bbox 2279 3733 3912 3807; baseline 0 -16"><span class='ocrx_word' id='word_1_575' title='bbox 2279 3735 2408 3792; x_wconf 73' lang='lat' dir='ltr'><strong>rela:</strong></span> <span class='ocrx_word' id='word_1_576' title='bbox 2437 3738 2738 3807; x_wconf 87' lang='lat' dir='ltr'><strong>juvantur,</strong></span> <span class='ocrx_word' id='word_1_577' title='bbox 2769 3736 2923 3807; x_wconf 93' lang='lat' dir='ltr'><strong>quod</strong></span> <span class='ocrx_word' id='word_1_578' title='bbox 2943 3733 3206 3807; x_wconf 84' lang='lat' dir='ltr'><strong>publicos</strong></span> <span class='ocrx_word' id='word_1_579' title='bbox 3250 3733 3483 3806; x_wconf 89' lang='lat' dir='ltr'><strong>turpius</strong></span> <span class='ocrx_word' id='word_1_580' title='bbox 3523 3735 3912 3791; x_wconf 90' lang='lat' dir='ltr'><strong>contumelio-</strong></span> 
     </span>
    </p>
   </div>
   <div class='ocr_carea' id='block_1_84' title="bbox 2277 3823 3913 3896">
    <p class='ocr_par' dir='ltr' id='par_1_84' title="bbox 2277 3823 3913 3896">
     <span class='ocr_line' id='line_1_84' title="bbox 2277 3823 3913 3896; baseline 0 -16"><span class='ocrx_word' id='word_1_581' title='bbox 2277 3826 2520 3895; x_wconf 90' lang='lat' dir='ltr'><strong>suisque</strong></span> <span class='ocrx_word' id='word_1_582' title='bbox 2551 3825 2840 3880; x_wconf 89' lang='lat' dir='ltr'><strong>tractetis.</strong></span> <span class='ocrx_word' id='word_1_583' title='bbox 2872 3827 3000 3879; x_wconf 87' lang='lat' dir='ltr'><strong>Jam</strong></span> <span class='ocrx_word' id='word_1_584' title='bbox 3037 3824 3471 3896; x_wconf 86' lang='lat' dir='ltr'><strong>primum,quos</strong></span> <span class='ocrx_word' id='word_1_585' title='bbox 3502 3823 3561 3879; x_wconf 92' lang='lat' dir='ltr'><strong>in</strong></span> <span class='ocrx_word' id='word_1_586' title='bbox 3586 3825 3913 3881; x_wconf 88' lang='lat' dir='ltr'><strong>hastarium</strong></span> 
     </span>
    </p>
   </div>
   <div class='ocr_carea' id='block_1_85' title="bbox 2279 3911 3922 3985">
    <p class='ocr_par' dir='ltr' id='par_1_85' title="bbox 2279 3911 3922 3985">
     <span class='ocr_line' id='line_1_85' title="bbox 2279 3911 3922 3985; baseline 0 -16"><span class='ocrx_word' id='word_1_587' title='bbox 2279 3913 2632 3985; x_wconf 75' lang='lat' dir='ltr'><strong>regessistis,</strong></span> <span class='ocrx_word' id='word_1_588' title='bbox 2669 3914 2823 3970; x_wconf 76' lang='grc'><strong>574</strong></span> <span class='ocrx_word' id='word_1_589' title='bbox 2855 3911 3185 3984; x_wconf 80' lang='lat' dir='ltr'><strong>publicanis</strong></span> <span class='ocrx_word' id='word_1_590' title='bbox 3233 3912 3404 3968; x_wconf 92' lang='lat' dir='ltr'><strong>subd.</strong></span> <span class='ocrx_word' id='word_1_591' title='bbox 3439 3950 3454 3968; x_wconf 93' lang='lat'><strong>.</strong></span> <span class='ocrx_word' id='word_1_592' title='bbox 3491 3953 3504 3966; x_wconf 97' lang='lat'><strong>.</strong></span> <span class='ocrx_word' id='word_1_593' title='bbox 3557 3911 3634 3968; x_wconf 88' lang='lat' dir='ltr'><strong>tis</strong></span> <span class='ocrx_word' id='word_1_594' title='bbox 3667 3913 3729 3984; x_wconf 79' lang='grc'><strong>⁸⁸,</strong></span> <span class='ocrx_word' id='word_1_595' title='bbox 3761 3915 3922 3970; x_wconf 89' lang='lat' dir='ltr'><strong>omni</strong></span> 
     </span>
    </p>
   </div>
   <div class='ocr_carea' id='block_1_86' title="bbox 2279 4000 3920 4074">
    <p class='ocr_par' dir='ltr' id='par_1_86' title="bbox 2279 4000 3920 4074">
     <span class='ocr_line' id='line_1_86' title="bbox 2279 4000 3920 4074; baseline -0.001 -17"><span class='ocrx_word' id='word_1_596' title='bbox 2279 4003 2685 4074; x_wconf 87' lang='lat' dir='ltr'><strong>quinquennio</strong></span> <span class='ocrx_word' id='word_1_597' title='bbox 2707 4003 2860 4057; x_wconf 90' lang='lat' dir='ltr'><strong>inter</strong></span> <span class='ocrx_word' id='word_1_598' title='bbox 2888 4000 3196 4072; x_wconf 88' lang='lat' dir='ltr'><strong>vectigalia</strong></span> <span class='ocrx_word' id='word_1_599' title='bbox 3219 4005 3409 4056; x_wconf 89' lang='lat' dir='ltr'><strong>vestra</strong></span> <span class='ocrx_word' id='word_1_600' title='bbox 3431 4001 3787 4074; x_wconf 80' lang='lat' dir='ltr'><strong>proscriptos</strong></span> <span class='ocrx_word' id='word_1_601' title='bbox 3817 4003 3920 4057; x_wconf 83' lang='lat' dir='ltr'><strong>ad-</strong></span> 
     </span>
    </p>
   </div>
   <div class='ocr_carea' id='block_1_87' title="bbox 2278 4089 3927 4162">
    <p class='ocr_par' dir='ltr' id='par_1_87' title="bbox 2278 4089 3927 4162">
     <span class='ocr_line' id='line_1_87' title="bbox 2278 4089 3927 4162; baseline -0.002 -14"><span class='ocrx_word' id='word_1_602' title='bbox 2278 4091 2492 4148; x_wconf 90' lang='lat' dir='ltr'><strong>dicitis.</strong></span> <span class='ocrx_word' id='word_1_603' title='bbox 2526 4091 2617 4146; x_wconf 89' lang='lat' dir='ltr'><strong>Sic</strong></span> <span class='ocrx_word' id='word_1_604' title='bbox 2650 4091 2990 4162; x_wconf 87' lang='lat' dir='ltr'><strong>Serapeum,</strong></span> <span class='ocrx_word' id='word_1_605' title='bbox 3017 4089 3100 4144; x_wconf 91' lang='lat' dir='ltr'><strong>sic</strong></span> <span class='ocrx_word' id='word_1_606' title='bbox 3120 4089 3468 4160; x_wconf 89' lang='lat' dir='ltr'><strong>Capitolium</strong></span> <span class='ocrx_word' id='word_1_607' title='bbox 3491 4091 3733 4161; x_wconf 90' lang='lat' dir='ltr'><strong>petitur,</strong></span> <span class='ocrx_word' id='word_1_608' title='bbox 3765 4091 3927 4147; x_wconf 90' lang='lat' dir='ltr'><strong>addi-</strong></span> 
     </span>
    </p>
   </div>
   <div class='ocr_carea' id='block_1_88' title="bbox 2278 4178 3921 4250">
    <p class='ocr_par' dir='ltr' id='par_1_88' title="bbox 2278 4178 3921 4250">
     <span class='ocr_line' id='line_1_88' title="bbox 2278 4178 3921 4250; baseline -0.001 -13"><span class='ocrx_word' id='word_1_609' title='bbox 2278 4183 2446 4250; x_wconf 91' lang='lat' dir='ltr'><strong>citur,</strong></span> <span class='ocrx_word' id='word_1_610' title='bbox 2479 4179 2821 4235; x_wconf 88' lang='lat' dir='ltr'><strong>conducitur</strong></span> <span class='ocrx_word' id='word_1_611' title='bbox 2839 4180 2949 4234; x_wconf 69' lang='lat'><strong>“...</strong></span> <span class='ocrx_word' id='word_1_612' title='bbox 2985 4180 3092 4233; x_wconf 89' lang='lat' dir='ltr'><strong>sub</strong></span> <span class='ocrx_word' id='word_1_613' title='bbox 3118 4178 3320 4234; x_wconf 90' lang='lat' dir='ltr'><strong>eadem</strong></span> <span class='ocrx_word' id='word_1_614' title='bbox 3345 4194 3482 4234; x_wconf 92' lang='lat' dir='ltr'><strong>voce</strong></span> <span class='ocrx_word' id='word_1_615' title='bbox 3499 4181 3804 4250; x_wconf 67' lang='lat' dir='ltr'><strong>praeconis,</strong></span> <span class='ocrx_word' id='word_1_616' title='bbox 3825 4195 3921 4236; x_wconf 87' lang='lat' dir='ltr'><strong>ea-</strong></span> 
     </span>
    </p>
   </div>
   <div class='ocr_carea' id='block_1_89' title="bbox 2278 4267 3925 4341">
    <p class='ocr_par' dir='ltr' id='par_1_89' title="bbox 2278 4267 3925 4341">
     <span class='ocr_line' id='line_1_89' title="bbox 2278 4267 3925 4341; baseline -0.001 -16"><span class='ocrx_word' id='word_1_617' title='bbox 2278 4270 2711 4326; x_wconf 81' lang='lat' dir='ltr'><strong>demexactione</strong></span> <span class='ocrx_word' id='word_1_618' title='bbox 2725 4267 3327 4341; x_wconf 66' lang='lat' dir='ltr'><strong>qumstoris.Sedenim</strong></span> <span class='ocrx_word' id='word_1_619' title='bbox 3343 4267 3465 4339; x_wconf 88' lang='lat' dir='ltr'><strong>agri</strong></span> <span class='ocrx_word' id='word_1_620' title='bbox 3483 4267 3704 4324; x_wconf 92' lang='lat' dir='ltr'><strong>tributo</strong></span> <span class='ocrx_word' id='word_1_621' title='bbox 3721 4269 3925 4326; x_wconf 85' lang='lat' dir='ltr'><strong>onusti</strong></span> 
     </span>
    </p>
   </div>
   <div class='ocr_carea' id='block_1_90' title="bbox 1959 4369 2517 4431">
    <p class='ocr_par' dir='ltr' id='par_1_90' title="bbox 1959 4369 2517 4431">
     <span class='ocr_line' id='line_1_90' title="bbox 1959 4369 2517 4431; baseline -0.005 0"><span class='ocrx_word' id='word_1_622' title='bbox 1959 4369 2163 4431; x_wconf 66' lang='lat' dir='ltr'><strong>Varia:</strong></span> <span class='ocrx_word' id='word_1_623' title='bbox 2196 4369 2517 4431; x_wconf 90' lang='lat' dir='ltr'><strong>lectiones.</strong></span> 
     </span>
    </p>
   </div>
   <div class='ocr_carea' id='block_1_91' title="bbox 659 4452 3918 4528">
    <p class='ocr_par' dir='ltr' id='par_1_91' title="bbox 659 4452 3918 4528">
     <span class='ocr_line' id='line_1_91' title="bbox 659 4452 3918 4528; baseline 0.001 -20"><span class='ocrx_word' id='word_1_624' title='bbox 659 4454 788 4528; x_wconf 67' lang='lat' dir='ltr'><strong>“ig.</strong></span> <span class='ocrx_word' id='word_1_625' title='bbox 822 4452 1480 4528; x_wconf 57' lang='lat' dir='ltr'><strong>adment.i.e.jaculis.</strong></span> <span class='ocrx_word' id='word_1_626' title='bbox 1519 4455 1686 4528; x_wconf 70' lang='lat' dir='ltr'><strong>&quot;_Ex</strong></span> <span class='ocrx_word' id='word_1_627' title='bbox 1732 4455 1888 4526; x_wconf 82' lang='lat' dir='ltr'><strong>Apol.</strong></span> <span class='ocrx_word' id='word_1_628' title='bbox 1931 4457 2034 4528; x_wconf 12' lang='lat'><strong>713,</strong></span> <span class='ocrx_word' id='word_1_629' title='bbox 2099 4459 2162 4512; x_wconf 79' lang='lat' dir='ltr'><strong>in</strong></span> <span class='ocrx_word' id='word_1_630' title='bbox 2217 4459 2421 4528; x_wconf 84' lang='lat' dir='ltr'><strong>corrig.</strong></span> <span class='ocrx_word' id='word_1_631' title='bbox 2465 4456 2600 4528; x_wconf 85' lang='lat' dir='ltr'><strong>sine</strong></span> <span class='ocrx_word' id='word_1_632' title='bbox 2657 4453 3086 4528; x_wconf 86' lang='lat' dir='ltr'><strong>reprobatione.</strong></span> <span class='ocrx_word' id='word_1_633' title='bbox 3150 4453 3192 4490; x_wconf 81' lang='grc'><strong>¹⁸</strong></span> <span class='ocrx_word' id='word_1_634' title='bbox 3236 4455 3461 4510; x_wconf 87' lang='lat' dir='ltr'><strong>Haverc.</strong></span> <span class='ocrx_word' id='word_1_635' title='bbox 3511 4470 3580 4511; x_wconf 76' lang='lat' dir='ltr'><strong>ea:</strong></span> <span class='ocrx_word' id='word_1_636' title='bbox 3624 4454 3777 4526; x_wconf 79' lang='lat' dir='ltr'><strong>Apol.</strong></span> <span class='ocrx_word' id='word_1_637' title='bbox 3850 4455 3918 4510; x_wconf 91' lang='grc'>15</span> 
     </span>
    </p>
   </div>
   <div class='ocr_carea' id='block_1_92' title="bbox 582 4525 3337 4597">
    <p class='ocr_par' dir='ltr' id='par_1_92' title="bbox 582 4525 3337 4597">
     <span class='ocr_line' id='line_1_92' title="bbox 582 4525 3337 4597; baseline -0.001 -14"><span class='ocrx_word' id='word_1_638' title='bbox 582 4526 736 4584; x_wconf 72' lang='lat' dir='ltr'><strong>emet.</strong></span> <span class='ocrx_word' id='word_1_639' title='bbox 768 4525 1082 4581; x_wconf 86' lang='lat' dir='ltr'><strong>subditatis</strong></span> <span class='ocrx_word' id='word_1_640' title='bbox 1115 4526 1158 4561; x_wconf 83' lang='grc'>¹⁹</span> <span class='ocrx_word' id='word_1_641' title='bbox 1186 4527 1318 4580; x_wconf 87' lang='lat' dir='ltr'><strong>IIav.</strong></span> <span class='ocrx_word' id='word_1_642' title='bbox 1349 4541 1419 4581; x_wconf 76' lang='lat' dir='ltr'><strong>ex</strong></span> <span class='ocrx_word' id='word_1_643' title='bbox 1445 4526 1596 4597; x_wconf 80' lang='lat' dir='ltr'><strong>Apol.</strong></span> <span class='ocrx_word' id='word_1_644' title='bbox 1633 4527 1718 4594; x_wconf 86' lang='grc'><strong>13,</strong></span> <span class='ocrx_word' id='word_1_645' title='bbox 1748 4525 1957 4582; x_wconf 83' lang='lat' dir='ltr'><strong>emend.</strong></span> <span class='ocrx_word' id='word_1_646' title='bbox 1990 4529 2341 4584; x_wconf 90' lang='lat' dir='ltr'><strong>conducitur</strong></span> <span class='ocrx_word' id='word_1_647' title='bbox 2361 4525 2637 4584; x_wconf 88' lang='lat' dir='ltr'><strong>divinitas</strong></span> <span class='ocrx_word' id='word_1_648' title='bbox 2661 4525 2772 4582; x_wconf 86' lang='lat' dir='ltr'><strong>sub</strong></span> <span class='ocrx_word' id='word_1_649' title='bbox 2798 4527 3003 4582; x_wconf 90' lang='lat' dir='ltr'><strong>eadem</strong></span> <span class='ocrx_word' id='word_1_650' title='bbox 3035 4540 3196 4596; x_wconf 89' lang='lat' dir='ltr'><strong>voce,</strong></span> <span class='ocrx_word' id='word_1_651' title='bbox 3226 4530 3337 4581; x_wconf 90' lang='lat' dir='ltr'><strong>etc.</strong></span> 
     </span>
    </p>
   </div>
   <div class='ocr_carea' id='block_1_93' title="bbox 2009 4626 2531 4687">
    <p class='ocr_par' dir='ltr' id='par_1_93' title="bbox 2009 4626 2531 4687">
     <span class='ocr_line' id='line_1_93' title="bbox 2009 4626 2531 4687; baseline 0 -1"><span class='ocrx_word' id='word_1_652' title='bbox 2009 4626 2531 4687; x_wconf 87' lang='lat' dir='ltr'><strong>Commentairus.</strong></span> 
     </span>
    </p>
   </div>
   <div class='ocr_carea' id='block_1_94' title="bbox 580 4703 1962 4782">
    <p class='ocr_par' dir='ltr' id='par_1_94' title="bbox 580 4703 1962 4782">
     <span class='ocr_line' id='line_1_94' title="bbox 580 4703 1962 4782; baseline 0.001 -16"><span class='ocrx_word' id='word_1_653' title='bbox 580 4710 730 4766; x_wconf 82' lang='lat' dir='ltr'><strong>cado</strong></span> <span class='ocrx_word' id='word_1_654' title='bbox 763 4710 949 4766; x_wconf 89' lang='lat' dir='ltr'><strong>forma</strong></span> <span class='ocrx_word' id='word_1_655' title='bbox 1007 4727 1123 4782; x_wconf 91' lang='lat' dir='ltr'><strong>qua</strong></span> <span class='ocrx_word' id='word_1_656' title='bbox 1175 4710 1352 4766; x_wconf 67' lang='grc' dir='ltr'><strong>δι’ωοί</strong></span> <span class='ocrx_word' id='word_1_657' title='bbox 1404 4703 1652 4779; x_wconf 79' lang='grc' dir='ltr'><strong>ἕξαλλον.</strong></span> <span class='ocrx_word' id='word_1_658' title='bbox 1689 4711 1962 4779; x_wconf 83' lang='lat' dir='ltr'><strong>Abaliud,</strong></span> 
     </span>
    </p>
   </div>
   <div class='ocr_carea' id='block_1_95' title="bbox 581 4782 2172 4853">
    <p class='ocr_par' dir='ltr' id='par_1_95' title="bbox 581 4782 2172 4853">
     <span class='ocr_line' id='line_1_95' title="bbox 581 4782 2172 4853; baseline 0.004 -18"><span class='ocrx_word' id='word_1_659' title='bbox 581 4782 777 4853; x_wconf 74' lang='lat' dir='ltr'><strong>refeur</strong></span> <span class='ocrx_word' id='word_1_660' title='bbox 806 4784 875 4837; x_wconf 90' lang='lat' dir='ltr'><strong>ad</strong></span> <span class='ocrx_word' id='word_1_661' title='bbox 908 4782 1087 4838; x_wconf 84' lang='lat' dir='ltr'><strong>allud.</strong></span> <span class='ocrx_word' id='word_1_662' title='bbox 1123 4799 1155 4837; x_wconf 91' lang='lat' dir='ltr'><strong>a</strong></span> <span class='ocrx_word' id='word_1_663' title='bbox 1195 4799 1310 4853; x_wconf 91' lang='lat' dir='ltr'><strong>quo</strong></span> <span class='ocrx_word' id='word_1_664' title='bbox 1342 4782 1611 4837; x_wconf 83' lang='lat' dir='ltr'><strong>estaliud</strong></span> <span class='ocrx_word' id='word_1_665' title='bbox 1653 4799 1665 4847; x_wconf 91' lang='lat'><strong>;</strong></span> <span class='ocrx_word' id='word_1_666' title='bbox 1700 4787 1764 4837; x_wconf 93' lang='lat' dir='ltr'><strong>ut</strong></span> <span class='ocrx_word' id='word_1_667' title='bbox 1800 4786 1963 4850; x_wconf 85' lang='lat' dir='ltr'><strong>Deus,</strong></span> <span class='ocrx_word' id='word_1_668' title='bbox 2016 4782 2172 4841; x_wconf 77' lang='lat' dir='ltr'><strong>aliud</strong></span> 
     </span>
    </p>
   </div>
   <div class='ocr_carea' id='block_1_96' title="bbox 577 4851 1750 4919">
    <p class='ocr_par' dir='ltr' id='par_1_96' title="bbox 577 4851 1750 4919">
     <span class='ocr_line' id='line_1_96' title="bbox 577 4851 1750 4919; baseline 0.001 -12"><span class='ocrx_word' id='word_1_669' title='bbox 577 4853 650 4907; x_wconf 90' lang='lat' dir='ltr'><strong>ab</strong></span> <span class='ocrx_word' id='word_1_670' title='bbox 687 4851 888 4909; x_wconf 85' lang='lat' dir='ltr'><strong>lmine.</strong></span> <span class='ocrx_word' id='word_1_671' title='bbox 923 4854 1126 4919; x_wconf 86' lang='lat' dir='ltr'><strong>Homo,</strong></span> <span class='ocrx_word' id='word_1_672' title='bbox 1166 4851 1350 4917; x_wconf 83' lang='lat' dir='ltr'><strong>aliud,</strong></span> <span class='ocrx_word' id='word_1_673' title='bbox 1393 4871 1422 4908; x_wconf 90' lang='lat' dir='ltr'><strong>a</strong></span> <span class='ocrx_word' id='word_1_674' title='bbox 1456 4853 1588 4908; x_wconf 91' lang='lat' dir='ltr'><strong>Deo.</strong></span> <span class='ocrx_word' id='word_1_675' title='bbox 1625 4854 1750 4909; x_wconf 78' lang='lat' dir='ltr'><strong>Rio.</strong></span> 
     </span>
    </p>
   </div>
   <div class='ocr_carea' id='block_1_97' title="bbox 649 4924 2172 4996">
    <p class='ocr_par' dir='ltr' id='par_1_97' title="bbox 649 4924 2172 4996">
     <span class='ocr_line' id='line_1_97' title="bbox 649 4924 2172 4996; baseline -0.001 -12"><span class='ocrx_word' id='word_1_676' title='bbox 649 4924 708 4992; x_wconf 76' lang='lat'><strong>(3</strong></span> <span class='ocrx_word' id='word_1_677' title='bbox 742 4925 891 4981; x_wconf 83' lang='lat' dir='ltr'><strong>Certe</strong></span> <span class='ocrx_word' id='word_1_678' title='bbox 921 4927 1176 4981; x_wconf 76' lang='lat' dir='ltr'><strong>Liberum</strong></span> <span class='ocrx_word' id='word_1_679' title='bbox 1204 4930 1436 4996; x_wconf 79' lang='lat' dir='ltr'><strong>patrem.</strong></span> <span class='ocrx_word' id='word_1_680' title='bbox 1471 4925 1672 4979; x_wconf 82' lang='lat' dir='ltr'><strong>Ablata</strong></span> <span class='ocrx_word' id='word_1_681' title='bbox 1721 4925 1903 4981; x_wconf 83' lang='lat' dir='ltr'><strong>fuisse</strong></span> <span class='ocrx_word' id='word_1_682' title='bbox 1946 4926 2083 4982; x_wconf 91' lang='lat' dir='ltr'><strong>olim</strong></span> <span class='ocrx_word' id='word_1_683' title='bbox 2116 4933 2172 4983; x_wconf 91' lang='lat' dir='ltr'><strong>et</strong></span> 
     </span>
    </p>
   </div>
   <div class='ocr_carea' id='block_1_98' title="bbox 573 4992 2168 5070">
    <p class='ocr_par' dir='ltr' id='par_1_98' title="bbox 573 4992 2168 5070">
     <span class='ocr_line' id='line_1_98' title="bbox 573 4992 2168 5070; baseline 0.004 -23"><span class='ocrx_word' id='word_1_684' title='bbox 573 4992 804 5070; x_wconf 67' lang='lat' dir='ltr'><strong>abrcata</strong></span> <span class='ocrx_word' id='word_1_685' title='bbox 832 5013 1000 5052; x_wconf 84' lang='lat' dir='ltr'><strong>sacra</strong></span> <span class='ocrx_word' id='word_1_686' title='bbox 1023 4992 1389 5070; x_wconf 41' lang='lat' dir='ltr'><strong>Baccb&#39;il‘ere</strong></span> <span class='ocrx_word' id='word_1_687' title='bbox 1419 5011 1622 5070; x_wconf 83' lang='lat' dir='ltr'><strong>omnes</strong></span> <span class='ocrx_word' id='word_1_688' title='bbox 1667 5001 1959 5070; x_wconf 78' lang='lat' dir='ltr'><strong>testantur</strong></span> <span class='ocrx_word' id='word_1_689' title='bbox 1985 4999 2168 5070; x_wconf 89' lang='lat' dir='ltr'><strong>scrip-</strong></span> 
     </span>
    </p>
   </div>
   <div class='ocr_carea' id='block_1_99' title="bbox 574 5067 2170 5139">
    <p class='ocr_par' dir='ltr' id='par_1_99' title="bbox 574 5067 2170 5139">
     <span class='ocr_line' id='line_1_99' title="bbox 574 5067 2170 5139; baseline 0.004 -22"><span class='ocrx_word' id='word_1_690' title='bbox 574 5068 705 5122; x_wconf 84' lang='lat' dir='ltr'><strong>tore</strong></span> <span class='ocrx_word' id='word_1_691' title='bbox 740 5068 1315 5139; x_wconf 78' lang='lat' dir='ltr'><strong>S.Augustinus,lib.</strong></span> <span class='ocrx_word' id='word_1_692' title='bbox 1338 5085 1413 5136; x_wconf 83' lang='lat' dir='ltr'><strong>v1,</strong></span> <span class='ocrx_word' id='word_1_693' title='bbox 1441 5067 1506 5121; x_wconf 82' lang='lat' dir='ltr'><strong>de</strong></span> <span class='ocrx_word' id='word_1_694' title='bbox 1537 5068 1901 5132; x_wconf 81' lang='lat' dir='ltr'><strong>Civ.,Livius,</strong></span> <span class='ocrx_word' id='word_1_695' title='bbox 1944 5067 2170 5126; x_wconf 55' lang='lat' dir='ltr'><strong>LXXX—IV</strong></span> 
     </span>
    </p>
   </div>
   <div class='ocr_carea' id='block_1_100' title="bbox 571 5139 2172 5210">
    <p class='ocr_par' dir='ltr' id='par_1_100' title="bbox 571 5139 2172 5210">
     <span class='ocr_line' id='line_1_100' title="bbox 571 5139 2172 5210; baseline 0.004 -20"><span class='ocrx_word' id='word_1_696' title='bbox 571 5140 628 5210; x_wconf 80' lang='lat' dir='ltr'><strong>et</strong></span> <span class='ocrx_word' id='word_1_697' title='bbox 659 5140 735 5194; x_wconf 88' lang='lat' dir='ltr'><strong>ai.</strong></span> <span class='ocrx_word' id='word_1_698' title='bbox 793 5140 1006 5195; x_wconf 91' lang='lat' dir='ltr'><strong>Locum</strong></span> <span class='ocrx_word' id='word_1_699' title='bbox 1067 5141 1160 5193; x_wconf 88' lang='lat' dir='ltr'><strong>hic</strong></span> <span class='ocrx_word' id='word_1_700' title='bbox 1192 5140 1400 5194; x_wconf 85' lang='lat' dir='ltr'><strong>addam</strong></span> <span class='ocrx_word' id='word_1_701' title='bbox 1459 5139 1750 5194; x_wconf 90' lang='lat' dir='ltr'><strong>Ciceronis</strong></span> <span class='ocrx_word' id='word_1_702' title='bbox 1779 5157 1846 5195; x_wconf 85' lang='lat' dir='ltr'><strong>ex</strong></span> <span class='ocrx_word' id='word_1_703' title='bbox 1903 5141 2004 5196; x_wconf 91' lang='lat' dir='ltr'><strong>lib.</strong></span> <span class='ocrx_word' id='word_1_704' title='bbox 2038 5161 2076 5210; x_wconf 87' lang='grc' dir='ltr'><strong>ι,</strong></span> <span class='ocrx_word' id='word_1_705' title='bbox 2108 5143 2172 5198; x_wconf 87' lang='lat' dir='ltr'><strong>de</strong></span> 
     </span>
    </p>
   </div>
   <div class='ocr_carea' id='block_1_101' title="bbox 568 5209 2170 5282">
    <p class='ocr_par' dir='ltr' id='par_1_101' title="bbox 568 5209 2170 5282">
     <span class='ocr_line' id='line_1_101' title="bbox 568 5209 2170 5282; baseline 0.004 -20"><span class='ocrx_word' id='word_1_706' title='bbox 568 5209 782 5282; x_wconf 10' lang='lat' dir='ltr'><strong>legite“:</strong></span> <span class='ocrx_word' id='word_1_707' title='bbox 818 5234 844 5260; x_wconf 86' lang='lat'><strong>«</strong></span> <span class='ocrx_word' id='word_1_708' title='bbox 875 5211 1020 5274; x_wconf 90' lang='lat' dir='ltr'><strong>Quid</strong></span> <span class='ocrx_word' id='word_1_709' title='bbox 1053 5227 1210 5282; x_wconf 88' lang='lat' dir='ltr'><strong>ergo.</strong></span> <span class='ocrx_word' id='word_1_710' title='bbox 1246 5212 1458 5281; x_wconf 89' lang='lat' dir='ltr'><strong>inquit,</strong></span> <span class='ocrx_word' id='word_1_711' title='bbox 1477 5211 1903 5282; x_wconf 85' lang='lat' dir='ltr'><strong>agetJacchus,</strong></span> <span class='ocrx_word' id='word_1_712' title='bbox 1938 5209 2170 5268; x_wconf 87' lang='lat' dir='ltr'><strong>Eumoi-</strong></span> 
     </span>
    </p>
   </div>
   <div class='ocr_carea' id='block_1_102' title="bbox 565 5281 2168 5356">
    <p class='ocr_par' dir='ltr' id='par_1_102' title="bbox 565 5281 2168 5356">
     <span class='ocr_line' id='line_1_102' title="bbox 565 5281 2168 5356; baseline 0.004 -22"><span class='ocrx_word' id='word_1_713' title='bbox 565 5281 795 5356; x_wconf 62' lang='lat' dir='ltr'><strong>pidque</strong></span> <span class='ocrx_word' id='word_1_714' title='bbox 826 5283 1032 5351; x_wconf 85' lang='lat' dir='ltr'><strong>nostri,</strong></span> <span class='ocrx_word' id='word_1_715' title='bbox 1065 5281 1402 5356; x_wconf 32' lang='lat' dir='ltr'><strong>etiaugsuta</strong></span> <span class='ocrx_word' id='word_1_716' title='bbox 1432 5281 1533 5356; x_wconf 82' lang='lat' dir='ltr'><strong>illa</strong></span> <span class='ocrx_word' id='word_1_717' title='bbox 1553 5283 1851 5353; x_wconf 82' lang='lat' dir='ltr'><strong>mysteria,</strong></span> <span class='ocrx_word' id='word_1_718' title='bbox 1875 5284 2168 5356; x_wconf 87' lang='lat' dir='ltr'><strong>siquidem</strong></span> 
     </span>
    </p>
   </div>
   <div class='ocr_carea' id='block_1_103' title="bbox 561 5354 1648 5409">
    <p class='ocr_par' dir='ltr' id='par_1_103' title="bbox 561 5354 1648 5409">
     <span class='ocr_line' id='line_1_103' title="bbox 561 5354 1648 5409; baseline 0.002 -3"><span class='ocrx_word' id='word_1_719' title='bbox 561 5354 1014 5408; x_wconf 55' lang='lat' dir='ltr'><strong>sacr&#39;nocturna</strong></span> <span class='ocrx_word' id='word_1_720' title='bbox 1044 5354 1307 5409; x_wconf 87' lang='lat' dir='ltr'><strong>tollimus</strong></span> <span class='ocrx_word' id='word_1_721' title='bbox 1337 5354 1364 5408; x_wconf 83' lang='lat'>?</span> <span class='ocrx_word' id='word_1_722' title='bbox 1399 5376 1424 5403; x_wconf 86' lang='grc'><strong>››</strong></span> <span class='ocrx_word' id='word_1_723' title='bbox 1452 5355 1519 5409; x_wconf 74' lang='lat' dir='ltr'><strong>Ls</strong></span> <span class='ocrx_word' id='word_1_724' title='bbox 1551 5358 1648 5408; x_wconf 76' lang='lat' dir='ltr'><strong>Pa.</strong></span> 
     </span>
    </p>
   </div>
   <div class='ocr_carea' id='block_1_104' title="bbox 627 5423 2171 5494">
    <p class='ocr_par' dir='ltr' id='par_1_104' title="bbox 627 5423 2171 5494">
     <span class='ocr_line' id='line_1_104' title="bbox 627 5423 2171 5494; baseline 0.004 -20"><span class='ocrx_word' id='word_1_725' title='bbox 627 5424 707 5493; x_wconf 80' lang='lat'><strong>(3.)</strong></span> <span class='ocrx_word' id='word_1_726' title='bbox 741 5427 1014 5480; x_wconf 65' lang='lat' dir='ltr'><strong>Craterum</strong></span> <span class='ocrx_word' id='word_1_727' title='bbox 1042 5425 1299 5494; x_wconf 78' lang='lat' dir='ltr'><strong>Serapem</strong></span> <span class='ocrx_word' id='word_1_728' title='bbox 1326 5433 1376 5480; x_wconf 85' lang='lat' dir='ltr'><strong>et</strong></span> <span class='ocrx_word' id='word_1_729' title='bbox 1429 5425 1648 5479; x_wconf 67' lang='lat' dir='ltr'><strong>Isidem.</strong></span> <span class='ocrx_word' id='word_1_730' title='bbox 1686 5423 1842 5479; x_wconf 88' lang='lat' dir='ltr'><strong>Idem</strong></span> <span class='ocrx_word' id='word_1_731' title='bbox 1898 5425 2013 5480; x_wconf 82' lang='lat' dir='ltr'><strong>fere</strong></span> <span class='ocrx_word' id='word_1_732' title='bbox 2070 5425 2171 5480; x_wconf 85' lang='lat' dir='ltr'><strong>ob-</strong></span> 
     </span>
    </p>
   </div>
   <div class='ocr_carea' id='block_1_105' title="bbox 545 5493 2170 5567">
    <p class='ocr_par' dir='ltr' id='par_1_105' title="bbox 545 5493 2170 5567">
     <span class='ocr_line' id='line_1_105' title="bbox 545 5493 2170 5567; baseline 0.005 -22"><span class='ocrx_word' id='word_1_733' title='bbox 545 5493 786 5567; x_wconf 76' lang='lat' dir='ltr'><strong>jicittib,</strong></span> <span class='ocrx_word' id='word_1_734' title='bbox 818 5514 878 5562; x_wconf 81' lang='grc' dir='ltr'><strong>ιι,</strong></span> <span class='ocrx_word' id='word_1_735' title='bbox 910 5493 1200 5552; x_wconf 85' lang='lat' dir='ltr'><strong>Arnobius</strong></span> <span class='ocrx_word' id='word_1_736' title='bbox 1232 5515 1245 5564; x_wconf 91' lang='lat'><strong>;</strong></span> <span class='ocrx_word' id='word_1_737' title='bbox 1275 5497 1422 5561; x_wconf 87' lang='lat' dir='ltr'><strong>Quid</strong></span> <span class='ocrx_word' id='word_1_738' title='bbox 1451 5496 1478 5550; x_wconf 86' lang='lat'><strong><em>?</em></strong></span> <span class='ocrx_word' id='word_1_739' title='bbox 1507 5513 1608 5552; x_wconf 87' lang='lat' dir='ltr'><strong>vos</strong></span> <span class='ocrx_word' id='word_1_740' title='bbox 1666 5496 2004 5567; x_wconf 64' lang='lat' dir='ltr'><strong>Egyptiaca</strong></span> <span class='ocrx_word' id='word_1_741' title='bbox 2061 5515 2170 5552; x_wconf 86' lang='lat' dir='ltr'><strong>nu-</strong></span> 
     </span>
    </p>
   </div>
   <div class='ocr_carea' id='block_1_106' title="bbox 554 5565 2171 5641">
    <p class='ocr_par' dir='ltr' id='par_1_106' title="bbox 554 5565 2171 5641">
     <span class='ocr_line' id='line_1_106' title="bbox 554 5565 2171 5641; baseline 0.005 -23"><span class='ocrx_word' id='word_1_742' title='bbox 554 5565 711 5634; x_wconf 87' lang='lat' dir='ltr'><strong>min.,</strong></span> <span class='ocrx_word' id='word_1_743' title='bbox 739 5568 961 5641; x_wconf 82' lang='lat' dir='ltr'><strong>quibus</strong></span> <span class='ocrx_word' id='word_1_744' title='bbox 991 5568 1226 5641; x_wconf 87' lang='lat' dir='ltr'><strong>Serapis</strong></span> <span class='ocrx_word' id='word_1_745' title='bbox 1250 5574 1422 5641; x_wconf 83' lang='lat' dir='ltr'><strong>atque</strong></span> <span class='ocrx_word' id='word_1_746' title='bbox 1462 5568 1569 5623; x_wconf 90' lang='lat' dir='ltr'><strong>Isis</strong></span> <span class='ocrx_word' id='word_1_747' title='bbox 1600 5572 1714 5641; x_wconf 28' lang='lat' dir='ltr'><strong>Aest</strong></span> <span class='ocrx_word' id='word_1_748' title='bbox 1742 5565 2004 5638; x_wconf 42' lang='lat' dir='ltr'><strong>“nemen,</strong></span> <span class='ocrx_word' id='word_1_749' title='bbox 2057 5586 2171 5626; x_wconf 91' lang='lat' dir='ltr'><strong>non</strong></span> 
     </span>
    </p>
   </div>
   <div class='ocr_carea' id='block_1_107' title="bbox 549 5636 2171 5706">
    <p class='ocr_par' dir='ltr' id='par_1_107' title="bbox 549 5636 2171 5706">
     <span class='ocr_line' id='line_1_107' title="bbox 549 5636 2171 5706; baseline 0.004 -14"><span class='ocrx_word' id='word_1_750' title='bbox 549 5638 958 5706; x_wconf 88' lang='lat' dir='ltr'><strong>postPisonem</strong></span> <span class='ocrx_word' id='word_1_751' title='bbox 989 5645 1045 5696; x_wconf 89' lang='lat' dir='ltr'><strong>et</strong></span> <span class='ocrx_word' id='word_1_752' title='bbox 1072 5636 1387 5697; x_wconf 77' lang='lat' dir='ltr'><strong>Gabinium</strong></span> <span class='ocrx_word' id='word_1_753' title='bbox 1418 5654 1570 5697; x_wconf 88' lang='lat' dir='ltr'><strong>coss.</strong></span> <span class='ocrx_word' id='word_1_754' title='bbox 1598 5636 1655 5694; x_wconf 89' lang='lat' dir='ltr'><strong>in</strong></span> <span class='ocrx_word' id='word_1_755' title='bbox 1703 5636 2018 5697; x_wconf 88' lang='lat' dir='ltr'><strong>numerum</strong></span> <span class='ocrx_word' id='word_1_756' title='bbox 2073 5657 2171 5699; x_wconf 88' lang='lat' dir='ltr'><strong>ve-</strong></span> 
     </span>
    </p>
   </div>
   <div class='ocr_carea' id='block_1_108' title="bbox 2021 4710 3920 4786">
    <p class='ocr_par' dir='ltr' id='par_1_108' title="bbox 2021 4710 3920 4786">
     <span class='ocr_line' id='line_1_108' title="bbox 2021 4710 3920 4786; baseline 0 -18"><span class='ocrx_word' id='word_1_757' title='bbox 2021 4715 2172 4786; x_wconf 90' lang='lat' dir='ltr'><strong>quod</strong></span> <span class='ocrx_word' id='word_1_758' title='bbox 2205 4716 2252 4781; x_wconf 87' lang='lat' dir='ltr'><strong>D</strong></span> <span class='ocrx_word' id='word_1_759' title='bbox 2285 4719 2537 4770; x_wconf 85' lang='lat' dir='ltr'><strong>atrorum</strong></span> <span class='ocrx_word' id='word_1_760' title='bbox 2572 4712 2855 4768; x_wconf 89' lang='lat' dir='ltr'><strong>retulistis</strong></span> <span class='ocrx_word' id='word_1_761' title='bbox 2890 4713 3126 4768; x_wconf 90' lang='lat' dir='ltr'><strong>deorum</strong></span> <span class='ocrx_word' id='word_1_762' title='bbox 3160 4712 3188 4766; x_wconf 86' lang='lat'><strong>?</strong></span> <span class='ocrx_word' id='word_1_763' title='bbox 3219 4731 3238 4762; x_wconf 75' lang='grc' dir='ltr'><strong>ι</strong></span> <span class='ocrx_word' id='word_1_764' title='bbox 3275 4710 3507 4770; x_wconf 83' lang='lat' dir='ltr'><strong>Dixerat</strong></span> <span class='ocrx_word' id='word_1_765' title='bbox 3532 4712 3706 4768; x_wconf 89' lang='lat' dir='ltr'><strong>etiam</strong></span> <span class='ocrx_word' id='word_1_766' title='bbox 3744 4715 3920 4768; x_wconf 83' lang='lat' dir='ltr'><strong>Luca-</strong></span> 
     </span>
    </p>
   </div>
   <div class='ocr_carea' id='block_1_109' title="bbox 2286 4801 2437 4841">
    <p class='ocr_par' dir='ltr' id='par_1_109' title="bbox 2286 4801 2437 4841">
     <span class='ocr_line' id='line_1_109' title="bbox 2286 4801 2437 4841; baseline -0.013 -1"><span class='ocrx_word' id='word_1_767' title='bbox 2286 4801 2437 4841; x_wconf 89' lang='lat' dir='ltr'><strong>nus:</strong></span> 
     </span>
    </p>
   </div>
   <div class='ocr_carea' id='block_1_110' title="bbox 2372 4897 3731 4964">
    <p class='ocr_par' dir='ltr' id='par_1_110' title="bbox 2372 4897 3731 4964">
     <span class='ocr_line' id='line_1_110' title="bbox 2372 4897 3731 4964; baseline -0.001 -16"><span class='ocrx_word' id='word_1_768' title='bbox 2372 4904 2472 4950; x_wconf 83' lang='lat' dir='ltr'><strong>Nos</strong></span> <span class='ocrx_word' id='word_1_769' title='bbox 2503 4899 2554 4948; x_wconf 92' lang='lat' dir='ltr'><strong>in</strong></span> <span class='ocrx_word' id='word_1_770' title='bbox 2586 4899 2785 4962; x_wconf 87' lang='lat' dir='ltr'><strong>templa</strong></span> <span class='ocrx_word' id='word_1_771' title='bbox 2812 4903 2959 4949; x_wconf 89' lang='lat' dir='ltr'><strong>tuam</strong></span> <span class='ocrx_word' id='word_1_772' title='bbox 2993 4899 3237 4964; x_wconf 84' lang='lat' dir='ltr'><strong>Romana</strong></span> <span class='ocrx_word' id='word_1_773' title='bbox 3264 4898 3568 4964; x_wconf 80' lang='lat' dir='ltr'><strong>accepimus</strong></span> <span class='ocrx_word' id='word_1_774' title='bbox 3589 4897 3731 4964; x_wconf 87' lang='lat' dir='ltr'><strong>Isim,</strong></span> 
     </span>
    </p>
   </div>
   <div class='ocr_carea' id='block_1_111' title="bbox 2372 4962 3710 5026">
    <p class='ocr_par' dir='ltr' id='par_1_111' title="bbox 2372 4962 3710 5026">
     <span class='ocr_line' id='line_1_111' title="bbox 2372 4962 3710 5026; baseline -0.001 -14"><span class='ocrx_word' id='word_1_775' title='bbox 2372 4964 2750 5026; x_wconf 87' lang='lat' dir='ltr'><strong>Semideosque</strong></span> <span class='ocrx_word' id='word_1_776' title='bbox 2780 4975 2958 5024; x_wconf 80' lang='lat' dir='ltr'><strong>canes,</strong></span> <span class='ocrx_word' id='word_1_777' title='bbox 2994 4967 3047 5012; x_wconf 90' lang='lat' dir='ltr'><strong>et</strong></span> <span class='ocrx_word' id='word_1_778' title='bbox 3077 4963 3232 5012; x_wconf 85' lang='lat' dir='ltr'><strong>sistra</strong></span> <span class='ocrx_word' id='word_1_779' title='bbox 3253 4962 3500 5025; x_wconf 86' lang='lat' dir='ltr'><strong>jubentia</strong></span> <span class='ocrx_word' id='word_1_780' title='bbox 3519 4962 3710 5022; x_wconf 88' lang='lat' dir='ltr'><strong>luctus,</strong></span> 
     </span>
    </p>
   </div>
   <div class='ocr_carea' id='block_1_112' title="bbox 2350 5068 3923 5141">
    <p class='ocr_par' dir='ltr' id='par_1_112' title="bbox 2350 5068 3923 5141">
     <span class='ocr_line' id='line_1_112' title="bbox 2350 5068 3923 5141; baseline 0 -18"><span class='ocrx_word' id='word_1_781' title='bbox 2350 5069 2571 5135; x_wconf 88' lang='lat' dir='ltr'><strong>Quibus</strong></span> <span class='ocrx_word' id='word_1_782' title='bbox 2593 5086 2660 5124; x_wconf 84' lang='lat' dir='ltr'><strong>ex</strong></span> <span class='ocrx_word' id='word_1_783' title='bbox 2682 5069 2825 5125; x_wconf 92' lang='lat' dir='ltr'><strong>locis</strong></span> <span class='ocrx_word' id='word_1_784' title='bbox 2855 5069 3034 5140; x_wconf 84' lang='lat' dir='ltr'><strong>hujus</strong></span> <span class='ocrx_word' id='word_1_785' title='bbox 3056 5068 3468 5140; x_wconf 86' lang='lat' dir='ltr'><strong>lociexpeditio</strong></span> <span class='ocrx_word' id='word_1_786' title='bbox 3499 5068 3692 5141; x_wconf 90' lang='lat' dir='ltr'><strong>colligi</strong></span> <span class='ocrx_word' id='word_1_787' title='bbox 3713 5071 3923 5140; x_wconf 88' lang='lat' dir='ltr'><strong>potest.</strong></span> 
     </span>
    </p>
   </div>
   <div class='ocr_carea' id='block_1_113' title="bbox 2281 5147 2443 5209">
    <p class='ocr_par' dir='ltr' id='par_1_113' title="bbox 2281 5147 2443 5209">
     <span class='ocr_line' id='line_1_113' title="bbox 2281 5147 2443 5209; baseline 0.006 -14"><span class='ocrx_word' id='word_1_788' title='bbox 2281 5147 2443 5209; x_wconf 81' lang='lat' dir='ltr'><strong>IDEM,</strong></span> 
     </span>
    </p>
   </div>
   <div class='ocr_carea' id='block_1_114' title="bbox 2351 5210 3923 5282">
    <p class='ocr_par' dir='ltr' id='par_1_114' title="bbox 2351 5210 3923 5282">
     <span class='ocr_line' id='line_1_114' title="bbox 2351 5210 3923 5282; baseline -0.002 -15"><span class='ocrx_word' id='word_1_789' title='bbox 2351 5215 2465 5282; x_wconf 83' lang='grc'>(34)</span> <span class='ocrx_word' id='word_1_790' title='bbox 2526 5212 2825 5267; x_wconf 72' lang='lat' dir='ltr'><strong>Domestica</strong></span> <span class='ocrx_word' id='word_1_791' title='bbox 2883 5211 3128 5276; x_wconf 77' lang='lat' dir='ltr'><strong>licentia,</strong></span> <span class='ocrx_word' id='word_1_792' title='bbox 3174 5213 3288 5282; x_wconf 72' lang='lat' dir='ltr'><strong>etc.</strong></span> <span class='ocrx_word' id='word_1_793' title='bbox 3365 5210 3527 5275; x_wconf 90' lang='lat' dir='ltr'><strong>Quod</strong></span> <span class='ocrx_word' id='word_1_794' title='bbox 3607 5210 3923 5266; x_wconf 89' lang='lat' dir='ltr'><strong>vanitatem</strong></span> 
     </span>
    </p>
   </div>
   <div class='ocr_carea' id='block_1_115' title="bbox 2282 5281 3925 5354">
    <p class='ocr_par' dir='ltr' id='par_1_115' title="bbox 2282 5281 3925 5354">
     <span class='ocr_line' id='line_1_115' title="bbox 2282 5281 3925 5354; baseline -0.001 -16"><span class='ocrx_word' id='word_1_795' title='bbox 2282 5281 2533 5339; x_wconf 84' lang='lat' dir='ltr'><strong>maxime</strong></span> <span class='ocrx_word' id='word_1_796' title='bbox 2565 5283 2760 5354; x_wconf 88' lang='lat' dir='ltr'><strong>arguit</strong></span> <span class='ocrx_word' id='word_1_797' title='bbox 2791 5283 2846 5335; x_wconf 94' lang='lat' dir='ltr'><strong>in</strong></span> <span class='ocrx_word' id='word_1_798' title='bbox 2880 5282 3028 5337; x_wconf 81' lang='lat' dir='ltr'><strong>lictis</strong></span> <span class='ocrx_word' id='word_1_799' title='bbox 3063 5282 3180 5337; x_wconf 90' lang='lat' dir='ltr'><strong>illis</strong></span> <span class='ocrx_word' id='word_1_800' title='bbox 3213 5281 3347 5347; x_wconf 90' lang='lat' dir='ltr'><strong>diis,</strong></span> <span class='ocrx_word' id='word_1_801' title='bbox 3382 5283 3647 5338; x_wconf 88' lang='lat' dir='ltr'><strong>solebant</strong></span> <span class='ocrx_word' id='word_1_802' title='bbox 3700 5286 3925 5354; x_wconf 81' lang='lat' dir='ltr'><strong>veteres</strong></span> 
     </span>
    </p>
   </div>
   <div class='ocr_carea' id='block_1_116' title="bbox 2279 5353 3926 5422">
    <p class='ocr_par' dir='ltr' id='par_1_116' title="bbox 2279 5353 3926 5422">
     <span class='ocr_line' id='line_1_116' title="bbox 2279 5353 3926 5422; baseline -0.001 -14"><span class='ocrx_word' id='word_1_803' title='bbox 2279 5357 2550 5420; x_wconf 89' lang='lat' dir='ltr'><strong>vendere,</strong></span> <span class='ocrx_word' id='word_1_804' title='bbox 2576 5353 2945 5422; x_wconf 31' lang='lat' dir='ltr'><strong>su’bbastare,</strong></span> <span class='ocrx_word' id='word_1_805' title='bbox 2980 5360 3034 5410; x_wconf 93' lang='lat' dir='ltr'><strong>et</strong></span> <span class='ocrx_word' id='word_1_806' title='bbox 3061 5359 3288 5409; x_wconf 89' lang='lat' dir='ltr'><strong>mutare</strong></span> <span class='ocrx_word' id='word_1_807' title='bbox 3311 5355 3450 5410; x_wconf 89' lang='lat' dir='ltr'><strong>deos</strong></span> <span class='ocrx_word' id='word_1_808' title='bbox 3471 5371 3635 5418; x_wconf 88' lang='lat' dir='ltr'><strong>suos,</strong></span> <span class='ocrx_word' id='word_1_809' title='bbox 3667 5355 3822 5410; x_wconf 90' lang='lat' dir='ltr'><strong>sicut</strong></span> <span class='ocrx_word' id='word_1_810' title='bbox 3841 5353 3926 5408; x_wconf 88' lang='lat' dir='ltr'><strong>di-</strong></span> 
     </span>
    </p>
   </div>
   <div class='ocr_carea' id='block_1_117' title="bbox 2281 5425 3920 5496">
    <p class='ocr_par' dir='ltr' id='par_1_117' title="bbox 2281 5425 3920 5496">
     <span class='ocr_line' id='line_1_117' title="bbox 2281 5425 3920 5496; baseline -0.001 -15"><span class='ocrx_word' id='word_1_811' title='bbox 2281 5427 2365 5481; x_wconf 81' lang='lat' dir='ltr'><strong>xit</strong></span> <span class='ocrx_word' id='word_1_812' title='bbox 2393 5427 2615 5496; x_wconf 83' lang='lat' dir='ltr'><strong>Apolog.</strong></span> <span class='ocrx_word' id='word_1_813' title='bbox 2653 5426 2741 5486; x_wconf 85' lang='grc'><strong>13,</strong></span> <span class='ocrx_word' id='word_1_814' title='bbox 2772 5431 3065 5480; x_wconf 89' lang='lat' dir='ltr'><strong>mutantes</strong></span> <span class='ocrx_word' id='word_1_815' title='bbox 3113 5425 3424 5493; x_wconf 87' lang='lat' dir='ltr'><strong>aliquando</strong></span> <span class='ocrx_word' id='word_1_816' title='bbox 3481 5431 3798 5481; x_wconf 87' lang='lat' dir='ltr'><strong>Saturnum</strong></span> <span class='ocrx_word' id='word_1_817' title='bbox 3862 5426 3920 5479; x_wconf 91' lang='lat' dir='ltr'><strong>in</strong></span> 
     </span>
    </p>
   </div>
   <div class='ocr_carea' id='block_1_118' title="bbox 2281 5497 3924 5570">
    <p class='ocr_par' dir='ltr' id='par_1_118' title="bbox 2281 5497 3924 5570">
     <span class='ocr_line' id='line_1_118' title="bbox 2281 5497 3924 5570; baseline -0.002 -17"><span class='ocrx_word' id='word_1_818' title='bbox 2281 5497 2647 5570; x_wconf 8' lang='lat' dir='ltr'><strong>cacabuﬁlum.</strong></span> <span class='ocrx_word' id='word_1_819' title='bbox 2679 5497 2994 5570; x_wconf 57' lang='lat' dir='ltr'><strong>ttinervam</strong></span> <span class='ocrx_word' id='word_1_820' title='bbox 3027 5498 3085 5552; x_wconf 91' lang='lat' dir='ltr'><strong>in</strong></span> <span class='ocrx_word' id='word_1_821' title='bbox 3125 5497 3386 5563; x_wconf 90' lang='lat' dir='ltr'><strong>trullam,</strong></span> <span class='ocrx_word' id='word_1_822' title='bbox 3445 5514 3548 5570; x_wconf 91' lang='lat' dir='ltr'><strong>pro</strong></span> <span class='ocrx_word' id='word_1_823' title='bbox 3579 5497 3784 5554; x_wconf 79' lang='lat' dir='ltr'><strong>ati‘ectu</strong></span> <span class='ocrx_word' id='word_1_824' title='bbox 3820 5500 3924 5552; x_wconf 86' lang='lat' dir='ltr'><strong>aut</strong></span> 
     </span>
    </p>
   </div>
   <div class='ocr_carea' id='block_1_119' title="bbox 2282 5568 2842 5626">
    <p class='ocr_par' dir='ltr' id='par_1_119' title="bbox 2282 5568 2842 5626">
     <span class='ocr_line' id='line_1_119' title="bbox 2282 5568 2842 5626; baseline -0.005 0"><span class='ocrx_word' id='word_1_825' title='bbox 2282 5569 2647 5626; x_wconf 85' lang='lat' dir='ltr'><strong>necessitate.</strong></span> <span class='ocrx_word' id='word_1_826' title='bbox 2680 5568 2842 5625; x_wconf 81' lang='lat' dir='ltr'><strong>IosM.</strong></span> 
     </span>
    </p>
   </div>
  </div>
