4264 6368
560 351 676 410 647

1080 347 1605 409 TERTULLIANI
1650 273 1974 406 OPEFTUM
2018 343 2216 403 PARS
2260 343 2308 403 Ι.
2335 373 2412 387 -
2439 341 2715 404 SERIES
2760 343 2808 417 Ι,
2856 343 3427 406 APOLOGETICA.

3837 299 4001 406 eis

564 479 1116 539 mondatolibidinis
1144 477 1430 534 desiderio
1453 492 1556 549 per
1586 476 2200 532 commemorationem
2233 478 2287 543 Α
2319 474 2669 542 adutamini,
2702 475 2992 530 redimitis
3013 475 3063 530 si
3086 492 3206 546 qua
3235 474 3599 548 delinquitis,
3619 480 3676 532 et
3702 481 3959 548 prostra-

565 574 906 628 amicarum.
942 569 1160 624 Exinde
1190 567 1324 639 quis
1356 584 1469 622 non
1505 570 1808 638 poetarum
1831 581 1900 621 ex
1946 564 2202 620 auctori-

563 667 685 716 tate
714 658 994 732 principis
1025 657 1177 714 570
1208 657 1298 711 sui
1331 655 1390 711 in
1423 657 1562 711 deos
1618 653 1899 726 insolens,
1933 658 2033 708 aut
2071 669 2204 709 vera

565 749 860 822 prodendo
893 751 991 802 aut
1019 745 1168 801 falsa
1219 744 1533 816 ﬁngendo?
1587 745 1656 799 Et
1708 742 1911 814 tragici
1963 742 2202 814 quidem

565 844 665 894 aut
687 835 889 892 comici
916 837 1319 906 pepercerunt,
1355 837 1420 887 ut
1443 849 1552 888 non
1584 847 1875 886 aarumnas
1906 846 1969 886 ac
2003 846 2201 902 paznas

565 927 654 982 dei
697 923 1328 997 prazfarentur?Taceo
1362 923 1431 976 de
1471 919 1857 992 philosOphis,
1912 935 2054 990 quos
2104 935 2202 974 su-

563 1015 763 1086 perbia
789 1010 1120 1068 severitatis
1146 1016 1202 1066 ct
1233 1009 1450 1065 duritia
1480 1009 1805 1080 disciplinae
1837 1009 1909 1062 ab
1941 1007 2099 1062 omni
2130 1008 2202 1062 ti-

562 1120 719 1158 more
750 1117 1007 1170 securos,
1051 1097 1372 1154 nonnullus
1429 1098 1605 1154 etiam
1659 1097 1894 1152 afflatus
1939 1096 2200 1151 veritatis

563 1195 842 1247 adversus
875 1192 1014 1245 deos
1040 1188 1214 1260 erigit
1238 1187 1519 1258 :denique
1537 1190 1594 1241 et
1621 1187 1887 1241 Socrates
1913 1185 1970 1239 in
2001 1188 2202 1240 contu-

563 1279 796 1336 mellam
820 1294 1021 1334 eorum
1055 1293 1336 1349 quercum
1369 1280 1426 1331 et
1457 1291 1658 1331 canem
1691 1279 1747 1330 ct
1790 1274 2018 1328 hircum
2041 1275 2200 1343 ἠυ-

560 1375 651 1426 rat
683 1369 818 1440 (42).
867 1367 1011 1422 Nam
1053 1371 1111 1421 et
1167 1367 1216 1420 si
1275 1365 1490 1419 idcirco
1535 1364 1850 1419 damnatus
1897 1367 2005 1430 est,
2065 1379 2198 1417 cum

561 1456 896 1530 pmnituerit
923 1453 1305 1510 Athenienses
1328 1451 1742 1522 damnationis,
1771 1451 2197 1507 discriminato-

562 1565 654 1603 res
706 1561 937 1618 quoque
992 1543 1366 1615 impenderit,
1412 1541 1742 1597 restituitur
1798 1539 2198 1596 testimonium

563 1635 806 1699 Socrati,
833 1639 890 1690 et
920 1649 1160 1705 possum
1203 1637 1557 1700 retorquere,
1618 1630 1925 1700 probatum
1982 1643 2110 1683 esse
2143 1628 2199 1682 in

563 1725 683 1791 illo,
717 1724 872 1794 quod
900 1737 1054 1776 nunc
1087 1720 1431 1791 reprobatur
1462 1719 1519 1773 in
1554 1717 1741 1773 nobis.
1775 1717 1881 1771 Sed
1914 1721 1970 1771 et
2001 1717 2199 1788 Dioge-

562 1829 666 1867 nes
696 1811 889 1866 nescio
914 1809 1051 1881 quid
1073 1808 1131 1862 in
1178 1807 1482 1862 Herculem
1517 1805 1680 1873 lusit,
1718 1809 1774 1861 et
1803 1804 2048 1860 Romani
2082 1803 2199 1860 stili

562 1901 869 1972 Diogenes,
899 1897 1074 1952 Vatro
1101 1900 1389 1951 trecentos
1417 1894 1608 1960 Joves,
1643 1912 1744 1950 seu
1774 1895 2067 1964 Jupiteres
2119 1894 2202 1947 di-

567 1988 814 2044 cendum
842 1990 948 2054 est,
983 1985 1110 2040 sine
1141 1984 1430 2055 capitibus
1463 1983 1706 2038 inducit.
1721 1985 1935 2038 Caetera
1956 1981 2204 2038 lasciviae

564 2075 800 2149 ingenia
829 2074 1002 2130 etiam
1037 2072 1362 2144 voluptates
1394 2077 1615 2127 vestras
1647 2089 1746 2142 por
1778 2071 2031 2126 dedecus
2065 2072 2200 2126 deo-

564 2183 695 2220 rum
719 2161 1444 2232 administrant.Dispicitc
1464 2162 1614 2231 apud
1631 2178 1728 2216 vos
1750 2161 2122 2215 Lentulorum
2147 2165 2204 2214 et

562 2253 897 2309 Hostiorum
924 2249 1237 2320 sacrilegas
1271 2255 1626 2319 venustates,
1664 2255 1858 2304 utrum
1892 2248 2099 2304 mimos
2131 2265 2202 2302 an

561 2345 698 2399 deos
729 2344 952 2396 vestros
985 2339 1042 2393 in
1076 2338 1336 2410 strOphis
1382 2338 1611 2408 etjocis
1663 2337 1940 2406 rideatis;
1999 2338 2098 2392 sed
2149 2342 2204 2392 et

563 2429 934 2486 histrionicas
955 2426 1180 2482 litteras
1197 2443 1408 2497 magna
1429 2444 1560 2481 cum
1579 2426 1870 2497 voluptate
1903 2425 2202 2498 suscipitis

561 2535 688 2591 quae
720 2532 952 2573 omnem
980 2515 1294 2570 fmditatem
1323 2517 1631 2586 designant
1662 2516 1924 2570 deorum.
1957 2517 2202 2572 Constu-

561 2613 808 2680 prantur
829 2621 1026 2661 coram
1057 2604 1219 2660 vobis
1244 2604 1582 2674 majestates
1599 2605 1655 2658 in
1677 2621 1916 2676 corpore
1947 2605 2200 2676 impuro.

561 2697 870 2751 Famosum
901 2697 958 2748 et
985 2692 1344 2747 diminutum
1367 2693 1752 2764 caputimago
1767 2693 2082 2764 cujuslibet
2110 2695 2202 2762 dei

560 2784 752 2840 vestit.
785 2783 962 2853 Luget
996 2780 1090 2836 Sol
1124 2780 1309 2835 filium
1339 2780 1583 2836 fulmine
1604 2781 1922 2836 extinctum
1955 2781 2202 2837 laetanti-

562 2874 672 2928 bus
705 2871 889 2926 vobis.
923 2868 1134 2941 Cybela
1177 2875 1472 2941 pastorem
1524 2871 1782 2941 suspirat
1832 2870 2201 2926 fastidiosum

560 2977 679 3016 non
711 2957 1191 3014 erubescentibus
1224 2957 1407 3025 vobis,
1431 2961 1486 3013 et
1507 2957 1810 3014 sustinetis
1838 2959 1997 3015 Jovis
2019 2959 2204 3030 elogia

561 3048 871 3105 modulari.
906 3046 1082 3102 Plane
1114 3047 1504 3119 religiosiores
1535 3047 1674 3104 estis
1705 3047 1762 3103 in
1803 3049 2198 3120 gladiatorum

559 3137 1050 3208 cavea,ubisuper
1079 3137 1425 3208 sanguinem
1453 3137 1984 3208 humanum,super
2005 3138 2197 3210 inqui-

558 3230 835 3284 namenta
857 3226 1432 3298 pcsnarum,proinde
1462 3225 1681 3281 saltant
1727 3226 1808 3281 dii
1859 3227 2060 3292 vestri,
2108 3245 2198 3282 ar-

560 3319 838 3388 gumenta
860 3319 918 3369 et
949 3315 1224 3370 historias
1257 3315 1604 3370 nocentibus
1645 3316 1975 3388 erogandis,
2004 3320 2107 3372 aut
2137 3316 2196 3370 in

558 3403 704 3475 ipsis
735 3403 813 3458 dii
839 3407 1113 3458 nocentes
1165 3403 1511 3474 puniuntur.
1577 3403 1844 3460 Vidimus
1900 3421 2050 3476 saepe
2108 3421 2197 3460 ca-

559 3495 807 3546 stratum
843 3491 997 3545 Anin
1029 3491 1202 3546 deum
1236 3509 1268 3545 a
1297 3491 1848 3563 Pessinunte,etqui
1881 3492 2042 3547 vivus
2074 3509 2192 3548 cre-

560 3581 829 3635 mabatur
859 3579 1158 3635 Herculem
1192 3580 1480 3636 induerat.
1513 3581 1772 3636 Risimus
1802 3586 1858 3636 et
1888 3581 2194 3636 meridiani

550 3667 676 3723 ludi
707 3668 776 3723 de
800 3667 911 3723 diis
945 3667 1163 3735 lusum,
1188 3686 1306 3739 quo
1340 3668 1440 3724 Dis
1471 3669 1822 3738 Pater,Jovis
1853 3671 2047 3740 frater,
2067 3670 2194 3741 gla-

549 3757 844 3812 dialorum
877 3758 1184 3828 exsequias
1217 3774 1347 3812 cum
1386 3757 1594 3813 malleo
1626 3759 1879 3828 deducit,
1913 3775 2029 3831 quo
2050 3765 2192 3814 Mer-

545 3844 770 3915 curius,
823 3847 880 3900 in
950 3845 1178 3901 calvitio
1229 3847 1586 3917 pennatului1
1643 3848 1777 3918 (43),
1826 3849 1885 3902 in
1941 3849 2194 3905 caduceo

549 3934 839 4007 ignitulus
873 3935 1006 4006 (44),
1042 3951 1287 4006 corpora
1316 3935 1647 3992 exanimata
1667 3938 1814 3994 577
1873 3938 1998 4008 jam
2043 3955 2195 3994 mor-

549 4027 742 4079 temve
770 4022 1117 4080 simulantia
1144 4040 1173 4078 e
1206 4024 1458 4079 cauterio
1490 4025 1720 4095 probat.
1775 4025 2021 4097 Singula
2086 4027 2200 4082 ista

540 4127 783 4184 quisque
823 4112 1018 4168 adhuc
1053 4111 1408 4184 investigare
1439 4113 1568 4184 quis
1603 4114 1840 4186 possit?
1898 4115 1956 4171 Si
2019 4116 2196 4172 hono-

547 4217 669 4257 rem
701 4201 801 4272 inq
821 4202 1051 4256 uietant
1081 4202 1430 4270 divinitatis,
1451 4203 1499 4258 si
1532 4205 1857 4274 majestatis
1899 4205 2199 4277 fastigium

537 4289 828 4359 adsolant,
885 4291 956 4345 de
1000 4296 1343 4362 contemptu
1403 4291 1603 4363 utique
1663 4299 2006 4364 consentur,
2075 4299 2197 4350 tam

541 4394 757 4435 eorum
791 4379 889 4450 qui
922 4379 1217 4449 ejusmodi
1251 4381 1541 4448 factitant,
1601 4398 1779 4453 quam
1838 4399 2034 4439 eorum
2101 4387 2203 4456 qui

547 4467 633 4522 ita
663 4468 1022 4539 suscipiunt.
1058 4470 1246 4532 Quare
1279 4468 1494 4538 nescio,
1522 4487 1590 4525 ne
1621 4470 1754 4542 plus
1776 4471 1846 4526 de
1903 4472 2063 4528 vobis
2121 4459 2204 4530 dii

2313 581 2408 620 mo
2444 564 2579 620 licet
2627 565 2790 620 vobis
2845 564 2904 619 in
2963 580 3062 620 eos
3091 580 3241 636 quos
3289 563 3598 634 voluistis;
3657 582 3764 623 nos
3822 583 3957 626 vero

2313 652 2370 709 in
2404 658 2592 709 totum
2625 669 2986 710 aversamur.

2385 788 2471 843 11.
2504 787 2618 842 Nec
2646 791 2876 842 tantum
2910 787 2968 841 in
3002 786 3111 842 hoc
3141 787 3376 844 nomine
3407 786 3486 843 rei
3519 789 3759 844 desertis
3795 804 3954 845 com-

2313 877 2511 930 munis
2542 875 2862 947 religionis,
2895 876 2993 930 sed
3021 877 3393 947 superducta:
3419 882 3807 933 monstruosa
3855 894 3954 933 su-

2312 964 2689 1036 perstitionis.
2739 964 2908 1030 Nam,
2951 968 3016 1018 ut
3058 965 3319 1035 quidam,
3381 965 3720 1020 somniastis
3778 969 3956 1037 caput

2311 1053 2609 1109 asininum
2644 1069 2769 1108 -sse
2799 1054 2971 1108 deum
3001 1057 3291 1108 uostrum.
3318 1057 3478 1109 Hanc
3508 1053 3815 1108 Cornelius
3845 1054 3955 1110 Ta-

2312 1143 2465 1198 citus
2497 1141 2888 1214 suspicionem
2915 1141 3068 1198 fecit.
3102 1142 3157 1196 Is
3187 1141 3341 1197 enim
3371 1142 3451 1213 εἰη
3511 1147 3720 1214 quarta
3767 1143 3954 1199 histo-

2311 1232 2530 1286 riarum
2561 1247 2825 1297 suarum,
2860 1231 2960 1286 ubi
2990 1230 3060 1285 de
3091 1229 3245 1285 bello
3292 1231 3536 1286 Judaico
3593 1231 3822 1302 digerit,
3881 1233 3954 1288 ab

2309 1319 2534 1390 origine
2559 1320 2750 1391 gentis
2780 1335 3023 1374 exorsus
3047 1323 3103 1373 et
3131 1323 3250 1374 tam
3269 1319 3338 1373 de
3368 1318 3497 1390 ipsa
3525 1318 3745 1389 origine
3775 1335 3953 1391 quam

2311 1408 2380 1462 de
2412 1408 2647 1464 nomine
2680 1407 2980 1480 religionis
3020 1413 3085 1462 ut
3111 1406 3295 1463 voluit
3351 1412 3826 1480 argumentatus.
3855 1409 3958 1466 Ju-

2310 1496 2466 1551 daeos
2494 1497 2668 1551 refert
2707 1496 2766 1550 in
2821 1494 3188 1567 expeditione
3225 1496 3409 1551 vastis
3469 1495 3529 1550 in
3587 1495 3730 1552 locis
3787 1513 3958 1569 aqua;

2309 1584 2508 1655 inopia
2538 1583 2888 1648 laborantes,
2922 1585 3180 1655 onagris,
3235 1585 3333 1655 qui
3392 1584 3464 1639 de
3519 1589 3687 1656 pastu
3736 1601 3952 1658 aquam

2309 1675 2548 1744 petituri
2579 1671 3348 1740 aastimabanturﬁndicibus
3381 1674 3559 1728 fontis
3582 1673 3629 1708 "
3660 1691 3798 1730 usos
3829 1691 3957 1730 eva-

2311 1765 2460 1819 sisse
2485 1787 2499 1828 ;
2523 1763 2603 1817 ita
2632 1763 2704 1816 ob
2735 1778 2861 1817 eam
2897 1762 3140 1832 gratiam
3167 1761 3493 1816 consimilis
3522 1762 3722 1818 bestias
3745 1780 3952 1836 super-

2233 1845 2279 1910 B
2313 1853 2498 1906 ficiem
2529 1851 2810 1906 aJudzeis
2859 1851 2990 1916 coli,
3050 1851 3186 1906 inde
3233 1850 3442 1922 opinor
3498 1858 3950 1926 praesumptum,

2314 1957 2419 1995 nos
2451 1957 2680 2011 quoque
2702 1940 3037 1994 utJudaicae
3059 1939 3360 2010 religionis
3378 1942 3738 2013 prOpinquos
3761 1941 3949 1998 eidem

2313 2029 2629 2085 simulacro
2662 2029 2898 2083 initiari.
2935 2029 3162 2083 Atenim
3216 2029 3372 2084 idem
3430 2029 3734 2086 Cornelius
3783 2031 3954 2086 Taci-

2311 2123 2429 2186 tus,
2465 2133 2604 2172 sane
2635 2117 2729 2172 ille
2757 2118 3197 2173 mendaciorum
3231 2118 3708 2189 loquacissimus,
3733 2118 3954 2176 oblitus

2312 2207 2723 2263 aflirmationis
2747 2223 2867 2261 sues
2885 2206 2940 2260 in
2964 2206 3386 2277 posterioribus
3406 2207 3951 2280 refert,Pompeium

2314 2313 2590 2367 magnum
2622 2295 2838 2351 Judmis
2861 2294 3167 2350 debellatis
3199 2296 3502 2367 captisque
3534 2295 3956 2368 Hierosolymis

2311 2385 2596 2457 templum
2628 2384 2820 2439 adisse
2851 2388 2907 2437 et
2963 2387 3394 2454 perscrutatum
3441 2383 3588 2438 nihil
3648 2383 3951 2439 simulacri

2312 2473 2730 2546 reperisse.Ubi
2752 2489 2888 2543 ergo
2920 2472 2971 2527 is
3003 2472 3144 2526 deus
3174 2471 3398 2527 fuerit?
3429 2471 3630 2541 utique
3652 2489 3950 2544 nusquam

2313 2563 2501 2634 magis
2524 2578 2701 2633 quam
2724 2561 2782 2615 in
2815 2559 3032 2630 templo
3053 2564 3172 2614 tam
3209 2559 3598 2629 memorabili,
3621 2561 3948 2632 praesertim

2312 2652 2587 2708 omnibus
2620 2655 2826 2722 praeter
2855 2649 3256 2704 sacerdotibus
3285 2649 3508 2714 clauso,
3557 2665 3673 2720 quo
3703 2666 3818 2705 non
3847 2665 3948 2705 ve-

2313 2746 2578 2797 rerentur
2597 2744 2958 2793 extraneum.
2989 2737 3099 2792 Sed
3133 2737 3272 2809 quid
3305 2753 3410 2810 ego
3454 2738 3784 2806 defendam,
3813 2755 3948 2811 pro-

2312 2831 2504 2885 fessus
2533 2828 2766 2882 interim
2811 2825 3238 2881 confessionem
3269 2825 3647 2897 temporalem
3683 2827 3948 2882 omnium

2309 2920 2366 2975 in
2401 2919 2562 2973 vobis
2587 2933 2654 2971 ex
2687 2915 2811 2987 pari
2843 2915 3381 2970 transferendorum
3403 2914 3432 2969 ?
3469 2916 3750 2971 Credetur
3800 2917 3948 2972 deus

2312 3014 2505 3064 noster
2535 3005 2764 3061 asinina
2786 3003 2984 3075 aliqua
3025 3020 3306 3075 persona;
3331 3008 3484 3060 certe
3524 3003 3810 3076 negabitis
3845 3021 3948 3062 vos

2307 3099 2508 3154 eadem
2533 3095 2745 3150 habere
2777 3093 3101 3148 nobiscum.
3135 3093 3287 3148 Sane
3317 3109 3418 3148 vos
3439 3097 3595 3147 totos
3627 3093 3828 3149 asinos
3858 3109 3948 3149 co-

2229 3206 2272 3274 C
2312 3186 2433 3241 litis
2463 3189 2671 3240 etcum
2694 3199 2801 3238 sua
2832 3182 3050 3274 Epona,
3073 3181 3626 3274 etomniajumenta
3646 3185 3712 3274 et
3739 3198 3952 3254 pecora

2310 3281 2365 3332 et
2388 3275 2785 3344 bestias,quas
2817 3269 3055 3341 perinde
3083 3285 3214 3324 cum
3257 3269 3384 3325 suis
3417 3270 3777 3342 praesepibus
3807 3286 3946 3327 con-

2307 3363 2569 3422 secratis.
2601 3363 2670 3416 Et
2699 3361 2808 3416 hoc
2839 3358 3076 3414 forsitan
3104 3359 3338 3413 crimini
3371 3359 3546 3426 datis,
3592 3360 3748 3430 quod
3793 3358 3948 3415 inter

2307 3451 2555 3508 cultores
2587 3448 2852 3507 omnium
2891 3450 3120 3502 tantum
3155 3447 3394 3502 asinarii
3437 3463 3669 3502 sumus.
3736 3447 3845 3502 Sed
3887 3452 3948 3504 et

2306 3541 2405 3612 qui
2435 3556 2540 3595 nos
2598 3538 2790 3594 crucis
2839 3535 3135 3592 antistites
3181 3537 3455 3602 afﬁrmat,
3515 3551 3943 3592 consecraneus

2303 3629 2412 3685 erit
2442 3631 2659 3684 noster.

2376 3764 2460 3818 12.
2497 3760 2694 3817 Crucis
2725 3757 2999 3830 qualitas,
3031 3756 3266 3829 signum
3298 3760 3388 3812 est
3418 3757 3489 3813 de
3520 3757 3707 3830 ligno;
3758 3757 3938 3814 etiam

2303 3853 2372 3908 de
2397 3850 2639 3907 materia
2657 3849 2845 3905 colitis
2868 3863 3046 3919 penes
3075 3863 3178 3902 vos
3201 3861 3332 3900 eum
3351 3845 3576 3918 effigie;
3601 3862 3938 3918 quanquam

2305 3941 2458 3997 sicut
2491 3945 2748 3995 vestrum
2780 3937 3038 3992 humana
3071 3935 3261 4006 figura
3287 3939 3396 4000 est,
3429 3933 3511 3991 ita
3557 3939 3616 3991 et
3674 3939 3942 3992 nostrum

2305 4029 2560 4103 propria.
2595 4026 2860 4082 Viderint
2887 4040 3040 4079 nunc
3071 4022 3434 4090 liniamenta,
3495 4023 3636 4078 dum
3691 4041 3816 4080 una
3871 4024 3951 4081 sit

2307 4119 2598 4192 qualitas;
2634 4115 2844 4171 viderit
2872 4113 3226 4178 forma,dum
3258 4112 3452 4185 ipsum
3484 4111 3562 4167 sit
3593 4114 3691 4170 Dei
3711 4129 3948 4186 corpus.

2308 4207 2470 4272 Quod
2503 4206 2554 4262 si
2585 4205 2655 4260 de
2685 4204 2840 4262 578
2870 4203 2978 4258 hoc
3008 4201 3338 4257 differentia
3369 4200 3697 4271 intercedit,
3728 4207 3950 4274 quanto

2311 4295 2694 4367 distinguitur
2723 4313 2754 4350 a
2785 4292 2978 4348 crucis
3010 4290 3210 4362 stipite
3239 4289 3430 4346 Palias
3466 4291 3656 4348 Attica
3685 4295 3743 4346 et
3781 4294 3951 4349 Ceres

2315 4385 2538 4452 Pharia,
2573 4400 2699 4456 quae
2724 4382 2850 4438 sine
2881 4383 3068 4436 forma
3090 4379 3219 4434 rudi
3244 4377 3373 4450 palo
3404 4382 3462 4434 et
3491 4378 3617 4434 solo
3675 4379 3950 4436 staticulo

2314 4473 2456 4546 ligni
2481 4471 2750 4527 informis
2770 4466 3259 4540 representatur?
3281 4471 3422 4523 Pars
3454 4467 3666 4536 crucis,
3708 4474 3766 4523 et
3817 4469 3952 4539 qui-

547 4556 721 4611 vestri
744 4555 1003 4628 quamde
1023 4556 1193 4612 nobis
1210 4563 1549 4629 querantur.
1596 4601 1609 4615 .
1656 4601 1668 4614 .
1715 4602 1726 4614 .
1774 4602 1786 4615 .
1820 4577 1888 4616 ex
1907 4560 2022 4616 alia
2039 4567 2200 4633 parte
2235 4549 2278 4612 Ι)
2312 4563 2442 4617 dem
2481 4562 2790 4633 majus,est
2819 4560 2932 4632 (45)
2955 4573 3127 4615 omne
3158 4557 3514 4629 robur,quod
3546 4557 3618 4615 de
3647 4561 3801 4614 recta
3831 4560 3952 4614 sta-

1971 4696 2174 4757 Variaa
2205 4697 2524 4758 lectiones.

621 4797 662 4840 9"
691 4796 887 4867 Rigalt.
925 4795 1145 4867 heram,
1178 4798 1272 4853 sed
1303 4797 1532 4854 hircum
1564 4801 1909 4857 scribendum
1949 4818 2065 4858 esse
2094 4801 2245 4858 docet
2273 4803 2428 4873 Apol.
2465 4802 2551 4857 14.

1997 4922 2513 4982 Commentarius.

551 5036 779 5098 merum
804 5020 1006 5098 Ιζιαάοδ
1038 5022 1106 5088 II,
1139 5024 1351 5098 v._453,
1374 5026 1470 5080 ubi
1501 5026 1892 5096 Sarpedonem
1934 5025 2190 5084 intuitus

2306 5030 2494 5097 iurare
2525 5040 2792 5098 anserem
2818 5028 2882 5098 et
2912 5021 3236 5098 platanum,
3262 5040 3290 5098 ξ)
3311 5016 3530 5098 ρμνύξξγ
3557 5019 3650 5075 τὸν
3679 5019 3814 5098 nova
3865 5022 3957 5076 καὶ

548 5094 798 5172 Jupiter,
820 5094 1112 5172 Jun_onem
1135 5090 2106 5172 alioquitur,sum'mumquerquem
2128 5117 2195 5154 ex
2292 5090 2393 5172 ’τὸγ
2425 5103 2570 5172 χῆνα
2596 5096 2686 5172 ita?
2715 5090 3010 5168 πκίάταιῖον.
3065 5090 3425 5164 Theophilus
3458 5091 3558 5148 lib.
3584 5109 3668 5161 in,
3716 5095 3788 5151 ad
3840 5098 3958 5152 Au-

548 5167 676 5237 ejus
705 5171 891 5222 morte
923 5167 1121 5222 futura
1150 5167 1454 5222 hauriebat
1485 5168 1766 5239 dolorem,
1802 5167 2055 5226 indicat:

616 5279 785 5361 ζῼμρι.
813 5270 1088 5361 ξγιὶδνΞΙὸτε
1113 5293 1230 5361 po‘u
1266 5271 1612 5361 Σοεείτιτήδονςκδ
1632 5275 1892 5361 φίλςατεζν
1924 5274 2154 5352 ἄνδρων,

692 5342 736 5358 ν..
775 5350 785 5366 ,
826 5342 860 5362 ν-
900 5344 911 5360 ε
1113 5342 1125 5361 ί
1349 5342 1356 5348 ·
1447 5342 1452 5343 ⁷
1564 5343 1612 5366 ιδ
1646 5342 1654 5350 ·
1842 5355 1867 5366 -

622 5345 769 5420 Μοιρ
817 5365 920 5398 uno
954 5342 1299 5417 Ηατροκλοιο
1328 5351 1682 5401 Μενοιτιαοαο
1723 5345 1977 5420 δαμηναι.

624 5451 783 5514 Quod
815 5455 876 5504 ut
912 5451 1024 5505 alia
1049 5451 1281 5506 infinita
1310 5455 1416 5508 deo
1450 5471 1564 5508 non
1598 5453 1787 5510 solum
1849 5459 1950 5510 aut
2002 5455 2193 5522 heroe,

550 5521 863 5596 indignum
900 5525 1000 5577 sed
1033 5525 1154 5578 viro
1190 5525 1323 5579 forti
1355 5526 1596 5596 indigna
1630 5531 1788 5581 sunt.
1826 5526 1920 5582 Ls.
1948 5530 2039 5581 Pr.

627 5595 1040 5668 («l2_)7Quw-cum
1069 5599 1121 5668 et
1150 5602 1429 5668 cancmet
1471 5595 1650 5668 feram
1705 5599 1870 5666 iurat.
1929 5598 2036 5652 Alii
2084 5596 2193 5668 ha-

559 5663 946 5733 beuthircum,
980 5667 1064 5722 sic
1099 5667 1349 5738 legimus
1381 5670 1437 5724 in
1459 5663 1676 5741 Apolog.
1703 5663 1722 5716 ὲ
1748 5668 1980 5726 Solebat
2017 5667 2192 5726 etiam

2303 5169 2561 5240 tolyc'um
2595 5170 2753 5240 lusu.

2401 5232 2490 5309 t3)
2523 5241 2583 5295 In
2610 5239 2839 5294 calvitio
2868 5234 3230 5310 pennatam}.
3266 5232 3474 5310 Galero
3518 5240 3808 5310 pennata.

2401 5307 2482 5380 44)
2516 5313 2574 5366 1η
2607 5311 2809 5366 caduco
2852 5307 3139 5381 ignitulus.
3173 5307 3482 5381 Sejpentes
3514 5307 3750 5380 implexi
3781 5308 3958 5381 virga!

2301 5379 2537 5455 linguas
2572 5381 2848 5452 ignitulas
2875 5379 3205 5455 viorabant.
3230 5379 3360 5455 R10.

2378 5450 2489 5526 (T45)
2518 5450 2652 5511 Pars
2681 5455 2876 5519 crucis,
2909 5457 2956 5508 et
2986 5452 3206 5526 quidem
3237 5450 3417 5526 majus
3463 5454 3559 5515 est,
3583 5453 3692 5514 etc,
3745 5453 3957 5507 Cruces

2305 5522 2480 5582 nobis
2551 5527 2943 5598 reliquuntur,
3001 5522 3530 5598 nobis_ﬂguntur,
3609 5526 3669 5598 at
3741 5539 3810 5577 ex
3889 5540 3956 5579 eo

2306 5599 2602 5654 maximus
2633 5592 2694 5655 in
2725 5615 2830 5654 nos
2888 5597 3073 5654 honos
3131 5592 3439 5649 redundat.
3490 5595 3660 5664 Apud
3732 5600 3954 5652 veteres

2305 5671 2522 5743 quippe
2551 5671 2912 5730 Christianos
2943 5685 3085 5726 crux
3113 5681 3346 5738 semper
3377 5663 3559 5722 rebus
3585 5666 3645 5722 in
3677 5666 3955 5726 omnibus
