4264 6394
301 379 416 441 649

1530 387 1635 446 AD
1680 385 2095 448 NATIONES.
2131 416 2208 430 -—
2242 387 2385 447 LIB.
2432 388 2481 448 Ι.

3590 383 3713 445 650

302 513 456 568 tione
489 512 781 586 deﬁgitur.
813 515 923 570 Sed
959 514 1129 571 nobis
1150 518 1273 572 tota
1294 532 1435 571 crux
1456 516 1784 588 imputatur
1815 531 1949 572 cum
1987 519 2036 587 Α
2066 532 2176 571 nus
2208 520 2500 585 censetur,
2536 520 2694 573 tanto
2723 516 2880 587 origo
2910 514 3254 572 convenitur
3284 515 3343 570 in
3387 514 3711 586 genere.,Si

306 606 584 657 antemna
616 603 862 659 scillicet
894 620 1001 659 sua
1030 620 1163 660 cum
1202 604 1301 660 illo
1332 605 1537 661 sedilis
1568 621 1802 661 excessu
1841 606 1956 678 (46)

305 693 415 747 Hoc
447 692 685 763 quidem
714 709 819 748 vos
869 694 1341 764 incusabiliores,
1401 695 1503 766 qui
1566 694 1844 750 mutilum
1897 700 1955 750 et

301 786 574 836 truncum
606 781 849 837 dicastis
880 780 1104 853 lignum
1134 783 1290 854 quod
1323 783 1419 838 alii
1454 782 1690 855 plenum
1711 788 1768 838 et
1798 788 1954 839 stru-

300 875 457 925 ctum
480 876 989 927 consecraverunt.
1025 873 1330 928 Enimvero
1361 872 1433 927 de
1473 872 1699 944 reliquo
1732 874 1955 943 integra

301 964 386 1014 est
415 958 619 1030 religio
652 960 813 1015 vobis
847 961 1087 1033 integrae
1140 961 1348 1026 crucis,
1411 963 1563 1017 sicut
1621 962 1951 1017 ostendam.

301 1047 585 1119 Ignoratis
619 1053 814 1103 autem
852 1049 1028 1104 etiam
1061 1049 1348 1122 originem
1382 1051 1555 1105 istam
1588 1051 1714 1103 deis
1745 1050 1955 1105 vestris

301 1138 367 1191 de
396 1137 507 1192 isto
522 1138 784 1209 patibulo
813 1138 1170 1210 provenisse.
1190 1139 1334 1193 Nam
1359 1156 1530 1195 omne
1569 1139 1953 1194 simulacrum

302 1244 400 1281 seu
425 1225 584 1297 ligno
617 1244 720 1282 seu
756 1226 949 1298 lapide
991 1229 1378 1300 desculpitur,
1411 1244 1513 1283 seu
1546 1245 1657 1283 are
1686 1227 1954 1283 defundi-

303 1321 416 1382 tur,
450 1332 550 1371 seu
579 1333 931 1388 quacunque
960 1316 1074 1372 alia
1104 1316 1485 1389 locupletiore
1530 1319 1770 1372 materia
1823 1334 1953 1388 pro-

304 1404 557 1474 ducitur,
592 1404 848 1475 plasticm
882 1422 1091 1459 manus
1152 1408 1481 1475 pracmdant
1538 1422 1777 1460 necesse
1829 1409 1951 1459 estf

299 1491 487 1563 plasta
511 1497 707 1547 autem
747 1491 977 1564 lignum
1009 1494 1199 1549 erucis
1233 1495 1289 1548 in
1334 1495 1522 1565 primo
1555 1496 1781 1565 statuit,
1808 1510 1953 1565 quo-

304 1581 456 1635 niam
490 1580 603 1652 ipsi
638 1597 869 1652 quoque
901 1584 1128 1653 corpori
1164 1587 1362 1638 nostro
1394 1584 1571 1637 tacita
1627 1589 1684 1636 et
1734 1588 1958 1637 secreta

303 1668 458 1725 linea
488 1671 678 1725 crucis
722 1671 875 1726 situs
905 1676 1017 1726 est.
1049 1672 1210 1736 Quod
1273 1677 1448 1743 caput
1506 1671 1738 1738 emicat,
1801 1673 1955 1743 quod

305 1758 474 1829 epina
506 1758 798 1830 dirigitur,
831 1760 982 1830 quod
1016 1760 1396 1815 humerorum
1440 1760 1830 1831 obliquatio...
1897 1760 1955 1816 Si

306 1848 582 1903 statueris
615 1848 913 1903 hominem
954 1850 1226 1905 manibus
1286 1849 1583 1921 expansis,
1635 1849 1951 1921 imagiuem

307 1937 494 1991 crucis
524 1936 749 1992 feceris.
788 1937 927 1992 Huic
958 1937 1140 2008 igitur
1170 1939 1426 2004 exordio,
1473 1943 1529 1992 et
1557 1937 1716 1993 velut
1771 1944 1956 1993 statu-

309 2025 453 2079 mini
498 2025 707 2097 argilla
764 2028 1017 2098 desuper
1074 2028 1294 2082 intexta
1352 2026 1630 2099 paulatim
1694 2028 1959 2082 membra

308 2114 582 2187 complet,
615 2121 671 2170 et
700 2131 910 2187 corpus
943 2117 1139 2185 struit,
1182 2121 1239 2171 et
1290 2116 1575 2184 habitum,
1606 2133 1779 2187 quem
1832 2115 1955 2188 pla-

309 2207 429 2260 cuit
455 2204 696 2276 argillae,
731 2206 891 2261 intus
922 2206 1081 2260 cruci
1114 2207 1327 2277 ingerit
1362 2232 1375 2273 ;
1435 2207 1571 2262 inde
1627 2208 1845 2261 circino
1902 2211 1959 2261 et

315 2293 572 2365 plumbis
600 2294 856 2348 modulis
889 2295 1233 2367 praeparatio
1266 2295 1566 2351 simulacri
1590 2296 1648 2350 in
1681 2312 1955 2365 marmor,

310 2383 367 2440 in
402 2384 613 2448 lutum,
650 2383 736 2438 vel
785 2400 884 2452 sas,
920 2383 1006 2439 vel
1055 2384 1450 2456 quodcunque
1510 2384 1730 2457 placuit
1781 2386 1954 2439 deum

311 2472 1047 2544 ﬁeri,transmigratur.A
1107 2488 1277 2528 cruce
1335 2473 1563 2545 argilla,
1623 2475 1695 2529 ab
1752 2474 1960 2547 argilla

308 2562 444 2617 deus
476 2580 488 2618 :
524 2562 957 2632 quodammodo
989 2563 1203 2616 transit
1233 2580 1373 2617 crux
1403 2564 1462 2617 in
1478 2566 1648 2618 deum
1709 2580 1811 2634 per
1865 2581 1958 2619 ar-

307 2651 527 2723 gillam.
562 2651 803 2707 Crucem
838 2650 1018 2723 igitur
1038 2638 1396 2708 consecratis
1428 2669 1461 2708 a
1517 2670 1630 2723 qua
1679 2653 1961 2725 incipitur

306 2744 703 2798 consecratus.
736 2739 998 2812 Exempli
1029 2740 1220 2813 gratia
1275 2742 1499 2797 dictum
1560 2742 1690 2811 erit,
1750 2760 1960 2814 nempe

305 2831 376 2886 de
403 2829 563 2886 oliva‘.
595 2829 803 2885 nucleo
826 2835 882 2883 et
904 2846 1053 2884 nuce
1077 2830 1286 2901 persici
1316 2835 1369 2885 et
1394 2847 1575 2901 grano
1610 2832 1827 2903 piperis
1850 2834 1958 2889 sub

303 2922 461 2973 terra
503 2921 829 2989 temperato
865 2917 1038 2972 arbor
1068 2916 1330 2989 exsurgit
1359 2918 1418 2971 in
1475 2934 1692 2988 ramos,
1754 2920 1810 2974 in
1867 2937 1959 2976 co-

307 3023 488 3073 mam,
514 3007 572 3061 in
614 3005 869 3075 speciem
900 3006 993 3061 sui
1023 3006 1276 3077 generis.
1308 3010 1448 3060 Eam
1508 3007 1557 3062 si
1616 3009 1956 3076 transferas,

307 3094 397 3150 vel
421 3095 490 3148 de
514 3093 769 3148 brachiis
802 3095 930 3165 ejus
962 3094 1018 3148 in
1050 3094 1224 3149 aliam
1276 3094 1539 3149 subolem
1602 3097 1806 3166 utaris,
1868 3098 1959 3152 cui

310 3182 691 3254 deputabitur
748 3183 901 3254 quod
936 3183 1005 3238 de
1060 3183 1300 3238 traduce
1360 3184 1677 3255 provenit?
1709 3203 1824 3241 non
1875 3187 1956 3241 illi

1986 1892 2033 1957 B

2064 604 2243 675 igitur
2271 604 2329 660 in
2371 622 2580 677 genere
2612 606 2853 661 deorum
2899 621 3137 660 crucum
3180 603 3465 675 originem
3499 603 3710 673 colitis,

2067 691 2157 746 hic
2184 692 2294 746 erit
2317 693 2564 748 nucleus
2596 699 2650 748 et
2680 709 2928 765 granum
2962 692 3360 764 primordiale.
3395 708 3461 747 ex
3496 692 3713 764 quibus

2065 781 2219 851 apud
2268 798 2369 835 vos
2420 781 2871 836 simulacrorum
2932 780 3087 836 silvas
3147 784 3566 851 propagantur.
3624 781 3711 836 Ad

2064 869 2379 925 manifesta
2401 872 2525 941 jam
2558 872 2602 905 ²⁹
2635 887 2646 926 :
2682 870 2967 925 Victorias
3000 874 3064 924 ut
3090 869 3358 938 numina,
3389 872 3447 925 et
3470 870 3709 941 quidem

2065 960 2406 1029 augustiora
2464 964 2684 1031 quanto
2745 959 2985 1029 lentiora,
3043 959 3423 1014 veneramini.
3496 963 3707 1014 Con....

2064 1047 2381 1118 0ne3°quid
2407 1048 2617 1104 melius
2641 1048 2921 1103 extollant
2947 1049 3098 1103 579
3123 1064 3322 1102 cruces
3345 1051 3537 1103 erumt
3558 1049 3712 1103 inte-

2066 1137 2221 1191 stina
2255 1138 2689 1207 quodammodo
2722 1142 3092 1207 tropaeorum.
3126 1137 3406 1207 Itaquein
3438 1137 3711 1192 Victoriis

2064 1230 2122 1279 et
2152 1242 2350 1279 cruces
2381 1227 2517 1280 colit
2545 1227 2862 1281 castrensis
2896 1225 3120 1297 religio,
3153 1226 3324 1297 signa
3354 1226 3578 1294 adorat,
3629 1226 3708 1282 si-

2065 1330 2179 1385 gna
2211 1315 2450 1384 dejerat,
2486 1315 2654 1387 signa
2680 1314 2793 1385 ipsi
2822 1315 2949 1369 Jovi
2984 1314 3230 1384 praefert.
3259 1315 3368 1369 Sed
3414 1314 3511 1370 ille
3564 1315 3710 1370 ima-

2065 1403 2269 1473 ginum
2303 1408 2619 1474 suggestus
2653 1409 2708 1458 et
2740 1404 2921 1459 totius
2942 1403 3069 1459 auri
3104 1403 3295 1458 cultus
3328 1404 3566 1459 monilia
3588 1420 3713 1460 cru-

2066 1508 2199 1547 cum
2234 1498 2389 1547 sunt.
2417 1494 2509 1547 Sic
2550 1493 2724 1548 etiam
2759 1493 2817 1547 in
2879 1493 3176 1547 cantabris
3234 1496 3413 1564 atque
3467 1494 3712 1563 vexillis,

2066 1598 2191 1651 quas
2218 1598 2329 1635 non
2353 1582 2576 1636 minore
2604 1582 2916 1637 sanctitate
2940 1581 3150 1637 militia
3171 1582 3446 1650 custodit,
3480 1582 3716 1654 siphara

2076 1670 2177 1723 illa
2208 1675 2400 1725 vestes
2433 1686 2674 1725 crucum
2711 1675 2871 1726 sunt.
2913 1671 3296 1739 Erubescitis,
3348 1672 3575 1743 opinor,
3625 1673 3716 1727 in-

2067 1758 2253 1813 cultas
2281 1764 2337 1814 et
2368 1760 2555 1814 nudas
2586 1775 2755 1815 erues
2787 1759 3001 1815 colere.

2142 1850 2225 1903 13.
2248 1848 2358 1903 Alii
2386 1848 2556 1921 plane
2578 1848 2898 1904 humanius
2922 1848 3103 1905 solem
3124 1838 3523 1906 Christianum
3540 1851 3716 1906 deum

2063 1938 2379 2004 aestimant,
2416 1939 2572 2010 quod
2604 1937 2929 1995 innotuerit
2960 1940 3032 1995 ad
3061 1939 3300 1995 orientis
3350 1944 3575 2012 partem
3628 1940 3718 1996 fa-

2065 2042 2193 2081 cere
2226 2044 2331 2083 nos
2364 2028 2757 2099 precationem
2796 2028 2910 2097 (47)
2964 2027 3053 2084 vel
3110 2028 3202 2083 die
3260 2027 3404 2083 solis
3452 2028 3715 2084 laetitiam

2065 2133 2292 2171 curare.
2326 2117 2471 2183 Quid
2503 2132 2607 2171 vos
2640 2117 2836 2172 minus
2868 2117 3058 2172 facitis
3087 2117 3114 2171 *ἲ
3136 2117 3259 2171 Non
3291 2116 3553 2189 plerique
3580 2119 3718 2174 alle-

2067 2206 2320 2259 ctatione
2350 2205 2631 2260 adorandi
2662 2204 2979 2276 aliquando
3011 2206 3189 2260 etiam
3224 2205 3481 2261 caelestia
3520 2208 3593 2263 ad
3622 2224 3720 2263 so-

2067 2294 2139 2349 lis
2171 2294 2406 2349 initium
2460 2293 2626 2349 labra
2673 2292 2971 2349 vibratis?
3022 2294 3138 2350 Vos
3193 2299 3347 2350 certe
3394 2295 3555 2362 estis,
3616 2298 3718 2369 qui

2066 2384 2240 2438 etiam
2276 2384 2332 2437 in
2365 2383 2711 2438 laterculurn
2738 2386 2961 2454 septem
2994 2382 3220 2438 dierum
3267 2382 3449 2439 solem
3498 2385 3716 2457 recepi-

2066 2473 2193 2534 stis,
2227 2476 2282 2527 et
2310 2488 2377 2527 ex
2410 2472 2616 2527 diebus
2642 2472 2835 2544 ipsum
2872 2471 3240 2543 prazlegistis,
3276 2489 3390 2544 quo
3436 2474 3527 2530 die
3558 2473 3714 2531 lava-

2068 2577 2230 2615 crum
2266 2559 2651 2625 subtrahatis,
2685 2561 2865 2614 autin
2898 2576 3201 2631 vesperam
3253 2561 3558 2631 ditt’eratis,
3618 2566 3721 2619 aut

2069 2650 2253 2705 otium
2285 2655 2341 2704 et
2371 2649 2686 2721 prandium
2720 2648 2958 2703 curetis.
3011 2649 3173 2713 Quod
3234 2651 3474 2721 quidem
3527 2652 3717 2709 facitis

2068 2738 2463 2795 exorbitantes
2496 2742 2553 2793 et
2581 2736 2696 2810 ipsi
2730 2754 2763 2792 a
2794 2738 3005 2793 vestris
3036 2739 3107 2794 ad
3140 2738 3364 2795 alienas
3380 2739 3711 2813 religiones.

2066 2828 2251 2884 Judaei
2277 2827 2431 2883 enim
2464 2827 2618 2899 festi,
2651 2827 2907 2884 Sabbata
2936 2832 2992 2883 et
3022 2846 3185 2885 ccena
3215 2847 3384 2902 pura,
3417 2832 3715 2902 etjudaici

2070 2919 2219 2972 ritus
2249 2917 2624 2971 lucernarum
2657 2920 2711 2971 et
2740 2916 2969 2987 jejunis
2997 2935 3131 2973 cum
3163 2919 3382 2991 azymis
3412 2926 3471 2975 et
3500 2921 3716 2976 oratio-

2070 3024 2173 3061 nes
2203 3004 2507 3073 littorales,
2541 3022 2668 3077 quae
2727 3008 2930 3077 utique
2978 3006 3171 3062 aliena
3202 3013 3341 3063 sunt
3398 3026 3432 3064 a
3483 3010 3598 3066 diis
3627 3027 3720 3066 ve-

2069 3094 2227 3149 stris.
2264 3096 2469 3160 Quare,
2505 3098 2570 3148 nt
2599 3093 2671 3148 ab
2692 3108 2930 3149 excessu
2966 3098 3240 3160 revertar,
3278 3095 3379 3166 qui
3420 3094 3604 3151 solem
3662 3102 3720 3152 et

2076 3183 2228 3239 diem
2253 3185 2380 3253 ejus
2403 3183 2572 3237 nobis
2598 3182 2980 3254 exprobratis,
3014 3184 3310 3254 agnoscite
3359 3184 3717 3242 vicinitatem

311 3287 492 3343 grano
525 3278 625 3325 aut
670 3271 804 3326 nuci
838 3277 939 3326 aut
968 3272 1173 3327 nucleo
1194 3272 1222 3326 ‘I
1255 3270 1398 3327 Nam
1434 3290 1568 3327 cum
1598 3274 1806 3329 tertius
1830 3291 1959 3346 gra-
1993 3250 2036 3319 α
2077 3290 2189 3327 non
2224 3272 2395 3343 longe
2426 3288 2458 3325 a
2489 3272 2741 3325 Saturno
2772 3276 2828 3324 et
2859 3271 3121 3326 sabbatis
3152 3272 3363 3327 vestris
3395 3289 3616 3329 sumus.

309 3361 421 3415 dus
471 3362 725 3415 secundo
781 3361 1119 3427 ascribitur,
1163 3376 1324 3431 mque
1383 3360 1573 3431 primo
1639 3365 1955 3432 secundus,

307 3450 392 3505 sic
418 3448 625 3503 tertius
652 3448 937 3519 redigitur
970 3449 1039 3503 ad
1101 3447 1359 3519 primum
1418 3451 1808 3507 transmissus
1859 3469 1960 3523 per

305 3538 652 3593 secundum.
686 3536 797 3593 Nec
825 3536 1046 3592 diutius
1070 3552 1247 3608 super
1276 3538 1390 3593 isto
1423 3542 1955 3609 argumentandum

304 3630 411 3693 est,
445 3626 678 3697 quando
712 3626 969 3681 naturali
998 3626 1437 3697 praescriptione
1483 3644 1656 3683 omne
1715 3632 1955 3686 omnino

302 3730 749 3787 genuscensum
780 3716 851 3771 ad
897 3715 1182 3787 originem
1233 3716 1429 3785 refert,
1480 3721 1815 3788 quantoque
1866 3736 1956 3790 ge-

2144 3362 2229 3415 14.
2256 3361 2542 3431 Novajam
2562 3360 2632 3414 de
2651 3360 2765 3414 Deo
2786 3364 2983 3415 nostro
3004 3361 3156 3416 fama
3192 3362 3506 3434 suggessit,
3550 3365 3706 3419 Adeo

2069 3468 2255 3523 nuper
2282 3449 2522 3520 Quidam
2553 3448 2990 3521 perditissimus
3021 3450 3081 3505 in
3110 3450 3223 3506 ista
3252 3451 3509 3524 civitate,
3540 3453 3716 3509 etiam

2068 3558 2185 3597 suze
2218 3538 2517 3609 religionis
2558 3539 2839 3605 desertor,
2875 3538 2997 3594 solo
3032 3540 3383 3597 detrimento
3417 3542 3567 3597 cutis
3606 3543 3717 3598 Ju-

2067 3630 2248 3696 dssus,
2284 3628 2487 3697 utique
2520 3627 2707 3699 magis
2764 3632 2898 3699 post
2954 3628 3275 3685 bestiarum
3326 3647 3583 3699 morsus,
3642 3633 3717 3687 ad

2066 3735 2213 3790 quas
2233 3732 2294 3773 se
2320 3714 2564 3772 locando
2594 3716 2710 3788 (48)
2740 3716 3004 3788 quotidie
3034 3722 3156 3775 toto
3174 3720 3314 3790 ,jam
3347 3736 3585 3793 corpore
3616 3722 3717 3777 de-

1727 3909 1931 3970 Varise
1960 3909 2283 3971 lectiones.

310 4045 357 4080 ³⁸
388 4047 594 4116 Rigalt.
626 4046 700 4103 At
727 4062 862 4101 man
898 4070 913 4113 ς
948 4045 1144 4103 Verius
1175 4044 1306 4102 Ηαυ.
1340 4046 1409 4100 ad
1444 4062 1605 4103 man.
1637 4047 1681 4083 ⁸ο
1710 4050 1847 4104 Ηαυ.
1882 4065 1960 4105 cm

2072 4048 2334 4117 ;natione.

1754 4225 2280 4288 Commentarius.

316 4368 727 4436 adhibebatur,
762 4367 1117 4440 signumque
1145 4368 1306 4423 illius
1338 4372 1471 4423 ante
1495 4383 1585 4423 res
1617 4383 1820 4422 omnes
1847 4368 1963 4422 im-

313 4442 699 4512 primebatur,
734 4447 863 4511 Ipse
920 4440 1141 4512 Tertul,
1174 4441 1237 4496 de
1281 4441 1506 4512 Corona
1554 4441 1666 4512 Mil,
1719 4440 1965 4512 Cyrillus

314 4507 529 4567 catech.
570 4529 670 4566 IV:
724 4507 874 4564 Ηόιεῖ
922 4507 979 4564 δὲ
1028 4514 1188 4564 τοῦτο
1221 4510 1294 4582 ⁷τὸ
1341 4516 1588 4582 σημεῖρν,
1640 4507 1829 4573 ἐσθίίον
1875 4509 1964 4563 καὶ

314 4583 483 4669 πίξων
521 4625 534 4649 ,
596 4584 902 4654 καθήμενος
940 4628 954 4651 ,
1011 4580 1449 4669 κοιταζρμενος,
1505 4580 1915 4669 ἐξανιστάμενος
1951 4625 1965 4651 ,

317 4652 530 4726 λαλῶν)
585 4652 919 4727 περιπατῶν,
982 4652 1312 4726 ἁπαξαπλῶς
1370 4654 1419 4707 ἐν
1478 4656 1633 4707 παντὶ
1661 4652 1962 4727 πράγματυ

393 4750 418 4777 ‹‹
450 4727 557 4781 Fac
579 4728 722 4781 illud
751 4730 1012 4798 signum,
1042 4730 1356 4783 comedens
1388 4733 1443 4783 et
1475 4729 1698 4794 bibens,
1734 4731 1964 4782 sedens.

2073 4366 2215 4421 ἀξίοις
2274 4363 2510 4439 dicitur,
2570 4363 2876 4420 Unicornis
2922 4365 2981 4420 in
3044 4366 3235 4422 medio
3287 4366 3522 4439 stipata.
3588 4372 3717 4426 Βία.

2147 4439 2253 4508 (47)
2280 4438 2392 4511 _Ad
2421 4438 2648 4511 orientis
2674 4440 2889 4511 partem
2940 4440 3126 4507 facere
3180 4454 3277 4494 nos
3319 4438 3717 4511 precationem.

2072 4509 2459 4563 Verissimum
2492 4508 3008 4579 certissimumque
3030 4513 3118 4563 est
3147 4508 3508 4569 Christianos
3532 4515 3718 4569 orien-

2078 4586 2190 4635 tem
2226 4596 2427 4635 versus
2462 4596 2663 4654 preces
2690 4597 2827 4654 suas
2862 4598 3203 4654 nuncupare
3249 4583 3450 4640 solitos
3484 4602 3497 4652 ;
3560 4586 3721 4641 illius

2077 4662 2268 4709 autem
2304 4651 2747 4707 consuetudinis
2791 4653 2912 4706 hac
2942 4651 3083 4708 erat“
3115 4654 3281 4709 ratio.
3316 4651 3582 4713 Christus
3610 4659 3725 4714 Do-

2080 4726 2375 4801 minusin
2397 4740 2565 4801 cruce
2596 4724 2953 4801 constitutus
2976 4726 3063 4801 ad
3081 4742 3351 4801 occasum
3382 4730 3727 4801 respiciebat

319 4800 630 4880 recubans,
657 4796 909 4880 erectus,
951 4799 1216 4880 loquens,
1270 4800 1625 4880 ambulans,‘
1655 4816 1765 4880 uno
1796 4801 1970 4880 verbo
2004 4816 2047 4880 ι)
2081 4798 2216 4851 inde
2246 4796 2559 4880 Christiani
2594 4800 2868 4880 tanquam
2897 4798 3103 4880 defixis
3134 4796 3517 4880 in__(1hristum
3541 4803 3727 4858 oculis

321 4871 380 4925 in
415 4872 573 4925 omni
602 4872 956 4926 occasione.»
1004 4872 1257 4926 Basilius
1318 4871 1533 4941 Magi.
1594 4872 1656 4925 de
1707 4874 1761 4925 ὅ.
1824 4872 1966 4940 Spir.

323 4959 374 4997 c.
407 4945 497 5007 27,
531 4943 675 4997 illud
736 4944 967 5013 reponit
1012 4945 1165 4999 inter
1221 4944 1567 4997 traditiones
1624 4943 1976 5015 apostolicus

324 5031 441 5069 non
473 5017 744 5085 scriptas.
783 5016 854 5069 Ls
888 5017 983 5068 Pa.

398 5087 510 5156 (46)
544 5086 677 5141 Cum
707 5088 803 5141 illo
834 5086 1024 5141 sedilis
1054 5101 1297 5141 excessu.
1330 5085 1517 5140 Sedile
1567 5087 1755 5141 crucis
1802 5085 1971 5157 palus

323 5157 436 5211 fuit
485 5161 731 5227 brevior,
786 5159 977 5213 medio
1036 5159 1221 5227 stipiti
1273 5159 1586 5227 impactus.
1654 5159 1969 5211 Excessum

324 5245 461 5285 vero
494 5230 695 5285 sedilis
729 5230 889 5297 dicit,
922 5230 1058 5301 quia
1093 5229 1261 5300 palus
1292 5228 1401 5284 iste
1434 5231 1490 5283 in
1525 5246 1639 5301 quo
1689 5231 1973 5284 sedebant

325 5301 620 5373 cruciarii,
660 5302 957 5357 eminebat
986 5302 1045 5355 in
1080 5301 1271 5373 medio
1304 5302 1595 5373 stipitead
1658 5318 1845 5373 usum
1885 5317 1972 5355 se-

323 5372 461 5447 dilis
495 5390 513 5447 :_
556 5371 781 5447 "Evnn'p
838 5373 999 5447 péqtp
1044 5369 1400 5447 πηγςιύμενον’
1445 5370 1603 5447 ξύλοᾷν
1663 5371 1737 5432 ὡς
1794 5369 1974 5445 κέρας,

322 5443 413 5497 καὶ
464 5444 592 5497 αὑτὸ
651 5442 879 5518 ἐξεχονί,Δ
920 5442 999 5516 ἐφ’
1051 5444 1096 5514 ᾧ
1139 5442 1478 5518 ’ἐποχοῦνται
1537 5445 1588 5498 οἱ
1641 5442 1976 5517 σταυρούμε-

323 5536 437 5577 νοι.
487 5517 684 5585 inquit
729 5515 1024 5584 Justinus,
1077 5515 1303 5587 Dialogo
1351 5518 1558 5572 advers.
1640 5515 1975 5587 Tryphonem

327 5588 618 5653 Judaeum,
666 5594 923 5643 Irentsus
971 5588 1072 5642 lib.
1121 5605 1181 5655 1i,
1227 5605 1366 5660 cap.
1430 5591 1517 5643 42.
1570 5590 1697 5658 Ipse
1742 5588 1979 5643 habitus

333 5661 525 5715 crucis
553 5662 698 5716 ﬁnes
731 5666 786 5713 ct
817 5664 1194 5714 summitates
1222 5659 1398 5716 habet
1439 5662 1717 5731 quinque,
1752 5662 1897 5715 duos
1920 5661 1976 5713 in

333 5732 724 5804 longitudine,
750 5740 805 5788 et
838 5748 1018 5787 unum
1051 5732 1108 5786 in
1145 5733 1332 5787 medio
1366 5734 1463 5787 ubi
1517 5734 1848 5804 requiescit,
1882 5731 1979 5801 qui

339 5802 515 5861 clavis
546 5805 825 5879 afﬁgitur.
873 5804 1045 5861 Palus
1077 5804 1187 5861 iste
1214 5804 1524 5862 medianus
1554 5805 1657 5861 lib.
1692 5802 1841 5863 adv.’
1878 5809 1981 5863 Ju-

619 5936 885 6003 Pnsoa.
931 5933 983 5999 Ι.

2087 4884 2288 4947 versus
2321 4868 2602 4947 orientem
2637 4884 2698 4922 se
2732 4868 3131 4947 obvertebant.
3160 4942 3177 4947 _
3201 4876 3256 4924 S.
3320 4873 3726 4947 Hieronymus,

2091 4943 2157 4996 ad
2187 4957 2311 5011 cap.
2356 4939 2960 5020 Viprophetse-Amos
2996 4959 3016 5020 _:
3071 4964 3097 4991 ‹‹
3159 4942 3226 5020 In.
3252 4939 3556 5020 mysteriis
3604 4939 3726 5020 pri-

2080 5030 2220 5067 num
2252 5012 2661 5066 renuntiamus
2710 5011 2782 5077 ei,
2844 5012 2944 5084 qui
2992 5014 3051 5067 in
3109 5011 3407 5072 occidente
3463 5024 3551 5075 est
3604 5011 3729 5074 -nos

2084 5086 2288 5154 bisque
2320 5086 2569 5138 moritur
2598 5100 2729 5139 cum
2761 5084 3036 5155 peccatis,
3071 5090 3127 5141 et
3150 5088 3232 5141 sic
3264 5090 3412 5145 versi
3436 5093 3506 5146 ad
3538 5092 3729 5146 orien-

2082 5163 2196 5211 tem
2233 5162 2465 5227 pactum
2497 5155 2713 5210 inimus
2746 5172 2878 5211 cum
2914 5157 3045 5212 Sole
3073 5159 3342 5228 justitiae,
3400 5167 3457 5216 et
3514 5162 3565 5217 ei
3625 5179 3731 5217 nos

2084 5228 2401 5304 servituros
2432 5245 2561 5304 esse
2592 5228 3013 5304 promittimus.
3050 5251 3077 5277 ››
3114 5231 3340 5287 Profani
3373 5239 3429 5288 et
3454 5234 3727 5304 gentiles,

2085 5299 2183 5372 qui
2214 5299 2477 5355 veritatis
2508 5301 2747 5354 omnino
2780 5306 2947 5355 erant
2970 5306 3256 5372 expertes,
3278 5299 3735 5361 obvert'ebantur

2087 5388 2320 5444 quoque
2353 5372 2421 5425 ad
2457 5372 2762 5439 orientem,
2800 5374 2899 5427 sed
2960 5374 3263 5443 orientem,
3316 5377 3497 5433 solem
3557 5379 3733 5433 deum

2088 5461 2262 5500 suum
2300 5444 2443 5498 falso
2476 5446 2801 5499 credentes.
2838 5445 2914 5498 Ls
2946 5447 3043 5499 Pa.

2154 5516 2263 5591 (4‘5)
2303 5516 2492 5591 Utique
2522 5519 2694 5591 magis
2725 5518 3165 5591 postbestiarum
3200 5534 3434 5586 morsus,
3486 5519 3555 5574 ad
3598 5536 3735 5591 quas

2154 5534 2263 5585 (as)
2303 5534 2492 5586 umque
2522 5534 2694 5642 magis
2725 5534 2840 5585 pOSL
2870 5534 3165 5571 vesti/trum
3200 5534 3434 5586 morsus,
3486 5534 3555 5574 aa
3598 5536 3735 5591 quas

2086 5604 2141 5642 se
2172 5588 2414 5643 locando.
2453 5590 2578 5658 Ipso
2637 5590 2759 5642 ibro
2790 5588 2857 5641 ad
2891 5592 3164 5657 Martyrus
3199 5606 3209 5643 :
3246 5611 3272 5639 «
3327 5592 3477 5655 Quot
3516 5592 3737 5648 otiosos

2092 5660 2380 5714 affectatio
2415 5677 2711 5715 armorum
2744 5662 2811 5714 ad
2857 5660 3116 5731 gladium
3180 5661 3385 5717 locat?
3441 5663 3604 5719 Certe
3664 5666 3737 5721 ad

2093 5733 2243 5787 feras
2276 5732 2434 5803 ipsas
2469 5734 2830 5788 aifectatione
2852 5734 3233 5800 descendunt,
3269 5735 3411 5791 etde
3444 5737 3739 5795 morsibus

2094 5809 2151 5862 et
2181 5805 2251 5861 de
2284 5804 2657 5863 cicatricibus
2682 5806 3063 5863 formosiores
3091 5806 3201 5864 sibi
3251 5806 3580 5868 videntur.»
3614 5810 3741 5871 Hic.

3383 5940 3458 6011 21
