4264 6400
611 422 728 482 651

1133 415 1653 476 TERTULLlANl
1699 417 2022 478 OPERUM
2068 417 2265 476 PARS
2310 417 2359 478 l.
2390 451 2462 460 —
2505 415 2779 478 SEttIES
2821 416 2868 488 Ι,
2916 415 3482 477 APOLOGETICA.

3888 414 4012 476 652

611 549 785 615 cutit,
816 562 950 604 cum
975 545 1216 617 incedit,
1239 546 1524 617 picturam
1554 546 1614 601 in
1661 563 1766 603 nos
1797 549 2105 621 proposuit
2134 548 2246 604 sub
2279 547 2334 614 Α
2363 547 2708 620 sanguinem
2731 546 2941 603 elicitis
2971 546 3000 603 ?
3029 561 3238 618 parum
3257 545 3482 601 infante
3514 544 3842 613 vescimini,
3867 546 4012 618 quia

612 640 728 696 ista
782 633 1202 708 proscriptione
1243 650 1256 688 :
1318 633 1726 691 ONOKOITHZ
1755 636 1817 690 εί.
1853 641 1908 692 ls
1965 653 2057 693 era
2089 636 2247 692 auri-

613 729 724 783 bus
753 723 1165 792 canteriorum,
1195 727 1252 778 et
1279 723 1508 795 intoga,
1529 739 1666 778 cum
1694 724 1864 792 libro,
1896 724 2074 780 altero
2105 724 2249 796 pede

610 814 913 888 ungulato.
963 814 1032 867 Et
1062 812 1309 867 credidit
1369 813 1580 884 vulgus
1631 814 1846 882 judaao.
1877 815 2037 880 Quod
2095 813 2250 868 enim

609 905 766 961 aliud
801 918 987 975 genus
1017 900 1401 958 seminarium
1434 905 1524 956 est
1551 901 1806 957 infamiae
1839 907 2050 956 nostrae
2081 901 2108 956 ?
2141 901 2251 956 Ita-

608 1008 718 1066 que
769 992 831 1047 in
883 989 1006 1046 tola
1060 990 1292 1045 civitate
1340 988 1632 1059 ὀνοκοίτης
1662 992 2026 1061 praedicatur.
2059 992 2163 1045 Sed
2195 994 2253 1045 et

610 1084 717 1140 hoc
746 1085 988 1152 tamque
1011 1083 1314 1134 externum
1348 1087 1400 1134 et
1424 1079 1770 1134 auctoritate
1818 1079 2097 1151 temporis
2147 1079 2252 1133 de-

609 1172 880 1229 stitutum
899 1173 955 1223 et
976 1166 1257 1239 qualitate
1281 1167 1535 1222 auctoris
1552 1166 1851 1222 infirmum
1865 1212 1878 1235 ,
1898 1168 2148 1223 libenter
2163 1183 2254 1223 ex-

609 1261 824 1333 cipiam
875 1256 1070 1312 studio
1121 1257 1517 1327 retorquendi.
1576 1257 1895 1312 Videamus
1941 1255 2124 1328 igitur
2177 1273 2248 1311 an

608 1349 704 1405 hic
762 1361 995 1420 quoque
1049 1345 1355 1400 nobiscum
1424 1345 1966 1416 deprehendemini.
2053 1345 2250 1416 Neque

607 1437 764 1494 enim
795 1438 1038 1492 interest
1068 1449 1185 1505 qua
1215 1434 1421 1502 forma,
1447 1433 1587 1487 dum
1619 1432 1907 1488 deformia
1935 1431 2251 1488 simulacra

606 1541 884 1584 curemus
911 1524 939 1579 ‘2
967 1526 1114 1578 Sunt
1135 1538 1313 1594 penes
1343 1537 1445 1577 vos
1477 1522 1683 1578 canino
1734 1521 1888 1577 580
1942 1521 2135 1593 capite
2193 1525 2251 1576 et

607 1615 842 1672 leonino
871 1617 929 1670 et
959 1612 1030 1668 de
1049 1612 1200 1685 bove
1231 1615 1288 1666 et
1307 1611 1378 1666 de
1409 1610 1586 1666 ariete
1618 1615 1674 1665 et
1695 1609 1854 1665 hirco
1885 1611 2112 1666 cornuti
2146 1609 2247 1678 dii,

606 1704 897 1777 caprignm
953 1699 1043 1756 vel
1097 1698 1338 1770 anguini
1427 1704 1484 1754 et
1552 1698 1721 1754 alites
1782 1698 1998 1771 planta,
2060 1699 2250 1754 fronte

605 1797 664 1850 et
689 1796 851 1865 tergo
877 1789 1011 1863 (49).
1045 1787 1191 1856 Quid
1224 1787 1418 1858 itaque
1460 1791 1727 1843 nostrum
1761 1787 2005 1843 unicum
2064 1788 2248 1843 deno-

604 1881 742 1938 tatis
761 1881 785 1936 ?

677 1969 763 2026 15.
797 1966 1001 2024 Plures
1031 1965 1316 2021 Onoooetaz
1347 1979 1526 2034 penes
1556 1980 1659 2020 vos
1699 1963 2241 2036 deprohenduntur.

603 2059 658 2114 Si
687 2058 746 2114 in
781 2057 906 2113 deis
962 2053 1317 2126 aequalitate}
1348 2053 1773 2120 concurrimus,
1834 2054 2120 2125 sequitur,
2181 2057 2246 2108 ut

603 2145 874 2204 sacrificii
892 2143 984 2200 vel
1009 2142 1161 2200 sacri
1190 2157 1423 2215 quoque
1443 2142 1596 2198 inter
1625 2158 1731 2198 nos
1753 2141 2060 2197 diversitas
2082 2140 2244 2198 nulla

603 2237 702 2307 sit,
717 2239 780 2292 ut
795 2251 863 2290 ex
874 2233 985 2289 alia
1003 2231 1192 2304 specie
1205 2229 1658 2303 comparationis
1671 2230 1814 2286 satis
1832 2230 1974 2286 satis
1993 2231 2110 2285 ﬁat.
2127 2231 2242 2285 Nos

601 2323 964 2382 infanticidio
986 2321 1226 2377 litamus
1254 2320 1372 2376 sive
1400 2319 1705 2375 initiamus
1727 2320 1755 2374 7
1777 2320 1912 2389 Vos,
1949 2320 1996 2375 si
2029 2321 2098 2375 de
2122 2336 2240 2375 me-

601 2414 790 2472 moria
818 2413 1107 2476 abierunt,
1140 2409 1440 2482 quaecaade
1460 2408 1736 2478 hominis,
1770 2426 2016 2481 quaeque
2048 2410 2239 2465 infan-

598 2501 814 2560 ticidiis
834 2499 1211 2572 transegisse,
1233 2498 1660 2570 recognoscatis
1682 2515 1788 2554 suo
1819 2499 2022 2554 ordine
2049 2517 2060 2566 ;
2087 2515 2241 2554 nunc

600 2593 760 2648 enim
781 2589 1108 2646 differimus
1131 2586 1425 2659 pleraque,
1461 2603 1532 2642 ne
1562 2587 1763 2642 eadem
1793 2586 2097 2642 videamur
2117 2587 2242 2642 ubi-

603 2696 718 2754 que
747 2682 1080 2735 retractare.
1107 2675 1371 2745 Interim,
1395 2679 1462 2728 ut
1506 2674 1645 2742 dixi,
1687 2691 1756 2729 ex
1784 2673 1900 2730 alia
1931 2680 2092 2746 parte
2125 2691 2240 2730 non

601 2772 766 2827 deest
796 2765 1142 2837 adaequatio.
1164 2764 1310 2819 Nam
1341 2763 1448 2819 etsi
1479 2779 1586 2818 nos
1627 2762 1794 2818 aliter
1848 2764 1985 2834 (50),
2042 2768 2239 2820 tamen

606 2875 721 2916 non
752 2855 922 2912 aliter
948 2871 1051 2910 vos
1082 2852 1190 2925 (51)
1222 2867 1454 2924 quoque
1480 2851 1834 2907 infanticidae
1887 2852 1988 2923 qui
2049 2853 2241 2908 infan-

604 2953 693 3004 tes
721 2945 909 3002 editos
938 2941 1244 2998 enecanies
1273 2940 1502 3013 legibus
1541 2941 1773 3012 quidem
1826 2940 2238 3013 prohibemini,

605 3036 706 3094 sed
739 3033 909 3091 nullae
940 3031 1130 3104 magis
1151 3030 1307 3102 leges
1338 3035 1458 3085 tam
1479 3029 1742 3101 impune,
1764 3035 1883 3085 tam
1907 3046 2110 3085 secure
2131 3033 2239 3087 sub

603 3124 866 3184 omnium
899 3118 1270 3178 conscientiae
1299 3119 1475 3175 unius
1506 3136 1666 3175 aeu...
1699 3118 1932 3175 tabellis
1988 3118 2236 3176 eludun-

598 3221 717 3273 tur.
749 3213 858 3269 Sed
891 3226 997 3268 nec
1027 3226 1094 3266 eo
1150 3209 1392 3278 distant,
1451 3207 1500 3263 si
1557 3224 1658 3263 vos
1715 3225 1833 3263 non
1892 3209 2005 3263 ritu
2064 3209 2237 3277 sacri,

601 3320 791 3377 neque
820 3303 927 3358 deo
957 3298 1195 3356 necatis.
1230 3297 1449 3368 Atquin
1482 3297 1540 3352 in
1572 3296 1681 3352 hoc
1737 3298 2023 3369 asperius,
2083 3299 2239 3371 quod

602 3395 816 3467 frigore
845 3395 902 3448 et
933 3390 1084 3445 fame
1106 3393 1208 3444 aut
1266 3386 1635 3458 bestiis.,.,...
1664 3386 1764 3453 tis,
1825 3391 1926 3442 aut
1980 3387 2242 3460 longiore

603 3485 665 3540 in
695 3481 863 3554 aquis
894 3483 1078 3536 morte
1125 3476 1487 3548 demergitis.
1521 3477 1588 3530 At
1617 3479 1676 3531 et
1709 3475 1757 3531 si
1784 3492 2037 3548 quo......
2071 3478 2242 3534 dissi-

603 3571 806 3630 milius
867 3584 1043 3641 penes
1071 3583 1172 3622 vos
1205 3565 1288 3632 ﬁt,
1319 3581 1384 3621 eo
1415 3563 1685 3632 addicite,
1745 3581 1861 3636 quo
1907 3570 2099 3622 vestra
2154 3568 2240 3639 pi-

603 3681 789 3740 gnora
817 3678 1071 3718 ex........
1105 3661 1236 3726 s,et
1286 3655 1673 3728 supplebitur.
1725 3657 1848 3712 Imo
1903 3673 2238 3730 superacer-

601 3754 837 3813 vabitur
862 3751 922 3806 in
948 3748 1125 3820 lvobis
1182 3745 1608 3818 quidquid......
1666 3746 1886 3801 ratione
1942 3747 2238 3804 defecerit.

602 3844 710 3902 Sed
737 3843 809 3899 de
848 3856 916 3897 ea
962 3835 1280 3908 impietatis
1337 3834 1527 3889 hostia
1558 3833 1924 3904 dicimur....,
1959 3836 2099 3891 dum
2160 3836 2240 3893 ita

606 3945 840 4008 quoque
871 3931 930 3986 in
961 3925 1124 3983 vobis
1178 3923 1634 3995 recognoscitur,
1695 3923 1791 3978 ubi
1851 3926 2240 3996 opportunius

607 4024 864 4098 positum
895 4021 1005 4086 est,
1037 4031 1151 4071 non
1183 4013 1369 4068 multo
1400 4011 1765 4068 secernimur
1792 4030 1826 4068 a
1855 4018 2048 4070 vestra
2075 4032 2242 4072 vora-

603 4115 797 4185 citate,
828 4110 876 4167 si
908 4107 1009 4164 illa
1038 4103 1335 4177 impudica
1381 4105 1492 4173 est,
1544 4109 1742 4158 nostra
1790 4118 1922 4159 vero
1967 4103 2236 4173 crudelis,

599 4198 1016 4276 conjungimur
1037 4194 1086 4251 si
1117 4195 1262 4250 forte
1291 4195 1522 4261 natura,
1571 4208 1680 4263 qua
1741 4208 1972 4264 semper
2019 4193 2241 4252 saevitia

595 4310 730 4352 cum
761 4283 1134 4362 impudicitia
1161 4281 1500 4338 concordat.

668 4384 754 4439 16.
787 4381 1132 4448 Quanquam
1165 4370 1304 4443 quid
1363 4370 1581 4436 minus,
1613 4369 1728 4426 imo
1762 4370 1900 4442 quid
1935 4387 2052 4426 non
2114 4388 2235 4427 am-

591 4472 748 4546 plius
777 4466 968 4525 facitis
995 4463 1024 4518 ‘I
1054 4476 1261 4534 parum
1304 4458 1524 4515 scilicet
1579 4458 1856 4518 humanis
1913 4459 2236 4517 visceribus

588 4558 853 4626 inbiatis,
888 4553 1023 4628 quia
1050 4550 1209 4606 vivos
1243 4553 1302 4605 et
1335 4548 1583 4621 puberes
1641 4549 1933 4605 devoratis
1956 4550 1982 4604 ‘I
2026 4567 2232 4622 parum

2363 635 2648 692 infantem
2681 641 2870 691 totum
2903 651 3276 708 praecoquum
3306 635 3661 706 perhauritis
3684 635 3712 690 ?
3755 635 4008 692 Ventum

2365 727 2452 779 est
2483 726 2553 780 ad
2586 725 2789 781 horam
2823 725 3193 781 lucernarum
3225 729 3281 779 et
3309 723 3585 780 caninum
3611 723 4009 781 ministerium

2363 818 2420 868 et
2443 814 2679 886 ingenia
2706 815 3102 869 tenebrarum.
3137 813 3259 878 Quo
3291 813 3351 868 in
3381 812 3508 869 loco
3539 818 3737 870 metuo
3788 831 3860 870 ne
3915 831 4010 871 ce-

2364 903 2522 957 dam.
2558 903 2704 966 Quid
2736 903 2891 958 enim
2925 901 3042 958 tale
3071 903 3130 958 in
3185 903 3350 959 vobis
3406 902 3677 958 detinebo
3703 902 3731 958 ?
3793 903 4004 959 Verum

2355 991 2478 1061 jam
2539 989 2774 1046 laudate
2832 989 3142 1046 consilium
3198 990 3404 1046 incesti
3459 991 3796 1058 verecundi,
3847 990 4006 1063 quod

2364 1078 2691 1134 adulteram
2725 1085 2954 1135 noctem
2989 1080 3303 1135 commenti
3348 1095 3581 1146 sumus,
3641 1095 3715 1135 ne
3771 1085 3873 1136 aut
3915 1079 4007 1135 lu-

2360 1183 2508 1235 cem,
2541 1173 2642 1222 aut
2697 1183 2892 1223 veram
2949 1172 3176 1224 noctem
3229 1168 3786 1224 contaminaremus.
3845 1169 3997 1226 581

2363 1257 2517 1327 quod
2558 1256 2733 1311 etiam
2787 1256 3113 1312 luminibus
3174 1255 3417 1312 terrenis
3475 1258 3830 1328 parcendum
3887 1257 4006 1314 exi-

2362 1345 2753 1415 stimavimus,
2813 1346 2968 1416 quod
3037 1349 3302 1401 nostram
3387 1360 3620 1416 quoque
3699 1346 4004 1402 conscien-

2362 1433 2503 1488 tiam
2563 1431 2871 1489 ludimus:
2935 1434 3352 1505 quodcumque
3403 1432 3556 1489 enim
3616 1434 3891 1502 facimus,
3951 1433 4003 1490 si

2359 1520 2652 1592 volumus,
2677 1522 3072 1594 suspicamur.
3099 1523 3378 1578 Caeterum
3410 1522 3633 1579 incesta
3651 1528 3846 1579 vestra
3894 1539 4004 1595 pro

2359 1627 2468 1666 sua
2520 1609 2786 1666 libertate
2838 1615 2895 1666 et
2950 1611 3079 1667 luce
3131 1611 3290 1666 omni
3347 1615 3404 1666 et
3457 1615 3627 1666 nocte
3703 1612 3863 1667 omni
3943 1616 4003 1668 et

2357 1703 2480 1754 tota
2509 1699 2635 1754 caeli
2685 1699 3047 1756 conscientia
3095 1699 3391 1767 fruuntur,
3442 1700 3714 1771 quodque
3773 1698 4002 1757 felicius

2359 1789 2678 1860 proveniat,
2705 1804 2838 1844 cum
2871 1787 3062 1860 palam
3097 1788 3391 1844 miscentis
3421 1788 3639 1844 incesta
3678 1793 3799 1844 toto
3859 1805 4000 1844 con-

2281 1909 2326 1976 Β
2358 1877 2478 1932 scio
2511 1876 2674 1948 caelo,
2709 1877 2816 1932 soli
2847 1878 2958 1949 ipsi
2988 1877 3310 1949 ignoratis;
3344 1893 3449 1932 nos
3495 1893 3630 1932 vero
3686 1876 3865 1932 etiam
3936 1877 3995 1934 in

2355 1966 2614 2021 tenebris
2647 1964 2866 2021 scelera
2923 1970 3125 2021 nostra
3190 1981 3604 2037 recognoscere
3653 1981 3995 2037 possumus.

2353 2054 2530 2110 Plane
2559 2055 2765 2123 Persis,
2798 2054 3021 2110 Ctesias
3054 2054 3195 2120 edit,
3219 2059 3338 2109 tam
3369 2054 3621 2110 scientes
3661 2070 3836 2125 quam
3879 2071 3996 2111 non

2351 2146 2656 2202 horrentes
2687 2161 2820 2201 cum
2853 2147 3144 2202 matribus
3175 2146 3352 2203 libere
3381 2147 3552 2202 fiunt.
3594 2148 3702 2203 Sed
3763 2153 3822 2203 et
3874 2151 4000 2204 Ma-

2351 2235 2620 2301 cedones,
2651 2233 2706 2288 id
2740 2234 2893 2305 quod
2924 2233 3332 2305 probaverunt,
3369 2234 3562 2306 palam
3589 2239 3676 2291 est
3707 2235 3996 2302 factitare,

2352 2323 2642 2395 siquidem
2697 2339 2829 2377 cum
2889 2322 3116 2394 primus
3174 2339 3409 2378 scenam
3467 2339 3671 2379 eorum
3739 2323 3998 2396 OEdipus

2351 2412 2591 2466 intravit
2620 2412 2949 2467 trucidatus
2981 2411 3203 2478 oculos,
3235 2412 3356 2468 risu
3381 2428 3447 2467 ac
3501 2413 3699 2468 derisu
3757 2429 3996 2485 excepe-

2352 2504 2525 2568 runt;
2558 2501 2872 2572 ltragmdus
2929 2504 3339 2556 consternatus
3400 2503 3649 2556 retracta
3702 2516 3996 2572 persona:

2349 2589 2649 2660 Nunquid,
2681 2590 2781 2659 ait,
2815 2588 3059 2658 domini,
3093 2588 3366 2661 displicui
3413 2589 3626 2645 vobis?
3681 2590 3995 2662 responde-

2351 2682 2489 2733 runt
2533 2679 2904 2734 Macedones:
2964 2682 3088 2734 Imo
3145 2683 3208 2732 tu
3267 2677 3504 2750 quidem
3569 2678 3831 2750 pulchre.
3879 2679 4000 2734 Aut

2351 2767 2601 2837 scriptor
2631 2767 2988 2827 vanissimus
3020 2766 3068 2822 si
3097 2766 3284 2836 ﬁnxit,
3318 2771 3420 2822 aut
3449 2767 3705 2840 (Edipus
3762 2768 3997 2823 demen-

2350 2855 2618 2910 tissimus
2649 2855 2699 2910 si
2730 2855 2813 2910 ita
2842 2856 3008 2910 fecit:
3043 2859 3216 2926 atque
3242 2855 3445 2911 exinde
3467 2855 3611 2911 alter
3631 2855 3682 2911 al
3717 2854 3990 2912 alterum.

2350 2940 2555 3011 ἤλαυνε
2585 2943 2814 2999 dicebat
2844 2941 2920 3004 εἷς
2950 2942 3048 3010 τὴν
3084 2942 3292 3017 μητέρα
3319 2943 3383 2998 ³⁸.
3417 2945 3525 2999 Sed
3573 2961 3690 2999 una
3735 2943 3846 3012 vel,
3880 2943 3996 3000 alia

2350 3049 2493 3105 gens
2515 3031 2799 3104 quantula
2829 3032 3060 3088 macula
3086 3032 3264 3088 totius
3293 3032 3450 3088 orbis
3475 3037 3497 3088 Ρ
3520 3033 3637 3088 Nos
3675 3033 3830 3088 enim
3863 3049 3992 3088 om-

2351 3137 2483 3176 nem
2497 3121 2811 3177 infecimus
2827 3120 3031 3188 solem,
3049 3137 3282 3177 omnem
3298 3121 3618 3193 polluimus
3642 3124 3936 3178 Oceanum
3967 3122 3996 3177 ?

2351 3211 2493 3266 Date
2523 3209 2702 3282 igitur
2732 3210 2990 3282 aliquam
3038 3210 3334 3266 nationem
3391 3216 3696 3266 vacantem
3754 3211 3826 3267 ab
3885 3212 3993 3281 eis,

2353 3316 2479 3370 qum
2511 3314 2677 3354 omne
2707 3298 3013 3354 hominum
3045 3315 3232 3371 genus
3262 3299 3334 3354 ad
3377 3298 3669 3355 incestum
3725 3299 3990 3355 trahunt.

2349 3389 2403 3444 Si
2437 3405 2550 3460 qua
2582 3404 2724 3460 gens
2756 3387 3069 3443 concubitu
3098 3387 3227 3460 ipso
3258 3393 3315 3444 et
3345 3389 3532 3444 aetatis
3564 3405 3631 3444 ac
3662 3404 3836 3445 sexus
3891 3406 3993 3445 ne-

2350 3478 2640 3547 cessitate,
2671 3493 2742 3532 ne
2766 3476 3013 3532 dixerim
3045 3476 3289 3533 libidine
3319 3482 3373 3532 et
3403 3477 3654 3545 luxuria,
3689 3482 3866 3547 caret,
3924 3495 3996 3534 ea

2349 3568 2460 3622 erit
2490 3582 2618 3637 quas
2649 3566 2867 3621 carebit
2894 3566 3118 3621 incesto
3151 3584 3165 3636 ;
3199 3565 3246 3621 si
3277 3582 3392 3636 qua
3435 3565 3508 3621 ab
3563 3565 3823 3622 humana
3855 3583 3994 3623 con-

2350 3655 2571 3712 ditione
2602 3655 2826 3727 privata
2855 3655 3108 3726 quadam
3142 3659 3351 3710 natura
3380 3659 3604 3710 remota
3632 3659 3740 3724 est,
3774 3660 3840 3710 ut
3895 3673 3994 3712 ne-

2350 3761 2462 3818 que
2493 3744 2832 3817 ignorantiae
2867 3760 3052 3815 neque
3081 3743 3260 3799 errori
3291 3759 3480 3816 neque
3507 3743 3670 3800 casui
3724 3743 3994 3816 opposita

2350 3835 2446 3904 sit,
2477 3849 2544 3888 ea
2573 3833 2683 3888 erit
2711 3849 2835 3904 quis
2866 3832 2989 3889 sola
3041 3831 3386 3888 Christianis
3442 3832 3794 3904 respondere
3851 3849 3989 3889 con-

2351 3923 2603 3981 stantius
2659 3922 2862 3993 possit.
2923 3921 3212 3994 Respicite
3267 3921 3449 3993 igitur
3492 3921 3786 3977 luxuriam
3842 3921 3998 3978 inter

2350 4029 2574 4071 errores
2605 4015 2662 4067 et
2690 4015 2894 4067 ventos
2939 4010 3340 4080 ﬂuctuantem,
3393 4010 3440 4066 si
3499 4011 3712 4066 desunt
3768 4011 3993 4084 populi,

2350 4121 2499 4176 quos
2536 4100 2606 4156 ad
2638 4100 2745 4156 hoc
2778 4100 3011 4156 sceleris
3045 4100 3343 4156 incursent
3365 4099 3483 4156 lata
3514 4100 3660 4155 vada
3689 4103 3744 4156 et
3786 4117 3995 4173 aspera

2349 4193 2593 4249 erroris.
2629 4190 2925 4264 Imprimis
2949 4207 3080 4245 cum
3112 4189 3366 4245 infantes
3394 4193 3618 4246 vestros
3648 4189 3850 4246 alienae
3881 4191 3990 4246 mi-

2348 4283 2674 4338 sericordiae
2707 4279 2999 4352 exponitis
3031 4283 3132 4334 aut
3156 4279 3214 4333 in
3248 4279 3620 4350 adoptionem
3645 4278 3993 4336 melioribus

2348 4372 2708 4445 parentibus,
2743 4367 3176 4426 oblivisoimini.
3211 4372 3431 4440 quanta
3483 4367 3730 4424 materia
3759 4369 3990 4437 incesti,

2346 4460 2848 4528 subministratur,
2890 4462 3106 4529 quanta
3161 4457 3390 4514 occasio
3443 4457 3679 4513 casibus
3734 4459 3994 4530 aperitur

2347 4549 2520 4605 Plane
2570 4549 2722 4606 582
2782 4564 2849 4603 ex
2897 4546 3094 4618 aliqua
3149 4545 3462 4617 disciplina
3516 4546 3836 4603 severiores
3889 4551 3991 4603 aut

583 4651 916 4710 humanum
947 4639 1292 4712 sanguinem
1321 4636 1609 4706 lambitis,
1644 4638 1921 4710 quoniam
1974 4639 2237 4695 futurum
2272 4637 2319 4703 D
2350 4642 2504 4695 certo
2535 4641 2798 4711 respectu
2831 4635 3119 4707 ejusmodi
3151 4638 3460 4691 eventuum
3493 4651 3526 4691 a
3555 4633 3800 4691 libidine
3840 4639 3988 4692 tem-

2029 4801 2232 4863 Variaa
2261 4801 2581 4864 lectiones.

643 4954 687 4990 ⁸¹
729 4946 1081 5010 δονίὸιηάωη
1109 4959 1227 5001 esse
1261 4941 1549 5013 ὀνοκοίτης
1571 4959 1641 5000 ex
1687 4943 1840 5018 Apol.
1898 4944 1986 5000 16.
2027 4958 2236 5016 appara

2348 4943 2459 5014 Rig.
2493 4948 2544 4999 et
2591 4942 2690 4999 hoc
2733 4944 2793 4997 in
2846 4942 2885 4997 ι.
2922 4949 2974 4998 et
3023 4941 3085 4998 in
3135 4940 3410 5012 Apologet.
3461 4957 3534 4997 ac.
3598 4937 3982 4998 Onochootes.

570 5027 616 5064 ⁸³
653 5026 732 5099 Cf.
765 5022 984 5096 Apolog.
1016 5019 1070 5075 9.

2011 5121 2531 5184 Commentarius.

634 5272 746 5345 (49)
778 5271 952 5345 Alites
973 5267 1189 5345 plant_a,
1218 5265 1404 5345 [rapte
1442 5271 1510 5345 Aet
1537 5272 1720 5345 ltergo
1772 5264 1834 5319 In
1894 5263 2215 5345 eaemplari

559 5335 776 5418 legitur
807 5359 822 5400 :
865 5335 1033 5418 Alites
1077 5339 1250 5418 pla_na
1290 5335 1482 5418 fronte
1501 5337 1550 5391 et
1580 5345 1744 5418 (ergo.
1779 5335 2098 5418 mendose:
2134 5335 2214 5418 le-

559 5407 817 5502 gendum
849 5431 864 5470 :
890 5407 1121 5502 flante,
1151 5411 1334 5480 fronte
1363 5416 1418 5462 et
1449 5410 1615 5479 tergo.
1651 5407 2006 5464 Mercurium
2056 5407 2212 5462 enim

560 5485 852 5562 designat.
890 5485 1019 5541 Pus.
1318 5551 1328 5561 .
1862 5550 1873 5561 .
1918 5550 1928 5561 .

562 5633 569 5634 ί
628 5561 748 5634 (50)
781 5562 924 5634 Nam
951 5556 1056 5613 etsi
1095 5568 1219 5634 ags.
1245 5549 1433 5634 aliter:
1503 5549 2043 5634 Nos‘infantictdae,
2076 5564 2208 5604 cum

555 5621 812 5688 infantes
839 5630 908 5686 ad
973 5622 1262 5684 sacrificia
1308 5626 1508 5678 nostra
1539 5621 1753 5678 caedere
1783 5622 2035 5677 dicimur
2061 5637 2075 5676 :
2107 5637 2208 5677 vos

2323 5267 2412 5318 ter
2443 5279 2508 5318 ac
2539 5279 2644 5319 nos
2676 5261 2894 5318 caedere
2938 5259 3211 5325 dicimur,
3270 5260 3533 5328 caeditis;
3590 5262 3978 5316 verumtatem

2321 5335 2561 5392 caeditis.
2595 5335 2672 5390 Eo
2707 5333 2888 5407 igitur
2917 5333 3071 5404 quod
3105 5332 3533 5406 caeditis,asque
3564 5332 3705 5389 estis
3736 5331 3980 5388 infanti-

2321 5407 2731 5549 “(galliae
2761 5493 2869 5549 mm
2899 5475 3204 5549 alitergvos.
3235 5474 3592 5533 Infanticidii
3643 5473 3862 5549 crimen
3897 5479 3980 5549 _et

2319 5545 2524 5607 caetera
2553 5549 2777 5623 flagitia
2808 5548 2867 5603 in
2900 5546 3161 5623 gendiles
3204 5551 3523 5620 retorquet,
3556 5547 3657 5620 qui
3689 5545 3977 5602 Christia-

2319 5639 2423 5678 nos
2457 5619 2660 5678 earum
2693 5637 2886 5677 rerum
2910 5619 3288 5692 postulabant
3318 5619 3568 5692 quarum
3602 5623 3766 5692 erant
3797 5634 3972 5675 cons-

555 5703 942 5766 infanticidae,
977 5697 1366 5771 quippinfantes
1395 5711 1595 5750 recens
1625 5694 1819 5771 editos
1842 5710 1944 5765 pro
1968 5693 2207 5771 arbitrio
2316 5695 2503 5771 cii,_et
2533 5711 2684 5766 quas
2714 5693 2823 5751 soli
2873 5691 3123 5766 gnostioi
3183 5691 3544 5765 perpetrasse
3597 5691 3966 5761 dicebantur,

553 5780 749 5832 vestro
772 5761 1032 5830 necatis:
1063 5770 1176 5825 Nos
1206 5783 1308 5838 pro
1335 5772 1558 5834 nostra,
1582 5761 1877 5838 utdicitis,
1903 5765 2202 5838 religione.

553 5849 670 5904 Vos
703 5862 808 5918 pro
839 5842 1078 5902 arbitrio
1108 5836 1321 5896 vestro.
1351 5841 1467 5896 Vos
1516 5837 1755 5910 quidem
1789 5836 2063 5906 infantes,
2104 5836 2206 5894 ali-

2318 5767 2393 5822 LE
2427 5766 2525 5823 Pa.
2562 5779 2564 5782 '
