4264 6350
320 385 441 446 653

1553 386 1657 446 AD
1700 385 2122 447 NATlONES.
2151 414 2232 430 —
2256 382 2408 445 LIB.
2452 385 2504 445 Ῑ.

3613 384 3735 447 654

319 517 537 592 paratis
565 534 936 591 quocumque
965 519 1092 575 loco
1120 518 1281 575 domi
1312 521 1415 575 aut
1446 534 1703 592 peregre,
1739 522 1805 575 ut
1851 535 1967 574 non
2001 524 2055 592 Α
2082 517 2351 573 Forsitan
2381 521 2439 574 et
2462 518 2632 590 signa
2690 518 2959 589 quaedam
3006 518 3343 574 retexuerit.
3390 517 3575 591 Igitur
3623 517 3730 576 Dei

318 608 607 681 dispersio
639 608 936 664 seminum
969 610 1027 663 et
1064 608 1249 664 saltus
1281 607 1497 679 ubique
1552 606 1797 663 luxuriae
1861 625 1962 663 ne-

317 697 639 754 scientibus
671 697 822 754 {ilios
853 698 1006 765 edat,
1032 713 1180 768 quos
1212 696 1443 769 autipsi
1468 697 1843 769 postmodum
1868 714 1962 769 pa-

318 791 531 855 rentes,
566 791 669 842 aut
712 786 832 842 alii.
879 829 891 842 .
940 827 953 841 .
998 828 1011 841 .
1059 828 1071 841 .
1106 786 1428 854 incursent,
1489 786 1724 857 quando
1782 786 1959 842 etiam

246 922 255 941 ,
316 881 553 933 mtatum
586 875 906 932 moderatio
937 875 1180 931 libidine
1210 874 1447 931 exclusa
1494 876 1589 931 sit.
1645 878 1958 942 Quotcum-

317 982 429 1039 qus
460 964 770 1034 adulteria,
825 969 1227 1037 quotcumque
1284 968 1508 1036 stupra,
1563 968 1959 1037 quotcumque

318 1055 621 1129 publicatae
652 1054 914 1111 libidinis
957 1094 972 1111 .
1016 1095 1031 1110 .
1072 1094 1087 1110 .
1134 1094 1149 1109 .
1186 1095 1199 1109 .
1231 1054 1352 1110 sive
1382 1054 1592 1110 stativo
1625 1053 1710 1109 vel
1752 1055 1961 1109 ambu-

313 1145 517 1201 latorio
548 1144 742 1213 titulo,
773 1148 859 1199 tot
887 1142 1197 1216 sanguinis
1257 1144 1599 1214 mixtiones,
1662 1147 1742 1199 tot
1796 1159 1956 1200 com-

316 1234 555 1309 pagines
587 1232 836 1306 generis,
868 1236 956 1289 tot
986 1233 1121 1288 inde
1162 1234 1435 1288 traduces
1483 1234 1555 1288 ad
1612 1232 1902 1288 incestum
1941 1250 1954 1301 ;

315 1326 470 1380 unde
499 1325 643 1379 adeo
674 1323 874 1379 mimis
904 1326 962 1377 et
991 1322 1270 1377 commdis
1301 1326 1781 1394 argumentorum
1799 1337 1956 1377 venas

312 1415 526 1479 ﬂuunt,
557 1413 710 1468 unde
743 1412 853 1467 ista
885 1428 1116 1484 quoque
1149 1411 1282 1466 talis
1315 1415 1448 1466 ante
1486 1412 1770 1484 tragmdia
1824 1428 1956 1467 eru-

311 1502 412 1575 pit.
447 1501 730 1558 Fusciano
760 1501 1027 1573 praefecto
1059 1501 1196 1571 (53),
1252 1500 1404 1565 urbi,
1458 1501 1724 1571 judicata
1779 1500 1948 1572 puni-

310 1592 468 1648 tione
523 1595 720 1646 reatus
781 1590 915 1662 (53),
967 1589 1207 1645 fortuita
1264 1589 1621 1661 negligentia
1679 1590 1954 1645 comitata

311 1679 463 1736 ultra
483 1682 727 1752 januam
761 1695 1107 1751 progressus
1138 1679 1265 1747 iter,
1299 1678 1786 1750 praetereuntibus
1834 1684 1952 1733 tra-

310 1771 642 1826 ctus'domo
672 1768 904 1824 excidit.
957 1767 1253 1823 Graeculus
1282 1768 1371 1823 vel
1402 1785 1435 1823 a
1462 1767 1647 1822 limite
1693 1766 1952 1823 Graeculo

311 1876 471 1915 more
499 1858 612 1929 (54)
634 1862 965 1929 captaverat
1009 1856 1236 1911 intrans
1269 1858 1333 1926 3‘,
1358 1858 1492 1912 inde
1516 1862 1776 1912 mutatus
1799 1857 1948 1912 Asiae

310 1952 509 2004 (states
539 1952 783 2003 Romam
815 1946 873 2000 in
903 1945 1184 2001 venalicio
1217 1946 1481 2002 refertur.
1514 1947 1668 2001 Emit
1721 1946 1949 2018 impru-

310 2038 454 2094 dens
487 2041 735 2110 pateret
781 2036 967 2091 utitur
1022 2035 1238 2090 Graeco.
1299 2034 1539 2101 Dehinc,
1596 2040 1662 2091 ut
1732 2040 1946 2104 vestra,

308 2126 737 2183 adolescentem
779 2124 1056 2180 dominus
1086 2124 1144 2179 in
1178 2141 1387 2196 agrum
1422 2128 1479 2180 et
1507 2124 1741 2180 vincula
1769 2124 1949 2197 legat.

309 2216 433 2272 Illic
460 2217 586 2287 jam
619 2216 840 2269 dudum
872 2214 1255 2285 praedagogus
1284 2218 1340 2269 et
1371 2214 1567 2269 nutrix
1598 2231 1798 2285 poenas
1846 2215 1951 2269 da-

309 2306 469 2361 bant.
507 2308 971 2376 Reprmsentatur
999 2303 1085 2358 eis
1117 2308 1242 2358 tota
1266 2320 1464 2369 causa,
1499 2304 1758 2359 referunt
1804 2304 1952 2359 invi-

309 2411 433 2451 cem
465 2395 653 2450 exitus
684 2409 863 2450 suos:
898 2392 1005 2461 illi,
1038 2393 1193 2464 quod
1247 2392 1522 2449 alumnus
1581 2394 1641 2448 in
1701 2394 1953 2465 pueritia

310 2484 621 2557 periisset;
683 2482 801 2549 ille,
874 2498 936 2537 se
996 2498 1229 2554 quoque
1282 2499 1316 2538 a
1371 2483 1622 2555 pueritia
1681 2482 1949 2555 periisse,

307 2578 579 2630 caeterum
597 2573 799 2629 eodem
822 2575 1031 2628 eventu
1056 2571 1252 2628 Romae
1272 2576 1476 2628 natum
1492 2572 1735 2628 honesta
1756 2572 1951 2629 domo.

2070 606 2391 672 voluntate,
2424 611 2489 661 ut
2518 612 2683 663 tanta
2714 606 2927 663 saeculo
2969 608 3197 663 macula
3256 608 3731 679 exprobraretur,

2070 696 2325 767 Spiritus
2363 696 2457 752 Dei
2498 698 2610 768 (55)
2641 698 2711 752 de
2759 696 2854 751 die
2911 698 3208 753 concutit:
3258 700 3524 769 tempora
3585 714 3720 755 cum

2070 788 2238 841 aetate
2268 787 2647 858 respondent,
2682 784 2904 857 aliquid
2939 790 2995 841 et
3026 785 3181 841 oculi
3214 787 3284 841 de
3341 786 3715 844 lineamentis

2069 877 2472 944 recordantur,
2558 876 2944 947 proprietates
3026 876 3320 931 nonnullae
3379 877 3718 950 injcorpore

2069 969 2464 1021 recensentur.
2504 965 2798 1030 Dominos,
2833 964 2951 1019 imo
2974 964 3099 1035 jam
3152 968 3423 1036 parentes
3482 970 3716 1024 tantum

2068 1053 2301 1125 prolatae
2333 1054 2734 1126 inquisitionis
2765 1052 3069 1125 diligentia
3101 1052 3371 1125 impellit.
3398 1055 3717 1129 [nvestiga-

2066 1146 2162 1199 tur
2189 1142 2598 1198 venaliciarius
2628 1143 2760 1214 (56),
2794 1141 3103 1197 infeliciter
3149 1141 3460 1205 invenitur.
3541 1144 3719 1203 Reve-

2064 1230 2180 1287 lato
2209 1232 2448 1295 scelere,
2480 1236 2749 1303 parentes
2780 1230 2893 1286 sibi
2924 1231 3133 1303 laqueo
3162 1232 3491 1290 medentur.
3552 1240 3715 1292 Bona

2066 1320 2184 1375 tilio
2235 1320 2386 1376 male
2411 1320 2714 1393 superstiti
2776 1320 3082 1391 praefectus
3142 1321 3404 1391 ascribit,
3465 1340 3580 1380 non
3639 1327 3714 1381 ad

2068 1410 2485 1478 haereditatem,
2519 1413 2618 1465 sed
2653 1410 2723 1465 ad
2759 1409 3121 1480 stipendium
3149 1411 3338 1482 stupri
3374 1416 3428 1468 et
3484 1412 3714 1471 incesti.

2063 1498 2217 1555 Satis
2247 1505 2371 1555 erat
2404 1515 2587 1555 unum
2618 1499 2772 1553 istud
2799 1498 3130 1571 exemplum
3182 1500 3426 1571 publicas
3484 1503 3718 1561 erubes-

2063 1589 2267 1643 centiae
2300 1589 2455 1645 583
2487 1587 2779 1659 ejusmodi
2810 1587 3098 1644 scelerum
3130 1588 3595 1649 delitescentium
3652 1594 3713 1651 in

2062 1678 2245 1732 vobis.
2279 1677 2437 1733 Nihil
2470 1676 2651 1733 semel
2681 1676 2871 1733 evenit
2897 1677 2958 1731 in
2992 1677 3165 1733 rebus
3187 1678 3487 1749 humanis,
3533 1683 3714 1739 semel

2062 1766 2234 1837 plane
2262 1766 2387 1822 erui
2418 1770 2630 1838 potest.
2663 1767 2737 1821 De
2761 1766 3145 1822 sacramentis
3178 1771 3389 1823 nostrae
3413 1768 3712 1843 religionis

2061 1856 2268 1929 opinor
2295 1856 2624 1925 intentatis,
2654 1860 2713 1912 et
2744 1860 2884 1913 sunt
2913 1856 3081 1929 paria
3108 1858 3321 1914 vestris
3361 1859 3538 1916 etiam
3590 1879 3709 1919 non

2062 1946 2471 2003 sacramentis.

2136 2038 2221 2093 17.
2255 2036 2335 2091 De
2367 2034 2867 2092 obstinationibus
2906 2050 3039 2092 vero
3094 2036 3183 2091 vel
3241 2040 3713 2113 praesumptioni-

2062 2126 2193 2196 bus,
2228 2126 2275 2181 si
2301 2142 2417 2196 qua
2436 2124 2790 2197 proponitis,
2825 2141 2895 2179 ne
2926 2124 3052 2179 istae
3086 2126 3323 2197 quidem
3347 2129 3418 2183 ad
3441 2145 3713 2187 commu-

2063 2215 2296 2271 nionem
2331 2212 2785 2286 comparationis
2813 2213 3111 2269 absistunt
3140 2217 3268 2286 (57).
3300 2217 3493 2273 Prima
3523 2219 3712 2275 obsti-

2061 2304 2218 2360 natio
2248 2308 2356 2374 est,
2389 2320 2516 2375 quae
2548 2303 2807 2359 secunda
2838 2303 2907 2358 ab
2936 2302 3019 2358 eis
3078 2302 3281 2376 religio
3335 2307 3715 2366 constituitur

2061 2393 2395 2449 Caesarianae
2436 2392 2786 2463 majestatis,
2820 2392 2975 2463 quod
3008 2392 3317 2465 irreligiosi
3349 2396 3615 2453 dicamur
3651 2398 3712 2456 in

2061 2487 2333 2551 Caesares,
2394 2497 2583 2553 neque
2639 2480 2930 2553 imagines
2986 2497 3188 2537 eorum
3245 2484 3715 2557 repropitiando,

2065 2589 2254 2645 neque
2284 2570 2487 2645 genios
2517 2571 2833 2643 dejerando
2883 2570 3084 2627 hostes
3143 2572 3343 2644 populi
3402 2591 3709 2648 nuncupa-

1733 2688 1936 2752 Variae
1965 2689 2286 2751 lectiones.

373 2808 419 2843 "
442 2807 770 2880 Corruptum
800 2806 946 2863 hunc
977 2808 1155 2864 locum
1179 2808 1256 2863 ita
1281 2806 1591 2863 emendavit
1621 2806 1829 2878 Rigalt.
1870 2808 1929 2860 ut
1952 2822 2055 2878 pro
2082 2807 2229 2878 vulg.
2276 2808 2521 2861 senatus
2574 2803 2832 2861 scriberet
2890 2807 3088 2861 reatus
3145 2812 3196 2862 et
3244 2823 3295 2863 v.
3334 2805 3566 2868 intrans
3622 2812 3712 2869 de-

310 2880 466 2937 teret.

1746 2966 2273 3027 Commentarius.

376 3076 487 3147 (52)
514 3076 787 3131 Fusciano
810 3076 1097 3147 prie/scio.
1161 3074 1290 3129 Scio
1340 3073 1624 3147 Fusciano
1656 3073 1951 3147 senatorii

302 3145 528 3203 ordinis
558 3148 701 3216 viro,
735 3145 1138 3216 condiscipulo
1170 3147 1245 3201 M.
1278 3146 1556 3200 Antonini
1617 3145 1951 3216 philosophi

299 3218 443 3290 imp.
479 3219 664 3290 Hujus
696 3218 964 3275 meminit
991 3217 1187 3273 Julius
1216 3217 1575 3290 Capitolinus
1606 3218 1661 3271 in
1696 3218 1770 3272 M.
1830 3223 1949 3270 An-

296 3288 499 3346 tonino
531 3288 587 3345 et
618 3290 676 3346 in
714 3291 1043 3346 Pertina‘ce:
1078 3288 1416 3361 praefectum
1449 3288 1607 3357 Urbi,
1641 3294 1698 3344 et
1756 3289 1949 3344 homi-

298 3379 434 3419 nem
468 3364 763 3418 sincerum
788 3363 970 3418 tuisse
990 3361 1182 3417 refert.
1208 3362 1422 3417 Iterum
1442 3361 1745 3416 consulem
1770 3361 1951 3415 fuisse

295 3434 477 3490 tradit
509 3435 876 3504 Lampridius
908 3435 967 3488 in
997 3434 1337 3490 Commodo.
1372 3434 1635 3488 Fusciani
1660 3432 1949 3487 Numidiae

2064 3072 2242 3140 bitur,
2277 3070 2449 3145 nulla,
2468 3070 2700 3145 ratione
2732 3070 2975 3145 defendi
2998 3086 3169 3145 posse
3202 3090 3328 3145 qua
3362 3077 3528 3132 uncis
3579 3078 3708 3138 ideo

2062 3141 2921 3218 comprehendi_voluimns,_at
2951 3141 3352 3218 detrahantur.
3386 3150 3595 3218 Quare,
3628 3153 3713 3210 sic

2062 3213 2264 3295 pergat
2295 3213 2930 3295 historiazlGrzeculus
2986 3214 3246 3295 Graeculo
3292 3213 3459 3295 more
3512 3213 3711 3295 capta.

2060 3286 2238 3370 verat.
2298 3287 2440 3370 Inde
2490 3289 2754 3370 mutatus
2795 3286 2970 3370 .Asiae.
3002 3291 3189 3370 aetate,
3251 3293 3360 3370 etc.
3427 3286 3708 3370 Denique,

2059 3361 2307 3416 fEtatem
2342 3358 2495 3412 Asiae
2528 3357 2756 3423 dixerit,
2793 3356 2851 3411 in
2874 3356 3013 3413 Asia
3040 3362 3422 3418 transactam.

2132 3433 2240 3501 (54)
2274 3429 2723 3504 ϐνικςᾳιοῃιονε.
2749 3433 2916 3504 Hunc
2949 3446 3173 3504 morem
3216 3433 3466 3504 explicat
3521 3436 3711 3495 Julia-

301 3505 479 3586 legati
512 3500 728 3561 mentio
744 3508 818 3586 fit
923 3522 981 3560 v1
1010 3512 1075 3560 de
1106 3506 1206 3586 leg.
1229 3509 1419 3576 praest.
1457 3521 1609 3586 aqua;
1667 3510 1753 3559 est
1802 3505 1945 3586 Tryt
1979 3505 2021 3571 C
2059 3519 2171 3585 nus
2201 3506 2391 3559 Caesar
2422 3500 2908 3586 libellouquodam
2937 3501 3225 3586 acephalp'
3246 3500 3519 3586 editionis
3554 3509 3711 3568 Peta-

299 3576 476 3650 ph'oni
509 3577 919 3650 respondentis
950 3578 1273 3632 secundum
1306 3576 1783 3632 constitutionem
1825 3576 1942 3631 divi

300 3650 384 3704 Pii
417 3651 488 3705 ad
520 3650 801 3705 Tnscium
836 3650 1185 3704 Fuscianum
1218 3653 1343 3704 RIG.

372 3722 485 3794 (53)
504 3722 757 3778 Judiuata
785 3722 1076 3792 punitione
1113 3727 1326 3794 reatus.
1387 3718 1490 3774 Hic
1543 3735 1679 3794 _vero
1708 3718 1942 3794 _nonni-

302 3789 388 3848 hil
416 3789 1179 3864 indulsimus—conjectura.
1226 3793 1289 3847 In
1344 3790 1648 3864 exemplari
1708 3789 1939 3862 legitur,

301 3886 328 3914 «
361 3866 633 3922 Judicata
663 3863 968 3938 punitione
997 3869 1255 3938 senatus.
1290 3884 1315 3914 ι)
1353 3863 1513 3938 Quod
1546 3866 1743 3938 aperte
1781 3878 1943 3938 men:

300 3937 512 3992 dosum
543 3932 827 3993 est-Nam
860 3936 997 4008 quid
1030 3935 1175 3991 illud
1203 4007 1206 4008 ν
1234 3934 1471 3990 tandem
1530 3932 1895 4008 signiﬁcabat
1916 3933 1942 3986 ?

308 4031 329 4057 ι
384 4010 703 4091 _Tragaedia
739 4006 1004 4091 judicata
1072 4007 1375 4091 punitione
1405 4012 1699 4091 'se'natus.
1754 4006 1942 4091 Quare

301 4077 799 4136 autem—meminit
823 4077 1090 4136 Fusciani
1122 4078 1374 4150 praifecti
1405 4077 1571 4150 Urbi,
1610 4077 1659 4131 si
1679 4077 1943 4150 judicata

303 4153 479 4207 fuerit
509 4153 815 4229 punitione
845 4148 1139 4208 senatus?
1170 4149 1490 4229 lmo,nnihil
1519 4149 1618 4229 hic
1644 4148 1941 4229 punitum,

301 4220 552 4296 neque—ii
582 4228 812 4294 senatu,
870 4240 1054 4293 neque
1111 4239 1143 4277 a
1193 4222 1471 4296 praefecto
1525 4220 1684 4275 Urbi.
1741 4221 1942 4296 Itaque

299 4291 412 4351 hoc
430 4296 687 4367 primum
719 4291 935 4365 statuo,
963 4291 1371 4367 praecedentia
1428 4293 1695 4367 sic__esse
1740 4291 1942 4347 distin-

302 4364 536 4440 guenda
561 4385 573 4423 :
613 4390 639 4421 α
669 4368 832 4440 Unde
860 4364 1004 4440 adeo
1019 4367 1220 4440 mimis
1249 4370 1305 4421 et
1324 4364 1601 4420 commdis
1624 4378 1941 4440 argumen-

302 4435 497 4495 torum
525 4455 683 4495 vena:
716 4438 928 4495 ﬂuunt.
962 4438 1125 4494 Unde
1156 4438 1271 4493 ista
1314 4452 1561 4508 quoque,
1618 4435 1755 4508 talis
1810 4441 1943 4490 ante

302 4513 603 4584 tragmdia,
632 4513 846 4583 erupit.
881 4534 909 4562 »
947 4512 1063 4566 Ista
1092 4507 1507 4584 scillicet’vena
1537 4507 1741 4584 comici
1776 4524 1942 4579 argu-

306 4580 511 4651 menti,
543 4580 666 4655 qua
699 4580 835 4639 talis
866 4588 997 4639 ante
1017 4580 1683 4655 tragcediafuit.Deind_e
1705 4597 1943 4655 narrare

304 4656 512 4727 incipit
541 4652 905 4726 tragoediam,
940 4652 1139 4712 casum
1164 4654 1344 4727 plane
1375 4652 1795 4727 miserandum.
1830 4653 1939 4707 Fu-

304 4724 502 4783 sciano
535 4724 803 4800 praéfecto
855 4724 1307 4800 Urbiujudicata
1364 4724 1665 4800 punitione
1721 4731 1941 4791 reatus,

302 4796 615 4857 facinorosi
650 4800 929 4854 nimirum
964 4796 1234 4866 alioujus,
1268 4796 1481 4867 populo
1513 4796 1585 4851 ad
1638 4802 1940 4867 spectacu-

304 4871 429 4927 lum
487 4878 892 4939 concurrente,
956 4863 1227 4925 fortuita'
1261 4863 1613 4939 negligentia
1664 4863 1946 4923 comitum
1979 4866 2025 4930 D
2058 4863 2179 4937 tur,
2210 4885 2335 4937 quae
2366 4863 2623 4935 exceptio
2670 4879 2701 4939 a

308 4943 464 4999 ultra
485 4945 731 5015 januam
765 4943 1269 5016 progressusiiter,
1312 4943 1799 5016 praetereuntibus
1830 4947 1949 5016 tra-

307 5021 457 5083 ctus,
489 5013 662 5072 domo
693 5013 923 5072 excidit.
954 5019 1074 5070 Hoc
1106 5015 1177 5069 de
1226 5030 1371 5084 puro
1413 5030 1531 5084 sex
1570 5017 1669 5068 aut
1725 5013 1955 5068 circiter

307 5104 494 5143 annos
526 5094 662 5143 nato
695 5087 1145 5159 intelligendum
1179 5083 1308 5159 esse
1339 5083 1425 5139 vel
1454 5102 1522 5139 ex
1561 5101 1635 5159 eo
1686 5085 1750 5139 fit
1796 5084 1954 5159 iveri-

302 5159 521 5229 simile,
554 5162 709 5231 quod
742 5161 793 5216 is
826 5156 1255 5231 memineritise
1287 5156 1343 5210 in
1396 5157 1660 5231 _pueritia
1686 5158 1949 5228 periisse,

307 5231 520 5287 dehinc
552 5229 845 5288 mutatum
886 5237 1074 5299 aetate,
1108 5230 1359 5286 relatum
1395 5229 1663 5295 Romam,
1725 5232 1782 5284 et
1824 5231 1952 5300 jam

302 5302 733 5360 adolescentem
764 5304 825 5359 in
856 5302 1087 5359 vincula
1116 5301 1413 5373 legatum.
1439 5301 1533 5355 Sic
1585 5301 1766 5372 igitur
1820 5318 1953 5372 pro-

307 5375 471 5432 cedat
502 5376 784 5433 historia:
820 5374 1077 5431 Fortuita
1106 5372 1458 5445 negligentia
1487 5374 1770 5428 comitum
1803 5374 1956 5429 ultra

296 5448 543 5521 januam
584 5464 947 5521 progressus;
975 5447 1104 5521 iter,
1166 5445 1652 5521 praetereuntibus
1685 5450 1952 5521 _tractus,

310 5516 482 5575 domo
508 5516 741 5577 excidit.
777 5518 1133 5592 Sequi‘turin
1165 5517 1367 5592 eodem
1402 5516 1799 5592 manuscripto
1857 5534 1957 5573 co-

307 5592 455 5647 dice.
488 5615 517 5643 «
547 5592 849 5650 Graeculus
870 5589 965 5649 vel
996 5608 1028 5646 a
1060 5589 1264 5645 limine
1293 5589 1553 5645 Graeculo
1604 5606 1764 5645 more
1825 5606 1957 5661 cap-

306 5668 531 5719 taverat
560 5665 808 5722 intrans.
845 5686 872 5715 ››
905 5668 971 5719 ut
994 5662 1115 5718 bch
1150 5664 1447 5733 postrema
1477 5662 1674 5732 dictio,
1710 5664 1955 5731 intrans,

309 5734 712 5809 interpretatio
744 5739 1011 5795 videatur
1056 5736 1197 5809 pejus
1256 5734 1411 5809 quod
1469 5740 1875 5809 praecesserat,
1925 5751 1959 5791 a

311 5806 523 5869 limine.
558 5812 719 5879 Quod
742 5812 792 5869 si
832 5806 1227 5885 probavimus,
1262 5806 1481 5863 eadem
1521 5823 1699 5880 opera
1754 5806 1958 5880 proba-

2058 3575 2241 3645 vianze
2270 3589 2402 3645 pag.
2438 3573 2537 3626 157
2574 3588 2587 3628 :
2621 3570 2910 3645 "Qa-irep‘oi
2960 3570 3265 3645 τδρ-παιδία
3311 3581 3408 3631 τοῦ
3436 3577 3710 3637 πλακοῦν-

2049 3666 2143 3724 "tog
2175 3640 2805 3724 éﬁaita'tfi‘wtect‘upaai'
2827 3640 2909 3724 δξς
2962 3643 3063 3724 καὶ.
3100 3646 3223 3724 api:
3254 3649 3535 3724 προίξέσθαι
3582 3654 3706 3709 πιί-

2052 3712 2235 3795 Θᾳιξτξιύ
2296 3712 2655 3795 ἁκολουβεῖΨ
2694 3715 2907 3795 satyro];
2939 3734 2960 3795 ς
3018 3714 3112 3778 εἶθ’
3139 3712 3307 3773 ’δίεφθ’
3350 3722 3702 3795 ἁποστήσωσι

2052 3788 2240 3865 esset.)
2304 3792 2410 3841 τῶν
2472 3787 2700 3858 οἱκιῶν,
2752 3782 3123 3860 ἐμϐάλλοντες
3211 3791 3287 3853 εἷς
3365 3798 3491 3849 ναῦν
3548 3782 3702 3855 ’ἀπέ-

2053 3859 2230 3917 devio.
2265 3865 2391 3917 RIG.

2122 3935 2231 4005 (55)
2262 3934 2507 4011 Spiritus
2536 3931 2605 4011 de
2623 3929 2998 4011 die-concutit.
3031 3931 3113 4011 “In
3174 3936 3490 4011 exemplari
3548 3939 3693 4011 legi.

2054 4002 2184 4059 tur:
2220 4002 2247 4056 ἀ
2281 4002 2536 4075 Spiritus
2567 4002 2667 4058 Dei
2699 4002 2792 4075 die
2838 4003 3110 4058 concutit.
3174 4027 3203 4056 ››
3262 4002 3433 4063 Nullo
3492 4002 3692 4071 sensu.

2054 4074 2415 4150 Vocabulum
2461 4075 2569 4150 Dei
2605 4074 3221 4150 proxime__antecedit,
3260 4095 3470 4150 Aneque
3527 4084 3701 4141 debet

2052 4148 2145 4203 hic
2178 4147 2459 4219 reperiri;
2516 4145 2711 4201 visum
2762 4145 3047 4211 scribere,
3095 4168 3123 4195 ‹‹

2052 4218 2331 4276 concutit.
2367 4242 2395 4269 »
2424 4218 2583 4273 IDEM.

2124 4294 2237 4361 (56)
2297 4290 2673 4361 Investigagtur
2741 4286 3144 4344 venaliciarius.
3204 4290 3307 4346 Hic
3383 4295 3697 4355 adverten-

2053 4360 2687 4417 dum'venaliciarium
2747 4376 2861 4415 non
2921 4374 3049 4414 esse
3105 4367 3509 4427 mercatorem.
3594 4373 3697 4427 sed

2054 4450 2442 4506 mangonem;
2474 4430 2980 4506 mangonesenim
3012 4436 3244 4506 proprie
3273 4452 3387 4492 non
3422 4440 3699 4499 dicuntur

2053 4502 2423 4576 mercatores,
2458 4504 2598 4575 quia
2623 4502 2853 4560 venalia
2910 4502 3203 4575 mancipia
3259 4524 3373 4564 non
3434 4517 3574 4568 sunt
3636 4516 3699 4571 in

2054 4596 2245 4634 merce
2302 4578 2837 4653 discernunturqua
2889 4589 3209 4653 _mercesa
3263 4583 3591 4653 venalibus,
3643 4592 3702 4644 et

2054 4654 2346 4707 mercatus
2378 4668 2411 4706 a
2440 4646 2719 4703 venaticis
2744 4645 2781 4701 l.
2818 4649 2841 4701 1
2877 4645 3004 4701 Cod.
3039 4646 3103 4701 de
3145 4650 3325 4706 Nund.
3384 4664 3437 4711 et
3474 4645 3701 4716 mereat.

2055 4719 2591 4795 Mancipiavenalia
2622 4735 2735 4774 non
2788 4718 3121 4795 referuntur
3175 4722 3245 4776 ad
3305 4740 3398 4781 res
3456 4730 3705 4789 mobiles

2056 4790 2319 4867 proprie;
2356 4810 2515 4859 nam,
2547 4792 2683 4867 licet
2709 4790 3122 4867 res_ve_nd_atur
3151 4810 3267 4867 non
3296 4799 3493 4856 tamen
3524 4804 3705 4860 tradi-

2705 4862 2823 4988 pud
2875 4862 3336 4933 jurisconsultos
3394 4873 3701 4932 solemnis.

2727 4951 2850 4988 acio
2900 4935 2971 4988 ad
3033 4952 3123 4988 res
3177 4942 3401 4988 tantum
3460 4948 3701 4988 mnhilnu

2064 4934 2271 4995 Mercia
2305 4934 2850 5007 autem’appellacio
2900 4935 2971 4989 ad
3033 4952 3123 4992 res
3177 4942 3404 4999 tantum
3459 4948 3709 5005 mobiles

2066 5012 2314 5140 Ipertrinet
2354 5015 2417 5066 ut
2474 5006 2721 5065 habetur
2779 5006 2838 5077 (1.
2898 5007 2967 5060 69
3028 5009 3085 5063 D.
3146 5009 3209 5068 εἰς
3270 5017 3428 5071 Verb.
3487 5021 3703 5091 :igm’f.)

2114 5102 2143 5137 Ε
2222 5101 2277 5137 n.

2114 5102 2143 5137 Ε
2175 5088 2277 5137 Pa.

2137 5156 2251 5223 (57)
2285 5155 2359 5210 Ne
2381 5152 2609 5229 quidem
2659 5149 2737 5229 ad
2772 5150 3251 5229 ροηινηιιηίρησιη-
3277 5163 3708 5228 comparationis

2066 5222 2358 5301 antistium.
2386 5222 2826 5301 Emendatidin
2850 5228 3133 5301 promptu
3164 5222 3448 5285 videatur.
3472 5234 3516 5287 A
3548 5250 3713 5289 com-

2069 5299 2350 5355 munione
2438 5292 2895 5367 comparationis
2938 5292 3290 5367 _ab_Sistunt:
3354 5302 3563 5359 Verum
3632 5306 3715 5362 ita

2068 5372 2375 5443 scripsisse
2405 5362 2831 5444 Tertu'll‘ianum
2864 5362 3155 5444 ea'istimo,
3178 5370 3715 5433 adcommunionem.

2067 5436 2295 5499 Etenim
2329 5445 2489 5498 amat
2532 5436 3462 5515 hujuscemodi_compositiones,
3523 5448 3715 5504 adstu-

2067 5516 2324 5593 d_endum_.
2368 5506 2816 5593 gat/sacriﬁcium,
2886 5506 3314 5593 adiguefentur.
3374 5506 3478 5593 _Hic
3535 5520 3719 5593 igitur

2070 5587 2170 5653 ait,
2205 5604 2275 5642 ne
2308 5586 2421 5661 ista
2454 5579 2690 5656 quidem
2740 5596 2897 5661 quae”
2927 5579 3203 5661 objicitis,
3264 5579 3591 5647 absistunt”
3618 5594 3721 5649 ad-

2070 5654 2543 5739 communionem
2579 5654 3060 5739 comparationis,
3092 5654 3197 5710 hoc
3228 5663 3342 5739 est,
3369 5679 3485 5719 non
3534 5664 3723 5739 impe-

2069 5733 2239 5861 (tliunt
2269 5730 2589 5861 qaominus
2647 5727 2818 5784 sistat
2867 5740 2926 5781 se
2968 5725 3382 5792 adcommunio
3414 5725 3722 5813 compara-

2098 5821 2271 5861 lODlB.
2360 5821 2431 5861 IG.

2071 5804 2271 5863 tionis.
2290 5804 2431 5861 ’RIG.

3177 4147 3426 4218 Spiritus
3480 4153 3550 4210 de
3606 4158 3699 4214 die
