4264 6396
598 436 718 497 655

1104 433 1631 494 TER'l‘ULLlANl
1679 431 1998 493 UPERUM
2048 431 2252 490 PARS
2297 431 2346 490 l.
2393 464 2469 473 —
2515 429 2788 490 SERIES
2834 429 2883 500 Ι,
2929 427 3494 489 APOLOGETICA.

3883 429 4006 490 656

600 583 753 625 mur.
787 567 872 622 Ita
898 580 1034 621 vero
1063 565 1160 632 sit,
1194 581 1327 620 cum
1350 581 1418 620 cx
1445 565 1611 620 vobis
1632 563 1968 620 nationibus
1986 561 2246 634 quotidie
2275 564 2323 631 Α
2358 562 2614 634 exspuit,
2645 565 2831 617 totum
2851 559 3157 616 eradicataa
3176 558 3560 616 confessionis
3583 559 4007 630 ministerium,

600 658 876 725 Caasares,
923 660 981 710 et
1037 653 1313 722 Parthici,
1372 658 1429 708 et
1482 651 1715 719 Medici,
1776 657 1833 707 et
1889 650 2243 706 Germanici.

598 745 719 801 Hoc
750 743 874 799 loco
902 745 1162 802 Romana
1199 757 1343 814 gens
1397 740 1627 807 viderit,
1686 740 1746 794 in
1805 739 2021 811 quibus
2078 738 2244 793 indo-

601 832 757 888 mitas
787 835 844 886 et
871 835 1156 886 extraneis
1188 829 1472 885 nationes.
1507 832 1622 884 Vos
1652 833 1848 883 tamen
1898 829 1969 884 de
2028 826 2246 882 nostris

601 922 880 976 adversus
939 924 1171 974 nostros
1227 919 1597 989 conspiratis.
1657 917 2046 990 Agnoscimus
2104 931 2245 970 sane

599 1013 918 1065 Romanam
952 1007 1012 1062 in
1042 1007 1298 1062 Caesares
1332 1006 1524 1062 ﬁdem.
1559 1006 1731 1061 Nulla
1758 1022 2011 1076 unquam
2045 1006 2244 1074 conju-

600 1098 750 1155 ratio
808 1097 1021 1168 erupit,
1110 1095 1311 1151 nullus
1368 1095 1429 1150 in
1487 1099 1693 1151 senatu
1749 1094 1838 1151 vel
1891 1094 1950 1148 in
2008 1092 2242 1165 palatiis

598 1187 747 1260 ipsis
777 1187 892 1257 (58)
926 1185 1168 1257 sanguis
1195 1185 1240 1220 ³⁵
1267 1185 1507 1239 Caesaris
1541 1189 1739 1239 notam
1773 1183 1896 1239 ﬁxit
1923 1208 1936 1249 ;
1969 1181 2127 1238 nulla
2182 1181 2242 1236 in

597 1273 914 1348 provinciis
945 1274 1213 1329 affectata
1244 1273 1543 1344 majestas.
1583 1272 1788 1326 Adhuc
1838 1270 2012 1343 Syriae
2071 1271 2244 1326 cada-

595 1379 800 1420 verum
832 1361 1110 1419 odoribus
1141 1361 1405 1432 spirant;
1458 1361 1648 1417 adhuc
1706 1359 1903 1415 Galliae
1964 1359 2242 1415 Rhodano

599 1469 708 1510 suo
736 1469 854 1508 non
884 1451 1102 1506 lavant.
1133 1450 1244 1506 Sed
1276 1450 1483 1507 omitto
1515 1449 1759 1505 vesaniae
1782 1448 2050 1512 crimina,
2109 1448 2244 1516 quia

599 1558 705 1598 nec
734 1541 852 1597 ista
906 1542 1232 1596 Romanum
1285 1554 1497 1594 nomen
1555 1538 1899 1594 admittunt.
1958 1537 2243 1592 Vanitatis

603 1629 912 1702 sacrilegia
941 1631 1305 1698 conveniam,
1337 1633 1394 1682 et
1434 1627 1622 1698 ipsius
1671 1625 1996 1681 vernaculae
2051 1625 2243 1697 gentis

600 1719 1038 1778 irreverentiam
1093 1731 1529 1788 recognoscam,
1586 1719 1643 1771 et
1698 1714 1937 1770 festivos
1993 1713 2241 1784 libellos,

605 1825 753 1880 quos
783 1811 991 1863 statuae
1021 1806 1216 1862 sciunt
1250 1805 1382 1876 (59),
1415 1808 1474 1860 et
1519 1803 1618 1860 illa
1676 1803 1913 1874 obliqua
1966 1819 2242 1857 nonnun-

2356 652 2467 707 Sed
2499 651 2709 706 vestris
2744 651 2853 706 ista
2882 651 2954 705 ad
2999 648 3271 722 gloriam,
3318 647 3536 704 nostris
3592 649 3665 705 ad
3722 649 4007 707 duritiam

2355 739 2668 810 deputatis.
2705 739 2994 795 Destruite
3021 754 3174 793 nunc
3216 737 3462 810 gloriam
3514 738 3829 808 majorum,
3889 755 4008 810 quo

2356 845 2463 883 nos
2495 845 2726 899 quoque
2757 827 3073 883 destruatis
3130 827 3394 882 Contenti
3451 831 3637 882 estote
3695 827 4010 884 detrahere

2355 917 2531 972 etiam
2563 917 2721 972 laudi
2754 921 3062 988 parentum
3094 917 3164 970 ad
3197 932 3475 987 prasens,
3507 932 3578 971 ne
3611 914 3778 973 nobis
3809 915 4006 973 locum

2352 1006 2522 1061 detis.
2558 1012 2630 1061 Dc
2662 1006 2756 1062 his
2787 1005 3050 1061 forsitam
3084 1011 3143 1060 et
3165 1012 3492 1077 temporum
3515 1004 3773 1076 qualitas
3795 1007 4006 1062 robus-

2351 1095 2518 1150 tioris
2550 1094 2917 1166 antiquitatis
2947 1094 3202 1164 exegerit
3226 1093 3463 1166 ingenia
3483 1093 3741 1160 duriora,
3766 1099 3826 1150 at
3845 1111 4007 1152 nunc

2351 1182 2744 1254 tranquillitas
2779 1184 2939 1254 pacis
2968 1187 3025 1238 et
3079 1181 3315 1254 ingenia
3372 1181 3607 1238 mitiora
3661 1188 3718 1238 et
3775 1189 4005 1240 mentes

2352 1271 2659 1327 hominum
2688 1272 2862 1327 etiam
2890 1272 2950 1326 in
2984 1277 3288 1327 extraneos
3313 1272 3494 1343 (61)...
3527 1273 3696 1344 Ergo,
3731 1271 4008 1344 inquitis,

2354 1359 2646 1415 veteribus
2703 1377 2804 1415 vos
2860 1364 3215 1430 comparate,
3291 1359 3460 1416 nobis
3507 1376 3745 1416 necesse
3792 1366 3884 1416 est
3938 1361 4001 1416 in

2351 1449 2514 1504 vobis
2549 1449 2681 1503 odio
2715 1449 2990 1520 prosequi
3022 1449 3175 1519 quod
3209 1467 3242 1504 a
3295 1448 3463 1504 nobis
3522 1465 3637 1504 non
3697 1449 4004 1521 probatur,

2353 1537 2491 1608 quia
2520 1554 2626 1592 nec
2656 1537 2950 1592 invenitur
2978 1537 3036 1592 in
3071 1537 3257 1592 nobis.
3291 1538 3653 1608 Respondete
3697 1537 3878 1609 igitur
3931 1540 4007 1595 ad

2350 1626 2613 1697 singulas
2644 1627 2887 1698 species.
2922 1630 3045 1680 Non
3102 1627 3306 1681 eadem
3363 1642 3500 1682 voce
3559 1627 3826 1698 exempla
3901 1628 4007 1683 de-

2352 1731 2547 1786 posco.
2581 1714 2640 1769 Si
2699 1720 3035 1785 contemptu
3094 1714 3317 1769 scilicet
3373 1714 3579 1770 mortis
3637 1715 3873 1786 gladius
3931 1715 4008 1771 de

2351 1803 2676 1872 majoribus
2708 1802 2933 1857 fabulas
2965 1802 3119 1868 fecit,
3181 1803 3385 1873 utique
3445 1819 3560 1858 non
3620 1803 3745 1858 vitea
3806 1809 4008 1860 amore

607 1912 785 1968 quam
816 1895 972 1950 dicta
1003 1911 1036 1949 a
1062 1893 1307 1949 concilio
1343 1897 1512 1964 atque
1546 1891 1876 1956 maledicta,
1918 1907 2044 1962 quas
2102 1891 2239 1946 circi
2272 1929 2319 1993 Β
2352 1891 2542 1964 gladio
2575 1908 2676 1947 vos
2706 1893 2778 1946 ad
2809 1891 3056 1946 lanistas
3076 1890 3412 1961 auctoratis,
3438 1892 3537 1946 sed
3557 1891 3764 1947 mortis
3787 1909 4003 1947 nomen

607 1988 837 2041 sonant.
870 1983 927 2038 Si
961 1999 1072 2038 non
1107 1983 1308 2048 armis,
1350 1981 1556 2038 saltem
1614 1981 1816 2053 lingua
1871 1997 2103 2052 semper
2151 1997 2241 2035 re-

604 2073 788 2129 belles
846 2073 1006 2128 estis.
1046 2072 1180 2136 .Sed
1230 2071 1410 2136 aliud,
1460 2070 1685 2140 Opinor,
1725 2073 1835 2136 est,
1887 2085 2001 2123 non
2044 2069 2246 2139 jurare

603 2178 708 2234 per
735 2160 974 2233 genium
1004 2158 1269 2216 Caesaris.
1302 2159 1616 2214 Dubitatur
1665 2157 1820 2213 enim
1869 2158 1939 2212 de
1991 2157 2244 2228 perjuris

593 2250 750 2321 jure,
783 2265 918 2310 cum
951 2264 1023 2304 ne
1063 2264 1165 2319 per
1193 2248 1334 2302 deos
1366 2247 1602 2318 quidem
1635 2251 1858 2301 vestros
1888 2261 1957 2300 ex
1986 2246 2097 2300 fide
2145 2246 2245 2300 de-

593 2337 818 2408 jeretis.
851 2336 961 2391 Sed
994 2353 1109 2391 non
1131 2335 1384 2391 dicimus
1405 2336 1578 2391 deum
1602 2334 2010 2406 imperatorem
2038 2350 2247 2405 :super

599 2425 711 2482 hoc
741 2425 920 2493 enim,
955 2425 1110 2496 quod
1141 2423 1316 2496 vulgo
1349 2427 1534 2491 aiunt,
1568 2439 1811 2478 sannam
1839 2422 2086 2478 facimus
2109 2423 2240 2494 (60).

695 2512 780 2567 18.
809 2512 928 2567 Ιωο
959 2510 1062 2582 qui
1093 2511 1268 2566 deum
1299 2513 1578 2567 Caesarem
1610 2509 1828 2574 dicitis,
1863 2514 1920 2565 et
1943 2510 2243 2578 deridetis,

603 2599 850 2657 dicendo
883 2601 1034 2670 quod
1069 2616 1183 2655 non
1223 2603 1332 2669 est,
1365 2605 1422 2654 et
1469 2598 1622 2655 male
1670 2598 1886 2667 dicitis,
1942 2598 2081 2670 quia
2127 2616 2243 2653 non

603 2687 730 2743 vult
756 2703 884 2744 esse
915 2689 1067 2759 quod
1103 2686 1335 2756 dicitis;
1369 2689 1593 2742 mavult
1621 2686 1776 2742 enim
1805 2687 2016 2757 vivere,
2067 2703 2242 2758 quam

605 2777 752 2832 deus
783 2776 929 2832 fieri.
962 2775 1273 2847 Reliquum
1297 2776 1707 2832 obstinationis
1744 2775 1804 2830 in
1849 2775 1948 2831 illo
1990 2775 2242 2847 capitulo

605 2863 922 2932 collocatis,
955 2865 1111 2922 584
1142 2866 1297 2935 quod
1332 2880 1516 2936 neque
1554 2864 1783 2935 gladios
1813 2881 1998 2936 neque
2017 2881 2240 2934 cruces,

603 2969 795 3024 neque
824 2953 1044 3010 bestias
1067 2959 1309 3024 vestras,
1345 2969 1457 3008 non
1494 2954 1710 3025 ignem,
1762 2970 1876 3009 non
1927 2959 2240 3025 tormenta,

601 3043 674 3100 ob
705 3043 1020 3098 duritatem
1052 3059 1118 3098 ac
1147 3047 1544 3114 contemptum
1578 3042 1801 3110 mortis,
1823 3043 2019 3098 animo
2078 3059 2241 3098 recu-

599 3148 818 3190 semus.
857 3135 929 3186 At
958 3131 1114 3187 enim
1146 3131 1266 3186 hzsc
1298 3133 1497 3187 omnia
1527 3131 1681 3202 apud
1712 3131 1934 3202 priores
1967 3132 2238 3202 majores,

597 3236 712 3292 que
739 3225 964 3277 vestros
994 3237 1109 3276 non
1141 3219 1433 3276 contemni
1466 3221 1656 3288 mode,
1689 3220 1790 3275 sed
1821 3220 1996 3276 etiam
2029 3237 2244 3293 magna

596 3307 770 3364 laude
799 3308 1032 3380 pensari
1062 3325 1129 3364 ac
1155 3310 1367 3364 virtute
1398 3308 1751 3364 didicerunt.
1807 3307 2049 3364 Gladius
2102 3314 2245 3381 quot
2277 3295 2317 3360 C

597 3402 656 3452 et
684 3401 934 3468 quantos
964 3397 1119 3453 viros
1152 3396 1506 3452 voluntarios
1532 3396 1544 3451 !
1582 3397 1740 3469 piget
1759 3398 2054 3469 prosequi.
2106 3398 2246 3453 Cru-

601 3483 687 3541 cis
734 3502 867 3542 vero
923 3486 1237 3541 novitatem
1296 3502 1617 3540 numerosas
1649 3487 1934 3541 abstrusas
1992 3485 2250 3558 Regulus

602 3577 796 3629 vester
823 3573 1074 3629 libenter
1120 3572 1428 3629 dedicavit.
1486 3573 1706 3645 Regina
1759 3575 1984 3646 Egypti
2041 3575 2247 3630 bestiis

607 3662 733 3718 suis
765 3679 872 3718 usa
891 3667 999 3718 est.
1036 3662 1203 3733 Ignes
1235 3667 1364 3733 post
1392 3661 1909 3734 Carthaginensem
1969 3664 2245 3719 feminam

605 3749 930 3807 Asdrubale
967 3751 1172 3805 marito
1204 3750 1263 3804 in
1305 3751 1580 3805 extremis
1635 3751 1831 3822 patriis
1889 3752 2242 3807 constantio-

597 3855 721 3896 rem
753 3839 1033 3894 docuerat
1063 3831 1336 3895 ihvadero
1365 3839 1496 3910 ipsa
1526 3839 1691 3894 Dido.
1717 3840 1821 3895 Sed
1855 3843 1913 3896 et
1954 3845 2244 3898 tormenta

595 3927 808 3985 mulier
834 3928 1024 3984 Attica
1053 3927 1320 4000 fatigavit
1349 3932 1596 4000 tyranno
1625 3944 1867 4001 negans,
1921 3935 2239 4002 postremo,

594 4033 667 4077 ne
695 4017 924 4075 deceret
955 4033 1168 4090 corpus
1199 4022 1257 4073 et
1288 4033 1483 4083 sexus,
1511 4016 1777 4089 linguam
1808 4035 1976 4075 suam
2009 4025 2240 4091 pastam

2356 1980 2580 2035 militiae
2609 1981 2761 2035 datis
2792 1980 2926 2051 (62).
2951 1980 3006 2034 Si
3041 1980 3270 2035 feminae
3301 1979 3476 2035 alicui
3534 1981 3606 2035 de
3661 1980 3868 2037 bestiis
3916 1981 4002 2036 fa-

2357 2085 2523 2124 mosa
2553 2085 2712 2124 mors
2742 2073 2852 2136 est,
2875 2068 3068 2123 medio
3100 2069 3360 2139 quotidie
3391 2069 3553 2141 pacis
3576 2075 3785 2141 sponte
3814 2068 4005 2125 libera

2360 2158 2431 2212 ad
2487 2157 2705 2213 bestias
2757 2155 2875 2211 itis.
2933 2157 2989 2210 Si
3048 2171 3302 2225 crucem,
3363 2157 3691 2229 conligendi
3741 2158 4006 2230 corporis

2355 2245 2707 2312 machinam,
2743 2243 2941 2300 nullus
2967 2245 3160 2301 adhuc
3191 2263 3260 2302 ex
3291 2247 3453 2302 vobis
3468 2245 3727 2318 Regulus
3743 2247 4004 2319 pepigit;

2355 2339 2611 2389 attamen
2635 2335 2760 2404 jam
2797 2334 2950 2405 ignis
2981 2339 3350 2406 contemptus
3381 2335 3566 2390 evasit
3596 2337 3728 2405 (63),
3771 2352 3840 2391 ex
3886 2352 4005 2408 quo

2354 2441 2416 2479 se
2446 2423 2686 2494 quidam
2719 2423 2978 2495 proxime
3005 2423 3375 2478 vestiendum
3431 2423 3746 2480 incendiali
3805 2424 4007 2480 tunica

2355 2514 2424 2568 ad
2458 2517 2684 2568 certum
2718 2528 3143 2584 usquequaque
3173 2511 3366 2567 locum
3424 2512 3776 2570 auctoravit.
3807 2513 3864 2567 Si
3907 2513 4008 2568 ﬂa-

2353 2601 2473 2672 gris
2503 2600 2712 2656 mulier
2742 2600 3061 2671 insullavit,
3097 2601 3201 2655 hoc
3245 2617 3478 2673 quoque
3535 2601 3796 2672 proxime
3851 2602 4006 2657 inter

2351 2687 2677 2743 venatorios
2708 2688 2818 2759 (64)
2852 2688 3000 2744 585
3036 2687 3242 2743 ordine
3297 2695 3635 2745 transcurso
3693 2706 4002 2746 remensus

2351 2782 2460 2842 est,
2494 2781 2558 2831 ut
2586 2783 2806 2831 taceam
2839 2777 2909 2831 de
2938 2776 3217 2832 Laconica
3247 2777 3430 2848 gloria
3459 2777 3593 2849 (65).
3626 2781 3631 2786 '

2424 2866 2509 2920 19.
2542 2869 2879 2936 Hucusque,
2906 2864 3131 2938 opinor,
3177 2865 3467 2921 horrenda
3533 2866 4000 2923 obstinationum

2351 2953 2813 3010 Christianarum
2843 2969 2854 3008 :
2891 2970 3019 3025 quae
3050 2953 3099 3010 si
3122 2955 3426 3009 vobiscum
3459 2955 4000 3025 communicamus,

2349 3049 2620 3116 superest
2636 3044 2951 3098 deridenda
2973 3059 3354 3114 personarum
3376 3045 3742 3101 conferamus
3767 3063 3781 3114 ;
3806 3063 4001 3118 quan-

2351 3150 2525 3203 quam
2559 3134 2629 3188 de
2675 3133 3156 3205 persuasionibus
3186 3133 3380 3189 omnis
3423 3133 3738 3190 obstinatio
3798 3140 4005 3192 nostra

2357 3221 2730 3293 praestruitur
2754 3237 2766 3275 :
2804 3227 3164 3278 mortuorum
3186 3222 3340 3277 enim
3365 3223 3779 3294 praesumimus
3812 3241 4007 3280 resur-

2357 3312 2692 3366 rectionem.
2724 3315 2864 3382 Spes
2896 3310 3337 3367 resurrectionis
3369 3311 3672 3367 fastidium
3704 3317 3793 3368 est
3839 3328 4004 3371 mor-

2359 3401 2456 3454 tis.
2490 3400 2691 3454 Ridete
2722 3398 2900 3470 igitur
2924 3399 3357 3470 quantumlibet
3379 3399 3824 3470 stupidissimas
3847 3417 4008 3456 men-

2357 3492 2446 3544 tes
2481 3505 2612 3560 quae
2643 3487 2978 3542 moriuntur
3017 3491 3080 3542 ut
3129 3487 3370 3556 vivant;
3431 3489 3531 3544 sed
3593 3505 3707 3560 quo
3772 3489 4003 3547 facilius

2358 3577 2598 3632 rideatis
2629 3580 2684 3632 et
2716 3575 3030 3632 resolutius
3061 3576 3519 3645 decachinnetis,
3553 3583 3783 3650 arrepta
3830 3596 4005 3650 spon-

2357 3667 2450 3738 gia
2481 3665 2566 3720 vel
2595 3664 2828 3719 interim
2862 3664 3061 3736 lingua
3101 3665 3288 3720 delete
3343 3664 3566 3720 litteras
3616 3666 3848 3722 interim
3905 3685 3999 3723 ve-

2355 3759 2529 3822 stras,
2562 3771 2687 3825 qua:
2719 3752 2992 3808 similiter
3021 3758 3356 3808 asseverant
3385 3754 3610 3810 animas
3641 3755 3700 3809 in
3753 3772 4002 3828 corpora

2353 3843 2664 3899 redituras.
2723 3844 2988 3897 Attamen
3049 3845 3268 3913 quanto
3327 3843 3741 3914 aoceptabilior
3794 3849 3997 3902 nostra

2352 3930 2730 4004 praesumptio
2761 3934 2868 3998 est,
2903 3947 3028 4002 quas
3057 3929 3116 3986 in
3150 3931 3352 3986 eadem
3403 3947 3647 4003 corpora
3703 3933 3996 3991 redituras

2353 4020 2655 4077 defendit?
2685 4020 2854 4076 vobis
2885 4025 3082 4075 autem
3116 4023 3334 4090 quanto
3365 4019 3576 4076 vanius
3605 4020 3883 4078 traditum
3916 4027 4007 4079 est

2023 4194 2225 4256 Variae
2269 4194 2591 4257 lectiones.

662 4289 708 4326 ³⁸
731 4289 824 4348 Ila
851 4291 986 4347 Hau.
1006 4307 1029 4355 .'
1053 4291 1182 4348 cod.
1212 4305 1313 4346 ms.
1351 4289 1682 4362 sanguinis.

2029 4411 2551 4472 Commentarius.

655 4542 771 4615 (58)
804 4543 895 4599 γει
926 4545 982 4598 in
1009 4544 1246 4614 palatiis
1279 4541 1434 4614 ipsis.
1466 4545 1861 4615 Romanorum
1921 4544 2235 4600 crudelita-

588 4618 708 4688 tem
739 4614 801 4688 in
833 4631 970 4688 suos
998 4615 1379 4688 imperatores
1407 4614 1623 4688 arguit,
1659 4617 1759 4686 qui
1815 4616 1874 4670 in
1935 4618 2115 4688 regia,
2175 4616 2232 4671 in

2347 4550 2466 4611 tur,
2499 4547 2556 4600 et
2587 4543 2798 4600 maniis
2821 4543 2848 4597 ?
2881 4563 2910 4592 »
2943 4541 3104 4597 Unde
3133 4541 3448 4598 sanniones
3506 4542 3646 4598 dicti
3703 4543 3996 4601 homines.

2347 4616 2510 4671 vultu
2540 4616 2728 4689 magis
2747 4632 2778 4688 q
2791 4633 2821 4670 u
2834 4613 3163 4689 amgfacetiis
3176 4619 3277 4669 aut
3291 4615 4000 4689 dicetiisridiculiﬁenus

587 4685 845 4785 palatiis,
881 4686 938 4741 in
992 4685 1115 4785 ipslo
1169 4691 1376 4742 senatu
1435 4687 1732 4785 grincipes
1753 4685 2231 4785 Lcon‘fodijebant:
2268 4721 2312 4785 D
2346 4690 2522 4785 etiam
2556 4685 3085 4768 sannae—quoddam
3116 4690 3271 4785 erat',‘
3295 4687 3448 4756 quod
3491 4686 4000 4785 cicpniapdice‘ba-

588 4772 721 4840 cum
751 4761 940 4840 tamen
977 4758 1138 4814 nulla
1168 4773 1360 4840 neque
1383 4759 1590 4813 seditio
1628 4775 1661 4813 a
1709 4759 2057 4840 _christia_nis
2106 4779 2236 4840 ron:

586 4829 889 4901 citaretur,
925 4846 1113 4901 neque
1145 4829 1313 4886 novis
1347 4845 1609 4900 unquam
1642 4831 1815 4888 rebus
1843 4834 2081 4888 studere
2126 4834 2234 4888 visi

586 4898 825 4955 fuerint.
861 4902 930 4956 Ls
960 4898 1061 4956 Pa.

659 4971 772 5042 (59)
824 4979 963 5043 Quos
1013 4975 1471 5047 statumsczunt.
1535 4972 1749 5029 Adfixis
1807 4977 1909 5029 aut
1957 4974 2234 5047 appensis

589 5043 662 5099 ad
695 5048 923 5099 statuas
950 5043 1200 5100 tabellis.
1234 5045 1360 5112 R10,

663 5114 770 5198 (ῥο)
805 5117 952 5198 Quod
981 5118 1142 5198 vulgo
1197 5117 1379 5198 aiunt,
1441 5130 1673 5198 {cunam
1725 5116 2002 5198 fugimus
2034 5120 2230 5198 Sanun

588 5185 898 5243 derisionis
929 5189 1150 5257 species
1173 5193 1261 5242 est
1290 5201 1418 5257 qua
1451 5186 1625 5242 fiebat
1653 5203 1750 5242 ore
1797 5189 2045 5246 distorto
2097 5188 2229 5244 vul-

587 5263 792 5331 tuque,
825 5267 925 5315 aut
955 5267 1112 5316 certa
1143 5259 1457 5331 digitorum
1489 5276 1845 5331 manuumve
1902 5261 2228 5316 conforma-

585 5330 764 5398 tione,
798 5339 898 5387 aut
927 5334 1100 5386 ductu
1134 5330 1422 5387 labiorum
1455 5333 1581 5385 sine
1609 5330 1725 5386 ullo
1781 5335 1975 5388 verbo.
2033 5338 2227 5386 Sanna

585 5400 780 5475 Graece
833 5405 1024 5475 μήκων
1054 5403 1361 5475 Adhibitus
1395 5401 1571 5475 fuisse
1605 5402 1737 5475 illas
1769 5410 1992 5460 Sannas
2023 5409 2080 5459 et
2108 5404 2226 5459 oris

585 5472 967 5532 distorsiones
1026 5476 1095 5530 ad
1156 5472 1607 5546 terrefaciendos
1663 5474 1958 5546 plorantes
2016 5491 2224 5544 pueros

584 5550 743 5614 patet
762 5563 829 5602 ex
860 5548 1114 5604 Arnobio
1146 5547 1247 5601 lib.
1292 5563 1363 5600 v:
1429 5544 1618 5615 Usque
1665 5544 1894 5601 adeone
1948 5547 2222 5602 mortales

587 5615 783 5689 saaculi
814 5617 972 5674 illius
1001 5637 1065 5675 ac
1093 5618 1376 5689 temporis
1407 5619 1578 5671 corde
1610 5621 1839 5672 luerant
1886 5619 2072 5686 vacui,
2131 5637 2219 5673 ra-

585 5688 884 5761 tionisque
900 5688 1231 5761 sensusque,
1251 5688 1492 5761 nullius,
1517 5694 1580 5743 ut
1605 5689 1677 5744 ab
1700 5690 1974 5744 actionib.
2001 5689 2221 5761 impro-

589 5755 682 5834 bis
713 5755 993 5834 tanquam
1026 5755 1272 5834 parvuli,
1308 5759 1601 5834 pusiones,
1639 5775 2018 5831 personarum
2053 5755 2216 5817 nion-

592 5829 961 5890 truosiss‘ima
992 5829 1262 5891 torvitate
1283 5829 1486 5888 sannis
1527 5829 1705 5889 etiam
1749 5835 2218 5907 constringeren-

2346 4767 2464 4829 tur,
2498 4778 2632 4815 cum
2666 4757 2866 4830 nempe
2896 4757 3131 4813 ciconiae
3164 4757 3376 4830 collum
3411 4759 3683 4814 manibus
3731 4759 3992 4830 ﬁngeba-

2346 4839 2458 4887 tur.
2505 4833 2583 4887 De
2643 4829 2846 4887 sannis
2905 4834 2963 4902 et
3013 4829 3409 4902 derisionibus
3466 4831 3622 4901 apud
3681 4829 3998 4902 plerosque

2345 4903 2528 4959 multa
2557 4905 2735 4973 legas,
2771 4901 2925 4973 apud
2961 4900 3246 4962 Persium.
3281 4901 3400 4956 Sat.
3435 4919 3452 4955 ι
3484 4900 3539 4956 et
3567 4919 3621 4971 v,
3658 4900 3726 4957 La
3775 4906 3880 4955 Pa.

2414 4977 2523 5046 (61)
2556 4980 2747 5030 Etzam
2777 4978 2833 5030 in
2865 4977 3182 5046 extraneos.
3218 4973 3343 5043 Ipse
3374 4973 3432 5027 in
3455 4974 3806 5045 Apologetico
3836 4973 3996 5028 Chri-

2342 5042 2572 5102 stianus
2603 5052 2656 5102 et
2686 5052 2846 5101 extra
2877 5042 3066 5099 ﬁdelis
3091 5042 3350 5099 vocatur.
3383 5042 3506 5100 Βιαζ

2412 5121 2522 5188 (02)
2558 5119 2660 5173 Sed
2689 5119 3109 5188 mortis‘ngn‘ien
3139 5113 3370 5188 militiae
3397 5115 3558 5188 dalis.
3619 5115 3838 5188 Nempe
3897 5132 3994 5170 ar-

2339 5181 2687 5246 mi'do'ctores
2719 5197 2776 5246 et
2805 5181 3312 5260 ὁπλοδιδᾳσηαλους
3351 5186 3659 5260 appellatis
3716 5181 3991 5255 lanistas,

2337 5265 2512 5318 ducto
2545 5264 2615 5318 dc
2645 5263 2876 5317 laniena
2905 5257 3210 5314 vocabulo.
3245 5257 3403 5316 IDEM;

2410 5337 2520 5407 (63)
2551 5336 2753 5390 Evasit.
2792 5329 3038 5407 Ex_arsit,
3069 5345 3286 5402 perque
3317 5329 3516 5387 omnia
3546 5329 3813 5386 membra
3855 5346 3987 5386 eva-

2335 5404 2827 5463 sitco'ncremata.
2862 5404 3025 5458 IDEM.

2405 5479 2517 5549 (64)
2559 5481 2720 5549 Inter,
2754 5475 3083 5532 venator-ias.
3145 5470 3310 5529 Libro
3367 5473 3440 5529 ad
3482 5473 3774 5544 Martyras.
3827 5473 3988 5529 Inter

2330 5557 2672 5604 venatorum
2711 5548 2964 5603 laureas.
2998 5549 3162 5598 IDEM.

2403 5622 2512 5691 (65)
2548 5622 2608 5677 Ut
2637 5626 2846 5676 taceam
2892 5618 2957 5672 de
3004 5616 3276 5691 Lacgm'ca
3314 5615 3526 5691 gloria.
3561 5615 3650 5671 Sic
3679 5615 3831 5691 apud
3879 5616 3984 5672 Pe-

2330 5687 2610 5762 trenium,
2645 5691 3004 5761 Eumolpus:
3043 5709 3070 5736 «
3099 5689 3169 5741 Et
3199 5704 3303 5762 ego
3337 5689 3576 5762 quidem
3609 5687 3729 5745 tres
3777 5687 3984 5761 plagas

2329 5758 2617 5835 Spartana
2648 5758 2952 5821 nobilitate
2982 5758 3258 5818 concoxi.‘
3279 5781 3300 5811 ιο
3335 5758 3411 5815 Ls
3438 5760 3538 5816 Pa.
