4264 6348
339 347 457 404 657

1555 343 1657 400 AD
1706 340 2126 400 NATIONES.
2160 372 2238 384 —
2273 341 2415 398 LIB.
2464 341 2540 400 ll.

3634 339 3752 398 658

337 476 595 533 hominis
629 475 904 547 spiritum
964 475 1021 529 in
1077 491 1218 530 cane
1270 475 1356 530 vel
1406 475 1566 530 mulo
1628 477 1728 530 aut
1772 490 1992 546 pavone
2021 476 2073 543 Α
2106 473 2203 543 tis,
2237 477 2393 541 (nam
2427 474 2625 529 omnia
2647 474 2758 530 ista
2782 474 2840 528 tn
2864 473 3034 529 nobis
3057 473 3198 529 solis
3219 475 3412 540 erunt,
3443 473 3499 528 et
3524 487 3555 527 a
3583 471 3753 527 nobis

338 566 718 623 rediturum?
779 569 920 620 Item
969 564 1261 635 judicium
1324 564 1745 619 annuntiamus
1803 583 1836 620 a
1879 564 1993 619 Deo

337 675 440 730 pro
465 659 750 730 cujusque
783 657 1007 712 meritis
1041 661 1167 728 post
1202 657 1501 711 interitum
1538 658 1991 712 destinatum.ld

336 765 440 803 vos
475 747 649 803 Minoi
683 751 740 800 et
765 746 1213 800 Rhadamantho
1236 746 1550 810 ascribitis,
1571 746 1820 816 justinrc
1855 747 1995 800 inte-

340 838 450 892 rim
500 837 752 892 Aristide
796 839 1082 890 recusato.
1133 836 1205 888 Eo
1249 835 1472 904 judicio
1507 835 1738 906 iniquos
1782 842 1994 892 aeterno

344 925 490 996 igni,
524 925 655 996 pios
681 929 736 979 et
768 924 988 979 insotes
1036 939 1262 978 amoeno
1301 924 1357 978 in
1411 923 1532 978 loco
1583 925 1834 979 dicimus
1869 942 1993 994 per-

337 1015 679 1086 petuitatem
742 1018 1168 1068 transacturos.
1229 1014 1393 1084 Apud
1457 1030 1701 1068 vos...
1767 1030 1995 1086 quoque

340 1101 921 1175 Pyriphlegetbontis
955 1106 1010 1156 et
1035 1101 1212 1172 Elysii
1237 1119 1350 1156 non
1385 1101 1498 1156 alia
1521 1103 1773 1156 conditio
1804 1103 1997 1174 dispo-

341 1190 523 1246 nitur.
558 1191 673 1245 Nec
707 1189 943 1262 mythici
977 1207 1042 1245 ac
1073 1189 1279 1260 poetici
1317 1189 1422 1245 soli
1451 1189 1590 1245 talia
1619 1195 1858 1259 canunt,
1895 1191 1995 1246 sed

339 1285 396 1337 et
428 1281 764 1352 philosophi
813 1281 925 1350 (66)
975 1279 1044 1336 de
1077 1281 1408 1335 animorum
1462 1281 1912 1352 reciprocatione
1940 1287 1996 1337 et

335 1368 548 1442 judicii
598 1369 1012 1425 distributione
1062 1370 1434 1424 conﬁrmant.
1488 1371 1769 1437 Quoniam
1819 1371 1996 1442 igitur

338 1476 540 1530 usque,
574 1458 960 1530 iniquissima:
1015 1459 1301 1526 nationes,
1337 1476 1452 1514 non
1504 1459 1844 1531 agnoscitis,
1879 1461 1995 1516 imo

337 1548 582 1620 insuper
603 1547 986 1603 exsecramini
1011 1553 1254 1614 vestros,
1279 1549 1325 1602 si
1353 1548 1496 1602 nihil
1520 1548 1672 1604 inter
1692 1567 1790 1604 vos
1814 1549 1994 1604 diver-

341 1637 486 1693 sitas
520 1637 712 1702 babet,
748 1637 794 1691 si
843 1654 1024 1692 unum
1071 1643 1126 1691 et
1176 1638 1364 1692 eidem
1400 1655 1610 1692 sumus
1643 1656 1655 1704 ;
1709 1639 1847 1709 quia
1879 1656 1993 1694 non

341 1725 550 1781 odistis
583 1727 737 1796 quod
763 1727 942 1780 estis:
970 1727 1101 1780 date
1131 1727 1364 1780 dextras
1393 1727 1608 1798 potius,
1643 1727 1996 1798 compingite

2105 567 2245 622 solis
2279 567 2676 635 revincuntur,
2725 567 2939 639 quibus
2984 567 3146 622 illata
3196 568 3335 621 sunt
3364 565 3402 634 ς)
3456 563 3754 636 agnitione

2105 657 2325 710 scilicet
2358 658 2594 711 diversa:
2646 658 2848 728 partis,
2885 658 3037 710 unde
3089 657 3332 712 scientia
3377 656 3664 710 instructa
3695 658 3753 709 et

2104 745 2414 800 consilium
2449 747 2696 817 inspirat
2754 750 2808 799 et
2848 745 3139 816 judicium
3201 745 3506 817 gubernat.
3543 743 3752 798 Vestra

2104 836 2353 906 denique
2386 836 2672 891 sententia
2697 840 2806 905 est,
2841 853 2911 889 ne
2944 851 3180 890 causam
3209 834 3344 912 quis
3365 833 3590 904 judicet
3615 833 3748 903 (68),

2104 926 2216 980 nisi
2251 927 2480 980 duobus
2513 925 2750 980 auditis.
2783 925 2941 988 Quod
2978 925 3032 978 in
3059 924 3225 979 nobis
3258 923 3397 978 solis
3430 921 3747 994 negligitis,

2105 1019 2328 1069 natura:
2360 1015 2495 1068 vitio
2528 1014 2888 1083 satisfacitis,
2924 1018 2986 1068 ut
3017 1031 3142 1085 qua)
3173 1013 3230 1067 in
3255 1013 3424 1068 nobis
3455 1028 3570 1066 non
3602 1011 3752 1067 refu-

2104 1105 2260 1173 tetis,
2314 1105 2369 1158 in
2422 1104 2553 1159 aliis
2589 1147 2599 1158 .
2635 1149 2645 1159 .
2681 1146 2744 1158 ..
2797 1104 2896 1169 tis,
2947 1109 3048 1158 aut
3106 1119 3356 1175 quorum
3417 1105 3643 1157 reatum
3688 1101 3749 1156 in

2104 1194 2268 1250 vobis
2303 1193 2711 1260 memineritis,
2745 1209 2810 1248 ea
2844 1193 2901 1247 in
2945 1193 3087 1248 alios
3114 1192 3347 1263 jactetis
3382 1235 3390 1244 .
3431 1231 3442 1245 .
3480 1231 3493 1244 .
3531 1233 3541 1245 .
3578 1206 3751 1262 opere

2105 1283 2502 1354 occupatiores
2535 1281 2717 1353 eritis,
2752 1282 2807 1336 in
2843 1287 3149 1337 extraneos
3181 1281 3345 1349 casti,
3378 1279 3436 1334 in
3466 1278 3751 1335 vosmeti-

2107 1390 2243 1444 psos
2275 1374 2503 1440 incesti,
2537 1371 2881 1427 exsertiores
2918 1371 3078 1439 foris,
3129 1370 3377 1442 subjecti
3411 1369 3584 1425 domi.
3620 1368 3751 1422 Hinc

2105 1467 2192 1516 est
2223 1461 2525 1532 iniquitas,
2563 1465 2626 1516 ut
2657 1460 2820 1533 gnari
2875 1462 2944 1516 ab
2978 1461 3221 1533 ignaris,
3272 1459 3523 1516 absoluti
3573 1475 3605 1514 a
3636 1457 3751 1513 reis

2097 1552 2454 1622 judicemur.
2519 1551 2748 1605 Auferte
2826 1550 3105 1622 stipulam
3182 1551 3253 1605 de
3312 1548 3475 1604 oculo
3535 1551 3748 1614 vestro,

2106 1645 2205 1694 aut
2262 1640 2490 1694 trabem
2550 1641 2620 1694 de
2695 1639 2861 1694 oculo
2937 1644 3164 1710 vestro,
3224 1643 3290 1693 ut
3340 1637 3617 1709 stipulam
3677 1635 3750 1690 de

2106 1729 2295 1783 alieno
2327 1728 2644 1783 extrahatis
2669 1727 2732 1782 ³⁸.
2777 1728 3096 1782 Emendate
3141 1726 3530 1798 vosmetipsos
3563 1724 3748 1796 prius,

339 1814 561 1879 oscula,
600 1815 840 1869 miscete
873 1813 1235 1886 complexus,
1270 1815 1492 1869 cruenti
1543 1833 1672 1870 cum
1711 1818 1991 1885 cruentis,
2030 1855 2071 1918 Β
2107 1823 2169 1872 ut
2201 1818 2561 1874 Christianos
2592 1816 2852 1888 puniatis
2881 1834 2896 1885 ;
2930 1817 3043 1870 nisi
3085 1817 3233 1887 quod
3275 1813 3748 1883 emendaveritis,

337 1905 545 1960 incesti
599 1920 732 1959 cum
793 1905 1052 1974 incestis,
1110 1905 1398 1976 conjurati
1453 1922 1587 1960 cum
1647 1908 1991 1976 coniuratis,

343 1995 626 2050 obstinati
658 2000 714 2049 et
755 1995 886 2050 vani
920 2012 1051 2050 cum
1102 1996 1444 2066 aequalibus.
1503 1997 1719 2051 Pariter
1749 1999 1991 2054 deorum

344 2084 590 2140 numina
623 2084 776 2141 588
825 2083 1103 2150 laasimus,
1137 2087 1353 2156 pariter
1402 2085 1860 2157 indignationem
1896 2104 1992 2142 eo-

337 2191 468 2230 rum
516 2189 920 2245 provocamus.
973 2174 1210 2229 Habetis
1265 2179 1319 2230 et
1350 2191 1449 2229 vos
1511 2176 1746 2230 tertium
1803 2192 1990 2247 genus

341 2262 474 2334 (67),
508 2263 612 2317 etsi
647 2280 760 2318 non
793 2264 863 2318 de
885 2261 1053 2318 tertio
1076 2262 1212 2329 ritu,
1238 2267 1494 2318 attamen
1530 2264 1600 2318 de
1626 2265 1792 2319 tertio
1828 2282 1990 2320 sexu.

342 2351 490 2407 illud
526 2353 720 2423 aptius
780 2353 850 2407 de
906 2353 1028 2407 viro
1061 2357 1117 2407 et
1171 2353 1405 2420 femina,
1458 2352 1597 2408 viris
1656 2358 1710 2408 et
1759 2354 1993 2410 feminis

330 2443 628 2512 junctum.
693 2447 806 2496 Aut
865 2442 1151 2512 numquid
1188 2443 1313 2514 ipso
1347 2459 1447 2504 vos
1505 2442 1748 2514 collegio
1808 2443 1991 2498 offen-

339 2531 580 2586 dimus?
633 2530 789 2586 Solet
847 2531 1153 2604 aequalitas
1226 2532 1620 2587 aemulationis
1681 2533 1990 2587 materiam

338 2620 914 2676 subministrare.Sic
932 2619 1145 2689 ﬁgulus
1172 2621 1347 2694 figulo
1365 2621 1548 2687 ,faber
1573 2621 1732 2676 fabro
1753 2621 1988 2677 invidet.

339 2709 456 2765 Imo
481 2710 608 2780 jam
641 2709 711 2764 de
764 2709 878 2763 {ine
930 2709 1209 2764 simulata
1264 2709 1552 2765 confessio
1612 2710 1824 2782 redigit
1853 2727 1990 2764 con-

339 2799 647 2854 scientiam
679 2799 748 2853 ad
794 2797 1094 2854 veritatem
1135 2802 1192 2854 et
1234 2799 1307 2853 ad
1358 2797 1749 2854 constantiam
1782 2801 1989 2855 verita-

2105 1923 2219 1961 non
2279 1907 2554 1978 punietis,
2589 1908 2706 1961 imo
2751 1905 2915 1960 eritis
2973 1904 3309 1974 Christiani,
3343 1905 3459 1959 imo
3519 1903 3566 1958 si
3628 1902 3752 1956 fue-

2113 1996 2246 2050 ritis
2306 1995 2647 2060 Christiani,
2712 1994 2871 2050 erilis
2908 1994 3223 2049 emendati.
3270 1993 3480 2048 Discite
3511 1991 3660 2062 quod
3692 1989 3755 2044 in

2104 2085 2272 2140 nobis
2305 2085 2612 2154 accusetis,
2668 2088 2724 2139 et
2758 2100 2874 2138 non
2923 2082 3299 2138 accusabitis.
3341 2079 3759 2153 Recognoscite

2103 2174 2243 2245 quid
2278 2175 2335 2228 in
2366 2175 2531 2229 vobis
2581 2191 2694 2228 non
2739 2173 3049 2240 accusetis,
3101 2176 3157 2227 et
3189 2169 3561 2226 accusabitis.
3601 2169 3762 2223 Patet

2101 2262 2279 2317 etiam
2310 2262 2447 2316 hinc
2484 2262 2666 2327 vobis,
2704 2265 2992 2332 quantum
3038 2260 3261 2332 aperire
3311 2259 3675 2330 potuerimus
3708 2255 3761 2327 (e

2103 2350 2303 2421 paucis
2335 2350 2462 2406 istis
2493 2349 2814 2417 libellulis),
2849 2350 3063 2405 erroris
3094 2348 3379 2420 inspectio
3409 2352 3466 2402 et
3493 2344 3758 2402 veritatis

2102 2441 2441 2512 recognitio.
2495 2441 2772 2494 Damnate
2822 2439 3151 2503 veritatem,
3203 2438 3303 2492 sed
3348 2437 3673 2506 inspectam
3706 2432 3759 2490 si

2102 2531 2365 2601 potestis,
2400 2534 2456 2584 et
2482 2530 2722 2600 probate
2745 2544 3022 2584 errorem.
3048 2528 3157 2583 Sed
3188 2529 3486 2598 repertum
3511 2524 3560 2580 si
3593 2527 3760 2595 puta-

2101 2621 2194 2675 tis.
2232 2619 2447 2682 Quodsi
2499 2618 2899 2690 praescribitur
2947 2617 3109 2672 vobis
3159 2631 3413 2672 errorem
3462 2628 3659 2669 amare
3702 2615 3760 2669 et

2101 2710 2294 2764 odisse
2323 2709 2660 2779 veritatem;
2694 2725 2799 2764 cur
2831 2707 2982 2780 quod
3020 2707 3234 2762 amatis
3266 2709 3323 2761 et
3375 2703 3606 2775 odistis,
3639 2717 3757 2759 non

2103 2798 2381 2854 noveritis
2403 2800 2430 2852 ‘I

1769 2932 1971 2991 Variae
2012 2931 2335 2992 lectiones.

407 3045 451 3078 ³⁸
480 3044 701 3098 Haverc.
738 3043 807 3098 ad
837 3043 1067 3116 Apolag.
1102 3044 1170 3098 39
1200 3044 1416 3098 emend.
1451 3043 1687 3099 Auferte
1716 3045 1944 3100 trabem
1975 3045 2046 3100 de
2077 3044 2243 3100 oculo
2275 3047 2489 3110 vestro,
2517 3049 2580 3099 ut
2613 3044 2894 3116 stipulam
2927 3045 2997 3100 de
3028 3043 3220 3098 alieno
3254 3039 3594 3097 extrahatis.

1783 3177 2306 3239 Commentarius.

411 3291 519 3374 (δῷ)
552 3290 656 3346 Sed
684 3301 735 3347 et
771 3290 1100 3374 philosophi.
1145 3294 1271 3374 Non
1304 3290 1499 3374 solum.
1543 3296 1736 3374 poetas
1772 3294 1988 3364 quibus
2019 3305 2065 3369 ο
2104 3293 2441 3374 habendum
2475 3310 2508 3348 a
2562 3292 2724 3361 viris,
2759 3293 2860 3348 sed
2915 3292 3008 3347 vix
3066 3309 3099 3348 a
3150 3289 3383 3346 feminis
3432 3285 3753 3344 nobilibus.

340 3363 538 3418 omnia
597 3363 1082 3418 comminiscendi
1143 3367 1403 3433 potestas
1469 3365 1602 3418 data
1658 3372 1746 3420 est
1769 3363 1803 3433 ,ί
1840 3383 1991 3420 vana

340 3435 440 3489 illa
471 3436 702 3489 somnia
734 3440 791 3489 et
830 3435 993 3489 vacui
1045 3436 1267 3489 cerebri
1317 3435 1702 3491 deliramenta
1759 3438 1989 3492 invexe-

339 3510 512 3581 runt;
547 3509 649 3561 sed
670 3507 861 3581 _e_tiam
917 3506 1273 3581 philOSOphi,
1321 3506 1477 3581 iique
1527 3511 1814 3581 majorum
1849 3525 1989 3581 gen-

335 3577 501 3704 ῗιιηὲ)
545 3583 609 3633 ut
669 3577 852 3645 Plato,
893 3577 990 3648 qui
1050 3579 1585 3650 metempsyohosin
1620 3577 1986 3637 "tuitus'est.

386 3667 416 3704 ε
509 3666 564 3704 a.

386 3667 416 3704 Ε
464 3666 564 3704 t’R.

405 3721 518 3792 (67)
552 3721 776 3776 Habetis
815 3727 866 3774 et
887 3737 983 3774 vos
1015 3723 1237 3776 tertium
1257 3739 1452 3790 genus.
1483 3722 1990 3778 AlcxanderSeve-

335 3809 456 3857 rus,
487 3798 760 3848 narrante
792 3793 1150 3865 Lampridio,
1185 3795 1420 3848 tertium
1464 3811 1649 3865 genus
1681 3795 1988 3851 hominum

336 3865 635 3921 eunuchos
665 3880 793 3921 esse
824 3863 1077 3934 dicebat,
1111 3881 1216 3920 nec
1256 3863 1600 3934 videndum,
1638 3883 1742 3922 nec
1787 3867 1846 3922 in
1879 3885 1989 3923 usu

2105 3367 2230 3420 Rm.

2171 3438 2284 3518 (68)
2317 3437 2644 3518 Ne-causam
2701 3431 3400 3518 qu‘z'ajudicet.ﬂ.lustit_iaz
3430 3431 3589 3502 leges
3603 3445 3754 3518 .po‘s-

2103 3504 2313 3572 tutan’t,
2348 3513 2411 3563 ut
2455 3525 2645 3564 causas
2697 3504 2796 3563 tiat
2827 3504 3196 3578 disceptatio,
3250 3511 3566 3578 antequam
3591 3504 3755 3578 judi-

2099 3581 2255 3635 cium
2293 3582 2527 3642 feratur,
2562 3580 2715 3634 unde
2757 3582 2909 3650 apud
2961 3574 3260 3644 Senecam,
3299 3574 3499 3644 Medea,
3533 3580 3643 3630 act.
3679 3574 3752 3644 II,

2099 3669 2181 3708 sc.
2215 3669 2277 3720 ιι,
2311 3652 2394 3708 sic
2423 3657 2726 3708 Creontem
2760 3651 3118 3723 alloquitur:

2282 3814 2381 3871 Qui
2413 3815 2600 3863 statuit
2627 3813 2850 3876 aliquid,
2883 3815 3036 3876 parte
3065 3809 3308 3876 inaudita
3338 3809 3521 3876 altera.

2292 3868 2522 3940 IEquum
2557 3877 2676 3925 licet
2709 3868 2972 3934 statuerit,
3003 3874 3147 3923 haud
3191 3886 3377 3936 equus
3406 3871 3523 3921 fuit.
3564 3871 3630 3919 Ls
3659 3868 3751 3920 PI.

1488 4155 1860 4252 LIBER
1934 4155 2605 4253 SECUNDUS.

409 4435 458 4488 1.
492 4434 658 4490 Nunc
709 4433 780 4491 de
838 4433 960 4492 deis
1017 4433 1247 4502 vestris,
1309 4434 1657 4491 miserandae
1699 4437 1987 4506 nationes,

2101 4436 2537 4510 prwscriptione
2559 4435 2774 4492 discuti
2806 4434 3023 4500 liceret,
3047 4434 3106 4488 in
3132 4432 3398 4505 expedito
3417 4435 3574 4489 esset
3594 4449 3746 4489 nun-

336 4523 611 4595 congredi
638 4523 938 4581 vobiscum
970 4524 1232 4580 defensio
1264 4529 1464 4580 nostra
1507 4525 1815 4594 desiderat,
1851 4543 1987 4598 pro-

333 4625 547 4666 vocans
578 4611 767 4683 ipsam
801 4613 1220 4670 conscientiam
1243 4619 1493 4669 vestram
1526 4615 1597 4670 ad
1628 4615 1986 4671 censendum

335 4716 409 4755 an
440 4718 572 4756 vere
601 4701 715 4772 dei,
749 4706 813 4757 ut
842 4702 1044 4772 vultis,
1072 4720 1143 4758 an
1177 4702 1350 4771 falso,
1373 4707 1437 4758 ut
1466 4704 1616 4759 scire
1639 4722 1752 4759 non
1785 4704 1984 4762 vultis.

334 4786 464 4842 Haec
498 4788 654 4843 enim
687 4791 930 4846 materia
951 4795 1040 4846 est
1070 4791 1282 4845 erroris
1304 4790 1547 4846 humani
1583 4807 1684 4862 per
1704 4792 1986 4847 artiﬁcem

332 4877 485 4946 ejus,
518 4893 588 4933 ne
611 4877 944 4950 ignorantia
966 4880 1182 4935 erroris
1209 4880 1321 4951 (66)
1357 4921 1369 4934 .
1409 4921 1420 4934 .
1457 4919 1469 4932 .
1515 4921 1526 4934 .
1571 4923 1584 4936 .
1622 4898 1774 4950 .quo
1800 4882 1986 4953 magis

331 4966 412 5021 rei
445 4966 597 5022 sitis.
632 4968 840 5023 Patent
870 4969 1043 5035 oculi,
1079 4986 1183 5023 nec
1214 4969 1412 5023 vident
1439 4987 1452 5036 ;
1481 4969 1646 5024 hiant
1666 4987 1857 5041 aures,
1884 4989 1986 5026 nec

329 5053 617 5122 audiunt;
651 5071 746 5111 cor
796 5061 995 5129 stupet
1046 5056 1286 5126 saliens,
1331 5058 1516 5113 nescit
1564 5059 1798 5113 animus
1830 5060 1986 5130 quod

331 5145 616 5215 agnoscit.
663 5145 945 5219 Denique,
997 5147 1046 5204 si
1097 5151 1323 5203 tantam
1378 5148 1816 5220 perversitatem
1870 5166 1987 5204 una

2098 4526 2426 4596 tiatio,cum
2451 4542 2656 4582 omnes
2681 4525 2825 4581 587
2855 4525 2998 4581 istos
3033 4524 3171 4579 deos
3203 4523 3274 4578 ab
3297 4521 3635 4578 hominibus
3656 4522 3746 4578 in-

2098 4616 2359 4687 stitutos,
2384 4633 2498 4671 non
2524 4659 2535 4670 .
2565 4658 2576 4669 .
2609 4657 2621 4670 .
2650 4658 2662 4670 .
2683 4615 2819 4670 hinc
2837 4613 3100 4670 excidere
3122 4613 3296 4668 ﬁdem
3314 4628 3458 4667 verm
3480 4611 3749 4668 divinita-

2098 4704 2193 4770 tis,
2220 4721 2334 4776 quo
2368 4704 2516 4759 nihil
2568 4704 2768 4776 utique
2813 4703 3129 4774 aliquando
3179 4706 3435 4774 coeptum
3483 4702 3747 4758 divinum

2097 4793 2276 4849 videri
2305 4795 2432 4864 jure
2491 4793 2694 4865 possit.
2729 4793 2839 4848 Sed
2890 4792 3045 4848 enim
3102 4791 3290 4847 multa
3338 4795 3494 4860 sunt,
3529 4791 3749 4862 quibus

2096 4883 2373 4939 teneritas
2429 4883 2800 4940 conscientiae
2857 4883 3182 4937 obduratur
3240 4882 3297 4935 in
3361 4879 3748 4938 callositatem

2096 4971 2405 5027 voluntarii
2455 4973 2689 5028 erroris.
2748 4972 2972 5044 Ingenii
3030 4988 3207 5026 manu
3250 4970 3467 5026 veritas
3512 4971 3746 5026 obside-

2096 5066 2190 5116 tur
2222 5062 2332 5132 (70)
2361 5078 2373 5126 ;
2406 5067 2464 5117 at
2491 5063 2619 5133 ipsa
2641 5063 2710 5116 de
2743 5078 2850 5116 sua
2871 5060 3083 5115 virtute
3113 5076 3320 5115 secura
3351 5064 3458 5115 est.
3492 5059 3749 5123 Quidni?

2101 5167 2499 5222 quoscumque
2533 5152 2640 5222 (71)
2692 5151 2833 5217 vult,
2883 5151 2952 5205 de
2985 5148 3129 5221 ipsis
3177 5149 3525 5205 adversariis
3558 5147 3747 5205 socios

1778 5279 2300 5339 Commentarius.

401 5388 864 5466 (A69)__Ignqrarntio
910 5394 1119 5466 efroris
1149 5438 1165 5457 ,
1204 5433 1217 5447 .
1255 5433 1268 5446 .
1299 5392 1684 5465 snpplendum,
1718 5393 1979 5466 tollatur,

333 5464 427 5514 aut
457 5461 671 5533 aliquid
700 5465 902 5520 simile.
940 5464 1066 5519 R10.

403 5533 516 5602 (70)
575 5535 790 5616 Ingenti
844 5553 1013 5616 manu
1071 5536 1294 5616 veritas.
1329 5535 1643 5616 occidet-ur,
1700 5539 1981 5616 Quoniam

333 5606 652 5680 expugnari
687 5624 800 5664 non
847 5611 1118 5680 poterant
1163 5606 1481 5680 Christiani
1534 5607 1645 5663 nisi
1680 5611 1980 5666 mendacio

336 5675 761 5748 obruerentur;
808 5675 1111 5737 veritatem
1161 5679 1764 5750 nationesgquantum
1814 5684 1870 5738 in
1921 5699 1982 5738 se

333 5750 457 5802 erat
503 5751 870 5820 premebant,
927 5750 1236 5821 verbisque
1295 5754 1352 5807 et
1381 5748 1693 5810 calumniis
1734 5755 1981 5814 inﬁnitis

2094 5411 2282 5453 causae
2309 5414 2432 5454 suae
2449 5397 2583 5453 licet
2607 5395 2926 5468 deploratae
2945 5391 3485 5468 patrocinabantur.
3516 5393 3744 5450 Veritas

2094 5469 2255 5526 nullo
2289 5471 2407 5526 fere
2438 5465 2774 5526 testimonio
2809 5466 3054 5538 indiget,
3085 5465 3247 5521 nullo
3278 5465 3570 5521 verlorum
3595 5472 3744 5593 stis-

3592 5556 3649 5610 pl
3682 5556 3738 5594 u.

2166 5685 2275 5758 (Ἡ)
2305 5686 2675 5758 Quoscunque.
2712 5687 2769 5741 In
2822 5679 3142 5754 exemplari
3188 5679 3420 5752 legitur,
3473 5684 3748 5750 Quaecun-

2090 5772 2213 5827 que.
2245 5772 2373 5813 me.
