4264 6376
563 385 681 444 659

1081 385 1608 446 TERTULLIANI
1655 384 1974 446 OPERUM
2021 383 2218 444 PARS
2265 386 2312 444 Ι.
2348 418 2421 426 -
2454 383 2724 443 SERIES
2770 386 2817 456 Ι,
2863 385 3428 445 APOLOGETICA.

3835 381 3957 442 660

558 520 1027 589 protectoresque
1058 516 1290 572 sibimet
1309 515 1644 586 assumit,et
1671 531 1902 572 omnem
1925 515 2087 571 illam
2110 533 2198 571 ex-
2229 516 2285 582 Α
2314 515 2602 587 sapientia
2648 515 3134 587 philosophorum
3165 516 3298 587 (75),
3331 514 3500 585 cujus
3549 511 3953 568 infirmitatem

556 609 952 678 pugnatorum
976 604 1414 660 multitudinem
1439 605 1548 676 (72)
1569 603 2205 676 prosternit.Adversus

558 693 681 750 haec
701 694 883 766 igitur
930 693 1096 750 nobis
1151 693 1451 765 negotium
1499 697 1606 759 est,
1657 694 1938 749 adversus
1968 693 2204 748 institu-

561 783 751 840 tiones
784 783 1096 855 majorum,
1119 782 1494 838 auctoritates
1512 786 1875 854 receptorum
1909 781 2206 854 (73),]eges

559 871 1562 944 dominantium,argumentationes
1579 871 1955 942 prudentium
1975 886 1992 938 ;
2011 871 2206 924 adver-

560 976 665 1016 sus
720 965 1072 1018 vetustatem
1097 1005 1111 1030 ,
1171 959 1694 1030 consuetudinem,
1753 958 2202 1014 necessitatem:

560 1049 842 1108 adversus
872 1049 1158 1122 exempla,
1189 1048 1478 1122 prodigia,
1510 1047 1817 1113 miracula,
1849 1063 1974 1119 quae
2008 1045 2207 1102 omnia

561 1138 954 1195 adulterinam
1006 1139 1184 1196 istam
1239 1137 1604 1195 divinitatem
1663 1137 2203 1192 corroboraverunt.

557 1227 746 1292 Quare
786 1229 1114 1285 secundum
1163 1232 1386 1284 vestros
1428 1224 1900 1294 commentarios,
1953 1240 2100 1296 quos
2137 1240 2206 1279 ex

557 1317 720 1372 omni
745 1317 1052 1390 theologias
1073 1332 1285 1389 genere
1314 1315 1575 1388 cepistis,
1599 1315 1850 1387 gradum
1877 1314 2202 1382 conferens,

558 1405 838 1477 quoniam
871 1408 1058 1477 major
1087 1408 1147 1461 in
1178 1406 1520 1476 hujusmodi
1551 1421 1728 1477 penes
1756 1420 1858 1459 vos
1888 1403 2204 1458 auctoritas

557 1493 914 1565 litterarum,
949 1512 1125 1567 quam
1156 1511 1350 1550 rerum
1377 1498 1485 1562 est,
1516 1493 1662 1566 elegi
1690 1494 1761 1548 ad
1793 1491 2202 1563 compendium

558 1583 836 1640 Varronis
868 1601 1042 1656 opera
1071 1585 1202 1656 (74),
1238 1583 1338 1655 qui
1384 1600 1582 1638 rerum
1624 1581 1953 1638 divinarum
1984 1598 2051 1636 ex
2083 1597 2203 1636 om-

559 1673 736 1730 nibus
789 1677 940 1730 retro
997 1673 1242 1746 digestis
1298 1676 1748 1738 commentatus,
1807 1670 2084 1726 idoneum
2143 1686 2206 1725 se

559 1761 730 1816 nobis
761 1778 1004 1834 scopum
1051 1762 1340 1832 exposuit.
1387 1761 1553 1816 Hunc
1593 1759 1642 1815 si
1694 1760 2071 1832 interrogem,
2105 1759 2203 1830 qui

559 1848 954 1907 insinuatores
977 1852 1220 1906 deorum
1241 1850 1268 1904 ?
1284 1855 1385 1905 aut
1406 1848 1786 1921 philosophos
1808 1848 2077 1920 designat
2101 1852 2203 1903 aut

559 1937 810 2010 populos
841 1943 944 1995 aut
974 1943 1195 2011 poetas.
1240 1937 1477 2010 Triplici
1526 1936 1682 1992 enim
1721 1952 1933 2011 genere
1960 1937 2202 1992 deorum

564 2044 808 2084 censum
831 2027 1128 2084 distinxit:
1157 2043 1339 2083 unum
1357 2043 1487 2082 esse
1509 2025 1995 2098 physicum,quod
2015 2025 2199 2098 philo-

559 2117 730 2191 sophi
748 2121 1069 2174 retractant
1091 2135 1104 2185 ;
1124 2117 1282 2173 aliud
1306 2115 1809 2190 mythicum,quod
1834 2115 1986 2170 inter
2002 2123 2199 2186 poetas

557 2207 888 2275 volutetur;
918 2206 1155 2262 tertium
1177 2205 1413 2277 gentile,
1437 2204 1592 2275 quod
1617 2202 1816 2276 populi
1842 2201 1953 2258 sibi
1982 2203 2198 2274 quique

555 2297 999 2368 adoptaverant.
1059 2295 1243 2368 Igitur
1298 2310 1432 2349 cum
1489 2291 1820 2365 philosophi
1887 2291 2194 2364 physicum

549 2384 904 2456 conjecturis
932 2382 1358 2450 concinnarint,
1401 2387 1581 2454 poetas
1614 2382 1893 2454 myticum
1923 2382 1993 2437 de
2026 2381 2192 2436 fabu-

544 2474 620 2530 lis
651 2472 956 2539 traxerint,
991 2471 1190 2544 populi
1221 2469 1438 2543 gentile
1487 2470 1640 2525 ultro
1691 2471 2190 2541 praasumpserint,

544 2565 792 2620 ubinam
837 2561 1052 2618 veritas
1098 2559 1483 2616 collocanda?
1529 2558 1591 2613 in
1646 2559 2042 2628 conjecturis?
2089 2559 2189 2613 sed

542 2651 768 2708 incerta
797 2650 1095 2722 conceptio
1124 2652 1215 2704 est
1242 2666 1255 2715 ;
1285 2648 1346 2702 in
1378 2647 1593 2702 fabulis
1611 2647 1640 2701 7
1677 2647 1779 2702 sed
1808 2647 1958 2701 {inda
1987 2646 2192 2701 relatio

548 2744 682 2808 est;
714 2740 774 2796 in
807 2737 1272 2810 adaptionibus?
1316 2736 1417 2791 sed
1449 2735 1684 2807 passiva
1730 2739 1787 2790 et
1815 2733 2191 2805 municipalis

545 2829 846 2900 adoptatio
877 2831 986 2883 est.
1032 2825 1296 2896 Denique
1341 2825 1495 2896 apud
1536 2821 1916 2895 philosOphos
1947 2823 2187 2892 incerta,

546 2917 686 2990 quia
714 2916 878 2973 varia
904 2934 916 2985 ;
952 2915 1106 2987 apud
1141 2919 1339 2986 poetas
1369 2911 1568 2969 omnia
1599 2911 1862 2984 indigna,
1896 2912 2034 2984 quia
2065 2917 2190 2968 tur-

544 3007 642 3079 pia
667 3023 682 3075 ;
714 3005 870 3079 apud
899 3003 1145 3077 populos
1177 3001 1410 3074 passiva
1429 3000 1648 3071 omnia,
1676 3001 1813 3072 quia
1840 3000 2186 3057 voluntaria.

542 3100 722 3152 Porro
755 3094 1050 3160 divinitas,
1081 3093 1132 3148 si
1172 3107 1370 3147 veram
1400 3094 1699 3158 retractes,
1732 3106 1801 3146 ea
1849 3090 2189 3147 deﬁnitione

543 3188 655 3256 est,
687 3186 753 3240 ut
780 3181 938 3240 istud
970 3197 1158 3253 neque
1179 3178 1786 3252 argumentationibus
1812 3178 2050 3235 incertis
2071 3180 2188 3235 col-

2311 605 2503 675 prima
2531 604 2652 660 haac
2673 609 3029 660 contestatur
3046 605 3296 660 varietas
3317 603 3682 676 Opinionum,
3711 602 3954 658 veniens

2315 695 2382 748 de
2413 694 2743 765 ignorantia
2770 695 3052 750 veritatis.
3087 694 3226 761 Quis
3258 698 3457 749 autem
3489 693 3721 763 sapiens
3751 708 3958 762 expers

2312 783 2594 849 veritatis,
2629 784 2727 854 qui
2772 783 2959 855 ipsius
2990 783 3289 855 sapientia
3321 799 3387 837 ac
3438 781 3697 838 veritatis
3731 787 3957 852 patrem

2313 875 2370 925 et
2399 871 2704 926 dominum
2735 872 2908 928 deum
2960 871 3231 944 ignoret?
3266 914 3280 928 .
3319 913 3333 926 .
3370 912 3384 926 .
3421 911 3434 924 .
3472 912 3485 925 .
3521 912 3534 925 .
3567 869 3766 925 divina
3809 868 3958 925 alias

2314 959 2637 1015 enuntiatio
2690 961 3018 1016 Salomonis
3071 964 3252 1029 (Prov.
3287 977 3364 1025 Ix,
3422 960 3534 1027 10;
3583 961 3676 1014 Ps.
3710 958 3955 1030 11,40):

2313 1048 2574 1116 Initium,
2609 1049 2820 1120 inquit,
2867 1048 3164 1121 sapientia;
3205 1053 3398 1104 metus
3429 1049 3487 1104 in
3539 1049 3740 1104 Deum.
3773 1052 3953 1104 Porro

2313 1137 2544 1193 timoris
2573 1138 2734 1210 origo
2779 1139 2986 1194 notitia
3023 1143 3113 1194 est
3159 1139 3305 1210 (76);
3351 1137 3487 1209 quis
3534 1138 3692 1194 enim
3721 1136 3960 1192 timebit

2314 1227 2467 1297 quod
2521 1226 2795 1299 ignorat?
2828 1229 2912 1283 Ita
2969 1227 3068 1298 qui
3117 1233 3295 1283 Deum
3352 1225 3635 1294 timuerit,
3687 1225 3956 1281 omnium

2315 1315 2580 1371 notitiam
2612 1321 2668 1370 et
2696 1315 2994 1372 veritatem
3019 1313 3586 1386 assecutus,plenam
3619 1318 3794 1386 atque
3824 1329 3958 1386 per-

2313 1405 2522 1459 fectam
2557 1405 2904 1475 sapientiam
2953 1403 3256 1461 obtinebit.
3299 1405 3417 1460 Hoc
3465 1409 3660 1460 autem
3691 1403 3958 1475 philoso-

2315 1492 2463 1564 phia:
2496 1510 2610 1548 non
2645 1492 2870 1564 liquido
2902 1493 3204 1549 successit.
3255 1493 3413 1549 Licet
3441 1491 3594 1548 enim
3631 1509 3733 1564 per
3758 1491 3957 1548 curio-

2313 1582 2543 1638 sitatem
2575 1582 2923 1638 omnimodas
2945 1581 3281 1638 litteratura:
3312 1581 3707 1653 inspicienda,
3742 1579 3957 1637 divinis

2315 1688 2546 1742 quoque
2577 1670 2894 1744 Scripturis
2935 1677 2998 1726 ut
3027 1671 3457 1742 antiquioribus
3505 1670 3734 1743 possint
3767 1669 3958 1726 videri

2316 1758 2689 1830 incursasse,
2749 1766 2806 1815 et
2880 1759 3014 1816 inde
3069 1759 3352 1816 nonnulla
3407 1759 3756 1831 dempsisse,
3817 1776 3954 1816 cum

2314 1853 2508 1905 tamen
2542 1851 2652 1920 (77)
2687 1890 2699 1904 .
2737 1890 2752 1905 .
2786 1890 2799 1904 .
2837 1889 2850 1904 .
2883 1891 2896 1904 .
2928 1889 2942 1903 .
2980 1855 3110 1905 ut...
3162 1849 3414 1921 probant
3449 1864 3578 1905 sese
3625 1852 3727 1904 aut
3755 1848 3959 1905 omnia

2312 1938 2641 2010 despexisse
2665 1943 2766 1993 aut
2797 1955 2913 1992 non
2941 1937 3217 1993 omnibus
3243 1979 3256 1993 .
3293 1979 3306 1993 .
3341 1977 3354 1994 .
3393 1979 3406 1993 .
3448 1979 3462 1993 .
3498 1978 3512 1992 .
3546 1941 3691 1992 Nam
3723 1941 3781 1993 et
3809 1936 3959 1994 alias

2310 2026 2568 2082 veritatis
2599 2027 2946 2098 simplicitas
2976 2044 3078 2099 per
3099 2026 3612 2099 scrupulositatem
3637 2067 3650 2081 .
3687 2069 3700 2083 .
3737 2068 3753 2082 .
3788 2067 3802 2080 .
3825 2043 3894 2083 ve
3911 2027 3958 2063 ⁸⁷

2308 2116 2421 2170 fide
2454 2120 2641 2183 nutat,
2675 2121 2732 2171 et
2758 2115 2840 2172 ita
2867 2116 3173 2172 accedente
3200 2115 3442 2172 libidine
3470 2115 3668 2188 glorias
3711 2116 3783 2172 ad
3817 2132 3945 2188 pro-

2303 2204 2416 2276 prii
2443 2204 2660 2276 ingenii
2694 2222 2868 2278 opera
2917 2211 3197 2274 mutasse,
3224 2221 3328 2276 per
3373 2205 3528 2276 quod
3562 2205 3620 2260 in
3654 2205 3944 2262 incertum

2301 2292 2447 2347 abiit
2475 2292 2646 2348 etiam
2680 2295 2834 2364 quod
2869 2294 3292 2359 invenerant,et
3335 2294 3487 2349 facta
3511 2298 3602 2348 est
3631 2311 3944 2364 argumen-

2301 2382 2588 2437 tationum
2621 2382 2928 2438 inundatio
2975 2383 3046 2438 de
3103 2382 3400 2438 stillicidio
3457 2399 3570 2438 uno
3620 2387 3796 2454 atque
3826 2383 3944 2438 alio

2301 2470 2597 2539 veritatis;
2659 2473 2889 2527 invento
2943 2471 3098 2526 enim
3156 2471 3524 2527 solummodo
3579 2487 3683 2538 eo,
3731 2489 3848 2528 non
3880 2477 3946 2527 ut

2299 2559 2657 2630 invenerant,
2689 2565 3104 2632 exposuerunt,
3141 2565 3205 2616 ut
3233 2561 3304 2616 de
3349 2560 3630 2632 qualitate
3649 2561 3694 2596 ³⁸
3725 2560 3856 2632 ejus
3887 2565 3948 2616 et

2299 2649 2370 2703 de
2396 2653 2604 2704 natura
2631 2653 2689 2704 et
2705 2650 2829 2719 jam
2856 2650 2927 2704 de
2960 2650 3097 2706 sede
3118 2649 3448 2722 disceptent
3471 2666 3486 2706 :
3519 2649 3795 2722 platonici
3819 2649 3946 2721 qui-

2298 2739 2430 2794 dem
2461 2744 2763 2794 curantem
2786 2755 2980 2794 rerum
3003 2739 3374 2796 et.arbitrum
3405 2743 3462 2795 et
3482 2738 3745 2810 judicem
3770 2759 3785 2808 ;
3809 2739 3943 2810 Epi-

2297 2827 2456 2882 curei
2486 2827 2738 2883 otiosum
2760 2832 2819 2884 et
2845 2827 3248 2896 inexercitum,
3267 2832 3343 2898 et,
3375 2831 3440 2882 ut
3459 2827 3544 2883 ita
3571 2827 3944 2893 dixerim,ne-

2299 2914 2514 2971 minem
2539 2932 2553 2983 ;
2589 2917 2848 2988 positum
2871 2933 2999 2972 vero
3022 2921 3183 2972 extra
3205 2917 3515 2984 mundum,
3540 2916 3718 2974 Stoici
3746 2933 3760 2984 ;
3785 2917 3943 2973 intra

2300 3005 2608 3072 mundum,
2640 3004 2944 3060 Platonici.
2963 3007 3144 3071 Quem
3165 3023 3282 3060 non
3301 3006 3533 3077 penitus
3554 3005 3937 3074 admiserant,

2299 3109 2485 3164 neque
2515 3110 2686 3149 nosse
2745 3099 3078 3166 potuerunt,
3136 3111 3324 3165 neque
3375 3095 3598 3165 timere,
3656 3111 3761 3150 nec
3802 3094 3940 3150 inde

2298 3197 2520 3254 sapere,
2553 3182 2946 3238 exorbitantes
2977 3181 3199 3238 scilicet
3224 3184 3298 3238 ab
3329 3182 3496 3238 initio
3528 3181 3844 3255 sapientiae,
3878 3182 3939 3238 id

539 3254 778 3346 ligatur,
806 3286 996 3344 neque
1016 3269 1229 3326 fabulis
1249 3267 1513 3339 indignis
1539 3268 2190 3340 contaminetur,neque
2219 3254 2262 3321 C
2302 3275 2409 3339 est,
2443 3275 2600 3326 metu
2630 3271 2688 3326 in
2723 3270 2924 3326 Deum.
2974 3271 3211 3328 Exstant
3259 3254 3747 3328 testimoniatam
3778 3271 3943 3344 igno-

540 3362 958 3434 adoptionibus
1005 3357 1254 3431 passivis
1297 3357 1631 3428 judicetur;
1664 3357 1862 3412 haberi
1891 3357 2050 3412 enim
2080 3358 2180 3414 de-

2295 3367 2430 3414 ratas
2463 3376 2637 3430 quam
2666 3360 2944 3415 dubitatce
2975 3359 3128 3415 inter
3176 3360 3558 3432 philosophos
3585 3359 3940 3417 Divinitatis.

540 3452 658 3518 bet,
690 3449 844 3506 sicut
873 3453 984 3516 est,
1015 3445 1168 3504 588
1201 3451 1376 3515 certa,
1407 3445 1655 3518 integra,
1687 3445 2186 3517 communis,quia
2293 3449 2576 3520 Diogenes
2599 3448 2904 3504 consultus
2926 3448 3316 3518 quidincmlis
3332 3454 3571 3521 agatur:
3596 3449 3941 3522 Nunquam,

543 3537 766 3596 scilicet
794 3538 1082 3593 omnium.
1131 3538 1412 3590 Caeterum
1461 3550 1635 3605 quem
1668 3534 1849 3590 Deum
1905 3537 2137 3590 credam
2158 3535 2185 3590 ?
2291 3537 2503 3609 inquit,
2537 3538 2795 3593 ascendi.
2828 3537 2979 3594 589
3015 3539 3182 3606 Item,
3204 3555 3278 3594 an
3311 3539 3402 3595 dei
3433 3543 3630 3596 essent
3655 3539 3682 3595 τ
3710 3539 3942 3609 Nescio,

545 3643 719 3700 quem
753 3624 1008 3696 suspicio
1050 3622 1381 3690 aestimavit,
1416 3639 1590 3694 quem
1640 3621 1887 3678 historia
1921 3623 2184 3694 jactavit,

547 3731 724 3788 quem
750 3713 953 3770 civitas
983 3711 1211 3767 voluit?
1243 3711 1491 3784 Dignius
1523 3709 1708 3767 multo
1740 3711 2033 3767 neminem
2067 3729 2188 3768 cre-

547 3806 707 3876 dam,
739 3819 918 3876 quam
965 3801 1356 3857 dubitandum
1405 3805 1507 3856 aut
1552 3799 1892 3872 pudendum
1928 3805 2028 3857 aut
2051 3803 2188 3858 ado-

549 3895 799 3966 ptivum.

615 3984 670 4038 2.
697 3981 805 4038 Sed
837 3979 1216 4053 physicorum
1267 3977 1585 4034 auctoritas
1617 3976 2102 4051 philosophorum
2133 3984 2198 4036 ut

547 4069 908 4144 mancipium
975 4067 1278 4142 sapientiae
1351 4066 1773 4140 patrocinatur.
1832 4073 1981 4125 Sane
2037 4086 2200 4126 mera

2299 3626 2508 3698 inquit,
2570 3625 2681 3681 nisi
2743 3631 2807 3681 ut
2869 3627 2990 3681 sint
3043 3627 3330 3696 expedire.
3390 3627 3605 3684 Thales
3657 3627 3943 3702 Milesius,

2299 3717 2491 3770 Crmso
2523 3714 2867 3781 sciscitanti,
2917 3715 3055 3786 quid
3108 3716 3178 3770 de
3227 3716 3318 3771 dei
3377 3717 3782 3786 arbitraretur,
3812 3724 3947 3790 post

2301 3803 2524 3874 aliquot
2552 3802 2908 3859 deliberandi
2940 3809 3322 3874 commeatus,
3369 3805 3517 3861 nihil
3561 3807 3943 3863 renuntiavit.

2303 3896 2566 3948 Socrates
2596 3892 2721 3963 ipse
2742 3893 2880 3948 deos
2903 3891 3048 3948 istos
3069 3892 3240 3964 quasi
3270 3897 3464 3950 certus
3490 3897 3758 3968 negabat.
3781 3896 3944 3954 Idem

2303 3980 2631 4053 IEsculapio
2653 3980 3042 4053 gallinaceum
3065 3982 3248 4039 secari
3274 3983 3446 4055 quasi
3467 3989 3660 4042 certus
3677 3986 3942 4058 jubebat.

2307 4071 2378 4127 Et
2402 4069 2530 4126 ideo
2553 4085 2686 4125 cum
2708 4074 2825 4127 tam
2853 4069 3075 4128 incerta
3093 4075 3151 4128 et
3170 4070 3509 4130 inconstans
3538 4074 3852 4132 deﬁniendi
3874 4075 3948 4132 de

1975 4243 2176 4305 Variae
2215 4243 2538 4306 lectiones.

611 4398 655 4434 ⁸⁷
684 4401 828 4455 Hau.
854 4395 926 4453 ad
952 4396 1104 4470 Apol.
1139 4396 1210 4453 47
1240 4395 1605 4468 plerumque.
1680 4397 1724 4431 ⁸⁸
1756 4395 1968 4470 Rigalt.
2004 4396 2352 4458 invenerunt
2380 4429 2447 4442 —
2478 4397 2819 4473 qualitatis;
2851 4401 2914 4472 cf
2931 4400 3152 4474 Apotog.
3187 4401 3278 4460 47.

1986 4579 2499 4643 Commentarius.

599 4713 708 4788 itu,
743 4710 1037 4788 ,ᾇπλοῦς-ὁ-
1062 4713 1230 4788 μῦθμος
1258 4715 1358 4788 τῆς
1389 4707 1646 4788 suam;
1683 4709 1817 4788 ἔφυ,
1847 4713 1947 4788 qui
1991 4732 2196 4773 versus
2228 4719 2274 4784 D

609 4783 853 4858 uripidis
875 4800 950 4858 (ea
979 4783 1264 4858 Phceniss.
1299 4783 1512 4858 citetur
1541 4802 1573 4838 a
1602 4783 1835 4840 Juliano
1865 4783 2016 4858 imp.
2049 4792 2194 4858 orat.

559 4858 615 4925 7,
677 4853 1260 4942 subjicitquehiden‘l
1329 4853 2033 4942 ἒριὶᾶηιιξνςκιαγράφι-ας
2096 4857 2194 4942 γᾴρ

562 4921 694 5002 «post
749 4921 841 5002 ςὸν
918 4921 1249 5002 ψευδῆ-κα)
1287 4996 1298 5002 _
1325 4922 1521 5002 ᾇζδιπιιονΔ
1551 4921 1970 5002 ’δεῖσθαιξᾲιίω
2024 4921 2199 4986 verba

559 4996 633 5074 ex
664 4998 872 5074 eodem
907 4996 1047 5074 _loco
1101 4996 1398 5074 Euripidis
1434 4996 1876 5074 adducuntur.—
1905 5003 1999 5058 Sic
2041 5003 2197 5074 apud

559 5017 629 5055 ex
669 5014 872 5055 eoaem
925 5014 1047 5053 ioco
1110 5014 1398 5123 muripliuis
1455 5014 1850 5055 adducuntur.
1905 5014 1999 5058 Sic
2041 5014 2196 5074 apud

559 5071 855 5150 Stohaaum
885 5068 1214 5150 (Eschyluhs,
1307 5068 1541 5150 heodor.
1718 5089 1737 5128 1
1769 5073 2196 5150 Thernp._Ba_fil.

557 5149 765 5200 Cazsar.
789 5146 932 5198 orat.
960 5143 1042 5208 14,
1063 5145 1120 5196 et
1140 5142 1373 5195 Simeon
1402 5141 1717 5198 Cancellar.
1743 5149 1868 5199 orat
1916 5141 1965 5198 1”.
1993 5147 2070 5201 LE
2092 5146 2192 5200 Pa.

627 5216 739 5289 (72)
771 5216 1234 5289 Expugnat-orum
1280 5214 1712 5289 multitudinem.
1765 5216 1825 5289 In
1868 5216 2014 5272 libro
2045 5220 2193 5289 Ago-

554 5285 720 5341 bardi
771 5285 1019 5357 legitur:
1077 5291 1505 5357 expugnatorem
1549 5287 1983 5344 multitudinem.
2030 5285 2192 5354 Quod

555 5359 788 5444 defenrd'i
821 5355 993 5444 pesse
1016 5357 1142 5440 jam
1174 5355 1517 5444 monuimus
1555 5358 1802 5444 adnillud
1835 5360 2194 5444 ᾼροιορειξρρ,

554 5447 680 5513 cap.
714 5431 784 5485 25
809 5427 835 5483 ξ
859 5429 1131 5508 Graeciam
1177 5427 1582 5509 debellatorem.
1615 5429 1709 5484 Sic
1735 5430 1828 5484 hic
1858 5427 1975 5484 tam
2003 5427 2196 5487 l‘acilis

555 5501 667 5556 fuit
694 5503 917 5572 lapsus,
952 5504 1016 5572 ut
1059 5516 1118 5572 in
1149 5514 1310 5568 apice
1360 5499 1582 5572 nullius
1633 5501 1909 5556 momenti
1941 5506 2193 5559 veterem

556 5569 795 5628 manum
824 5571 983 5641 sequi
1012 5569 1156 5624 velle
1181 5571 1595 5640 superstitione
1633 5589 1748 5627 non
1781 5577 1992 5628 careat.
2029 5573 2154 5629 Rio.

625 5645 738 5727 (75)
789 5644 1158 5699 Auctoritates
1204 5647 1568 5727 recepturum.
1619 5645 1768 5727 Qua}.
1793 5645 1918 5727 jam
1967 5645 2192 5727 pridem

555 5720 1184 5844 3e0eptg,sﬁonsensus
1251 5713 1471 5783 publici
1528 5713 1934 5772 auctoritatem
1968 5713 2194 5774 ‘0bten-

599 5801 676 5844 un
709 5824 722 5844 .
783 5801 818 5842 D
908 5821 924 5844 .

2379 4717 2491 4787 (74)
2540 4717 2792 4798 Varronis
2848 4733 3039 4798 opera._
3090 4719 3173 4777 Ne
3230 4720 3599 4798 tergiversari
3657 4725 3945 4798 videatur,
4011 4781 4016 4786 .

2307 4795 2480 4868 atque
2510 4788 2848 4868 ut_gentile‘s
2871 4788 3076 4860 quavis
3101 4788 3414 4868 sponsione
3431 4801 3678 4868 premat,
3709 4788 3946 4855 illorum

2305 4861 2669 4942 testimonia,
2697 4864 3081 4942 auctoresque
3129 4861 3281 4942 apud
3316 4861 3564 4942 eosdem
3598 4861 3944 4942 probatissi-

2306 4947 2432 4986 mos
2460 4933 2696 4987 excutit.
2739 4932 3057 4989 Varronem
3111 4932 3331 4993 scilicet
3377 4932 3771 4998 Romanorum
3817 4959 3944 4998 om-

2307 5004 2469 5058 nium
2501 5003 2936 5060 doctissimum.
2972 5006 3049 5060 Ls
3075 5005 3174 5062 Pa.

2375 5076 2518 5159 (7.5)”
2543 5081 2696 5134 Mora
2739 5077 3010 5159 δαηίᾳῃιξᾳ
3039 5078 3551 5159 _philosophorum.
3611 5086 3748 5151 Qua;
3799 5085 3946 5141 nihil

2305 5146 2727 5223 Christianum,
2756 5146 2909 5223 nihil
2936 5146 3201 5206 divinum
3234 5146 3408 5223 sapit.
3440 5159 3568 5210 Βία.

2379 5218 2489 5300 (7Q)
2519 5222 2688 5300 P_orro
2720 5221 2935 5300 timoris
2975 5224 3148 5294 origo,
3195 5218 3398 5280 notitia
3426 5234 3523 5282 est.
3556 5228 3638 5283 Ex
3667 5227 3751 5284 illi
3780 5229 3946 5285 Salo-

2308 5291 2498 5365 monis
2547 5290 2670 5347 loco
2724 5290 3551 5365 verissimefargumentatur,
3604 5303 3669 5355 ut
3724 5317 3944 5358 numen

2305 5363 2600 5440 adstruat:
2653 5365 2819 5440 Apud
2871 5363 3117 5440 gentiles
3160 5363 3470 5440 vulgatum
3519 5375 3680 5427 erat:
3720 5373 3944 5430 Primus

2306 5435 2365 5487 in
2394 5435 2681 5512 orbe_Deos
2709 5435 2841 5512 fecit
2869 5436 3037 5512 timor
3068 5479 3080 5491 .
3118 5477 3131 5491 .
3170 5478 3182 5491 .
3204 5435 3542 5512 Nullusque
3591 5449 3732 5498 tunc
3762 5445 3943 5503 ferme

2303 5505 2556 5583 eratAqui
2585 5522 2696 5560 non
2734 5507 2814 5561 ita
2843 5507 3083 5564 sentiret
3108 5525 3173 5564 ac
3203 5505 3557 5583 loqueretur.
3589 5515 3666 5570 Ls-
3695 5515 3798 5573 Pa.

2341 5577 2488 5660 .(77)
2519 5576 2868 5660 Cumfamen
2901 5619 2914 5633 .
2951 5619 2964 5633 .
3003 5622 3014 5634 .
3054 5622 3067 5637 .
3105 5621 3118 5636 .
3151 5576 3384 5660 Lacuna
3412 5583 3513 5660 illa
3543 5585 3626 5641 sic
3655 5589 3942 5660 explenda

2301 5649 2568 5729 videtur:
2602 5670 2629 5697 ‹‹
2663 5651 2803 5729 Cum
2835 5654 3030 5729 tamen
3081 5655 3348 5727 credunt,
3388 5657 3637 5729 probant
3681 5649 3809 5718 sese
3838 5667 3941 5719 aut

2302 5719 2499 5846 (lamnis
2529 5720 2878 5794 despexisse,
2910 5727 3014 5780 aut
3059 5741 3176 5783 non
3215 5719 3488 5787 omnibus
3535 5731 3876 5794 credidisse.
3907 5755 3936 5786 »

2331 5807 2471 5846 nam.

2331 5807 2471 5849 DEM.
