4264 6370
331 340 442 398 661

1545 341 1647 396 AD
1697 338 2118 397 NA'I‘IONES.
2155 371 2227 379 —
2262 337 2404 395 LIB.
2454 337 2528 396 ll.

3622 333 3739 392 662

324 470 440 525 Deo
471 467 848 540 philosophia
880 469 1358 540 deprehenditur,
1386 484 1556 539 quem
1578 469 1801 539 potuit.
1832 511 1844 523 .
1883 510 1894 522 .
1934 508 1968 523 ..
1999 470 2053 536 Α
2084 482 2276 538 neque
2294 466 2468 521 finem
2489 466 2580 522 sui
2604 465 2824 537 patitur
2849 464 3166 536 :quomorlo
3181 463 3421 535 quidam
3437 463 3738 536 assignant

321 576 383 614 re
415 559 564 629 ejus,
601 575 772 630 quem
805 574 919 614 non
948 557 1168 628 liquido
1239 559 1473 614 tenebat
1529 558 1920 613 determinare
1949 557 1972 611 ?

319 650 397 703 De
431 649 659 704 mundo
693 689 704 701 .
742 690 753 701 .
792 689 804 702 .
837 687 853 703 .
918 648 1194 713 dicimus.
1228 652 1389 702 Hunc
1450 648 1605 702 enim
1667 647 1972 718 physicum

333 736 642 808 theologia:
674 753 860 809 genus
892 742 1107 808 cogunt
1132 753 1145 792 :
1173 754 1206 809 q
1243 778 1254 792 .
1293 780 1305 792 .
1343 779 1355 791 .
1399 777 1409 792 .
1455 779 1467 792 .
1506 743 1560 791 ta
1591 737 1730 790 deos
1787 735 1971 790 tradi-

318 827 549 892 derunt,
587 830 649 881 ut
693 825 1001 898 Dionysius
1060 825 1280 881 stoicus
1325 825 1604 880 trifariam
1661 826 1796 880 deos
1829 823 1973 879 divi-

316 915 438 982 dat,
476 933 674 986 unam,
709 916 835 970 vult
866 915 1144 986 speciem,
1178 933 1301 985 quas
1343 914 1399 969 in
1436 919 1711 986 promptu
1745 915 1844 977 sit,
1883 918 1966 980 ut,

314 1004 520 1071 solem,
554 1003 792 1060 lunam.
824 1045 835 1059 .
865 1046 877 1059 .
908 1046 921 1060 .
958 1047 970 1060 .
1005 1004 1203 1060 aliam.
1238 1021 1366 1075 quae
1408 1021 1521 1058 non
1556 1007 1973 1074 compareatut

315 1093 676 1165 Neptunum,
709 1095 1014 1164 reliquam,
1051 1111 1176 1165 qua:
1220 1094 1290 1149 de
1324 1093 1660 1148 hominibus
1693 1093 1762 1147 ad
1825 1091 1968 1146 divi-

315 1182 563 1238 nitatem
595 1181 886 1238 transisse
917 1182 1150 1250 dicitur,
1187 1187 1250 1237 ut
1304 1181 1632 1252 Herculem,
1684 1181 1969 1252 Amphia-

315 1286 501 1326 reum.
526 1271 703 1342 {Eque
733 1269 1064 1326 Arcesilaus
1099 1269 1314 1325 trinam
1347 1256 1598 1324 formam
1643 1267 1966 1322 divinitatis

312 1360 492 1427 ducit,
526 1359 848 1432 Olympios,
884 1361 1075 1426 Astra,
1109 1359 1417 1426 Titaneos;
1450 1359 1520 1413 de
1545 1357 1698 1414 Ccelo
1731 1362 1786 1412 et
1819 1358 1962 1412 Ter-

312 1467 397 1513 ra,
430 1466 499 1504 ex
530 1448 642 1517 his,
675 1449 926 1503 Saturno
957 1453 1012 1503 et
1048 1452 1188 1519 Ope,
1248 1447 1606 1520 Neptunum,
1664 1446 1862 1501 Jovem
1911 1450 1967 1500 et

313 1539 524 1594 Orcum
567 1543 625 1596 et
655 1543 922 1592 ceteram
957 1537 1413 1593 successionem.
1439 1537 1792 1591 Xenocrates
1821 1537 1964 1590 Aca-

319 1628 586 1683 demicus
619 1627 890 1682 bifariam
923 1627 1060 1682 facit
1093 1626 1388 1698 Olympios
1447 1629 1502 1680 et
1536 1625 1821 1694 'I‘itanios,
1863 1625 1963 1696 qui

316 1717 388 1772 de
419 1716 574 1771 leo
606 1721 664 1771 et
721 1717 918 1772 Terra.
960 1715 1360 1788 Egyptiorum
1413 1714 1671 1787 plerique
1714 1718 1966 1785 quatuor

314 1808 452 1861 deos
483 1806 748 1872 credunt,
784 1805 975 1861 Solem
1008 1809 1062 1859 et
1092 1810 1334 1874 Lunam,
1371 1804 1588 1859 leum
1623 1805 1959 1859 acTerram.

311 1897 454 1948 Cum
488 1893 710 1964 reliquo
733 1893 854 1965 igni
888 1910 1144 1965 superno
1189 1893 1326 1948 deos
1385 1897 1539 1947 ortos
1600 1892 1961 1948 Democritus

2085 555 2416 621 elementis,
2451 573 2578 628 quas
2609 557 2747 610 deos
2802 555 3024 622 volunt,
3087 553 3545 626 generationem,
3601 570 3735 609 cum

2083 646 2250 700 stoici
2286 650 2495 715 negent
2523 645 2837 717 quicquam
2871 645 2983 700 Deo
3009 643 3211 699 nasci?
3244 645 3408 712 Item,
3443 643 3734 714 quomodo

2082 734 2304 804 volunt,
2331 751 2478 806 quos
2503 736 2572 789 de
2592 734 2898 789 elementis
2924 738 3091 789 natos
3117 733 3486 800 ferunt,deos
3507 731 3731 799 haberi,

2087 841 2218 878 cum
2256 825 2440 879 Deum
2474 828 2684 895 negent
2716 823 2878 878 nasci
2903 824 2930 878 ?
2961 825 3159 895 Itaque
3182 823 3329 892 quod
3366 821 3571 877 mundi
3603 821 3731 889 erit,

2083 913 2191 968 hoc
2219 913 2526 969 elementis
2558 914 2904 982 ascribetur,
2957 913 3098 968 ccelo
3157 912 3283 967 dico
3341 915 3397 967 et
3454 915 3618 966 terrae
3676 914 3735 965 et

2082 1002 2378 1058 sideribus
2396 1008 2452 1058 et
2469 1002 2610 1074 igni,
2629 1021 2755 1074 quae
2771 1004 2908 1057 deos
2922 1006 2978 1057 et
2998 1004 3238 1057 deorum
3255 1004 3525 1073 parentes
3538 1001 3733 1056 adver-

2080 1109 2181 1147 sus
2216 1096 2483 1162 negatam
2507 1092 2944 1164 generationem
2977 1091 3076 1146 Dei
3109 1095 3165 1146 et
3186 1083 3558 1146 nativitatem
3608 1089 3730 1144 fru-

2078 1185 2200 1236 stra
2229 1182 2384 1236 credi
2417 1181 2724 1252 proposuit
2755 1181 2950 1237 Varro.
2978 1181 3045 1234 Et
3066 1180 3165 1251 qui
3187 1179 3732 1234 Varroindicaverat

2077 1268 2357 1324 animalia
2388 1284 2514 1323 esse
2541 1267 2749 1323 coelum
2775 1272 2831 1323 et
2855 1273 3032 1323 astra.
3057 1269 3217 1331 Quod
3237 1267 3285 1323 si
3310 1267 3390 1321 ita
3410 1270 3517 1333 est,
3551 1266 3727 1322 etiam

2079 1356 2347 1412 mortalia
2378 1357 2493 1412 sint
2517 1373 2719 1412 ncesse
2748 1360 2856 1427 est,
2889 1357 3214 1412 secundum
3271 1355 3550 1412 animalis
3609 1354 3722 1410 for-

2076 1462 2267 1512 mam;
2304 1463 2438 1500 nam
2471 1447 2583 1501 etsi
2617 1444 3012 1501 immortalem
3046 1450 3276 1501 constat
3297 1446 3578 1510 animam,
3611 1444 3726 1516 ipsi

2071 1534 2179 1590 hoc
2211 1535 2318 1589 soli
2346 1535 2563 1605 licebit,
2602 1553 2719 1589 non
2751 1535 2927 1590 etiam
2959 1535 3044 1590 illi
3067 1535 3159 1590 cui
3183 1535 3533 1605 adnectitur,
3559 1535 3616 1588 id
3636 1538 3724 1590 est

2072 1623 2318 1696 corpori.
2354 1624 2533 1680 Nemo
2568 1630 2766 1680 autem
2805 1625 3042 1697 negabit
3075 1625 3320 1680 mortale
3351 1641 3564 1696 corpus
3594 1640 3722 1681 esse

2073 1731 2208 1768 cum
2241 1717 2297 1768 et
2317 1712 2728 1785 contingamus
2753 1718 2890 1769 eaet
2921 1714 3333 1786 contingamur
3355 1714 3423 1770 ab
3437 1713 3542 1780 eis,
3565 1716 3723 1769 certa

2073 1819 2316 1874 corpora
2345 1820 2412 1858 ex
2443 1803 2558 1857 illis
2586 1802 2851 1858 decidere
2868 1803 3194 1858 videamus.
3216 1801 3722 1875 Ergosianimalia

2072 1893 2338 1964 deposita
2369 1892 2592 1948 ratione
2623 1892 2854 1956 animae,
2903 1909 3019 1964 qua
3069 1909 3380 1963 corporum
3440 1891 3718 1958 conditio,

311 1983 667 2054 suspicatur,
693 1983 863 2054 cujus
887 1982 1075 2037 instar
1107 1981 1225 2037 vult
1275 1998 1403 2037 esse
1457 1986 1726 2036 naturam
1786 1983 1958 2037 Zeno.
1997 2015 2041 2079 Β
2073 1982 2360 2051 mortalia,
2394 1999 2509 2037 non
2543 1982 2766 2053 utique,
2799 1982 2879 2037 dii
2903 1982 3208 2038 elementa.
3250 1983 3526 2038 Ettamen
3564 1981 3721 2037 unde

317 2072 481 2128 Unde
513 2077 571 2128 et
600 2076 783 2128 Varro
817 2073 1014 2144 ignem
1049 2072 1249 2127 mundi
1277 2070 1542 2126 animum
1577 2070 1731 2140 facit,
1774 2074 1836 2125 ut
1867 2089 1963 2142 pe-

331 2161 497 2216 rinde
529 2162 586 2215 in
621 2161 841 2217 mundo
875 2160 1026 2232 ignis
1057 2160 1256 2216 omnia
1303 2161 1609 2232 gubernet,
1661 2160 1815 2215 sicut
1844 2159 1974 2215 ani-

339 2268 471 2306 mus
503 2249 560 2304 in
605 2251 794 2306 nobis.
844 2250 1019 2321 Atqui
1083 2251 1420 2306 vanissime.
1468 2254 1614 2304 Nam
1674 2266 1806 2304 cum
1866 2254 1973 2304 est.

335 2340 545 2410 inquit,
576 2339 633 2393 in
667 2340 858 2408 nobis,
911 2339 1022 2411 ipsi
1054 2356 1301 2406 sumus;
1354 2355 1487 2393 cum
1537 2336 1710 2392 exivit
1767 2336 1976 2391 emori-

335 2445 490 2483 mur.
521 2430 667 2499 Ergo
690 2433 746 2483 et
776 2428 928 2501 ignis
960 2445 1092 2484 cum
1114 2428 1183 2482 de
1209 2427 1429 2482 mundo
1461 2443 1563 2499 per
1595 2426 1824 2498 fulgura
1845 2443 1977 2498 pro—

337 2517 646 2588 ﬁciscitur,
680 2519 940 2573 mundus
971 2517 1271 2572 emoritur.

402 2607 456 2662 3.
495 2608 591 2662 llis
623 2609 706 2663 ita
736 2606 1170 2678 expeditis(78),
1197 2605 1462 2661 videmus
1488 2603 1796 2677 physicum
1823 2604 1978 2659 istud

335 2696 405 2751 ad
439 2697 546 2752 hoc
574 2697 985 2767 subornatum,
1018 2701 1081 2750 ut
1111 2696 1249 2750 deos
1303 2694 1590 2750 elementa
1648 2693 1982 2757 contendat,

335 2801 467 2840 cum
491 2785 584 2840 his
615 2786 792 2841 etiam
825 2785 969 2841 alios
1001 2785 1139 2840 deos
1172 2788 1339 2839 natos
1380 2782 1591 2854 alleget
1624 2798 1636 2836 :
1672 2782 1770 2837 Dei
1828 2781 1984 2837 enim

337 2873 572 2930 nonnisi
600 2875 671 2930 de
718 2874 844 2930 deis
877 2878 1273 2930 nascerentar.
1299 2874 1453 2937 Quos
1472 2872 1750 2942 quoniam
1783 2872 1840 2925 in
1871 2887 1986 2940 my-

353 2963 512 3019 thico
543 2964 696 3034 apud
729 2967 928 3033 poetas
960 2961 1192 3033 plenius
1223 2977 1325 3016 suo
1355 2959 1477 3015 loco
1496 2959 1985 3026 examinabimus,

338 3057 534 3107 tamen
553 3051 708 3122 quod
729 3051 955 3122 deipsis
976 3049 1207 3105 interim
1230 3049 1666 3104 retractandum
1689 3052 1805 3115 est;
1833 3047 1987 3117 quod

351 3141 422 3194 ad
450 3143 790 3210 praesentem
824 3139 1079 3210 speciem
1113 3139 1265 3206 facit,
1300 3135 1478 3192 simul
1513 3140 1569 3190 et
1606 3137 1676 3190 de
1718 3134 1989 3208 praesenti

340 3226 534 3298 specie
565 3227 636 3281 ad
670 3227 852 3299 ipsos.
889 3269 902 3282 .
940 3269 951 3282 .
989 3271 1001 3282 .
1039 3268 1051 3282 .
1085 3244 1156 3281 an
1209 3225 1501 3281 ostensuri
1560 3241 1789 3294 sumus,
1850 3225 1990 3279 deos

342 3314 504 3370 nullo
539 3316 708 3371 modo
766 3315 950 3373 videri
1007 3333 1178 3387 posse
1234 3315 1336 3386 qui
1386 3315 1456 3369 de
1509 3313 1814 3369 elementis
1869 3312 1992 3368 nati

349 3405 650 3472 dicuntur,
685 3409 750 3460 ut
780 3406 907 3476 jam
940 3406 1077 3460 hinc
1109 3404 1558 3477 praejudicatum
1592 3403 1687 3473 sit,
1720 3403 1858 3458 deos
1877 3401 1991 3457 ele-

341 3498 539 3549 menta
571 3512 686 3550 non
719 3510 869 3559 esse,
904 3511 1039 3550 cum
1073 3493 1173 3565 qui
1206 3493 1274 3548 de
1305 3492 1610 3548 elementis
1643 3492 1762 3547 nati
1785 3492 1992 3546 dicun-

340 3587 455 3648 tur,
492 3583 587 3638 Dei
618 3600 732 3638 non
767 3588 935 3640 sunt:
964 3599 1124 3655 aaque
1155 3583 1636 3648 demonstrando,
1696 3586 1821 3636 orta
1851 3581 1992 3637 deos

340 3673 696 3740 nonesse,ad
721 3672 879 3728 illam
903 3678 1252 3745 agnatorum
1283 3671 1540 3742 speciem
1565 3675 1990 3742 praestruemus

341 3769 494 3820 recte
517 3779 633 3818 non
665 3779 792 3819 esse
825 3764 1084 3831 defendi,
1127 3779 1378 3835 quorum
1441 3766 1731 3834 parentes,
1791 3763 1846 3817 id
1906 3766 1994 3818 est

342 3851 628 3908 elementa
657 3851 750 3907 dei
779 3870 895 3908 non
929 3856 1086 3907 sunt.
1121 3852 1367 3917 Scitum,
1400 3851 1572 3906 deum
1606 3867 1635 3906 e
1676 3852 1781 3907 deo
1807 3851 1989 3919 nasci,

345 3942 845 4014 quemadmodum
876 3943 948 3997 de
979 3959 1094 3998 non
1126 3941 1232 3997 deo
1264 3957 1378 3995 non
1410 3941 1603 3998 deum.
1627 3941 1807 4013 Igitur
1836 3941 1991 4013 quod

345 4030 635 4087 elementa
664 4031 961 4087 contineat
982 4030 1242 4086 mundus
1259 4030 1392 4096 iste,
1417 4029 1992 4085 utsummalitertra-

346 4125 495 4176 ctem
517 4121 589 4176 de
626 4121 1026 4191 universitate,
1046 4119 1312 4192 partibus
1339 4118 1466 4189 ejus
1488 4118 1988 4189 praeministrans;

344 4227 482 4266 nam
514 4227 641 4282 quae
675 4209 930 4266 conditio
953 4210 1104 4280 ejus,
1139 4209 1341 4264 eadem
1376 4208 1580 4279 utique
1620 4207 1731 4262 erit
1761 4211 1818 4262 et
1874 4206 1993 4262 ele-

343 4302 675 4356 mentorum
706 4303 763 4356 et
792 4299 1216 4366 membrorum,
1240 4301 1341 4354 aut
1361 4297 1434 4352 ab
1463 4296 1658 4368 aliquo
1686 4295 1993 4352 institutus

343 4389 392 4446 si
425 4405 663 4446 necesse
692 4391 801 4456 est,
824 4405 938 4461 qua
966 4387 1225 4444 Platonis
1261 4386 1620 4456 humanitas,
1647 4389 1746 4440 aut
1769 4403 1800 4442 a
1830 4384 1993 4441 nullo

343 4495 460 4551 qua
490 4477 724 4551 Epicuri
748 4477 986 4534 duritia.
1022 4478 1092 4533 Et
1137 4477 1187 4533 si
1243 4475 1519 4531 instistus
1575 4478 1683 4542 est,
1725 4474 1994 4529 habendo

341 4566 598 4636 initium,
634 4567 875 4622 habebit
906 4570 962 4622 et
991 4566 1192 4634 ﬁnem,
1218 4565 1298 4620 ita
1329 4564 1484 4634 quod
1516 4563 1832 4634 aliquando
1881 4579 1996 4618 non

343 4656 599 4713 fuitante
617 4656 875 4724 initium;
901 4659 957 4711 et
978 4655 1334 4726 quandoque
1358 4670 1474 4709 non
1489 4652 1597 4708 erit
1621 4657 1754 4724 post
1774 4653 1949 4707 ﬁnem
1979 4669 1993 4709 :

345 4763 460 4801 non
486 4745 640 4817 capit
661 4744 862 4817 utique
885 4745 1067 4800 videri
1091 4745 1236 4799 deus
1259 4759 1461 4798 carens
1489 4741 1821 4798 substantia
1844 4741 1996 4797 590

351 4835 763 4903 divinitatis,id
790 4838 877 4891 est
908 4834 1248 4902 mternitate,
1284 4850 1442 4904 queas
1474 4832 1569 4888 ine
1599 4830 1763 4887 initio
1796 4835 1852 4887 et
1884 4833 1996 4888 ﬁne

2080 2071 2480 2142 animalia(79)
2511 2070 2756 2127 Varroni
2780 2071 3050 2126 videntur
3070 2069 3358 2126 elementa
3380 2070 3407 2124 ?
3433 2070 3723 2135 Quonima

2085 2164 2405 2215 moventur.
2434 2165 2514 2215 Ac
2544 2177 2615 2215 ne
2645 2178 2712 2216 ex
2741 2161 2966 2216 diverso
2991 2165 3370 2232 proponatur,
3393 2159 3581 2214 multa
3611 2159 3726 2215 alia

2085 2252 2324 2322 moveri,
2359 2257 2422 2306 ut
2444 2257 2619 2318 rotas,
2655 2258 2717 2306 ut
2749 2252 3030 2323 plaustra,
3060 2256 3123 2306 ut
3153 2251 3457 2306 machinas
3489 2255 3728 2306 caeteras

2087 2341 2240 2396 ultro
2273 2341 2549 2412 praevenit
2569 2341 2792 2408 dicens,
2823 2358 2888 2397 eo
2945 2339 3225 2395 animalia
3276 2340 3518 2406 credita,
3574 2339 3732 2411 quod

2090 2448 2192 2502 per
2221 2431 2538 2502 semetipsa
2558 2435 2949 2496 moverentur,
2983 2429 3142 2484 nullo
3159 2430 3520 2485 extrinsecus
3553 2446 3739 2500 appa-

2091 2525 2251 2575 rente
2284 2523 2568 2575 motatore
2597 2535 2799 2574 eorum
2835 2524 2935 2574 aut
2968 2519 3275 2588 minatore,
3310 2518 3459 2574 sicut
3504 2521 3742 2591 apparet

2092 2609 2192 2680 qui
2209 2613 2392 2664 rotam
2425 2607 2817 2679 compellit,et
2831 2607 3376 2677 planetravolvit,et
3401 2606 3738 2663 machinam

2093 2701 2402 2769 temperat.
2439 2697 2622 2770 Igitur
2651 2696 2765 2752 nisi
2797 2696 3094 2766 animalia,
3129 2714 3245 2752 non
3260 2696 3501 2752 mobilia
3531 2713 3632 2768 per
3654 2712 3742 2752 se.

2095 2788 2271 2843 Porro
2305 2787 2588 2860 allegans,
2623 2787 2763 2859 quid
2799 2803 2912 2842 non
2946 2791 3245 2859 appareat,
3287 2787 3547 2843 ostendit
3606 2785 3746 2856 quid

2097 2876 2376 2948 quaesisse
2403 2877 2705 2945 debuerat,
2739 2875 2950 2947 idlest,
3012 2877 3293 2932 artiﬁcem
3347 2880 3402 2931 et
3459 2875 3746 2931 arbitrum

2099 2968 2327 3032 motus;
2363 2965 2721 3034 nequeenim
2754 2964 2952 3019 statim
2985 2981 3099 3019 non
3133 2969 3239 3032 est,
3268 2965 3444 3036 quod,
3469 2963 3609 3035 quia
3629 2979 3745 3018 non

2097 3053 2390 3121 videmus,
2423 3070 2538 3108 non
2571 3053 2867 3108 credimus
2891 3069 3039 3108 esse.
3076 3054 3198 3108 Imo
3216 3070 3281 3109 eo
3309 3051 3745 3108 altiusinvesti-

2099 3141 2359 3212 gendum
2389 3145 2498 3207 est,
2533 3142 2686 3210 quod
2719 3158 2834 3197 non
2864 3143 3152 3210 videatur,
3186 3147 3248 3197 ut
3287 3142 3443 3214 quod
3483 3141 3748 3197 videatur

2101 3229 2272 3301 quale
2303 3229 2378 3285 sit
2408 3230 2556 3285 scire
2579 3230 2898 3302 possimus.
2932 3230 3208 3302 Alioquin
3267 3231 3316 3286 si
3375 3235 3608 3286 tantum
3658 3247 3748 3298 ea,

2102 3336 2231 3391 quae
2265 3323 2624 3390 comparent,
2660 3318 2750 3374 dei
2782 3335 2911 3375 esse
2943 3320 3282 3388 creduntur,
3335 3320 3474 3391 quia
3520 3336 3752 3391 compa-

2104 3412 2255 3474 rent,
2280 3408 2574 3480 quomodo
2599 3408 2738 3463 deos
2769 3407 2944 3464 etiam
3004 3425 3103 3466 eos
3159 3408 3420 3481 recipitis
3479 3408 3580 3481 qui
3637 3425 3752 3465 non

2105 3496 2494 3568 comparent?
2521 3497 2578 3551 Si
2611 3501 2807 3552 autem
2857 3497 3127 3553 videntur
3154 3515 3284 3554 esse
3315 3497 3415 3568 qui
3446 3515 3561 3554 non
3593 3500 3752 3566 sunt,

2106 3604 2208 3640 cur
2239 3603 2351 3641 non
2384 3585 2504 3640 sint
2533 3590 2589 3641 et
2620 3586 2720 3658 qui
2751 3603 2866 3641 non
2897 3586 3170 3642 videntur
3190 3587 3217 3642 7
3252 3588 3590 3644 Motatorem
3623 3588 3752 3642 dico

2103 3674 2427 3731 ccelestium
2452 3692 2668 3731 rerum.
2695 3675 2968 3747 Sintergo
2991 3679 3048 3730 et
3070 3675 3369 3745 animalia,
3404 3676 3543 3747 quia
3565 3674 3752 3732 mobi-

2102 3765 2180 3820 lia
2212 3782 2312 3836 per
2344 3781 2426 3832 se,
2459 3765 2632 3820 etiam
2679 3765 2921 3820 mobilia
2977 3783 3082 3837 per
3127 3782 3210 3832 se,
3287 3768 3426 3838 quia
3474 3783 3590 3822 non
3648 3781 3752 3836 per

2101 3854 2281 3910 alium
2318 3871 2330 3922 ;
2364 3858 2561 3909 tamen
2594 3854 2695 3910 illa
2725 3872 2840 3910 non
2873 3855 3073 3910 statim
3105 3855 3226 3924 Dei,
3271 3854 3408 3927 quia
3446 3853 3746 3925 animalia,

2102 3944 2184 3998 ita
2210 3959 2313 3998 nec
2345 3943 2494 4010 ideo,
2519 3944 2654 4015 quia
2684 3961 2787 4015 per
2816 3960 2878 4000 se
2921 3944 3200 4014 mobilia;
3233 3949 3335 4000 aut
3393 3945 3534 4015 quid
3589 3946 3749 4000 vetat

2104 4033 2690 4104 universaanimalia,
2728 4038 2791 4090 ut
2821 4035 3059 4090 mobilia
3092 4052 3193 4107 per
3232 4051 3314 4104 se,
3371 4035 3509 4090 deos
3565 4034 3748 4091 habe-

2102 4122 2198 4176 ri?
2233 4163 2244 4176 .
2275 4164 2287 4177 .
2326 4165 2338 4178 .
2379 4165 2391 4177 .
2423 4122 2501 4178 lia
2532 4140 2673 4178 sane
2705 4124 2962 4179 vanitate
2991 4124 3276 4196 {Egyptiis
3305 4123 3460 4179 licet.

2174 4212 2226 4265 4.
2258 4211 2438 4266 Aiunt
2460 4212 2701 4282 quidam
2732 4217 3040 4284 propterea
3057 4213 3196 4268 deos
3213 4210 3748 4284 fuisseappellatos,

2104 4301 2259 4372 quod
2285 4299 2419 4362 θέειν
2455 4304 2510 4355 et
2541 4299 2794 4369 σείεσθαι,
2823 4315 3162 4371 procurrere
3194 4318 3259 4357 ac
3318 4301 3529 4356 motari
3580 4300 3758 4356 inter-

2103 4389 2354 4462 pretatio
2384 4392 2487 4444 est.
2522 4389 2672 4444 Sane
2698 4390 3047 4445 vocabulum
3072 4391 3232 4446 istud
3260 4407 3373 4446 non
3399 4388 3755 4459 estalicujue

2105 4476 2474 4547 majestatis;
2507 4493 2541 4532 a
2572 4494 2750 4533 cursu
2783 4477 2940 4533 enim
2973 4482 3030 4533 et
3051 4483 3236 4546 motu,
3271 4496 3388 4534 non
3420 4479 3492 4535 ab
3544 4477 3758 4533 divini-

2103 4566 2246 4622 tatis
2278 4567 2750 4622 denominatione
2773 4568 3089 4623 formatum
3122 4573 3230 4624 eet.
3256 4569 3365 4623 Sed
3399 4583 3531 4623 cum
3574 4566 3754 4622 etiam

2105 4657 2202 4712 ille
2235 4672 2388 4711 unus
2419 4655 2573 4712 Deus
2604 4673 2777 4727 quem
2802 4656 3073 4728 colimus,
3108 4657 3225 4720 θεὸς
3283 4656 3750 4729 oognominetur.

2106 4762 2208 4800 nec
2240 4749 2433 4800 tamen
2466 4749 2566 4800 aut
2593 4749 2786 4800 motus
2818 4745 2974 4802 ullus
3005 4751 3106 4803 aut
3147 4764 3355 4803 cursus
3397 4747 3524 4817 ejus
3567 4763 3754 4818 appa-

2107 4839 2249 4904 reat,
2283 4835 2383 4905 qui
2418 4851 2521 4890 nec
2554 4834 2800 4891 visibilis
2859 4836 3135 4907 cuiquam
3167 4837 3260 4906 sit,
3294 4835 3486 4909 palam
3519 4840 3628 4904 est,
3689 4839 3753 4892 ut

345 4930 635 4982 censetur.
672 4924 730 4980 Si
760 4940 893 4981 vero
925 4923 1236 4979 institutus
1258 4922 1498 4978 omnino
1521 4937 1636 4977 non
1665 4925 1753 4976 est
1772 4938 1838 4976 ac
1864 4938 1994 4992 pro-
2024 4922 2070 4986 D
2104 4923 2454 4980 vocabulum
2483 4925 2641 4979 istud
2678 4967 2691 4981 .
2732 4968 2742 4979 .
2780 4966 2792 4979 .
2822 4966 2835 4980 .
2869 4964 2882 4980 .
2919 4931 3286 4998 ..sumptum
3307 4927 3750 4998 propriumque,

344 5018 542 5085 pterea
571 5016 716 5071 deus
746 5014 1074 5086 habendus,
1105 5013 1260 5086 quod
1277 5016 1341 5068 ut
1363 5017 1514 5069 Deus
1540 5027 1728 5082 neque
1755 5010 1989 5067 initium

2101 5013 2239 5083 quia
2272 5028 2332 5068 se
2373 5012 2657 5083 nativum,
2691 5014 2839 5071 ὅθι
2879 5013 3206 5071 divinitatis
3255 5014 3555 5072 inventum
3589 5056 3603 5071 .
3636 5054 3648 5069 .
3685 5054 3701 5072 .
3737 5054 3750 5071 .

1784 5231 2308 5294 Commentarius.

419 5413 527 5484 (78)
562 5413 655 5467 His
689 5413 770 5468 ita
799 5412 1090 5484 expeditis.
1143 5411 1284 5466 Post
1309 5409 1541 5484 turbam
1587 5408 1748 5464 illam
1806 5408 1994 5479 philo-

349 5481 696 5556 sopherum,
730 5485 828 5555 qui
859 5481 929 5539 (ie
965 5485 1074 5556 Deo
1107 5487 1210 5538 aut
1239 5481 1494 5556 pessime
1525 5486 1989 5556 senseru_nt,aut,

347 5553 485 5613 deos
525 5553 786 5635 ommino
817 5555 1205 5635 sustulerunt,
1235 5553 1617 5635 validissimis
1645 5553 1990 5635 .rationibu's

348 5633 570 5754 pugnat
598 5645 666 5684 ex
696 5629 824 5701 ipsa
855 5645 915 5684 re
945 5628 1016 5683 de
1046 5642 1162 5697 qua
1183 5630 1306 5708 erat
1331 5626 1595 5696 qumstio,
1630 5626 1699 5707 de
1723 5630 1854 5680 ortu
1877 5626 1989 5680 sci-

373 5705 484 5754 icet
539 5700 805 5754 deorum.
858 5701 928 5754 de
983 5696 1446 5754 immortalitate.
1513 5702 1824 5754 creatione.
1875 5701 1984 5752 etc.

539 5696 805 5770 deorum,
858 5701 928 5757 de
983 5696 1446 5767 immortalitate,
1513 5697 1824 5767 creatione,
1875 5701 1984 5752 etc.

396 5789 426 5828 ε
500 5787 555 5827 a.

396 5789 426 5828 ε
458 5775 555 5827 Pa.

2175 5409 2288 5481 (79)
2315 5405 2378 5464 Et
2407 5413 2590 5464 tamen
2620 5409 2763 5466 unde
2794 5412 3080 5466 animalia.
3115 5413 3437 5466 Varronem
3488 5410 3600 5466 huc
3664 5413 3752 5465 at-

2104 5480 2278 5553 tingit
2309 5483 2405 5553 qui
2438 5482 2725 5538 elementa
2784 5482 3058 5538 animalia
3119 5483 3416 5547 docuerat,
3466 5498 3530 5538 eo
3591 5484 3747 5554 quod

2103 5557 2496 5610 moverentur.
2533 5556 2595 5609 In
2628 5571 2742 5626 quo
2765 5554 2934 5609 illum
2989 5555 3183 5626 arguit
3241 5554 3544 5626 imperitiae
3582 5573 3595 5623 ;
3641 5555 3748 5610 de-

2100 5626 2309 5681 buerat
2336 5627 2492 5699 enim
2526 5633 2807 5682 motorem
2860 5626 3226 5699 investigare,
3286 5633 3461 5699 atque
3492 5626 3564 5682 ad
3626 5627 3744 5698 pri-

2097 5714 2265 5822 ;num
2341 5698 2487 5755 illud
2564 5699 2919 5772 principium
2977 5696 3221 5756 ratiOnis
3275 5699 3329 5756 vi
3369 5696 3745 5756 'ascendere.

2122 5785 2260 5822 DEM.

2122 5785 2260 5826 DEM.
