4264 6396
528 351 648 413 663

1039 347 1568 408 'l‘ER'I‘ULLlANI
1615 346 1937 408 OPEltUM
1981 348 2180 407 PARS
2227 347 2275 405 l.
2319 380 2392 390 -—
2439 347 2711 406 SEltlES
2757 347 2804 418 Ι,
2851 347 3416 408 APULOGETICA.

3803 351 3923 408 664

528 479 1028 554 interpretationis
1059 480 1185 548 ejus
1207 478 1442 546 astutia,
1476 478 1850 536 verisimilius
1883 483 1970 535 est
2000 497 2114 534 non
2137 497 2170 534 a
2198 479 2251 546 Α
2283 482 2670 534 notaverumt.
2726 477 2835 533 Oro
2892 494 3027 543 vos,
3058 478 3194 549 quid
3244 480 3399 551 sapit
3447 481 3922 551 eonjecturarum

526 590 702 629 cursu
735 573 792 626 et
822 571 981 624 motu
1013 565 1165 628 Οεοὺς
1225 568 1432 636 dictos,
1493 568 1595 623 sed
1646 568 1715 624 de
1775 568 2163 640 appellatione

523 663 642 719 veri
674 660 775 716 Dei
807 661 1161 726 mutuatum,
1190 657 1273 713 uti
1305 673 1451 728 quos
1485 674 1647 728 aeque
1703 658 1842 713 deos
1896 658 2163 713 excudis-

523 751 687 820 setis,
717 746 867 807 θεοὺς
894 744 1406 818 cognominaretis.
1444 746 1699 816 Denique
1729 763 1906 817 quam
1958 748 2040 802 ita
2069 747 2166 816 sit,

525 837 790 912 probatio
805 834 1086 906 suppetit,
1103 851 1236 889 cum
1259 833 1436 890 etiam
1460 833 1762 890 universos
1776 836 1911 890 deos
1924 841 2170 902 vestros,

525 927 586 983 in
617 925 829 997 quibus
871 922 1090 980 nullius
1122 939 1331 980 cursus
1362 927 1464 979 aut
1489 927 1686 980 motus
1714 923 1972 979 ofﬁcium
2005 925 2174 979 deno-

527 1021 704 1084 tatur,
738 1011 894 1074 θεοὺς
925 1012 1317 1080 communiter
1347 1012 1674 1085 appelletis.
1708 1012 1908 1084 itaque
1933 1013 1982 1068 si
2013 1030 2174 1084 aeque

529 1102 681 1167 θεοὺς
704 1119 865 1174 aeque
895 1100 1249 1170 immobiles,
1296 1100 1615 1157 disceditur
1671 1101 1938 1158 vocabuli
1996 1102 2172 1156 inter-

528 1192 894 1266 pretationne
917 1192 1132 1263 pariter
1152 1194 1208 1246 et
1246 1189 1571 1247 divinitatis
1620 1191 1912 1262 opinione,
1970 1208 2096 1262 quis
2145 1207 2178 1246 a

531 1299 708 1339 cursu
737 1285 795 1337 et
825 1279 1130 1336 modulata
1174 1279 1550 1335 rescinditur.
1611 1280 1772 1343 Quod
1833 1279 1882 1335 si
1943 1295 2176 1335 nomem

528 1371 686 1428 istud
720 1369 1023 1441 proprium
1055 1366 1378 1424 divinitatis
1407 1371 1464 1423 et
1512 1367 1782 1438 simplex,
1842 1384 1946 1424 nec
2001 1368 2176 1423 inter-

539 1458 927 1532 pretatorium
959 1457 1015 1511 in
1048 1455 1149 1513 illo
1180 1457 1287 1512 deo
1345 1459 1788 1528 reprehensum,
1839 1456 1899 1512 in
1957 1463 2181 1527 caetera,

533 1565 662 1622 qua:
693 1549 832 1603 deos
855 1545 1052 1614 vultis,
1086 1546 1286 1601 docete
1307 1544 1478 1600 etiam
1513 1545 1811 1616 qualitatis
1840 1546 1994 1600 inter
2050 1545 2178 1602 illos

533 1654 662 1694 esse
692 1635 1077 1704 consortium,
1102 1638 1168 1690 ut
1191 1634 1323 1705 jure
1349 1634 1629 1690 consistat
1659 1633 1967 1706 collegium
2003 1636 2182 1690 nomi-

542 1726 635 1782 nis
667 1724 1077 1781 communione
1108 1723 1472 1780 substantiae.
1507 1727 1677 1779 Porro
1708 1723 1885 1779 ΘΕΟΣ
1918 1723 2016 1779 ille
2055 1725 2179 1795 jam

539 1814 648 1871 hoc
688 1813 814 1870 solo
845 1813 999 1884 quod
1032 1829 1147 1867 non
1182 1812 1260 1867 sit
1285 1811 1343 1866 in
1378 1817 1858 1883 promptu,vacat
1886 1830 1919 1868 a
1947 1829 2182 1884 compa-
2212 1847 2259 1912 B

542 1902 767 1960 ratione
791 1916 994 1958 eorum
1035 1916 1166 1973 qua
1195 1901 1252 1954 in
1285 1904 1560 1972 promptu
1617 1906 1756 1957 sunt
1810 1906 1868 1957 et
1922 1901 2071 1957 visui
2129 1907 2186 1957 et

542 1991 745 2048 sensui
777 2006 790 2047 :
825 1991 926 2045 sed
959 1989 1156 2046 sensui
1181 1989 1345 2060 satis,
1379 1990 1529 2061 quod
1564 1991 1676 2060 ltest
1736 1990 2053 2045 testimonii
2113 1991 2183 2046 ad

543 2079 940 2135 diversitatem
972 2076 1183 2134 occulti
1231 2083 1288 2134 et
1341 2077 1636 2133 manifesti
1685 2078 2085 2134 renuntiatio:
2137 2078 2187 2135 si

543 2167 832 2224 elementa
861 2167 1057 2240 palam
1084 2165 1386 2240 preposita
1411 2166 1708 2234 omnibus,
1742 2166 1792 2222 si
1819 2171 2019 2222 contra
2041 2167 2186 2222 deus

544 2255 790 2323 nemini,
824 2256 1118 2326 quomodo
1139 2255 1382 2327 poteris,
1414 2272 1483 2310 ex
1511 2271 1579 2311 ea
1610 2259 1774 2327 parte
1837 2273 2013 2328 quam
2070 2273 2184 2312 non

539 2345 762 2415 vidisti,
785 2361 910 2416 qua:
943 2344 1104 2402 vides
1135 2343 1411 2416 congredi
1441 2343 1464 2398 Ρ
1497 2342 1640 2399 Cum
1676 2360 1812 2416 ergo
1846 2361 1960 2399 non
2003 2345 2186 2400 habes

542 2435 898 2507 conjungere
929 2449 1106 2488 sensu
1134 2473 1146 2486 .
1176 2474 1188 2486 .
1219 2474 1231 2486 .
1259 2475 1271 2488 .
1292 2432 1539 2500 ratione,
1571 2432 1708 2502 quid
1740 2432 2017 2488 vocabulo
2051 2450 2186 2489 con-

533 2523 760 2596 jungis,
775 2527 838 2578 ut
851 2521 1173 2594 conjungas
1187 2520 1361 2576 etiam
1377 2525 1664 2593 potestate
1679 2525 1700 2577 P
1713 2522 1849 2577 Ecce
1863 2521 2016 2577 enim
2035 2523 2186 2578 Zeno

544 2627 776 2683 quoque
806 2611 914 2684 (89)
949 2609 1256 2664 materiam
1289 2609 1652 2664 mundialem
1684 2627 1718 2664 a
1772 2614 1884 2665 Deo
1933 2616 2184 2682 separat,

544 2699 634 2756 vel
665 2715 800 2756 eum
831 2716 934 2770 per
962 2698 1146 2768 illam,
1180 2704 1461 2768 tanquam
1503 2697 1617 2753 mel
1649 2714 1752 2770 per
1808 2699 1968 2754 favos
1996 2705 2186 2755 trans-

547 2788 666 2845 isse
697 2787 858 2844 dicit.
883 2791 1087 2858 Itaque
1115 2786 1367 2843 materia
1394 2790 1452 2842 et
1503 2791 1656 2841 Deus
1715 2787 1829 2842 duo
1881 2789 2184 2856 voeabula,

548 2879 677 2934 duis
709 2893 821 2932 res.
851 2876 958 2931 Pro
1015 2873 1356 2930 discrimine
1409 2873 1820 2930 vocabulorum
1869 2877 2044 2932 etiam
2096 2894 2187 2933 res

549 2968 917 3038 separantur,
995 2965 1172 3019 etiam
1233 2963 1489 3018 materias
1536 2963 1789 3019 conditio
1838 2964 2184 3020 vocabulum

550 3055 833 3127 sequitur.
868 3053 1029 3119 Quod
1055 3053 1105 3108 si
1125 3052 1367 3108 materia
1386 3069 1499 3108 non
1519 3057 1627 3120 est,
1647 3052 1788 3124 quia
1803 3053 1886 3108 sic
1900 3059 1957 3109 et
1987 3054 2184 3126 appel-

549 3143 686 3200 latio
717 3141 1065 3215 praescribit,
1097 3140 1390 3213 quomodo
1422 3156 1551 3212 quis
1571 3145 1709 3196 sunt
1739 3141 1798 3196 in
1831 3142 2092 3212 materia,
2126 3143 2180 3197 id

2270 565 2504 622 libido?
2561 567 2706 631 Quid
2765 567 2972 638 probat
3027 571 3190 622 tanta
3243 569 3705 641 praesumptione
3762 589 3926 627 asse-

2274 656 2586 712 verationis
2663 658 2846 712 otium
2905 656 3190 711 affectatae
3241 659 3660 714 morositatatai
3707 661 3926 732 eloquii

2276 746 2427 801 592
2462 744 2706 800 artiﬁcio
2762 745 3111 800 adornatum
3143 746 3169 800 ‘I
3218 746 3421 802 Merito
3464 764 3601 820 ergo
3659 749 3927 805 Milesius

2279 834 2492 889 Thales
2508 834 2618 904 (82)
2643 834 2782 888 dum
2806 838 2996 888 totum
3019 833 3227 890 coelum
3256 835 3553 892 examinat
3573 844 3630 893 et
3660 839 3929 894 ambulat

2281 922 2486 990 oculis,
2547 923 2606 977 in
2667 928 2908 994 puteum
2971 923 3310 980 cecidit...
3347 965 3360 979 .
3396 967 3411 981 .
3464 968 3478 982 .
3539 928 3790 983 multum
3841 927 3925 983 ir-

2285 1010 2440 1066 risus
2471 1012 2728 1082 Egyptio
2761 1010 2892 1066 illi:
2937 1013 3179 1081 Interra,
3237 1012 3452 1085 inquit,
3509 1014 3654 1070 nihil
3706 1016 3929 1088 perspi-

2285 1099 2500 1168 ciebas,
2531 1099 2741 1155 caelum
2773 1100 2877 1155 tibi
2908 1100 3329 1171 speculandum
3349 1102 3695 1159 existimas?
3725 1105 3932 1176 Itaque

2285 1205 2457 1244 casus
2487 1190 2614 1260 ejus
2648 1205 2750 1260 per
2778 1189 3025 1260 ﬁguram
3052 1230 3066 1256 ,
3095 1230 3107 1243 .
3138 1229 3152 1243 .
3184 1230 3196 1242 .
3233 1229 3247 1244 .
3282 1207 3309 1244 s
3341 1195 3522 1258 notat,
3554 1191 3800 1248 scillicet
3829 1209 3932 1249 eos

2287 1279 2386 1349 qui
2417 1279 2714 1348 stupidam
2728 1276 3447 1334 exerceantcuriositatem
3474 1321 3488 1336 .
3511 1321 3523 1334 .
3558 1321 3572 1334 .
3601 1323 3614 1336 .
3642 1323 3654 1337 .
3683 1286 3931 1348 naturae,

2287 1383 2464 1439 quam
2523 1366 2686 1438 prius
2744 1366 2804 1421 in
2864 1366 3146 1422 artiﬁcem
3190 1367 3319 1438 ejus
3375 1373 3432 1423 et
3476 1370 3810 1440 praesidem,
3869 1371 3932 1427 in

2289 1472 2537 1511 vacuum
2571 1494 2582 1507 .
2616 1497 2629 1510 .
2666 1497 2678 1510 .
2716 1497 2729 1512 .
2769 1496 2781 1509 .
2816 1473 2852 1509 n
2884 1455 3022 1510 dum
3049 1455 3376 1512 habituros.

2358 1546 2410 1599 5.
2445 1544 2593 1609 Quin
2625 1561 2760 1616 ergo
2802 1544 2872 1599 ad
2930 1543 3338 1600 humaniorem
3371 1545 3674 1618 aliquanto
3721 1549 3930 1621 (85)....

2289 1633 2447 1688 imur
2467 1633 2830 1704 opinionem,
2863 1649 2988 1702 qum
3020 1633 3090 1688 de
3120 1634 3422 1690 communi
3452 1636 3722 1693 omnium
3752 1655 3932 1694 sensu

2291 1728 2348 1778 et
2377 1722 2635 1793 simplici
2663 1737 2770 1793 cog
2794 1763 2806 1776 .
2844 1764 2856 1777 .
2893 1761 2904 1774 .
2944 1764 2957 1776 .
2989 1722 3034 1756 ⁸⁸
3065 1721 3319 1779 deducta
3346 1723 3615 1780 videatur
3641 1725 3668 1780 ἵ
3705 1726 3852 1782 Nam
3877 1732 3933 1782 et

2291 1811 2472 1868 Varro
2498 1809 2767 1866 meminit
2799 1811 2946 1881 ejus,
2981 1811 3262 1866 creditam
3295 1818 3572 1883 praeterea
3597 1814 3798 1871 dicens
3819 1815 3936 1872 ele-

2294 1904 2620 1956 mentorum
2655 1898 3038 1966 divinitatem,
3091 1900 3243 1970 quod
3303 1900 3450 1956 nihil
3508 1903 3747 1960 omnino
3805 1904 3938 1961 sine

2294 1987 2569 2059 suffragio
2603 1987 2836 2043 illorum
2869 1986 3050 2059 gigni,
3075 1986 3170 2055 ali,
3205 1989 3441 2060 provehi
3471 1990 3659 2062 possit
3688 1994 3759 2048 ad
3806 1995 3938 2050 vitae

2295 2079 2564 2133 humanae
2588 2082 2644 2132 et
2669 2081 2833 2133 terra:
2890 2076 3457 2149 sationem,quando
3517 2098 3588 2136 ne
3631 2082 3760 2154 ipsa
3801 2084 3936 2155 qui-

2295 2168 2427 2223 dem
2477 2183 2719 2238 corpora
2753 2170 2854 2220 aut
2899 2166 3128 2221 animas
3183 2168 3452 2225 sufﬁcere
3494 2169 3759 2227 licuisset
3810 2175 3941 2230 sine

2295 2257 2716 2313 elementorum
2767 2259 3252 2325 temperamento,
3313 2273 3428 2328 quo
3487 2258 3772 2316 habitatio
3823 2261 3940 2318 ista

2297 2344 2499 2399 mundi
2531 2341 2882 2399 circulorum
2933 2343 3369 2400 conditionibus
3428 2346 3706 2404 foederata
3760 2366 3938 2421 praes-

2294 2438 2470 2499 tatur,
2505 2431 2615 2488 nisi
2644 2432 2797 2503 quod
2816 2430 3121 2486 hominum
3146 2432 3424 2490 incolatui
3445 2435 3752 2508 denegavit
3772 2454 3942 2494 enor-

2295 2523 2470 2577 mitas
2499 2521 2730 2592 frigoris
2748 2523 2850 2575 aut
2869 2519 3098 2575 caloris.
3115 2521 3316 2592 Itaque
3348 2523 3486 2579 deos
3510 2525 3699 2580 credi:
3718 2525 3936 2598 solem,

2297 2609 2398 2682 qui
2429 2609 2542 2665 diei
2571 2610 2642 2664 de
2682 2625 2787 2664 suo
2820 2607 3101 2674 cumulet,
3132 2611 3328 2682 fruges
3355 2610 3669 2670 caloribus.
3702 2631 3762 2686 p.
3789 2657 3804 2671 .
3830 2655 3842 2671 .
3869 2656 3884 2670 .
3920 2655 3940 2674 .

2296 2704 2352 2752 et
2387 2714 2605 2753 annum
2630 2697 2989 2753 stationibus
3016 2703 3204 2756 servet
3236 2716 3250 2765 ;
3276 2697 3501 2767 lunam,
3526 2702 3802 2759 solatium
3835 2720 3940 2760 no-

2297 2787 2504 2855 ctium,
2537 2785 2925 2857 patrocinium
2958 2787 3252 2844 mensium
3304 2791 3748 2860 gubernaculis;
3797 2793 3942 2850 item

2295 2875 2506 2946 sidera,
2526 2875 2651 2946 sign
2661 2874 3100 2946 aculaquisdam
3115 2880 3444 2948 temporum
3459 2881 3530 2935 ad
3547 2881 3935 2938 mutationem

2296 2966 2686 3020 notandorum
2705 2981 2717 3019 :
2733 2964 2927 3035 ipsum
2940 2965 3192 3036 denique
3209 2966 3561 3036 cmlum,sub
3577 2986 3692 3040 quo
3718 2972 3940 3040 omnia;

2293 3065 2528 3120 terram,
2560 3070 2736 3125 super
2765 3069 2942 3123 quam
2992 3055 3207 3120 omnia,
3244 3060 3300 3110 et
3353 3057 3641 3130 quidquid
3697 3058 3936 3117 illorum

2301 3143 2452 3198 inter
2469 3159 2530 3198 se
2551 3143 2620 3196 ad
2635 3142 2939 3198 commoda
2961 3142 3220 3199 humana
3246 3145 3562 3217 conspirat.
3583 3147 3696 3205 Nec
3714 3153 3945 3205 tantum

547 3237 637 3290 est
693 3205 982 3288 elementa
1034 3230 1126 3286 dei
1185 3229 1576 3299 habebuntur,
1633 3246 1766 3285 cum
1839 3232 2102 3287 membra
2155 3205 2258 3287 aC
2305 3230 2600 3288 beneﬁciis
2634 3230 3146 3286 ﬁdemdivinitatis
3166 3232 3472 3291 elementis
3492 3236 3820 3307 convenire,
3843 3239 3948 3294 sed

546 3338 785 3394 corpore
805 3320 924 3393 alig
959 3360 970 3374 .
1007 3361 1020 3374 .
1059 3360 1072 3386 ,
1099 3361 1113 3374 .
1137 3335 1269 3376 esse
1300 3335 1416 3374 non
1448 3318 1678 3390 possint
1707 3319 1734 3374 ?
1762 3320 1870 3376 Sed
1907 3321 2046 3391 quid
2079 3336 2184 3393 ego

548 3426 684 3465 cum
696 3409 1307 3481 argumentationibus
1329 3406 1781 3480 physiologicis?
1983 3425 2186 3465 ascen-

548 3498 684 3554 dere
715 3497 917 3554 debuit
947 3497 1018 3553 de
1047 3501 1206 3552 statu
1258 3497 1484 3564 mundi,
1545 3513 1658 3552 non
1711 3496 1930 3554 incerta
1977 3499 2188 3554 descen

606 3625 618 3639 .
647 3627 661 3641 .
700 3626 712 3641 .
752 3630 765 3641 .
792 3626 806 3641 .
844 3627 857 3640 .
894 3587 948 3642 lo
978 3584 1270 3658 platonica
1302 3585 1487 3641 forma
1515 3585 1862 3655 quadratum
1919 3603 2051 3642 eum
2085 3605 2191 3643 an-

555 3674 940 3748 gulatumque
970 3691 1099 3730 com
1131 3715 1143 3728 .
1186 3714 1199 3727 .
1233 3716 1245 3729 .
1283 3716 1295 3728 .
1333 3716 1347 3728 .
1383 3715 1395 3728 .
1429 3674 1501 3730 do
1534 3673 1749 3729 circino
1806 3676 2057 3730 rotunda
2112 3678 2194 3733 ita

557 3761 808 3835 collegit,
833 3765 988 3834 quod
1034 3763 1160 3818 sine
1191 3763 1378 3834 capite
1408 3761 1590 3818 solem
1622 3762 1776 3819 credi
1802 3763 2046 3820 laborat.
2081 3766 2192 3821 Sed

559 3849 866 3922 Epicurus,
933 3849 1030 3920 qui
1088 3848 1332 3916 dixerat,
1389 3865 1518 3920 quae
1584 3865 1764 3922 super
1846 3867 1974 3919 nos,
2049 3852 2195 3908 nihil

556 3941 628 3995 ad
664 3957 790 4009 nos,
823 3954 954 3995 cum
997 3943 1055 3994 et
1109 3938 1236 4010 ipse
1283 3937 1493 3994 cmlum
1540 3938 1827 4010 inspicere
1881 3941 2195 4014 desiderat,

562 4027 706 4086 solis
761 4029 960 4084 orbem
1011 4027 1274 4100 pedalem
1323 4027 1434 4098 (81)
1508 4026 1907 4098 deprehendit.
1992 4030 2197 4088 Adhuc

561 4117 810 4176 scillicet
838 4116 1144 4190 frugalitas
1177 4121 1234 4172 et
1263 4116 1322 4172 in
1365 4115 1523 4172 coelis
1581 4117 1880 4188 agebatur.
1942 4120 2200 4192 Denique

561 4211 627 4263 ut
644 4207 888 4263 ambitio
918 4205 1180 4279 profecit,
1212 4205 1386 4262 etiam
1418 4205 1502 4261 sol
1555 4205 1739 4262 aciem
1784 4223 1954 4263 suam
2003 4216 2200 4268 exten-

560 4296 668 4368 dit,
748 4295 832 4353 ita
880 4295 1048 4352 illum
1107 4295 1307 4351 orbem
1352 4295 1632 4366 majorem
1692 4295 2055 4368 peripatetici
2097 4300 2200 4357 de-

2292 3321 2466 3376 etiam
2482 3321 2552 3375 de
2571 3319 2840 3390 diversis,
2863 3323 3476 3392 quaetanquamdeira
3509 3330 3568 3379 et
3598 3325 3818 3382 offensa
3846 3343 3950 3384 eo-

2295 3425 2426 3464 rum
2442 3407 2697 3463 incidere
2710 3406 2957 3477 soleant,
2976 3414 3038 3463 ut
3059 3408 3329 3477 fulmina,
3348 3408 3410 3467 ut
3423 3414 3759 3484 grandines,
3778 3422 3844 3472 ut
3864 3434 3951 3472 ar-

2297 3499 2489 3564 dores,
2515 3502 2576 3552 ut
2606 3512 2762 3552 aurae
2775 3496 3154 3568 pestilentes,
3186 3498 3323 3554 item
3343 3500 3581 3570 diluvia,
3596 3503 3736 3559 item
3750 3505 3952 3563 hiatus

2298 3586 3748 3662 motusqueterrarum.Etjurecredideos,quorum
3763 3600 3946 3650 natu-

2301 3693 2364 3731 ra
2377 3675 2717 3730 honoranda
2735 3674 2811 3730 sit
2831 3674 2891 3729 in
2916 3676 3210 3738 secundis,
3236 3679 3549 3735 metuenda
3565 3680 3642 3736 sit
3664 3682 3722 3737 in
3745 3683 3956 3740 adver-

2301 3767 2404 3833 sis,
2425 3765 2661 3820 domina
2677 3763 3157 3834 scilicetjuvandi
3187 3772 3244 3820 et
3265 3768 3532 3823 nocendi.
3566 3769 3762 3838 Porro,
3789 3772 3838 3828 si
3866 3772 3949 3829 ita

2303 3854 2640 3910 sentiuntur
2687 3852 2747 3908 in
2782 3895 2794 3907 .
2818 3893 2831 3908 .
2868 3893 2881 3906 .
2909 3893 2922 3908 .
2949 3893 2966 3912 .
3019 3855 3478 3927 conversatione,
3534 3875 3650 3914 non
3709 3860 3954 3932 perinde

2304 3943 2480 4000 rebus
2509 3942 2674 4014 ipsis,
2695 3941 2912 4014 quibus
2935 3943 3218 4013 juvantur
3247 3943 3369 4001 sive
3387 3944 3682 4004 lwduntur
3696 3953 3798 4004 aut
3816 3966 3949 4022 gra-

2302 4032 2418 4088 tiae
2448 4032 2704 4087 referunt
2733 4035 2832 4086 aut
2861 4030 3131 4103 querelas
3161 4032 3497 4103 intendunt,
3528 4036 3630 4092 ed
3669 4036 3786 4109 his,
3837 4039 3950 4096 sub

2307 4135 2558 4194 quorum
2579 4119 2795 4176 ducatu
2808 4123 2865 4175 et
2877 4123 3161 4191 potestate
3183 4121 3438 4194 operatio
3461 4140 3657 4181 rerum
3671 4125 3948 4184 decurrit.

2309 4209 2534 4269 Namin
2565 4207 2967 4281 voluptatibus
2987 4209 3199 4268 vestris
3229 4228 3343 4267 non
3378 4211 3535 4269 tibia:
3565 4217 3668 4271 aut
3713 4215 3951 4274 citharas

2310 4314 2584 4356 coronam
2646 4298 2718 4355 ad
2776 4297 3081 4370 praamium
3132 4300 3506 4373 adjudicatis,
3564 4303 3668 4362 sed
3742 4304 3953 4362 artifici

1992 4415 2195 4480 Variae
2225 4417 2525 4482 lectiones

630 4517 676 4555 ³⁸
705 4519 774 4577 ιε
799 4519 964 4576 Prior
989 4516 1296 4590 supplevit:
1328 4516 1725 4575 convertimur
1753 4549 1821 4561 -
1852 4522 2219 4593 cognatione.

1991 4647 2491 4712 Commentarius

773 4758 914 4812 Ecce
939 4757 1532 4836 enim.Zeno__quoque._
1565 4758 1863 4836 __Zenonem
1895 4757 2194 4836 intelligit.

558 4825 854 4904 Citteium,
882 4828 1212 4904 __egregium
1262 4825 1429 4883 illum
1478 4829 1920 4901 philosophum,
1961 4825 2191 4904 quivab

556 4897 1011 4970 Atheniensibus
1042 4897 1217 4956 aurea
1245 4897 1762 4956 corona—donatus
1818 4897 1927 4970 est,
1977 4897 2046 4960 et
2104 4923 2188 4962 se-

599 4969 759 5042 ulcro
802 4971 1112 5042 magniﬁco
1170 4972 1242 5027 ab
1290 4973 1500 5028 iisdem
1558 4973 1867 5028 decoratus
1900 4977 1963 5028 ut
2019 4977 2194 5034 refert

599 4986 759 5024 uicro
802 4986 1112 5042 magnmco
1170 4986 1242 5027 an
1290 4986 1500 5028 nauem
1558 4986 1867 5028 decoratus
1900 4986 1963 5028 ut
2019 4986 2190 5034 refert

553 4986 838 5113 Diogenes
871 5044 1149 5111 Laretius,
1178 5044 1354 5116 idque
1396 5042 1624 5115 publico
1645 5045 1874 5100 decreto
1901 5048 2190 5105 sancitum

554 5115 978 5190 decretumque
1022 5116 1308 5190 cqlumnis
1367 5117 1593 5172 duabus
1636 5133 1669 5172 a
1721 5117 1914 5172 scriba
1958 5121 2189 5190 publico

551 5185 924 5257 inscriptum.
961 5194 1034 5241 LE
1063 5186 1162 5243 PR.

625 5256 916 5327 (81)’Solis
968 5259 1150 5314 orbem
1201 5256 1469 5328 pedalem.
1531 5262 1687 5312 Inter
1740 5258 2101 5328 problemata
2155 5280 2188 5317 a

549 5328 855 5400 discipulis
885 5331 1132 5400 Zenonis
1183 5329 1484 5400 proposita
1527 5335 1596 5400 et
1641 5329 2064 5400 Asolutalillud
2099 5350 2186 5388 re-

549 5397 821 5456 censetur
877 5401 923 5452 εἱ
972 5402 998 5454 ὁ
1051 5397 1211 5469 ἥλιοξ
1250 5397 1579 5468 τὴλικοῦτὸς
1636 5397 1774 5453 ἐστιν
1825 5399 2004 5470 ἠλκος
2065 5403 2187 5470 φαί-

549 5490 695 5544 γεται
730 5489 744 5538 ;
777 5489 845 5527 an
879 5478 1062 5528 tantus
1089 5476 1162 5528 sit
1189 5471 1298 5540 sol,
1329 5480 1566 5543 quantus
1595 5477 1820 5544 apparet
1851 5477 1875 5528 Ὺ
1908 5476 2064 5530 Idem
2115 5478 2185 5533 de

552 5543 694 5597 luna
726 5546 1124 5616 proponebant
1155 5544 1338 5616 multa
1367 5545 1522 5599 enim
1569 5561 1600 5600 a
1635 5550 1983 5616 praaceptore
2043 5548 2186 5602 hau-

551 5623 748 5688 serant
778 5615 1118 5688 inphysicis
1167 5615 1416 5685 aliisque
1473 5617 1738 5688 partibus
1797 5615 1837 5672 a
1882 5619 2183 5674 communi

552 5683 822 5754 opinione
845 5683 1054 5744 aliena.
1089 5693 1249 5743 IDEM.

623 5753 734 5827 (82)
788 5757 976 5814 Merito
1029 5774 1156 5828 ergo
1221 5757 1464 5814 Milesius
1534 5758 1737 5814 Thales.
1806 5755 2184 5831 Physicorum

2345 4759 2832 4836 rineepsdicitur
2858 4759 3102 4836 Apolog.
3142 4778 3248 4836 cap
3278 4763 3370 4834 46,
3397 4765 3675 4836 quoniam
3732 4767 3802 4823 de
3857 4786 3946 4826 re-

2224 4778 2272 4843 D
2301 4777 2832 4889 princepseicitur
2858 4777 3102 4834 apeiog.
3141 4778 3248 4844 gap
3278 4777 3370 4834 eo,
3395 4777 3675 4848 quoniam
3732 4777 3802 4823 de
3857 4786 3942 4826 re-

2307 4849 2414 4915 Aus
2446 4832 2702 4915 physicis
2744 4848 2810 4915 ac
2836 4831 3036 4915 ,μῶρ’
3066 4850 3293 4915 primus
3350 4837 3942 4915 disputassehfertur.

2302 4903 2463 4976 Quod
2497 4903 2691 4959 autem
2715 4905 2786 4959 ab
2816 4903 3085 4976 Egyptid
3107 4905 3316 4964 irrisus
3346 4903 3523 4965 fuerit
3555 4911 3806 4968 traditur
3835 4912 3944 4968 hoc

2302 4975 2546 5054 inloco,
2561 4975 2935 5054 cumtamen
2961 4975 3495 5054 avetulaquadam
3522 4983 3944 5054 reprehensum

2301 5047 2485 5129 fuisse
2516 5048 2669 5129 dicat
2701 5047 2960 5129 Da‘ertius
2994 5048 3086 5105 his
3109 5047 3313 5129 verbis
3338 5069 3352 5129 _;
3388 5049 3462 5129 Σξὺ
3487 5047 3708 5129 ιγὰρηῶ
3754 5060 3942 5129 ΔΘοιλῆ,

2394 5117 2446 5172 ἐν
2480 5118 2637 5201 πορὶν
2666 5117 2727 5201 cf)
2761 5115 3054 5190 δυνάμενος
3079 5191 3088 5201 _
3109 5115 3243 5175 ὶδεῖν
3295 5115 3360 5176 τὰ
3416 5115 3520 5201 Qui.
3561 5115 3657 5179 eis
3714 5115 3944 5201 οὗρανοῖἶ

2299 5187 2401 5266 oi’cr:
2459 5189 2776 5266 γνώσεᾳθαι.
2810 5187 2932 5266 :'_I‘u
2991 5191 3233 5266 quippe,
3267 5211 3297 5266 o
3353 5195 3588 5266 Thales,
3676 5187 3810 5254 cum
3871 5201 3943 5256 ad

2297 5263 2473 5334 pedes
2503 5263 2790 5341 respicere
2818 5263 2911 5341 vix
2938 5263 3151 5341 possis,
3183 5263 3392 5322 caelum
3425 5263 3600 5341 putas
3657 5277 3709 5324 te
3771 5286 3943 5341 posse

2298 5284 2473 5334 pCGBS
2503 5284 2790 5334 I'BSplCBl‘B
2819 5284 2911 5316 VIX
2938 5284 3150 5332 ροδδιε,
3183 5284 3392 5322 canum
3468 5284 3600 5324 ιηαε
3657 5284 3709 5324 ιθ
3771 5286 3939 5341 posse

2297 5349 2665 5404 cognoscere,
2702 5355 2730 5384 ‹‹
2762 5334 3029 5404 Antiquis
3059 5341 3252 5392 autem
3283 5284 3628 5398 exceﬁuisse
3657 5341 3714 5395 in
3750 5347 3939 5397 astro-

2296 5405 2800 5484 nomiaThaletem
2832 5411 3055 5484 certum
3078 5412 3186 5484 est,
3237 5411 3560 5482 probatque
3586 5414 3943 5484 epigramma

2294 5477 2465 5549 iconi
2485 5477 2674 5546 ipsius
2698 5477 3080 5549 insculptum.
3115 5477 3280 5536 Iussi.

2362 5547 2474 5624 (83)
2507 5549 2649 5624 Quin
2678 5565 2804 5624 ergo
2860 5547 2930 5604 ait
2982 5549 3367 5624 humaniorem
3414 5553 3710 5624 aliquanto
3765 5573 3935 5612 con...

2292 5618 2598 5695 orationis
2631 5623 2810 5695 series
2841 5621 3099 5692 postulat
3129 5629 3194 5679 ut
3231 5626 3330 5692 sit,
3379 5618 3801 5695 convertimur,
3833 5632 3940 5683 aut

2293 5689 2517 5771 aliquid
2552 5689 2857 5771 simile,_et
2880 5709 3132 5771 sequens
3163 5689 3374 5771 lacuna
3403 5696 3487 5751 sic
3519 5695 3746 5752 videtur
3789 5689 3937 5771 'sup-

2293 5761 2507 5834 plenda
2537 5778 2550 5818 :
2585 5763 2841 5836 simplici
2861 5761 3213 5835 cognitione.
3247 5767 3409 5824 Iesu.
