4264 6358
379 369 496 428 665

1591 374 1692 431 AD
1740 372 2154 433 NATIONES.
2194 404 2265 417 —
2299 374 2441 433 LIB.
2492 375 2567 433 ll.

3664 375 3782 436 666

379 498 479 571 qui
528 497 733 555 tibiam
791 501 848 555 et
909 500 1191 557 citharam
1246 502 1556 558 suavitatis
1614 508 1899 576 temperet
1947 505 2021 559 vi.
2056 507 2110 571 Α
2142 520 2257 559 non
2291 504 2575 560 serviliter
2606 520 2857 573 currere,
2890 506 2990 561 sed
3023 505 3316 577 imprimis
3347 504 3569 577 integre
3604 510 3783 577 stare,

378 590 557 661 [Eque
588 604 721 643 cum
753 588 885 659 quis
918 589 1248 646 valetudine
1281 590 1429 646 male
1463 597 1571 656 est,
1595 608 1709 646 non
1742 591 1892 647 lanis
1924 608 2029 647 nec

380 677 657 733 antidotis
690 684 789 733 aut
812 677 1183 750 malagmatis
1211 680 1354 751 ipsis
1376 683 1624 751 gratiam
1654 680 2027 751 meministis,

380 766 480 823 sed
508 765 770 833 medicis,
808 784 1057 837 quorum
1092 785 1267 839 opera
1298 774 1471 840 atque
1505 770 1810 841 prudentia
1845 787 2028 825 reme-

379 856 477 911 dia
500 856 1014 927 proveniunt.Item
1032 858 1089 911 in
1107 858 1367 913 adversis
1386 858 1485 930 qui
1503 860 1651 914 ferro
1667 861 2026 925 sauciantur,

380 960 494 1001 non
521 945 784 1017 gladium
808 944 1005 1017 ipsum
1034 951 1137 1002 aut
1160 947 1313 1004 598
1335 947 1596 1003 lanceam
1622 948 2028 1018 accusant,sed

379 1033 610 1089 hostem
658 1033 747 1090 vel
794 1034 1107 1091 latronem.
1158 1037 1226 1091 Et
1255 1053 1403 1109 quos
1438 1078 1451 1092 .
1489 1078 1502 1092 .
1538 1078 1551 1092 .
1597 1038 1641 1073 ιο
1673 1036 1898 1109 tegulas
1930 1041 2031 1093 aut

378 1122 655 1179 imbrices
674 1128 948 1195 arguunt,
968 1126 1069 1181 sed
1096 1130 1448 1182 vetustatem
1476 1145 1488 1187 :
1514 1127 1663 1182 sicut
1685 1132 1739 1182 et
1761 1126 2030 1199 naufragi

381 1229 497 1268 non
533 1213 716 1285 petris
773 1217 830 1269 et
888 1213 1165 1270 ﬂuctibus
1218 1216 1532 1287 imputant,
1592 1216 1691 1271 sed
1744 1215 2026 1288 procellae.

379 1302 608 1357 Merito.
641 1306 872 1358 Certum
904 1302 1059 1358 enim
1087 1307 1194 1371 est,
1221 1306 1610 1377 quodcunque
1634 1308 1742 1373 est,
1778 1306 1824 1360 si
1857 1306 2029 1361 ascri-

379 1391 662 1460 bcndum,
718 1408 833 1448 non
892 1408 996 1463 per
1052 1395 1208 1464 quod
1269 1395 1350 1462 fit,
1386 1396 1487 1449 sed
1553 1412 1585 1450 a
1630 1412 1743 1467 quo
1777 1397 1861 1461 lit,
1896 1396 2031 1465 quia

379 1480 429 1535 is
461 1484 551 1535 est
581 1492 757 1552 caput
807 1480 964 1549 facti,
999 1481 1097 1553 qui
1146 1487 1203 1537 et
1253 1487 1311 1537 ut
1342 1483 1466 1549 ﬁat,
1517 1488 1572 1539 et
1605 1501 1703 1554 per
1732 1484 1872 1555 quid
1907 1485 2029 1554 fiat,

379 1569 661 1626 instituit.
694 1571 763 1625 Et
793 1575 932 1626 sunt
960 1570 1018 1626 in
1052 1570 1328 1627 omnibus
1361 1573 1534 1628 rebus
1560 1578 1676 1628 tres
1706 1572 1860 1627 tituli
1892 1573 2027 1628 isti:

382 1659 537 1730 quod
570 1664 677 1726 est,
714 1676 814 1731 per
858 1661 1013 1731 quod
1066 1666 1176 1727 est,
1212 1666 1270 1716 et
1307 1678 1341 1716 a
1371 1678 1484 1733 quo
1539 1667 1664 1729 est;
1698 1661 1836 1733 quia
1867 1663 2030 1734 prius

382 1754 490 1814 est,
524 1748 624 1820 qui
657 1749 796 1820 quid
846 1748 984 1805 velit
1010 1750 1156 1818 ﬁeri,
1211 1754 1268 1805 et
1311 1751 1466 1821 quod
1513 1750 1717 1822 possit,
1761 1751 2028 1806 inveniri.

381 1838 452 1893 Et
479 1837 562 1893 ita
591 1843 746 1937 recte
788 1837 855 1943 in
898 1838 1122 1938 caeteris
1174 1839 1366 1910 agitis,
1419 1845 1717 1896 auctorem
1746 1840 2029 1943 'conside-
2062 1878 2109 1943 B

380 1930 600 1983 rantes.
621 1928 694 1981 At
714 1926 774 1981 in
802 1926 1061 1999 physicis
1083 1935 1284 1984 contra
1306 1933 1579 1984 naturam
1599 1928 1798 1999 regula
1818 1935 2027 1995 vestra,

381 2029 499 2087 qua
552 2015 613 2070 in
670 2014 892 2071 caeteris
950 2016 1300 2088 sapientiam
1354 2018 1657 2088 judicatis,
1714 2018 2030 2074 auferendo

380 2119 687 2160 summum
718 2104 969 2176 gradum
993 2104 1249 2161 auctoris
1273 2112 1328 2161 et
1360 2124 1489 2176 quae
1514 2107 1682 2175 fiunt,
1716 2124 1830 2162 non
1862 2124 1895 2162 a
1914 2124 2029 2178 quo

378 2191 505 2248 ﬁeri
540 2231 555 2247 .
591 2233 605 2249 .
645 2234 658 2248 .
692 2191 776 2248 ita
806 2194 1041 2249 credere
1080 2194 1367 2267 contingit
1410 2194 1833 2251 elementorum
1865 2203 2029 2268 pote-

379 2284 563 2337 states
588 2285 644 2337 et
673 2299 739 2337 ar
772 2324 784 2336 .
822 2323 836 2338 .
873 2324 887 2337 .
919 2298 1070 2353 esse,
1095 2300 1221 2354 quae
1245 2289 1384 2339 sunt
1405 2284 1713 2340 servitutes
1739 2289 1795 2339 et
1815 2283 2026 2340 ofﬁcia.

378 2368 504 2425 Non
534 2370 593 2425 in
623 2369 733 2425 ista
766 2370 1214 2442 investigatione
1244 2371 1318 2427 ali
1355 2414 1367 2427 .
1404 2413 1417 2426 .
1456 2414 1468 2427 .
1495 2391 1565 2428 us
1596 2373 1835 2429 artificis
1865 2374 2029 2428 intus

378 2462 436 2514 et
463 2457 708 2529 domini,
742 2460 1037 2516 servitulis
1067 2467 1262 2517 autem
1297 2478 1411 2517 non
1444 2462 1743 2518 tendimus
1775 2462 2027 2518 elemen-

377 2551 571 2604 torum
608 2589 621 2604 .
659 2590 672 2603 .
708 2589 722 2603 .
758 2589 771 2603 .
824 2551 1019 2621 operis
1068 2567 1269 2607 eorum
1320 2568 1469 2623 quas
1513 2550 1656 2607 facis
1701 2552 2026 2624 potestatis.

379 2637 491 2693 Sed
522 2637 615 2693 dei
674 2655 789 2695 non
843 2639 1141 2708 serviunt;
1203 2657 1270 2696 ea
1301 2640 1501 2712 igitur,
1563 2658 1690 2713 quae
1749 2641 2026 2712 serviunt,

378 2725 470 2782 dei
504 2743 619 2782 non
641 2730 801 2783 sunt.
821 2729 937 2784 Aut
966 2729 1215 2785 doceant
1238 2729 1408 2802 vulgo
1440 2731 1585 2786 fieri.
1611 2740 1671 2785 ut
1693 2731 1763 2787 de
1795 2730 2031 2787 licentia

375 2814 733 2888 passivitatis
754 2815 994 2873 libertas
1013 2818 1465 2889 approbetur,de
1487 2818 1753 2875 libertate
1771 2820 2032 2876 domina-

375 2903 479 2976 tio,
500 2904 571 2960 de
584 2904 985 2961 dominatione
998 2906 1275 2962 divinitas
1292 2906 1822 2979 intelligatur.Nam
1847 2909 1895 2964 si
1910 2926 2030 2964 om-

378 2992 477 3049 nia
489 2993 611 3048 bsic
628 3009 805 3064 super
825 3010 935 3049 nos
957 2994 1131 3049 certis
1144 2994 1755 3066 curriculis,legitimis
1777 2998 2033 3053 decursi-

380 3083 512 3151 bus,
542 3082 793 3153 propriis
824 3082 1055 3153 spatiis,
1090 3083 1273 3153 aequis
1295 3084 1521 3140 vicibus
1543 3085 1653 3139 sub
1677 3084 1822 3156 legis
1844 3085 2032 3141 instar

379 3169 697 3225 constituta
728 3171 1024 3228 volvendis
1058 3171 1421 3243 temporibus
1439 3176 1496 3228 et
1524 3172 1859 3228 exercendis
1880 3178 2028 3229 tem-

378 3274 589 3331 porum
620 3258 932 3315 ducatibus
986 3276 1289 3317 occurrere
1338 3262 1752 3331 meminerunt,
1804 3279 1873 3319 ex
1902 3263 2029 3334 ipsa
2060 3245 2103 3311 C

378 3346 787 3403 observatione
818 3348 1222 3405 conditionum
1268 3366 1509 3406 suarum
1558 3355 1615 3406 et
1644 3351 1758 3406 fide
1786 3368 2027 3423 operum

377 3439 435 3492 et
487 3436 772 3493 instantia
817 3478 829 3491 .
866 3480 880 3493 .
916 3478 929 3492 .
966 3478 978 3491 .
1018 3482 1030 3495 .
1086 3480 1099 3493 .
1154 3478 1167 3492 .
1226 3442 1283 3494 et
1339 3456 1481 3494 cura
1536 3440 2027 3511 demutationum,

380 3525 664 3582 memoria
694 3526 1213 3599 reciprocatorum,
1248 3528 1502 3599 aliquam
1544 3529 2027 3602 dominationem,

379 3614 489 3672 sibi
521 3629 770 3687 praeesse
820 3617 1213 3687 persuadeant
1259 3616 1441 3687 vobis,
1495 3616 1587 3672 cui
1634 3634 1913 3689 apparere
1943 3618 2026 3673 vi-

376 3704 585 3760 deatur
610 3704 883 3760 universa
906 3705 1221 3777 negotiatio
1246 3705 1565 3761 mundialis
1588 3707 1929 3778 perveniens
1953 3709 2024 3763 ad

374 3792 620 3849 humani
678 3794 910 3865 generis
967 3794 1283 3850 utilitatem
1334 3800 1391 3850 et
1435 3836 1448 3849 .
1504 3836 1518 3849 .
1554 3837 1566 3850 .
1604 3837 1617 3851 .
1653 3836 1667 3851 .
1728 3813 1900 3851 onem
1933 3797 2024 3851 tl?

372 3882 496 3938 Non
528 3882 685 3938 enim
716 3887 909 3955 potest
944 3883 1154 3948 dicere,
1208 3900 1275 3939 ea
1307 3883 1419 3939 sibi
1449 3899 1618 3956 agere
1668 3883 1782 3940 ista
1811 3901 1877 3941 ac
1911 3886 2023 3942 sibi

371 3987 573 4029 curare
605 3987 711 4028 nec
744 3972 1057 4044 quicquam
1106 3972 1417 4028 hominum
1466 3989 1646 4029 causa
1690 3974 2021 4045 disponere,

369 4076 504 4116 cum
558 4065 865 4133 propterea
920 4061 1202 4117 defendas
1259 4060 1565 4118 clementis
1624 4062 2017 4135 divinitatem,

369 4150 521 4219 quod
554 4151 625 4206 ab
658 4150 790 4206 aliis
821 4152 923 4205 aut
951 4149 1145 4221 juvari
1177 4152 1233 4204 te
1282 4152 1384 4205 aut
1410 4148 1541 4205 lmdi
1591 4149 1845 4219 sentias;
1879 4167 2017 4208 nam

367 4238 417 4294 si
443 4238 557 4295 sibi
589 4243 889 4311 praestant,
924 4237 1069 4294 nihil
1100 4239 1183 4294 eis
1216 4238 1410 4294 debes.

435 4329 488 4384 6.
523 4333 645 4401 Age
667 4329 817 4400 jam,
849 4327 1244 4386 conceditisne
1291 4327 1652 4385 divinitatem
1691 4345 1808 4387 non
1838 4330 2013 4387 modo

2141 610 2329 664 neque
2363 593 2544 649 minui
2580 610 2769 666 neque
2816 593 3084 665 intercipi
3118 612 3305 665 neque
3354 596 3646 667 corrumpi
3679 596 3782 651 dc-

2139 682 2293 738 berc.
2329 684 2611 738 Craterum
2657 682 2802 738 abiit
2850 684 3040 738 omnis
3075 684 3324 739 felicitas
3378 684 3525 754 ejus,
3560 686 3608 739 si
3641 684 3779 755 quid

2139 772 2357 843 patitur
2389 790 2672 842 unquam.
2707 774 2849 827 Ecce
2880 777 3073 828 autem
3114 778 3171 828 et
3214 778 3371 828 astra
3401 773 3781 841 intercidunt,

2139 866 2196 915 et
2240 861 2605 916 intercidisse
2656 878 2716 916 se
2764 866 3136 916 attestantur.
3189 862 3508 917 Conﬁtetur
3556 866 3613 916 et
3642 861 3784 917 luna

2139 950 2271 1020 (84),
2308 958 2589 1021 quantum
2623 952 2779 1007 594
2826 951 3110 1018 amiserit,
3146 967 3278 1005 cum
3338 950 3611 1006 resumit.
3650 954 3780 1006 Jam

2139 1042 2363 1111 majora
2409 1042 2537 1111 ejus
2594 1040 2949 1095 detrimenta
2995 1039 3196 1095 soletis
3243 1040 3302 1095 in
3350 1056 3513 1111 aqua:
3543 1040 3780 1111 speculo

2139 1130 2529 1196 considerare,
2559 1136 2624 1184 ut
2645 1129 2789 1185 nihil
2813 1130 3067 1200 amplius
3097 1129 3342 1185 ullam...
3369 1130 3600 1185 credam
3625 1130 3778 1200 quod

2141 1220 2295 1291 magi
2329 1224 2561 1274 norunt.
2598 1221 2723 1289 Ipse
2767 1218 2944 1274 etiam
2986 1218 3072 1273 sol
3102 1236 3253 1291 saepe
3303 1218 3623 1275 defectione
3655 1224 3779 1275 ten-

2139 1312 2298 1363 tatus
2348 1314 2454 1361 est.
2516 1308 2741 1375 Fingite
2797 1308 3090 1378 quaslibet
3143 1308 3396 1363 rationes
3456 1307 3780 1363 ccelestium

2140 1412 2407 1464 casuum,
2441 1414 2555 1451 non
2584 1397 2739 1451 volet
2771 1399 2915 1452 deus
2958 1403 3061 1452 aut
3106 1397 3294 1452 minor
3345 1398 3492 1467 fieri,
3526 1404 3626 1453 aut
3654 1413 3784 1453 esse

2141 1485 2428 1541 desinere.
2461 1485 2722 1542 Viderint
2758 1486 2935 1555 igitur
2966 1487 3235 1543 humanas
3270 1487 3548 1543 doctrinas
3586 1493 3784 1559 patro-

2140 1574 2313 1644 cinia,
2356 1591 2478 1646 quis
2523 1576 2870 1646 conjectanti
2922 1575 3164 1631 artificio
3218 1576 3567 1648 sapientiam
3620 1592 3783 1631 men-

2141 1663 2365 1718 tiuntur
2395 1669 2452 1719 et
2480 1665 2802 1720 veritatem.
2835 1668 2981 1720 Nam
3028 1664 3171 1720 alias
3205 1670 3413 1720 natura
3464 1665 3548 1720 sic
3578 1670 3688 1734 est,
3721 1666 3787 1720 ut

2141 1751 2241 1821 qui
2274 1751 2485 1807 melius
2516 1752 2745 1819 dixerit,
2775 1752 2869 1807 hic
2898 1752 3091 1808 verius
3114 1751 3331 1808 dixisse
3359 1751 3646 1823 videatur,
3667 1767 3785 1806 non

2142 1840 2237 1911 qui
2270 1841 2485 1909 verius,
2521 1842 2571 1897 is
2601 1840 2834 1896 melius.

2208 1930 2265 1985 7.
2299 1915 2582 1985 Caeterum
2633 1930 2727 1985 cui
2770 1947 2861 1986 res
2910 1930 3360 2002 examinabitur,
3408 1929 3786 1986 verisimilius

2142 2017 2344 2089 utique
2375 2017 2530 2074 dicet
2577 2018 2865 2073 elementa
2913 2018 3025 2074 ista
3063 2019 3135 2074 ab
3188 2019 3386 2091 aliquo
3431 2019 3572 2091 regi,
3605 2034 3785 2089 quam

2140 2107 2360 2163 ultro...
2398 2108 2580 2179 igitur
2611 2125 2723 2163 non
2760 2108 2921 2179 deos,
2968 2125 3094 2179 quae
3134 2109 3245 2164 sub
3294 2108 3512 2180 aliquo.
3543 2110 3614 2163 At
3645 2108 3693 2164 si
3726 2108 3785 2163 in

2138 2195 2250 2251 isto
2281 2202 2530 2263 erratur,
2562 2197 2774 2252 melius
2803 2200 2892 2253 est
2918 2197 3288 2268 simpliciter,
3317 2214 3517 2269 quam,
3551 2201 3617 2252 ut
3645 2197 3785 2268 phy-

2139 2284 2267 2351 sici,
2295 2284 2621 2355 diligenter.
2672 2286 2783 2341 Sed
2833 2285 2988 2340 enim
3044 2286 3091 2341 si
3140 2286 3213 2341 ad
3262 2286 3547 2359 mythic...
3596 2290 3685 2341 tes
3713 2287 3781 2352 δα,

2140 2373 2351 2430 melius
2375 2373 2502 2443 jam
2532 2373 2590 2429 in
2642 2374 2883 2447 physico
2930 2374 3258 2430 mortalitas
3311 2380 3484 2444 errat,
3518 2375 3602 2431 eis
3632 2375 3784 2430 divi-

2138 2464 2383 2519 nitatem
2434 2464 2803 2530 asoribendo,
2854 2481 2980 2534 quae
3033 2480 3211 2536 super
3257 2463 3557 2520 hominem
3617 2468 3784 2536 putat

2138 2552 2254 2608 situ
2285 2558 2341 2607 et
2397 2552 2451 2607 vi
2502 2556 2559 2607 et
2616 2552 3025 2623 magnitudine
3073 2559 3128 2609 et
3185 2554 3489 2609 divinitate
3536 2553 3778 2622 sentiri;

2139 2642 2296 2712 quod
2326 2641 2485 2697 enim
2506 2658 2682 2713 super
2710 2641 3031 2709 hominem,
3054 2644 3258 2699 credas
3287 2643 3402 2699 Deo
3425 2643 3779 2715 proximum.

2138 2730 2423 2786 Caeterum
2458 2734 2521 2785 ut
2550 2732 2621 2785 ad
2654 2731 2970 2803 mythicam
2996 2736 3387 2799 transeamus,
3419 2733 3573 2803 quod
3597 2731 3782 2803 poetis

2138 2821 2475 2892 deputatur,
2500 2821 2695 2876 nescio
2719 2839 2791 2877 an
2814 2826 3112 2877 tantum...
3138 2820 3523 2878 mediocritati
3546 2827 3780 2890 nostrae,

2140 2926 2212 2964 an
2246 2910 2397 2964 tanti
2428 2910 2497 2964 de
2528 2910 2896 2965 documentis
2928 2910 3253 2967 divinitatis
3294 2911 3493 2967 coni...
3523 2914 3585 2965 ut
3617 2911 3783 2982 Mop-

2140 3015 2242 3054 sus
2275 2998 2588 3053 Africanus
2632 3003 2688 3054 et
2735 3002 2967 3054 Boeotus
3020 3000 3411 3071 Amphiaraus
3461 3000 3590 3071 (85).
3632 2998 3782 3055 Deli-

2139 3087 2334 3141 banda
2364 3086 2521 3141 enim
2552 3101 2707 3140 nunc
2739 3092 2828 3141 est
2874 3087 3098 3158 species
3152 3089 3285 3156 ista,
3318 3089 3488 3158 cujus
3518 3104 3626 3143 suo
3655 3088 3782 3143 loco

2139 3174 2286 3229 ratio
2313 3174 2605 3229 reddetur.
2654 3175 2894 3230 Interim
2947 3175 3055 3232 hos
3102 3181 3257 3232 certe
3304 3176 3574 3232 homines
3600 3175 3783 3231 fuisse

2139 3263 2226 3319 vel
2257 3279 2322 3319 eo
2350 3262 2541 3335 palam
2575 3268 2684 3329 est,
2719 3265 2871 3335 quod
2905 3282 3021 3319 non
3070 3270 3404 3322 constanter
3450 3266 3588 3322 deos
3622 3264 3781 3335 illos,

2140 3355 2238 3409 sed
2272 3353 2478 3408 heroas
2511 3353 2837 3425 appellatis.
2871 3354 3019 3417 Quid
3059 3371 3194 3426 ergo
3238 3355 3693 3411 contendimus?
3722 3354 3782 3410 Si

2138 3442 2463 3497 addicenda
2488 3442 2737 3498 mortuis
2784 3442 3059 3499 divinitas
3108 3450 3250 3500 erat.
3292 3462 3406 3500 non
3457 3445 3661 3516 utique
3690 3450 3778 3500 ta-

2138 3532 2294 3587 libus
2315 3532 2341 3586 ?
2370 3533 2513 3587 Ecce
2539 3548 2638 3587 vos
2662 3548 2793 3587 cum
2818 3533 3018 3587 eadem
3042 3532 3278 3589 licentia
3300 3533 3779 3605 praesumptionis

2135 3619 2420 3691 sepulcris
2450 3637 2650 3690 regum
2673 3627 2996 3676 vestrorum
3021 3621 3229 3677 coelum
3256 3622 3776 3693 infamatis,nonne

2135 3710 2409 3781 probatos
2440 3726 2702 3782 quosque
2732 3710 2987 3781 justitia,
3021 3712 3254 3779 virtute,
3290 3712 3503 3784 pietate
3532 3717 3590 3768 et
3617 3711 3778 3767 omni

2134 3799 2286 3853 bono
2343 3799 2633 3869 ejusmodi
2685 3801 3141 3855 consecrationis
3188 3800 3398 3857 solatio
3448 3801 3775 3857 honestatis

2132 3888 2388 3942 contenti
2419 3904 2522 3958 pro
2567 3887 2785 3943 talibus
2826 3888 3000 3944 etiam
3043 3888 3274 3945 irrideri
3324 3891 3669 3961 pejerantes.
3702 3891 3776 3944 At

2130 3991 2162 4030 e
2192 3975 2481 4031 contrario
2510 3975 2745 4048 impios,
2771 3981 2973 4049 turpes
2995 3978 3171 4033 etiam
3205 3978 3469 4051 pristinis
3500 3978 3771 4033 humanae

2128 4063 2325 4136 gloriae
2355 4065 2611 4136 praemiis
2650 4065 2912 4137 aufertis,
2960 4067 3194 4123 decreta
3229 4083 3430 4123 eorum
3480 4072 3537 4123 et
3567 4066 3772 4123 titulos

2128 4152 2460 4220 lancinatis,
2494 4154 2781 4226 imagines
2813 4155 3140 4221 detrahitis,
3172 4160 3467 4211 monetam
3500 4170 3773 4227 repercu-

2125 4241 2248 4298 titis
2281 4242 2417 4313 (86).
2452 4242 2551 4299 Ille
2582 4249 2777 4299 autem
2808 4248 3151 4315 conspector
3180 4245 3467 4312 omnium,
3503 4261 3770 4317 compro-

2125 4329 2313 4398 bator,
2344 4330 2464 4387 imo
2512 4331 2752 4404 largitor
2808 4332 3117 4404 bonorum,
3158 4338 3331 4390 tanta;
3386 4331 3766 4407 indulgentia

1774 4511 1978 4575 Variae
2031 4512 2353 4575 lectiones.

426 4647 470 4684 ‘9
496 4648 699 4720 Rigalt.
728 4647 909 4720 suppl.
933 4646 1013 4720 AEt
1042 4663 1191 4720 quos
1216 4648 1368 4720 tecta
1392 4644 1751 4720 opprimunt,
1787 4663 1901 4703 non
1932 4646 2182 4720 tegulas,
2217 4651 2338 4720 etc.
2402 4648 2443 4682 ⁴¹
2477 4646 2841 4720 Gothofredus
2866 4649 3179 4707 utilitatem
3201 4665 3306 4708 seu
3322 4650 3719 4709 accessionem
3739 4651 3767 4709 ?

364 4717 599 4778 Haverc.
630 4720 701 4777 ad
728 4717 889 4795 Apol.
922 4717 1029 4790 13;
1059 4717 1168 4777 util
1199 4723 1256 4776 et
1283 4717 1580 4777 lusionem
1610 4717 1634 4773 ?
1706 4719 1753 4754 ⁴²
1782 4720 1856 4777 Le
1883 4717 2048 4776 Pri6r
2067 4717 2246 4793 suppl.
2277 4719 2348 4777 ad
2380 4717 2670 4792 mythicas
2692 4726 2869 4778 artes.

1806 4891 2328 4953 Commentarios.

433 5022 542 5095 (84)
577 5022 880 5092 Conﬁtetur
929 5028 982 5081 et
1034 5026 1185 5080 luna.
1245 5024 1517 5080 Defectus
1567 5022 1711 5079 solis
1756 5028 1812 5079 et
1860 5023 2010 5080 lunai
2041 5028 2088 5093 D

360 5092 590 5170 labores
623 5095 717 5151 hic
743 5096 1022 5170 attingit;
1074 5096 1216 5152 luna
1256 5096 1461 5170 nemde
1510 5096 1873 5170 incrementa
1902 5114 2011 5154 sua

359 5164 535 5222 habet
563 5184 595 5222 a
627 5164 933 5240 novilunio
974 5164 1076 5225 seu
1123 5168 1432 5225 neomenia
1480 5168 1553 5222 ad
1593 5167 2007 5240 plenilunium,

358 5243 414 5364 ﬁt
466 5239 850 5364 Pdetrimenta
931 5257 965 5296 a
1055 5240 1378 5313 plenilunio
1456 5240 1529 5295 ad
1613 5241 2005 5298 novilunium.

406 5326 437 5363 ε
512 5327 569 5364 a.

406 5326 437 5363 Ε
466 5326 569 5365 ΓΒ.

427 5382 539 5453 (85)
596 5382 942 5455 Ει--Βέεοίαδ
992 5382 1385 5455 Amphiaraus.
1443 5381 1789 5455 Alcmaeonis
1844 5387 2009 5455 pater

359 5451 470 5526 fuit
500 5451 919 5524 Amphiaraus,
971 5451 1137 5524 cujus
1190 5455 1354 5526 jussu
1408 5454 1727 5526 Eriphilem
1761 5451 2006 5512 matrem

356 5524 675 5592 interemit,
706 5529 1105 5597 conceptaque
1143 5524 1209 5579 ex
1241 5525 1343 5581 illo
1390 5524 1605 5583 scelere
1634 5528 1880 5584 immani
1912 5529 2003 5583 fu-

357 5612 483 5652 rore
512 5598 884 5653 errabundus
907 5602 1303 5669 atqueamens
1333 5600 1692 5669 vagabatur;
1716 5616 1848 5655 cum
1870 5615 2003 5655 vero

356 5669 427 5723 ad
475 5685 654 5742 unam
704 5686 772 5725 ex
821 5668 1475 5742 Echinadibusuinsulis
1522 5672 1900 5742 pervenisset,
1933 5688 2003 5728 ex

356 5740 576 5796 oraculi
607 5741 954 5800 renonsione
979 5742 1175 5797 furore
1194 5739 1477 5797 liberatus
1494 5739 1604 5799 est.
1629 5743 1793 5799 Unde
1815 5744 1873 5800 S.
1899 5743 2002 5798 Ba-

356 5810 526 5869 silius
556 5810 820 5871 scribens
842 5814 914 5871 ad
937 5816 1002 5869 B.
1034 5810 1378 5886 Gregorium
1435 5814 1705 5874 Nazianz.
1732 5832 1746 5873 :
1776 5814 1996 5878 Πάντως

2119 5024 2220 5148 Iulo
2256 5020 2381 5078 οὐδὲ
2412 5021 2721 5096 ’Λλκμαίων
2757 5023 3044 5101 Ἐχινάδας
3078 5026 3270 5103 εὗρὼν.
3304 5024 3379 5082 ἔτι
3408 5034 3507 5098 τῆς
3550 5025 3764 5099 πλάνης

2146 5096 2402 5148 ινὲσγετο.
2438 5098 2575 5148 Illos
2624 5104 2819 5148 autem
2871 5100 3079 5148 berans
3131 5118 3197 5148 an
3247 5103 3385 5148 dans
3430 5102 3758 5148 fabularum

2144 5096 2402 5170 λνὲσχετο.
2438 5098 2575 5153 Illos
2624 5096 3079 5157 autem"heroas
3131 5096 3197 5156 ac
3247 5103 3385 5158 deos
3430 5096 3762 5159 fabularum

2120 5170 2365 5245 audacia
2393 5170 2655 5245 defendi_
2674 5176 2925 5245 testatur
2970 5173 3283 5245 Gregorius
3330 5174 3579 5229 Naziauz
3616 5179 3761 5239 orat,

2115 5242 2186 5296 20
2216 5242 2274 5295 in
2308 5242 2508 5296 funere
2539 5242 2597 5297 Β.
2632 5243 2850 5298 Basilii.
2886 5246 3049 5301 IDEM.

2188 5315 2302 5387 (86)
2329 5313 2600 5387 Monetam
2628 5318 2996 5386 repercutitis.
3051 5316 3371 5372 Conﬂatam
3406 5315 3645 5387 scilicet,
3677 5316 3759 5372 al-

2113 5386 2299 5468 terius
2331 5385 2617 5468 principis
2646 5385 2776 5468 typo
2805 5387 3125 5468 percutitis.
3159 5389 3560 5468 Namreprobi
3589 5385 3762 5468 num:

2115 5457 2216 5526 mi,
2250 5457 2388 5528 quia
2420 5457 2590 5528 pretii
2621 5457 2862 5525 nullius,
2893 5465 2950 5515 et
2992 5461 3361 5515 commerciis
3391 5457 3651 5526 inutiles,
3684 5461 3758 5515 ad

2113 5545 2210 5602 eos
2243 5530 2657 5585 deferebantur
2702 5532 2917 5602 quibus
2967 5536 3091 5587 erat
3132 5533 3282 5600 auri,
3330 5532 3580 5602 argenti,
3629 5531 3759 5588 aeris

2113 5599 2291 5674 flandi
2324 5606 2380 5656 et
2432 5602 2681 5657 feriundi
2720 5599 2871 5659 'cura
2927 5609 2982 5659 et
3031 5599 3306 5674 potestas.
3366 5599 3536 5659 Tales
3578 5605 3760 5661 fuisse

2111 5672 2465 5747 glaudianos
2500 5674 2597 5729 Dio
2629 5676 2833 5742 tradit,
2854 5675 2955 5730 lib.
2990 5672 3047 5729 υἱ
3069 5692 3082 5731 :
3108 5675 3208 5731 Sed
3228 5677 3299 5730 de
3327 5678 3585 5746 con/latis
3604 5681 3758 5747 [usus

2108 5744 2414 5817 Messalinae
2434 5747 2878 5817 jussuiMenestri
2920 5752 3132 5803 statuas
3176 5744 3525 5816 indignatus.
3565 5744 3616 5803 Is
3650 5750 3760 5804 fuit

2108 5814 2341 5886 histrio,
2372 5814 2545 5889 quem
2576 5816 2676 5875 illa
2724 5818 3044 5893 deperibat.
3096 5819 3262 5877 Tales
3302 5814 3543 5894 quoque
3574 5822 3759 5878 fuisse
