4264 6358
515 373 635 432 667

1024 375 1547 436 TEllTULLIANI
1593 376 1911 437 OPERUM
1966 376 2163 435 PARS
2209 374 2258 434 Ι.
2292 408 2367 417 -—
2412 372 2685 433 SERIES
2731 374 2779 450 Ι,
2826 370 3393 432 APOLOGETICA.

3791 365 3915 426 668

520 522 642 562 sua!
679 505 1100 563 ordinationem
1132 507 1302 579 vulgo
1361 508 1677 579 prostituat
1734 512 1790 563 et
1838 508 1971 581 plus
2026 507 2156 563 dili-
2186 508 2242 574 Α
2340 508 2392 561 8.
2434 510 2708 578 Superest
2753 504 2967 579 gentile
3011 503 3156 559 illud
3213 518 3395 574 genus
3454 502 3611 557 inter
3659 499 3915 573 populos

519 596 727 667 gentiae
759 600 932 666 atque
962 596 1195 667 iustitiae
1227 596 1568 652 hominibus
1602 597 1797 652 licebit
1825 597 1901 669 (in
1958 596 2158 652 distri-

523 684 768 740 buendis
824 684 1226 740 divinitatibus
1275 687 1526 756 sapere?
1593 686 1929 741 Mundiores
1988 689 2161 740 erunt

523 790 726 844 regum
749 778 803 828 et
834 773 1164 844 principum
1198 775 1443 829 comites
1503 792 1681 845 quam
1740 774 1957 830 summi
2016 773 2160 828 Dei?

520 862 742 933 Atquin
782 862 1030 918 horretis
1061 869 1118 918 et
1177 863 1549 931 aversamini,
1599 880 1792 935 vagos,
1836 862 2157 931 exsules..,.

520 949 761 1018 debiles,
795 950 1030 1006 sordide
1063 957 1250 1022 natos,
1284 952 1436 1009 595
1470 952 1781 1008 inhoneste
1816 951 2158 1019 institutos;

520 1044 724 1094 contra
780 1040 1058 1109 incestos,
1118 1041 1435 1110 adulteros,
1490 1046 1772 1111 raptores,
1838 1040 2160 1112 parricidas

520 1127 696 1184 etiam
726 1129 955 1200 legibus
985 1130 1342 1185 exserendis.
1388 1131 1717 1185 Ridendum
1772 1147 1845 1185 an
1902 1130 2157 1186 irascen-

523 1217 660 1272 dum
683 1216 780 1283 sit,
812 1217 961 1273 tales
992 1218 1130 1273 deos
1153 1218 1332 1285 credi,
1366 1218 1568 1289 quales
1586 1219 1852 1275 homines
1883 1236 2013 1276 esse
2043 1236 2159 1275 non

523 1306 821 1361 debeant?
845 1307 957 1361 Sod
991 1307 1147 1362 enim
1181 1307 1238 1361 in
1271 1308 1382 1362 isto
1415 1307 1669 1379 mythico
1712 1324 1942 1380 genere,
2002 1309 2157 1380 quod

520 1400 701 1465 poetae
724 1394 937 1461 ferunt,
970 1411 1146 1467 quam
1178 1396 1380 1450 incerti
1405 1396 1573 1466 agitis
1606 1397 1758 1452 circa
1791 1397 2157 1452 conscientiae

521 1484 807 1555 pudorem
840 1489 894 1539 et
926 1485 1169 1554 pudoris
1200 1485 1637 1541 defensionem!
1679 1486 1825 1540 Nam
1884 1485 2156 1557 quotiens

520 1572 996 1645 mise....turpia,
1018 1573 1105 1629 vel
1134 1574 1354 1630 atrocia
1409 1576 1649 1630 deorum
1698 1576 2153 1645 exprobramus;

522 1660 931 1733 altegationem
957 1660 1111 1733 poeti
1155 1679 1301 1718 .....e
1357 1667 1421 1717 ut
1482 1663 1745 1719 fabulosa
1794 1661 2152 1719 defenditis!

523 1750 795 1821 quotiens
826 1749 978 1805 ultro
1011 1751 1219 1805 siletur
1275 1752 1346 1807 de
1392 1752 1679 1822 ejusmodi
1736 1752 1981 1823 poetica,
2041 1768 2155 1806 non

524 1838 695 1893 modo
728 1855 842 1894 non
874 1839 1145 1906 horretis,
1179 1841 1277 1896 sed
1311 1840 1552 1913 insuper
1608 1842 1929 1911 honoratis,
1980 1845 2155 1911 utque

524 1927 584 1982 in
624 1928 972 1983 necessariis
1002 1929 1226 1983 artibus
1257 1929 1508 1985 habetis.
1540 1929 1799 2002 Denique
1857 1946 1958 2002 per
2005 1930 2155 1984 hanc

525 2015 899 2071 initiatricem
964 2016 1303 2073 litteraturae
1348 2018 1729 2090 ingenuitatis
1787 2020 1985 2074 studia
2031 2036 2158 2089 pro-

531 2103 765 2160 ducitis.
820 2106 1235 2161 Criminatores
1307 2108 1549 2162 deorum
1607 2113 1806 2179 poetas
1866 2107 2156 2163 eliminari

527 2192 693 2247 Plato
711 2192 962 2259 consuit,
983 2194 1175 2264 ipsum
1207 2196 1515 2250 Homerum
1548 2212 1688 2251 sane
1718 2202 2057 2252 coronatum
2083 2197 2162 2252 ci-

530 2281 705 2336 vitate
734 2281 1091 2352 pellendum.
1124 2285 1196 2338 At
1226 2300 1356 2338 cum
1400 2285 1700 2355 excipiatis
1756 2285 1888 2340 illos
1935 2290 1991 2340 et
2037 2285 2167 2341 reti-

534 2369 744 2437 neatis,
802 2387 907 2426 cur
966 2389 1081 2427 non
1141 2373 1391 2429 credatis
1449 2373 1588 2429 talia
1644 2374 2038 2430 retexentibus
2097 2376 2168 2429 de

536 2458 660 2514 dcis
681 2458 933 2515 vestris?
968 2460 1149 2532 igitur
1170 2462 1217 2516 si
1242 2462 1479 2518 creditis
1513 2463 1721 2533 poetis,
1782 2480 1885 2518 cur
1933 2464 2168 2519 laudem

538 2547 922 2603 mendacibus
951 2549 1135 2617 fertis,
1160 2567 1265 2605 nec
1309 2552 1524 2607 cavetis
1572 2569 1641 2607 ne
1699 2553 2005 2607 oﬂ’endatis
2048 2569 2169 2619 eos,

540 2652 787 2707 quorum
844 2639 1257 2693 detrectatores
1313 2639 1651 2695 honoratis?
1709 2640 1857 2696 Sane
1934 2641 2079 2696 fides
2139 2658 2173 2696 a

540 2726 725 2795 poetis
756 2742 871 2781 non
905 2725 1208 2798 exigenda.
1240 2727 1443 2782 Nonne
1474 2728 1568 2799 qui
1603 2729 1798 2784 dicitis
1857 2730 1997 2785 deos
2040 2734 2174 2801 post

537 2818 785 2869 mortem
812 2815 1014 2884 factos,
1049 2815 1682 2872 hominesconﬁtemini
1714 2823 1847 2874 ante
1880 2822 2125 2874 mortem
2146 2818 2174 2872 ?

535 2900 683 2967 Quid
714 2918 851 2973 ergo
883 2902 1036 2969 noxi,
1063 2902 1133 2970 si,
1165 2903 1265 2974 qui
1298 2903 1567 2960 homines
1600 2905 1835 2974 fuerint,
1890 2905 2173 2962 humanis

539 2994 639 3046 aut
659 2991 890 3046 casibus
913 2995 1014 3046 aut
1043 2991 1384 3049 criminibus
1415 2998 1516 3049 aut
1542 2995 1753 3050 fabulis
1786 2995 2174 3067 polluuntur?

537 3083 663 3135 Non
691 3080 928 3136 creditis
958 3081 1166 3153 poetis,
1223 3099 1356 3139 cum
1415 3084 1485 3139 de
1536 3084 1919 3141 relationibus
1968 3102 2173 3141 eorum

2268 597 2531 665 deorum,
2561 612 2708 667 quos
2738 594 2983 650 libidine
3015 596 3305 665 sumptos,
3365 607 3479 647 non
3530 606 3634 662 pro
3690 589 3907 645 notitia

2266 686 2548 752 veritatis,
2582 686 2749 739 docet
2780 684 3002 756 privata
3034 682 3262 737 notitia.
3286 681 3469 736 Deum
3520 695 3656 750 ergo
3705 678 3912 734 existi-

2267 790 2358 828 mo
2390 774 2602 843 ubique
2634 778 2859 842 notum,
2890 772 3107 843 ubique
3141 774 3509 843 praesentem,
3546 768 3768 839 ubique
3809 769 3915 824 do-

2268 862 2613 927 minantem,
2647 862 2939 929 ;omnibus
2996 860 3327 927 colendum,
3386 858 3664 915 omnibus
3715 858 3913 913 deme-

2272 951 2547 1006 rendum.
2580 955 2654 1005 At
2713 950 2868 1005 enim
2925 966 3057 1005 cum
3108 948 3191 1004 illi
3239 963 3494 1020 quoque,
3545 962 3693 1018 quos
3752 949 3915 1001 totus

2273 1039 2432 1095 orbis
2462 1039 2856 1095 communiter
2884 1038 3042 1105 colit,
3074 1038 3345 1093 excidant
3375 1037 3529 1094 590
3573 1034 3915 1108 probationi

2265 1144 2411 1184 veras
2439 1128 2785 1195 divinitatis,
2812 1132 3033 1200 quanto
3064 1127 3255 1199 magis
3299 1126 3417 1197 isti,
3478 1142 3627 1197 quos
3676 1141 3750 1181 ne
3797 1122 3917 1196 ipsi

2267 1217 2505 1289 quidem
2538 1218 2873 1289 municipes
2898 1218 2989 1272 sui
3021 1215 3285 1272 norunt?
3315 1215 3460 1273 Nam
3515 1231 3642 1286 qua:
3700 1213 3919 1269 idonea

2266 1307 2583 1362 auctoritas
2617 1305 2994 1378 praecucurrit
3040 1304 3331 1376 ejusmodi
3380 1302 3708 1374 theologia,
3732 1317 3913 1373 quam

2265 1394 2441 1450 etiam
2476 1396 2631 1450 fama
2652 1395 2919 1449 destituit
2939 1393 2967 1448 Ἰ
2996 1394 3207 1458 Quanti
3239 1398 3397 1460 sunt,
3431 1392 3528 1464 qui
3554 1390 3754 1447 norint
3782 1389 3916 1445 visu

2264 1484 2354 1538 vel
2378 1484 2580 1538 auditu
2615 1483 2915 1554 Atargatin
2938 1486 3234 1555 Syrorum,
3267 1481 3569 1537 Coelestem
3617 1480 3915 1545 Afrorum,

2264 1573 2639 1627 Varsutiuam
2686 1576 3045 1642 Maurorum,
3077 1571 3316 1627 Obodan
3348 1576 3407 1626 et
3454 1575 3715 1625 Dusaren
3765 1574 3913 1622 Ara-

2269 1663 2433 1727 bum,
2466 1660 2745 1716 Belenum
2779 1660 3077 1726 Noricum,
3126 1659 3235 1727 vel,
3292 1676 3438 1731 quos
3486 1658 3669 1715 Varro
3728 1657 3916 1729 ponit,

2273 1750 2704 1806 Casiniensium
2735 1750 3160 1816 Delventinum,
3187 1747 3602 1804 Narniensium
3660 1744 3919 1800 Visidia-

2267 1855 2430 1905 num,
2476 1838 2925 1907 Atheniensium
2958 1837 3411 1900 Numantinum,
3466 1833 3921 1891 JEsculanorum

2267 1927 2639 1995 Anchariam,
2670 1934 2727 1983 et
2755 1944 2929 1997 quam
2966 1924 3340 1998 praevenerim
3362 1925 3427 1992 ⁸⁸,
3450 1920 3914 1981 Volsiniensium

2267 2018 2548 2084 Nortiam,
2580 2035 2828 2090 quorum
2852 2034 2924 2073 ne
2948 2016 3252 2072 nominum
3276 2016 3513 2086 quidem
3536 2013 3791 2085 dignitas
3808 2011 3918 2065 hu-

2272 2107 2462 2163 manis
2490 2107 2940 2179 cognominibus
2965 2105 3180 2161 distat?
3196 2104 3347 2160 Satis
3376 2104 3535 2159 rideo
3563 2103 3737 2159 etiam
3769 2102 3913 2157 deos

2272 2197 2614 2252 decuriones
2644 2200 2928 2267 cujusque
2958 2194 3283 2265 municipii,
3317 2193 3530 2266 quibus
3584 2192 3770 2248 honor
3811 2191 3907 2245 in-

2274 2290 2364 2340 tra
2388 2302 2585 2340 muros
2617 2301 2756 2340 suos
2786 2284 3227 2339 determinatur.
3257 2283 3386 2339 Haec
3440 2281 3682 2337 libertas
3730 2281 3912 2352 adop-

2276 2375 2587 2429 tandorum
2623 2374 2865 2429 deorum
2916 2388 3221 2444 quousque
3274 2370 3598 2443 profecerit,
3656 2370 3911 2442 Egytio-

2280 2480 2409 2518 rum
2443 2463 2890 2533 superstitiones
2920 2463 3147 2531 docent,
3171 2461 3271 2532 qui
3297 2460 3471 2517 etiam
3530 2458 3750 2516 bestias
3799 2458 3920 2529 pri-

2280 2556 2443 2608 vatas
2475 2552 2692 2619 colunt,
2715 2569 2816 2623 p...
2849 2551 3167 2607 crocodilos
3197 2553 3254 2605 et
3284 2565 3534 2621 anguem
3568 2566 3763 2605 suum.
3808 2548 3918 2602 Pa-

2281 2656 2411 2695 rum
2463 2640 2632 2695 estsi
2669 2640 2844 2695 etiam
2897 2639 3193 2696 hominem
3247 2641 3680 2697 consecrarunt.
3739 2636 3917 2691 Illum

2283 2730 2433 2798 dico,
2466 2746 2641 2801 quem
2674 2745 2786 2784 non
2812 2731 2937 2799 jam
2962 2732 3246 2800 Egyptus
3263 2731 3364 2782 aut
3416 2727 3652 2793 Gracia,
3711 2741 3919 2782 verum

2281 2824 2437 2875 totus
2470 2816 2694 2873 orbis...
2728 2818 2849 2872 Afri
2876 2817 3115 2887 jurant;
3151 2817 3401 2887 decujus
3423 2820 3579 2872 statu
3610 2815 3748 2887 quid
3777 2832 3923 2871 con-

2273 2907 2377 2979 jici
2407 2910 2598 2979 potest
2625 2907 2779 2978 apud
2825 2912 3057 2961 nostras
3087 2904 3312 2960 litteras
3370 2908 3435 2960 ut
3478 2904 3797 2961 verisimile
3835 2903 3923 2960 vi-

2283 2997 2453 3052 detur
2483 2995 2740 3068 positum
2770 3000 2877 3051 est.
2903 3000 3043 3050 Nam
3062 2994 3297 3066 Serapis
3329 2994 3438 3050 iste
3486 2992 3729 3065 quidam
3781 2992 3924 3049 olim

2280 3084 2499 3157 Joseph
2556 3085 2735 3156 (88)..,
2786 3082 2894 3139 fuit
2936 3083 3006 3138 de
3052 3098 3263 3154 genere
3312 3086 3672 3151 sanctorum,
3719 3082 3930 3153 junior

538 3166 712 3222 etiam
746 3184 912 3223 sacra
955 3184 1223 3240 quaenam
1278 3171 1733 3243 disposueritis?
1780 3175 1893 3229 Cur
1951 3174 2178 3245 rapitur
2219 3242 2245 3245 μ
2283 3174 2437 3229 inter
2460 3177 2696 3228 caeteros
2727 3173 2955 3242 fratres,
2996 3173 3097 3227 sed
3155 3170 3525 3228 excelsior.
3578 3173 3651 3227 ab
3710 3171 3923 3228 iisdem

539 3256 811 3312 sacerdos
843 3259 1099 3328 Caereris,
1133 3259 1181 3314 si
1213 3275 1327 3314 non
1361 3242 1473 3316 tale
1502 3264 1684 3317 Caeres
1710 3279 1883 3333 passa
1910 3242 2036 3318 est‘l
2061 3266 2174 3317 Cur
2205 3242 2247 3310 (ἶ
2285 3262 2565 3319 fratribus
2587 3278 2689 3334 per
2716 3260 2957 3318 livorem
2976 3277 3192 3316 venum
3248 3260 3307 3315 in
3365 3261 3676 3333 [Egyptum
3728 3261 3927 3328 datus,

536 3347 785 3400 Saturno
816 3344 991 3401 alieni
1021 3346 1186 3403 liberi
1208 3347 1660 3417 immolantur,si
1692 3349 1788 3406 ille
1818 3351 1944 3406 suis
1975 3367 2178 3422 peper-

540 3432 667 3489 cit?
699 3435 964 3490 Curldeaa
983 3437 1280 3493 masculus
1310 3444 1673 3509 amputatur,
1692 3440 1743 3495 si
1762 3440 1960 3495 nullus
1983 3440 2066 3495 illi
2094 3442 2177 3496 fa-

541 3522 874 3578 stidiosiora
893 3524 1231 3581 adolescens
1260 3526 1522 3582 libidinis
1554 3528 1842 3584 frustratae
1865 3530 2062 3585 dolore
2084 3547 2177 3585 ca-

543 3614 766 3666 stratus
787 3612 916 3667 est?
935 3616 1047 3668 Cur
1068 3614 1413 3670 Herculeum
1430 3616 1748 3687 polluctum
1774 3619 1883 3688 (87)
1907 3618 2179 3674 mulieres

543 3698 852 3754 Lanuvinis
884 3718 996 3756 non
1028 3704 1346 3773 gustant,si
1381 3721 1491 3759 non
1517 3704 1829 3760 mulierum
1862 3722 2039 3761 causa
2061 3706 2178 3778 p..?

546 3787 910 3844 Mentiuntur
935 3806 1079 3846 sane
1110 3791 1335 3862 poetae?
1367 3794 1467 3847 sed
1502 3811 1615 3849 non
1650 3794 1777 3851 ideo
1826 3796 1982 3865 quod
2042 3795 2180 3851 talia

542 3878 848 3946 gesserint.
893 3918 906 3933 .
943 3918 955 3931 .
1008 3878 1276 3936 homines
1332 3897 1479 3952 quas
1536 3882 1829 3938 defuerint
1875 3900 1979 3940 nec
2022 3885 2178 3956 quod

540 3966 768 4022 divinas
826 3968 1205 4041 ascripserint
1263 3972 1386 4026 f0...
1437 3971 1784 4041 divinitatis,
1828 3989 1961 4029 cum
2039 3974 2183 4029 inte-

541 4055 654 4110 rim
683 4057 845 4113 vobis
876 4058 1214 4114 credibilius
1246 4060 1440 4115 visum
1491 4065 1582 4116 est
1631 4061 1769 4118 deos
1813 4062 2016 4132 fuisse,
2077 4064 2179 4119 sed

542 4160 660 4201 non
689 4144 857 4216 tales,
891 4162 1065 4219 quam
1094 4147 1259 4221 tales,
1293 4149 1394 4205 sed
1428 4166 1543 4206 non
1576 4150 1735 4207 deos.

2287 3352 2560 3408 saeviebat
2589 3351 2651 3406 in
2675 3348 2901 3405 familia
2931 3348 3083 3421 regis
3113 3348 3504 3421 Egyptiorum
3537 3350 3650 3422 (89)
3674 3349 3929 3416 Pharao,

2286 3456 2321 3496 a
2350 3440 2546 3510 regina
2578 3440 2773 3494 minus
2804 3439 3013 3510 pudica
3041 3437 3429 3509 desideratus,
3463 3438 3563 3493 sed
3613 3438 3752 3511 quia
3808 3455 3926 3495 non

2287 3529 2739 3600 obsequebatur,
2780 3544 2810 3582 e
2868 3526 3158 3582 contrario
3216 3527 3288 3582 ab
3330 3528 3531 3583 eadem
3581 3527 3832 3593 delatus,
3890 3544 3926 3583 a

2287 3634 2420 3689 rege
2448 3618 2507 3672 in
2540 3632 2829 3672 carcerem
2880 3616 3072 3671 datur.
3120 3614 3243 3670 Illic
3295 3615 3525 3672 somnia
3569 3616 3928 3688 quibusdam

2290 3723 2404 3762 non
2464 3722 2760 3777 perperam
2846 3704 3284 3776 interpretatus,
3343 3704 3461 3759 vim
3519 3704 3762 3777 spiritus
3839 3705 3932 3760 sui

2289 3794 2566 3851 ostendit.
2619 3798 2846 3849 Interea
2898 3808 2997 3848 rex
3056 3809 3290 3864 quoque
3349 3794 3581 3849 somnia
3648 3792 3934 3851 terribilia

2288 3885 2555 3956 quaedam
2589 3882 2697 3952 illi,
2730 3882 3007 3938 detractis
3057 3898 3206 3953 quos
3251 3886 3686 3953 convocaverat,
3745 3882 3933 3939 voluit

2288 3989 2592 4045 exponere.
2625 3971 2843 4043 Joseph
2875 3971 3285 4043 expedimenta
3316 3971 3386 4026 de
3408 3987 3635 4027 camare
3672 3971 3931 4041 edocuit,

2288 4063 2584 4119 somnium
2614 4061 2734 4133 regi
2760 4060 2983 4133 aperit:
3046 4059 3179 4116 illos
3211 4060 3388 4116 boves
3428 4064 3653 4132 septem
3692 4061 3935 4132 opimis-

2289 4153 2493 4221 simos,
2524 4150 2875 4221 deﬂuentes,
2907 4148 3149 4207 totidem
3180 4165 3466 4206 annorum
3499 4151 3824 4207 ubertatem
3857 4151 3938 4207 si-

1975 4308 2177 4373 Variaa
2205 4309 2525 4372 lectiones.

617 4412 662 4447 ’⁸³
690 4413 897 4485 Rigalt.
923 4413 1248 4474 Praeverim.

1982 4533 2509 4596 Commentarius.

544 4656 917 4730 Neronianos
937 4660 1192 4730 arguunt
1221 4658 1341 4714 hmo
1372 4657 1597 4730 Arriani
1633 4656 2003 4730 Epictetica;
2048 4658 2183 4715 Τίνα

2292 4659 2361 4737 ad
2396 4656 2740 4737 Servianum
2769 4658 2897 4737 pos.
2930 4653 3201 4737 scripsit:
3237 4652 3384 4737 «illi
3418 4653 3788 4737 quinSerapin
3838 4671 3937 4737 _co-

545 4723 662 4821 ἔχξξ
692 4723 1326 4821 “exarsimus?”
1381 4729 1443 4783 τδ
1488 4723 1866 4821 τεῑεράξξέαρον»
1911 4723 2170 4805 Νέὲυωνοςε

2290 4731 2443 4821 LuLnt,
2467 4727 2789 4821 (ξω-ἱειρὶεοί
2821 4731 2964 4821 sunt1
2979 4743 3000 4809 ,ε
3034 4723 3091 4781 et
3116 4725 3318 4821 devoti
3343 4723 3485 4781 sunt
3508 4723 3729 4821 1Serapi,
3752 4728 3849 4799 qui
3875 4745 3939 4810 se

570 4796 734 4876 βζψᾳν
765 4796 906 4876 Egisv'
926 4796 1187 4871 ἀδόκίμόν
1212 4799 1345 4876 Eon,
1379 4796 1606 4876 σαπρόν’.
1624 4796 1771 4876 μιαί.

616 4872 730 4944 (87)
786 4874 1107 4944 Herculeum
1156 4872 1502 4943 polluctumJ
1544 4872 1869 4929 Polluctum
1921 4873 2181 4930 Herculis

547 4950 672 5016 erat
702 4943 1143 5016 Esculentorum
1175 4946 1399 5000 decima
1430 4962 1585 5016 pars,
1622 4962 1747 5015 quas
1800 4945 2028 5001 Herculi
2079 4946 2179 5001 da-

546 5015 741 5071 batur.
774 5017 946 5087 Apud
974 5015 1265 5071 Plautum.
1300 5015 1525 5072 Herculi
1548 5017 1841 5087 polluoere
1895 5018 2183 5073 decimam

548 5088 1106 5158 partem.Putabant
1136 5088 1412 5143 nimirum
1440 5088 1498 5144 id
1550 5088 1737 5144 febres
1798 5105 1862 5144 ac
1920 5088 2183 5145 fortuna-

544 5165 638 5216 tos
668 5160 936 5216 homines
967 5161 1225 5215 reddere.
1259 5163 1424 5231 Apud
1459 5163 1728 5216 eumdem
1754 5161 2048 5228 Plautum,
2080 5162 2181 5217 ob-

547 5249 755 5306 sonare
788 5232 1221 5306 pollucibiliter,
1268 5232 1327 5306 id
1358 5237 1449 5306 est
1478 5232 1781 5305 splendide
1811 5238 1870 5289 et
1898 5235 2135 5306 opipare
2168 5249 2182 5302 ;

547 5304 630 5360 sic
656 5321 825 5377 ccena
854 5303 1228 5377 pollucibilis.
1265 5304 1340 5377 Ls
1375 5304 1476 5359 Pa.

618 5376 731 5446 (88)
763 5376 985 5448 Serapis
1016 5376 1121 5431 iste
1177 5376 1397 5446 quidam
1454 5376 1587 5431 olim
1641 5376 1854 5447 Joseph.
1915 5376 2186 5448 Rufﬁnus

551 5448 695 5504 Hist.
732 5451 818 5518 11,
852 5447 948 5504 ubi
982 5448 1051 5503 de
1082 5452 1276 5504 statua
1304 5447 1619 5519 Serapidis.
1672 5449 1915 5512 Quidam
1961 5448 2019 5501 in
2079 5447 2187 5519 ho-

550 5536 751 5575 norem
785 5520 969 5575 nostri
998 5520 1216 5590 Joseph
1249 5517 1561 5592 formatum
1583 5521 1893 5592 pernibent
1938 5517 2187 5574 simula-

550 5606 736 5656 crum,
770 5594 841 5647 ob
872 5592 1215 5647 divisionem
1248 5591 1548 5657 frumenti,
1580 5590 1695 5663 quo
1728 5590 1898 5646 famis
1928 5594 2190 5663 tempore

551 5664 822 5735 subvenit
848 5664 1128 5734 Egiptiis.
1162 5664 1242 5719 Ex
1272 5681 1337 5720 eo
1367 5662 1775 5735 igitur,7’quod
1832 5663 1988 5735 apud
2028 5662 2188 5735 Chri-

550 5733 779 5806 stianos
806 5732 1033 5806 Serapis
1066 5736 1251 5802 figura
1279 5732 1739 5806 fuitIIosephi'eti
1776 5732 2063 5806 Josephus
2116 5734 2186 5787 ﬁ-

548 5819 695 5875 gura
724 5804 962 5873 Christi,
992 5807 1052 5862 in
1081 5821 1338 5861 errorem
1386 5804 1661 5862 inductus
1716 5805 1900 5863 fuisse
1955 5805 2185 5860 videtur

550 5874 845 5936 Adrianus
865 5881 1015 5950 Aug.
1039 5876 1100 5937 in
1129 5875 1376 5949 epistola
1403 5877 1677 5952 quadam,
1711 5875 1813 5937 ubi
1846 5876 1917 5938 de
1944 5876 2187 5952 Egypto

2289 4799 2513 4880 ghristi
2570 4799 3214 4880 episcoposndie‘unt..»
3262 4798 3420 4880 Idem
3469 4796 3739 4880 .Jo'seph,
3768 4796 3939 4871 _quia

2291 4875 2443 4931 Seres
2475 4870 2785 4944 pronepos,
2815 4870 2970 4925 Julio
3003 4870 3252 4944 Firmico
3283 4870 3536 4944 Serapis.
3560 4870 3686 4944 Bis.

2363 4975 2428 5026 -τ
2448 4940 2586 5026 Na]?
2612 4940 2838 5026 ‘Sérn-apz's
2868 4945 2995 5026 is't‘e.
3028 4941 3360 5026 Monuimus
3390 4940 3528 5026 alibi
3567 4942 3719 5026 Isim.
3739 4945 3795 4996 et
3815 5018 3825 5026 n
3847 4945 3941 4997 Se-

2292 5012 3938 5103 τιειξίωβίὲωελιίῖιξίεεβέΕεξγριίῑξγεξξιοξξεξξίξξέἱοᾶαηιρῐπι

2292 5084 2443 5146 addo
2474 5087 2917 5158 detestationem
2947 5084 3286 5158 Egyptiacte
3306 5084 3646 5158 impietatis
3673 5101 3805 5158 quis
3834 5085 3940 5141 ha-

2294 5164 2465 5218 betur
2490 5160 2839 5231 apudGreg.
2867 5155 3208 5222 Nazf'o'rat,
3253 5155 3725 5231 24,_hasc_omnia
3777 5173 3941 5231 eom-

2294 5232 2466 5305 plecti
2514 5227 3141 5305 luculenterLeamque
3169 5244 3330 5285 more
3360 5227 3522 5289 Beati
3550 5228 3712 5285 illius
3758 5228 3942 5302 patris

2295 5300 2711 5364 conscriptam.
2748 5302 2827 5357 Ls
2856 5300 2959 5357 Pa.

2365 5376 2474 5447 (89)
2533 5371 2619 5447 In,
2642 5374 2863 5447 familia
2911 5373 3067 5447 regis
3102 5371 3522 5447 _zEgyptiorum.
3556 5375 3719 5447 _Imo_
3746 5371 3805 5426 in
3846 5371 3933 5427 fa-

2302 5442 2467 5529 milia
2496 5442 2831 5530 Putipharis
2861 5442 3495 5530 ennu‘chiulfharaonis,’
3512 5442 3625 5527 nisi
3663 5444 3932 5530 dicamus

2300 5515 2868 5601 ipsumcnnuchum
2899 5516 2958 5600 in
2992 5515 3239 5599 familia.
3270 5515 3423 5586 regis
3471 5515 3673 5571 fuisse.
3715 5516 3823 5597 Sed
3874 5515 3937 5570 in

2302 5588 2411 5669 hac
2433 5591 2707 5669 deinceps
2735 5591 2983 5669 histqria
3000 5587 3243 5669 Josephi
3275 5585 3940 5669 aberrat-Tertullinus

2297 5662 2510 5718 iterum
2542 5680 2609 5717 ac
2638 5658 2809 5717 tertio
2842 5661 3008 5717 abiis
3039 5658 3167 5731 quas
3196 5658 3437 5714 tradidit
3492 5658 3682 5731 Moses
3730 5658 3940 5731 Genes,

2296 5737 2468 5811 x_1_..et
2517 5732 2981 5811 libr;0_a_duer:as
3030 5729 3273 5811 judges,
3332 5745 3459 5811 cap.
3516 5730 3585 5811 5,_
3631 5729 3942 5787 historiam

2297 5804 2493 5865 Abelis
2523 5809 2581 5862 et
2607 5803 2772 5862 Caini
2800 5802 3073 5862 tractavit
3100 5799 3530 5872 indiligentius.
3563 5800 3728 5859 lusu.
