4264 6360
385 360 503 420 669

1601 368 1703 426 AD
1748 366 2165 427 NATIONES.
2198 402 2276 411 —
2304 369 2450 428 LIB.
2498 367 2575 428 ll.

3674 365 3794 426 670

386 490 695 565 gnificare;
730 494 1082 564 posteriores
1111 512 1275 568 mque
1324 499 1547 568 septem
1607 497 1857 569 ineptos,
1919 500 2027 554 sub
2059 502 2113 569 Α
2143 515 2300 569 nere,
2342 499 2411 554 de
2444 498 2686 570 poetico,
2720 500 2790 554 de
2821 499 3113 571 gentibus.
3147 501 3215 554 Et
3258 495 3537 568 quoniam
3594 497 3788 553 omnis

386 582 759 653 sequentium
794 589 1018 655 septem
1057 602 1346 641 annorum
1398 586 1677 658 inopiam.
1712 588 2031 644 Prasdicare

384 670 579 741 itaque
609 687 761 743 sape
790 672 859 727 de
889 674 1276 730 recondendis
1304 675 1590 745 praesidiis
1651 676 1709 730 in
1770 678 2030 732 futuram

385 760 603 815 famem
634 760 705 816 de
734 761 899 833 ecpia
932 762 1144 833 priore,
1167 764 1415 819 credidit
1444 781 1574 833 rex,
1611 766 1801 821 exitus
1839 783 2030 821 rerum

382 853 438 905 et
469 850 817 921 prudentem
845 855 904 906 et
932 857 1201 908 sanctum
1234 869 1467 925 semper
1488 854 1883 910 necessarium
1908 871 2033 927 pro-

382 937 556 994 bavit.
616 940 818 1011 Itaque
872 939 1096 996 Pharao
1150 940 1433 998 universae
1490 946 1731 1015 Egyptc
1790 948 1846 1000 et
1910 946 2030 999 fru-

382 1028 712 1082 mentandaa
745 1031 802 1083 et
830 1028 1039 1084 exinde
1070 1030 1341 1085 curandas
1374 1047 1507 1085 eum
1540 1030 1816 1103 praefecit.
1868 1031 2033 1087 Hunc

380 1115 715 1188 Serapidem
748 1133 817 1172 ex
847 1122 1127 1190 suggestu
1165 1119 1298 1191 (90).
1332 1120 1481 1176 597
1526 1136 1640 1191 quo
1672 1124 1847 1192 caput
1904 1121 2033 1192 ejus

302 1256 305 1259 .
380 1210 675 1274 ornatum,
708 1212 1082 1276 vocaverunt,
1113 1209 1285 1280 cujus
1312 1214 1626 1281 suggestus
1658 1209 1929 1267 modialis
1975 1212 2033 1266 fl-

381 1309 530 1365 gura
560 1294 1035 1352 frumentationis
1067 1297 1411 1354 memoriam
1435 1298 1726 1370 obsignat,
1750 1304 1809 1355 et
1829 1316 2028 1355 curam

380 1382 615 1455 frugum
648 1400 823 1456 super
866 1390 1045 1457 caput
1075 1386 1203 1456 ejus
1233 1387 1435 1455 fuisse,
1470 1388 1616 1459 ipsis
1672 1388 1871 1459 spicis,
1906 1390 2033 1460 qui-

378 1472 491 1527 bus
523 1488 626 1543 per
648 1473 938 1528 ambitum
972 1478 1229 1543 notatur,
1290 1480 1553 1547 apparet.
1614 1481 1928 1548 Propterea
1976 1482 2033 1533 et

385 1578 808 1634 canem,quem
842 1564 998 1635 apud
1028 1564 1246 1620 inferos
1276 1565 1580 1637 deputant,
1630 1566 1739 1621 sub
1796 1567 2032 1623 dextera

376 1651 501 1720 ejus
532 1650 890 1719 dicaverunt,
924 1654 1080 1724 quod
1111 1654 1220 1709 sub
1267 1671 1446 1709 manu
1502 1656 1630 1726 ejus
1662 1671 2029 1725 compressa-

375 1744 474 1795 tur
502 1741 549 1775 “
564 1741 967 1814 Egyptiorum
993 1742 1128 1814 (91),
1151 1748 1208 1799 et
1228 1744 1455 1799 Fariam
1479 1744 1833 1816 adjungunt,
1850 1762 2027 1816 quam

376 1828 558 1886 ﬁliam
586 1830 741 1903 regis
771 1830 994 1887 Pharao
1025 1831 1307 1888 derivatio
1342 1832 1599 1889 nominis
1620 1849 1748 1889 esse
1781 1834 2025 1889 demon-

378 1922 563 1987 strat;
596 1936 733 1975 nam
764 1924 821 1975 et
849 1924 989 1975 tunc
1021 1920 1266 1992 Pharao,
1299 1923 1451 1977 inter
1480 1926 1685 1978 caetera
1740 1921 2031 1979 honorum

376 2011 433 2063 et
480 2004 1043 2079 remunerationum,
1102 2009 1284 2065 filiam
1342 2027 1576 2082 quoque
1606 2011 1665 2066 in
1726 2012 2026 2067 matrimo-

374 2096 539 2152 nium
568 2096 621 2153 ei
652 2099 911 2154 dederat.
942 2099 1051 2155 Sed
1102 2098 1242 2171 quia
1272 2103 1330 2155 et
1360 2100 1511 2156 foras
1542 2104 1598 2156 et
1630 2100 1899 2156 homines
1930 2116 2025 2157 co-

368 2184 485 2241 lere
515 2191 915 2258 susceperant,
947 2191 1257 2259 utramque
1289 2188 1496 2244 faciem
1529 2189 1587 2243 in
1633 2206 1817 2244 unum
1872 2191 2026 2244 Anu-

370 2275 471 2330 bin
503 2276 897 2348 contulerunt,
931 2279 988 2333 in
1019 2293 1134 2349 quo
1165 2283 1385 2334 naturas
1412 2278 1883 2349 conditionisque
1904 2296 2024 2335 suae

368 2366 565 2438 potius
594 2372 942 2440 argumenta
970 2368 1152 2424 videri
1173 2373 1370 2440 posset
1390 2385 1763 2425 consecrasse
1785 2386 1928 2442 gens
1946 2371 2023 2425 ri-

368 2472 529 2525 xose,
561 2456 687 2514 suis
716 2456 955 2531 regibus
986 2462 1327 2514 recontrans
1356 2460 1491 2531 (92),
1526 2459 1584 2513 in
1607 2460 1895 2515 extraneis
1922 2461 2022 2515 de-

362 2546 536 2617 jecta,
568 2563 710 2603 sane
740 2551 801 2603 et
828 2546 967 2620 gula
990 2552 1047 2603 et
1076 2548 1475 2620 spurcitia.....
1498 2550 1673 2605 etiam
1697 2548 1847 2604 servi
1869 2549 2017 2621 ipsa.

434 2638 491 2692 9.
523 2636 652 2692 Haec
706 2637 1034 2692 secundum
1091 2637 1443 2709 tripertitam
1501 2637 2017 2710 dispositionem...

364 2724 690 2781 divinitatis
721 2730 823 2781 aut
852 2726 1081 2781 notiora
1109 2730 1212 2781 aut
1267 2725 1591 2797 insigniora
1641 2726 2017 2799 digessimus,

366 2818 431 2870 ut
459 2814 648 2888 possit
667 2815 792 2885 jam
822 2813 1001 2871 videri
1030 2814 1174 2871 satis
1206 2831 1552 2886 responsum
1575 2816 1646 2871 de
1664 2815 1904 2889 physico
1925 2832 2021 2887 ge-

2140 587 2518 658 suaperstitio
2548 589 2612 657 ‘5,
2645 605 2759 643 non
2783 586 2908 653 jam
2940 585 3424 659 philosophorum
3455 600 3559 639 nec
3590 589 3789 657 poeta-

2142 694 2272 731 rum
2307 694 2411 731 nec
2460 676 2831 748 populorum,
2892 694 2925 732 a
2981 675 3198 747 quibus
3255 675 3471 729 tradita
3518 678 3627 741 est,
3685 673 3787 729 sed

2142 766 2575 821 dominantium
2612 766 3025 837 Romanorum,
3072 763 3288 835 quibus
3336 768 3619 835 occupata
3678 768 3787 829 est,

2141 856 2547 911 auctoritatem
2580 855 2691 909 sibi
2723 854 3020 923 exstruxit,
3045 853 3158 909 alia
3179 854 3305 925 jam
3336 852 3502 909 nobis
3529 852 3793 908 ineunda

2142 950 2231 1000 est
2260 944 2503 1000 humani
2532 944 2745 1001 erroris
2777 944 3047 1009 latitudo,
3105 942 3223 997 imo
3282 941 3429 998 silva
3486 942 3788 1011 caedenda,

2143 1050 2268 1106 qua:
2302 1034 2555 1105 undique
2586 1033 2878 1106 conceptis
2910 1031 3396 1105 superstitionum
3460 1030 3788 1087 seminibus

2141 1122 2266 1180 vitii
2294 1122 2606 1196 pueritiam
2637 1124 2680 1158 ⁴⁸
2710 1122 3099 1179 obumbravit.
3133 1122 3243 1177 Sed
3286 1125 3343 1176 et
3389 1124 3786 1176 Romanorum

2143 1213 2284 1268 deos
2314 1212 2495 1268 Varro
2526 1212 2795 1268 bifariam
2828 1212 3123 1284 disposuit
3152 1210 3405 1266 incertos
3436 1214 3493 1265 et
3548 1208 3782 1266 electos.

2142 1302 2387 1357 Tantam
2423 1302 2733 1357 vanitatem
2772 1300 2783 1355 l
2811 1301 2958 1365 Quid
2991 1300 3146 1355 enim
3180 1304 3304 1355 erat
3332 1298 3451 1353 illis
3506 1314 3641 1353 cum
3694 1297 3783 1352 in-

2141 1391 2337 1458 certis,
2371 1390 2420 1445 si
2448 1396 2636 1445 certos
2669 1390 2966 1444 habeant?
2997 1390 3105 1443 nisi
3131 1388 3283 1445 598
3318 1391 3368 1443 si
3398 1386 3619 1441 Atticos
3662 1390 3787 1440 stu-

2141 1497 2310 1552 pores
2343 1479 2597 1551 recipere
2629 1480 2959 1534 voluerunt.
2992 1478 3137 1532 Nam
3170 1482 3226 1532 et
3253 1476 3498 1532 Athenis
3530 1491 3629 1531 ara
3704 1476 3793 1529 est

2140 1568 2460 1639 inscripta:
2502 1568 2716 1639 lgnotis
2758 1567 2903 1622 deis.
2937 1566 3083 1622 Colit
3110 1583 3245 1638 ergo
3280 1565 3411 1637 quis
3446 1564 3600 1636 quod
3624 1564 3790 1635 igno-

2140 1657 2277 1713 rat?
2306 1658 2456 1713 Tum
2490 1658 2537 1712 si
2571 1662 2762 1713 certos
2806 1656 3125 1722 habebant,
3187 1654 3443 1711 contenti
3500 1670 3629 1709 esse
3688 1653 3788 1707 de-

2140 1749 2412 1813 buerunt,
2448 1762 2553 1803 nec
2581 1747 2793 1802 electos
2824 1745 3175 1801 desiderare.
3209 1748 3270 1798 In
3308 1759 3420 1815 quo
3444 1743 3619 1798 etiam
3643 1740 3787 1798 irre-

2140 1835 2333 1908 ligiosi
2388 1835 2924 1908 deprehenduntur.
2985 1835 3041 1889 Si
3102 1834 3260 1889 enim
3348 1833 3441 1888 dei
3500 1835 3564 1887 ut
3619 1829 3785 1886 bulbi

2143 1926 2469 1995 seliguntur
2508 1924 2641 1997 (93),
2676 1923 2776 1996 qui
2808 1941 2923 1979 non
2962 1923 3311 1995 seliguntur,
3365 1920 3619 1997 reprobi
3652 1935 3785 1991 pro-

2139 2014 2507 2070 nuntiantur.
2532 2018 2647 2069 Nos
2679 2030 2810 2069 vero
2870 2012 3142 2068 bifariam
3199 1996 3619 2067 Romanorum.
3646 2009 3786 2065 deos

2135 2103 2631 2175 recognoscimus,
2659 2118 3002 2158 communes
3030 2106 3087 2156 et
3112 2100 3399 2173 proprios,
3424 2100 3482 2154 id
3505 2102 3612 2165 est,
3638 2113 3785 2169 quos

2134 2209 2268 2249 cum
2299 2193 2573 2248 omnibus
2604 2192 2845 2259 habent,
2875 2195 2931 2247 et
2961 2208 3108 2262 quos
3139 2190 3250 2262 ipsi
3274 2194 3415 2245 sunt
3435 2187 3780 2244 commenti.

2134 2282 2201 2337 Et
2231 2281 2519 2353 numquid
2551 2281 2610 2335 hi
2638 2285 2774 2336 sunt
2796 2279 3014 2352 publici
3031 2283 3087 2335 et
3117 2278 3419 2335 adventitii
3447 2276 3637 2332 dicti?
3658 2276 3779 2331 Hoc

2131 2372 2286 2425 enim
2321 2387 2444 2424 seras
2477 2370 2706 2439 docent,
2734 2369 3183 2424 adventitierum
3219 2367 3290 2422 ad
3323 2367 3526 2422 fanum
3557 2369 3779 2436 Carne,

2131 2458 2498 2530 publicorum
2530 2459 2589 2514 in
2620 2458 2858 2530 palatio.
2893 2460 3078 2523 Quare
3100 2473 3233 2512 cum
3290 2471 3631 2512 communes
3661 2453 3776 2523 dei,

2130 2562 2306 2617 quam
2336 2545 2575 2617 physico
2590 2562 2766 2616 quam
2799 2544 2859 2599 in
2883 2544 3157 2617 mythico,
3180 2542 3772 2616 comprehendantur,

2128 2640 2327 2690 actum
2358 2640 2447 2691 est
2468 2636 2592 2706 jam
2651 2635 2723 2689 de
2753 2634 2882 2690 istis
2912 2633 3236 2705 speciebus.
3271 2634 3351 2689 De
3382 2632 3637 2705 propriis
3679 2631 3773 2686 di-

2127 2740 2325 2781 cere...
2358 2728 2433 2779 et.
2467 2724 2547 2780 De
2578 2722 2855 2780 Romanis
2912 2727 3275 2795 stupeamus,
3335 2720 3573 2778 tertium
3625 2719 3775 2775 illud

2126 2830 2312 2887 genus
2342 2813 2646 2871 hostilium
2666 2813 2980 2869 deorum...
3014 2828 3079 2867 co
3109 2813 3261 2884 quod
3297 2810 3459 2867 nulla
3488 2826 3632 2883 gens
3664 2808 3778 2865 alia

1805 2957 2008 3019 Variae
2038 2956 2367 3018 lectiones.

438 3080 485 3115 ιι
512 3078 718 3152 Mirans
744 3076 846 3134 hoc
872 3094 926 3152 v_.
956 3077 1028 3133 Le
1056 3079 1208 3148 prior
1236 3080 1469 3136 mutavit
1496 3081 1556 3135 in
1586 3096 1710 3137 com
1720 3084 2043 3152 pressatus.
2074 3079 2119 3115 ⁸⁸
2146 3079 2349 3150 Rigalt.
2382 3078 2750 3135 substitutio.
2803 3078 2867 3133 ⁴⁶.
2899 3076 3028 3136 God.
3060 3095 3162 3135 ms.
3196 3076 3348 3133 vitiis
3406 3076 3777 3150 pueritatem,

366 3150 565 3221 Rigalt.
600 3148 723 3206 vitii
750 3148 1123 3221 pueritatem.

1819 3250 2341 3312 Commentarius.

447 3356 560 3427 (90)
593 3356 748 3436 Hun_e
775 3355 1096 3436 Serapidem
1124 3372 1230 3436 _ex_
1271 3365 1545 3426 suggestu.
1598 3357 1913 3436 Cpmulum
1973 3362 2031 3436 et
2061 3369 2103 3436 ρ
2140 3356 2835 3436 examinetur,_subtilior
2890 3358 3171 3436 fortasse
3187 3353 3569 3436 judicabitur.
3599 3350 3778 3436 “Nam

378 3443 674 3511 acervum"
706 3427 1334 3511 intelli‘geremvidetur,
1393 3446 1567 3511 quem
1623 3430 1803 3511 Graeci
1850 3429 2027 3511 gmpbv

378 3500 607 3572 dicunt,
650 3498 938 3572 frumenti
963 3498 1188 3556 scilicet
1231 3498 1559 3571 cumulum,
1622 3502 1805 3557 modii
1844 3498 2030 3572 figura

375 3571 772 3645 designatum.
799 3571 1108 3645 Rguflinus:
1143 3594 1171 3622 «
1204 3574 1381 3642 Cujus
1406 3578 1582 3645 caput
1639 3575 1869 3629 modius
1895 3571 1906 3572 ί
1928 3591 2027 3629 su-

370 3644 704 3717 perpositus
733 3642 951 3717 indicet
982 3642 1532 3717 vitamwmortalibus
1570 3645 1805 3717 frugum
1858 3645 2028 3717 largi-

374 3714 493 3770 tate
523 3714 793 3788 rpraaberi.
831 3733 858 3765 ο
909 3715 1124 3788 Julius,
1161 3716 1487 3772 Firmicus:
1526 3738 1555 3767 «
1610 3714 1860 3783 Modius,
1910 3714 2025 3788 quo

378 3786 776 3859 esurientibus
798 3790 865 3859 et
892 3787 1224 3844 ementibus
1257 3790 1551 3845 frumenta
1578 3790 1876 3859 diviserat,
1926 3786 2023 3845 δει-

374 3858 488 3932 piti
506 3856 909 3932 superpositus
927 3862 1037 3914 est.
1070 3859 1148 3915 Ls
1178 3859 1279 3915 Pa.

445 3930 742 4004 (91)7Quod
774 3930 873 4004 sub
896 3947 1075 4004 manu
1124 3933 1241 4001 ejus
1296 3937 1693 4004 eam—pressatus
1749 3933 2025 4004 Egyptia-

376 4001 547 4057 rum.'
570 4003 631 4057 In
665 4018 776 4056 ms.
809 4001 1062 4073 legitur:
1097 4023 1126 4051 «
1160 4003 1321 4068 Quod
1355 4001 1465 4058 sub
1497 4020 1673 4060 manu
1707 4001 2027 4074 ejus'c'om-

375 4080 678 4147 pressatur
704 4074 1191 4147 [Egyptioru_m._»
1228 4076 1289 4147 In
1330 4080 1604 4147 promptu
1658 4077 1768 4131 fuit
1823 4092 2023 4131 emen-

374 4145 531 4201 datio
552 4143 985 4216 Compressotus.
1003 4143 1159 4200 Nihil
1175 4143 1559 4203 enim‘deesse
1582 4148 1728 4203 mihi
1753 4147 2018 4204 videtur:

375 4221 477 4290 aut
500 4217 554 4290 si
585 4217 1046 4290 quid_derasum
1068 4217 1244 4290 fuerit
1272 4218 1333 4290 in
1363 4222 1624 4275 extrema
1680 4218 1835 4275 linea
1887 4223 2022 4290 post

374 4287 690 4361 dictionem
724 4288 873 4360 Ejus,
905 4287 1052 4344 nihil
1084 4288 1244 4344 aliud
1276 4289 1452 4346 fuerit
1481 4306 1659 4361 quam
1712 4293 1855 4357 Esse,
1889 4287 2021 4347 'aut

374 4360 513 4432 quid
544 4361 858 4433 ejusmodi.
891 4361 1365 4432 Compressatum
1425 4360 1566 4418 dicit
1594 4362 2017 4433 Tertullianus,

376 4449 478 4507 pro
508 4432 809 4507 vexatione
838 4448 969 4507 quae
998 4449 1352 4505 oppressura
1389 4438 1515 4507 erat
1562 4435 1904 4507 ilEgyptum,
1954 4432 2020 4490 ut

374 4504 559 4579 habet
576 4505 784 4562 Latina
812 4504 999 4561 versio
1028 4504 1236 4561 Genes.
1269 4521 1395 4579 cap.
1429 4506 1518 4579 41.
1551 4504 1763 4579 εἰοίῖο
1818 4507 2017 4579 Scorp.

375 4522 551 4561 nene:
576 4522 784 4562 Latina
812 4522 999 4561 versio
1028 4522 1236 4561 uenes.
1269 4522 1395 4633 cap.
1429 4522 1518 4561 tu.
1551 4522 1645 4562 sic
1702 4523 1763 4562 1n
1818 4522 2017 4579 scorp.

375 4592 504 4649 cap.
536 4576 569 4631 3
594 4592 621 4651 :_
641 4598 669 4629 ιι
700 4579 913 4651 Manus
937 4580 1062 4651 erat
1086 4592 1262 4651 super
1293 4577 1333 4633 il
1360 4594 1426 4635 os
1454 4577 1513 4634 in
1546 4578 1720 4651 mala,
1753 4582 1811 4635 et
1859 4594 2018 4634 com-

376 4646 625 4721 pressati
657 4652 797 4721 sunt
824 4646 1013 4704 valde.
1050 4670 1078 4699 ››
1111 4646 1275 4704 lnam.

443 4720 559 4809 (9?)
589 4720 821 4809 [legibus
871 4722 985 4777 suis
1030 4724 1373 4809 recontrans.
1434 4721 1794 4809 Recpntrans
1852 4720 2015 4809 dicit,
2049 4744 2096 4809 Β

376 4793 531 4863 quod
562 4792 856 4865 mtatigsuas
882 4792 1128 4865 proximi
1160 4792 1471 4865 scriptores
1528 4794 1742 4863 dixere,
1800 4802 2017 4850 contra-

376 4865 550 4921 rians.
580 4864 742 4930 Quod
775 4869 972 4920 autem
1015 4864 1113 4920 hic
1162 4866 1234 4921 de
1280 4864 1504 4922 Judaeis
1558 4865 1895 4936 Septimius,
1959 4865 2018 4920 id

376 4936 615 4992 omnino
668 4936 1037 5007 Lampridius
1095 4936 1165 4993 de
1219 4936 1532 4993 Gallicanis
1590 4938 1885 4994 mentibus
1957 4936 2019 4993 in

375 5008 699 5065 Alexandro
757 5008 1021 5065 Severo:
1076 5030 1106 5058 ‹‹
1162 5008 1474 5066 Gallicana;
1533 5014 1780 5079 mentes,
1842 5014 1906 5064 ut
1959 5026 2023 5065 se

379 5080 610 5154 habent,
643 5081 804 5136 duraa
827 5097 893 5154 ac
924 5080 1295 5153 retrogradus,
1355 5086 1414 5138 et
1441 5097 1594 5154 saepe
1652 5081 2021 5153 imperatori-

374 5152 485 5209 bus
516 5168 737 5220 graves.
770 5173 799 5203 »
825 5153 953 5207 RIG.

443 5224 555 5295 (95)
587 5225 648 5279 Si
672 5224 822 5281 enim
852 5225 950 5279 Dei
978 5229 1039 5278 ut
1063 5223 1217 5281 bulbi
1244 5225 1587 5295 seliguntur.
1629 5222 1746 5279 Hoc
1803 5224 2021 5280 Tertul-

371 5292 510 5368 liani
539 5292 763 5368 dictum
794 5295 865 5368 ab
895 5296 1218 5363 Augustino
1252 5292 1696 5368 reprehenditur
1730 5295 1803 5351 .in
1858 5296 2017 5368 prin-

372 5366 523 5438 cipio
555 5367 690 5423 libri
717 5383 797 5421 vn
826 5366 893 5421 de
918 5368 1081 5423 Civit.
1114 5369 1232 5439 Dei,
1264 5366 1332 5423 ut
1370 5367 1639 5435 facetius,
1697 5366 1876 5438 quam
1921 5384 2018 5423 ve-

371 5438 514 5512 rius.
547 5439 727 5495 Video
756 5438 939 5512 enim,
968 5438 1180 5510 inquit,
1240 5441 1418 5496 etiam
1477 5456 1545 5495 ex
1594 5438 1824 5512 selectis
1883 5439 2017 5512 eligi

374 5509 604 5584 aliquos
627 5512 700 5567 ad
722 5510 944 5584 aliquid
976 5509 1183 5584 majus
1201 5517 1376 5584 atque
1388 5511 1792 5584 prestantius;
1815 5509 2021 5584 quam-

373 5581 573 5639 obrem
606 5600 720 5639 non
750 5581 977 5654 exiboc
1036 5583 1187 5653 quod
1250 5581 1330 5638 dii
1388 5581 1458 5639 ex
1514 5582 1720 5638 multis
1779 5581 2013 5654 quidam

376 5654 577 5711 selecti
609 5660 769 5721 sunt,
798 5653 1169 5724 vituperandi
1196 5660 1359 5720 sunt,
1391 5656 1493 5711 sed
1546 5653 2013 5711 animadverten-

372 5725 516 5799 dum
550 5728 743 5799 potius
773 5725 1012 5797 quinam
1044 5724 1143 5782 isti
1172 5724 1299 5799 sint
1319 5730 1378 5783 et
1399 5728 1472 5784 ad
1513 5743 1689 5799 quam
1716 5741 1863 5799 rem
1921 5742 2012 5783 se-

370 5795 507 5856 lecti
550 5795 879 5857 videantur.
930 5799 1065 5867 Quo
1116 5795 1619 5871 reprehensio,'si
1667 5797 2010 5872 diligentius

2141 3431 2295 3501 quod
2328 3422 2906 3485 animadvertendum
2932 3422 3222 3501 praecipit,
3255 3428 3495 3501 quinam
3540 3424 3639 3501 isti
3699 3422 3779 3477 dii

2138 3494 2278 3569 sint,
2311 3507 2368 3557 et
2398 3502 2468 3556 ad
2500 3518 2677 3572 quam
2711 3518 2832 3555 rem
2864 3494 3083 3564 selecti,
3119 3494 3253 3555 fecit
3276 3494 3392 3554 hoc
3414 3513 3563 3572 sane
3620 3494 3780 3572 lucu-

2136 3567 2321 3648 lenter
2349 3567 2689 3648 Septimius,
2714 3577 2771 3627 et
2800 3573 3273 3648 Apotoget§c0_ill_o_
3292 3568 3601 3648 nobilli,_et
3621 3567 3780 3648 hisce

2180 3646 2376 3701 uidem
2407 3639 2480 3699 (id
2508 3648 2770 3700 Nationes
2801 3639 2986 3699 libris:
3047 3644 3157 3699 Sed
3218 3643 3313 3698 hic
3371 3640 3578 3697 merito
3632 3639 3783 3694 ridet

2185 3718 2527 3773 aronianam
2559 3719 2801 3772 deorum
2834 3716 3228 3781 selectionem,
3262 3732 3395 3770 cum
3455 3712 3570 3769 dici
3628 3715 3780 3765 Deus

2137 3807 2253 3845 non
2283 3791 2511 3864 debeat,
2538 3805 2723 3859 neque
2754 3806 2883 3864 esse
2913 3790 3117 3860 possit,
3168 3787 3281 3864 nisi
3329 3786 3435 3864 qui
3489 3788 3565 3840 sit
3620 3782 3781 3864 solus

2136 3855 2532 3931 omnipotens,
2564 3855 2837 3925 tet—ernus,
2868 3855 3214 3925 immensus,
3248 3855 3600 3931 indefessus.
3633 3855 3779 3909 Huic

2134 3950 2269 4008 vero
2295 3929 2582 4008 comitem
2608 3932 2657 3987 si
2685 3934 2916 3988 dederis
2947 3938 3048 4008 aut
3076 3932 3380 4008 vicarium,
3430 3929 3601 4008 plane
3649 3942 3780 4008 rem

2134 4006 2341 4060 feceris
2372 4005 2727 4075 superﬂuam
2776 4009 2951 4076 atque
2994 4002 3287 4076 inutilem,
3318 3997 3520 4056 verum
3552 4002 3611 4054 et
3633 3997 3778 4076 divi-

2136 4076 2305 4132 nitati
2336 4074 2576 4147 prorsus
2606 4074 2960 4132 indecorem.
2994 4076 3110 4131 Hoc
3146 4075 3416 4147 primum
3436 4074 3781 4142 argumento

2135 4143 2455 4217 Septimius
2486 4153 2685 4204 noster
2715 4148 2957 4204 deorum
2992 4143 3221 4203 turbam
3253 4143 3524 4217 proﬂigat
3556 4159 3569 4210 ;
3641 4156 3782 4217 mox

2135 4166 2207 4204 be
2251 4166 2455 4204 11mins
2486 4166 2685 4204 noster
2715 4166 2957 4204 deorum
2992 4166 3221 4203 turbam
3253 4166 3524 4217 promgat
3556 4166 3569 4210 ;
3647 4166 3782 4195 mox

2134 4224 2192 4275 et
2213 4166 2538 4275 R’arronem
2568 4237 2635 4276 ex
2665 4220 2841 4275 turba
2868 4219 3208 4289 seligentem
3233 4215 3580 4290 praecipuos,
3638 4212 3783 4267 irre-

2133 4290 2409 4363 ligiosum
2439 4307 2569 4347 esse
2595 4291 2773 4359 dicit;
2803 4292 2911 4346 hoc
2941 4287 3105 4363 enim,
3130 4287 3251 4344 non
3275 4287 3400 4363 sine
3419 4287 3779 4363 reliquorum

2131 4357 2353 4433 injuria
2384 4362 2609 4438 fecisse,
2644 4357 2793 4438 quos
2824 4379 2953 4438 esse
2973 4362 3213 4438 quidem
3252 4361 3411 4438 deos
3464 4357 3776 4438 cepsuerit,

2130 4427 2332 4490 verum
2366 4427 3009 4511 dignitate-inferiores,
3038 4436 3140 4489 aut
3170 4435 3475 4511 potestate.
3507 4429 3624 4511 Hos
3663 4427 3778 4509 igi-

2136 4511 2231 4581 tur
2260 4523 2376 4563 non
2409 4501 2641 4581 tantum
2670 4501 3001 4581 inoﬁiciosi,
3032 4501 3233 4581 verum
3266 4508 3333 4581 ut
3359 4503 3506 4559 laete
3549 4501 3776 4581 divini-

2131 4578 2268 4656 tatis
2299 4578 2540 4650 querela
2568 4592 2778 4650 agere:
2839 4570 3119 4656 adversus
3175 4576 3475 4656 hominem
3533 4572 3615 4656 de
3664 4570 3776 4627 diis

2122 4644 2392 4721 judicare
2420 4644 2654 4719 ausum,
2686 4650 2855 4720 quasi
2877 4649 3030 4705 Deus
3052 4666 3168 4705 non
3199 4648 3298 4716 sit,
3332 4644 3568 4721 nisicui
3602 4644 3778 4721 homo

2130 4718 2420 4794 propitius
2456 4718 2667 4788 fuerit;
2700 4718 2853 4792 quod
2887 4738 3028 4777 sane
3058 4725 3147 4777 est
3171 4720 3333 4794 deos
3376 4718 3591 4794 habere
3640 4720 3778 4794 tan-

2128 4791 2301 4865 duam
2334 4794 2613 4865 fungos...
2658 4791 3031 4865 pratensibus
3063 4793 3286 4864 optima
3310 4791 3522 4865 fungis
3558 4792 3779 4844 natura

2128 4861 2239 4931 est,
2273 4866 2406 4922 aliis
2438 4861 2591 4921 male
2620 4861 2900 4935 creditur,
2933 4867 3014 4921 ait
3045 4861 3339 4921 Horatius.
3380 4861 3528 4935 Οἱ]Ῐᾲ
3580 4866 3776 4935 autem

2128 4938 2288 4994 aliud
2321 4937 2463 4993 velle
2493 4954 2627 4993 cum
2658 4936 2855 4993 electis
2880 4931 3007 4994 suis
3039 4939 3375 5002 Varronem,
3410 4934 3523 4990 nisi
3579 4931 3778 4990 electis

2132 5010 2248 5065 illis
2281 5010 2562 5075 optimam
2591 5025 2720 5065 esse
2770 5010 3031 5065 numinis
3090 5015 3397 5075 naturam;
3446 5006 3575 5062 aiiis
3625 5004 3777 5060 male

2131 5079 2336 5139 credi?
2364 5082 2526 5146 Quod
2552 5098 2684 5137 vero
2716 5081 2925 5137 attinet
2953 5082 3022 5136 ad
3077 5079 3341 5153 exempla
3396 5094 3523 5151 quae
3580 5092 3775 5153 repre-

2131 5154 2400 5230 hensioni
2484 5170 2601 5209 suis
2677 5153 3103 5230 conﬁrmandis
3161 5148 3332 5230 affert
3371 5148 3773 5230 .A'ugustinus,

2129 5226 2446 5303 videndum
2495 5242 2568 5303 an
2599 5226 2950 5303 conveniant
2992 5225 3303 5303 divinitati,
3336 5222 3454 5279 sive
3486 5222 3623 5290 Deo,
3678 5222 3773 5303 elui

2130 5298 2443 5374 prOprium‘
2460 5301 2548 5353 est
2570 5295 2808 5374 unicum
2842 5313 2967 5353 esse
2991 5298 3209 5374 solum.
3245 5290 3464 5374 Itaque.
3492 5309 3561 5348 ex
3618 5290 3774 5347 mili-

2128 5367 2549 5446 tibusquidem
2576 5367 2875 5446 eliguntur
2903 5369 3010 5446 qui
3045 5373 3188 5446 fiant
3242 5367 3651 5446 centuriones;
3703 5379 3773 5446 ex

2128 5436 2421 5507 fidelibus,
2454 5441 2553 5512 qui
2579 5436 2722 5496 ﬁant
2766 5436 3099 5511 praepositi:
3163 5457 3232 5495 ex
3288 5436 3608 5512 lapidibus,
3663 5436 3767 5512 qui

2128 5516 2272 5570 fiant
2298 5506 2629 5587 angulares,
2665 5506 3099 5587 nec-propterea
3144 5506 3363 5587 tamen
3400 5507 3611 5578 reliqui
3646 5506 3769 5587 _di-

2125 5591 2340 5643 cuntur
2378 5583 2707 5657 reprobari,
2767 5583 2905 5657 quia
2956 5600 3165 5655 nempe
3220 5583 3436 5657 horum
3500 5583 3765 5657 omnium

2123 5658 2435 5729 disciplina
2456 5653 2572 5726 est,
2598 5662 2659 5713 ut
2681 5653 2884 5729 ordine
2906 5672 2971 5729 ac
2996 5653 3278 5729 potestate
3302 5653 3764 5729 distinguantur.

2118 5732 2191 5787 At
2221 5724 2404 5789 Déum
2433 5724 2584 5798 esse,
2617 5746 2730 5785 non
2764 5728 2969 5801 recipit
2990 5724 3067 5784 To
3101 5724 3312 5801 μᾶλλον
3344 5744 3432 5779 και
3489 5743 3551 5777 το
3581 5724 3765 5792 ἧττον.

2120 5802 2282 5861 IDEM.
