4264 6368
534 379 647 436 671

1052 375 1581 438 TERTULLIANI
1629 375 1950 436 OPEBUM
1992 374 2196 433 PARS
2241 374 2395 432 1.-
2426 375 2699 435 SERIES
2745 378 2791 447 1,
2841 374 3401 435 APOLOGETICA.

3814 372 3936 433 672

532 512 763 565 tantum
798 507 908 564 sibi
943 507 1377 580 superstitionis
1407 507 1764 563 invenerit...
1788 507 1937 562 duas
1953 505 2175 578 species
2204 505 2259 572 Α
2290 505 2476 560 curari
2500 521 2632 562 eum
2657 507 2844 579 magis
2867 522 3042 579 quam
3058 504 3384 562 consecrari
3405 503 3666 560 decebat.
3679 503 3935 562 SiFauni

531 597 863 670 dirigimus,
917 597 1061 651 alios
1093 596 1165 650 de
1215 596 1557 651 hominibus
1614 600 1973 667 assumptos,
2033 595 2176 650 alios

528 687 664 742 inde
690 690 1017 758 conceptos.
1070 685 1251 754 Igitur
1305 686 1583 756 quoniam
1634 684 1786 739 idem
1849 684 1964 739 illis
2024 684 2180 739 color

533 774 792 845 suppetit
820 772 1286 828 consecrationis
1335 778 1719 839 mortuorum,
1769 776 2051 844 tanquam
2107 773 2179 827 ob

534 863 736 918 merita
763 863 909 931 vitae,
942 863 1210 917 eamdem
1245 866 1301 917 et
1341 878 1447 917 nos
1503 861 1940 933 responsionem
2000 878 2178 933 oppo-

536 967 742 1006 namus
772 967 1009 1006 necesse
1040 955 1146 1015 est,
1184 951 1476 1005 neminem
1509 967 1576 1004 ex
1605 949 1697 1004 his
1746 965 1971 1021 quoque
2030 949 2179 1004 tanti

542 1039 743 1109 fuisse,
830 1041 1055 1095 Patrem
1113 1039 1450 1111 diligentem
1504 1040 1716 1094 fEnean
1787 1038 2178 1109 crediderunt,

536 1127 781 1184 militem
817 1144 1118 1199 nunquam
1153 1127 1494 1198 gloriosum,
1528 1127 1722 1199 lapide
1771 1127 2176 1196 debilitatum;

545 1217 701 1289 quod
761 1217 943 1272 telum
993 1221 1280 1289 quantum
1337 1216 1596 1288 vulgare,
1655 1220 1829 1288 atque
1886 1216 2184 1284 caninum,

542 1310 706 1361 tanto
758 1305 1013 1378 ignobile
1068 1304 1328 1361 vulnus!
1389 1305 1497 1360 Sed
1561 1310 1618 1361 et
1677 1305 1934 1376 proditor
1981 1306 2180 1377 patrias

535 1399 744 1450 Encas
777 1395 888 1466 (94)
917 1394 1252 1461 invenitur;
1287 1399 1408 1449 tam
1441 1395 1667 1458 fEneas,
1709 1411 1880 1465 quam
1905 1397 2175 1450 Antenor.

538 1488 617 1539 Ac
648 1483 697 1540 si
719 1483 828 1539 hoc
860 1500 1061 1538 verum
1096 1482 1323 1548 nolunt,
1356 1487 1559 1539 Encas
1617 1487 1771 1538 certe
1826 1483 2015 1555 patria
2071 1484 2181 1538 ﬂa-

537 1576 739 1644 grante
758 1572 1079 1644 dereliquit
1103 1572 1290 1627 socios
1326 1572 1551 1626 feminae
1589 1572 1814 1626 Punicae
1865 1572 2182 1642 subjicien-

512 1662 648 1738 dus
680 1661 816 1733 (95),
849 1678 975 1732 qum
1008 1661 1285 1716 maritum
1317 1660 1740 1716 Hasdrubalem
1771 1661 1958 1715 [Encas
2017 1660 2176 1715 timi-

536 1749 717 1806 ditate
793 1749 1222 1821 supplicantem
1277 1749 1430 1805 hosti
1492 1766 1604 1804 non
1664 1750 1818 1806 599
1886 1750 2179 1805 comitata.

2290 593 2408 649 filia
2436 596 2719 666 pudicitia
2750 596 3130 668 praecellebat,
3157 599 3315 651 utne
3337 597 3778 650 conversaretur
3798 594 3933 666 qui-

2289 684 2419 739 dem
2453 686 2603 741 inter
2631 685 2916 755 viros,aut
2947 685 3213 740 barbaria
3237 688 3336 739 aut
3356 683 3714 740 conscientia
3743 684 3934 739 defor-

2290 773 2511 828 milatis
2542 779 2646 829 aut
2675 772 3145 830 ruboreinsaniae
3170 777 3442 844 paternis,
3466 776 3686 843 quante
3701 772 3937 843 dignior

2287 861 2440 916 bona
2472 862 2579 917 dea
2609 861 2918 934 Penelopa,
2953 877 3078 932 qua
3102 860 3252 916 inter
3273 859 3622 915 utilissimos
3642 863 3936 915 amatores

2289 949 2596 1014 diversata,
2628 951 2930 1006 obsessam
2989 948 3322 1005 castitatem
3377 953 3575 1004 tenere
3638 948 3936 1020 protexit?

2288 1038 2391 1093 Est
2420 1044 2478 1093 et
2498 1045 2758 1106 sanctus,
2793 1043 3026 1111 propter
3053 1037 3515 1110 hospitalitatem
3536 1053 3571 1093 a
3591 1052 3724 1109 rege
3750 1035 3935 1093 Plotio

2291 1126 2490 1182 fanum
2506 1132 2854 1184 consecutus
2880 1144 2892 1182 :
2909 1127 3098 1199 potuit
3121 1131 3178 1182 et
3197 1125 3392 1182 Ulixes
3415 1126 3486 1181 de
3500 1125 3934 1181 humanissimo

2286 1215 2523 1273 Alcinoo
2554 1234 2736 1272 unum
2769 1216 3024 1289 amplius
3052 1217 3225 1271 deum
3255 1215 3420 1271 vobis
3448 1214 3786 1271 contulisse.

2361 1308 2446 1361 10.
2499 1307 2582 1361 Ad
2641 1307 2877 1362 fmdiora
2920 1305 3150 1361 festino.
3211 1305 3336 1360 Non
3399 1305 3608 1377 puduit
3664 1308 3932 1360 auctores

2287 1401 2510 1450 vestros
2540 1396 2610 1450 de
2642 1396 2949 1450 Larentina
2973 1396 3016 1429 ‘7
3049 1395 3158 1465 (99)
3190 1393 3382 1466 palam
3418 1394 3627 1450 facere.
3655 1393 3930 1450 Scortum

2289 1483 2412 1538 haec
2445 1483 2804 1539 meritoriam
2831 1483 2956 1552 fuit,
2991 1483 3112 1538 sive
3143 1483 3282 1538 dum
3335 1481 3568 1538 Romuli
3599 1481 3815 1547 nutrix,
3875 1484 3934 1537 et

2289 1573 2416 1627 ideo
2446 1572 2605 1644 lupa,
2639 1575 2776 1644 quia
2805 1579 3061 1628 scortum
3093 1589 3106 1639 ;
3142 1571 3261 1626 sive
3291 1572 3432 1626 dum
3465 1570 3725 1626 Herculis
3743 1569 3934 1626 amica

2289 1665 2398 1727 est,
2432 1666 2487 1716 et
2507 1662 2632 1731 jam
2665 1661 2876 1716 mortui
2907 1659 3192 1728 Herculis,
3222 1659 3277 1714 id
3313 1663 3421 1729 est,
3445 1661 3571 1730 jam
3611 1657 3724 1714 dei.
3781 1659 3931 1714 Nam

2289 1750 2503 1815 ferunt,
2537 1749 2813 1805 aadituum
2845 1750 2972 1821 ejus
3004 1749 3196 1805 solum
3234 1748 3382 1804 forte
3413 1749 3473 1803 in
3505 1749 3627 1804 aede
3685 1746 3932 1803 calculis

537 1839 720 1910 raptis
745 1855 944 1895 secum
972 1837 1130 1907 filiis,
1164 1839 1410 1894 formam
1460 1843 1516 1893 et
1570 1843 1792 1910 patrem
1827 1838 1936 1894 sibi
1969 1838 2181 1894 habere
2211 1871 2259 1935 B
2291 1837 2590 1894 ludentem
2623 1843 2686 1893 ut
2711 1839 2822 1894 sibi
2855 1838 3226 1906 eollusorem,
3256 1853 3428 1910 quem
3484 1854 3599 1894 non
3658 1837 3930 1908 habebat,

537 1942 652 1982 non
685 1927 741 1982 in
775 1927 967 1998 fugam
1006 1927 1177 1998 sapit,
1211 1928 1311 1982 sed
1344 1927 1402 1982 in
1435 1927 1599 1998 ignes
1627 1927 1888 1982 ardentis
1933 1927 2172 1982 Cartha-

538 2015 692 2088 ginis
724 2016 878 2071 utin
910 2015 1210 2086 amplexus
1268 2017 1468 2088 patria:
1529 2015 1826 2088 pereuntis
1883 2015 2171 2071 incubuit.

536 2105 675 2161 Pius
703 2105 911 2160 Encas
969 2106 1041 2161 ob
1100 2104 1338 2161 unicum
1391 2121 1638 2176 puerum
1694 2108 1750 2160 et
1814 2105 2172 2176 decrepitum

2289 1931 2750 1999 repnesentaret,
2785 1944 2903 1983 una
2932 1942 3108 1982 manu
3141 1927 3407 1983 Herculis
3439 1927 3694 1992 nomine,
3725 1925 3844 1982 alia
3861 1941 3933 1981 ex

2283 2034 2390 2071 sua
2419 2034 2666 2087 persona
2700 2015 2893 2072 lusum
2931 2016 3136 2084 inisse,
3167 2016 3216 2072 si
3247 2016 3374 2088 ipse
3403 2015 3661 2086 vicisset,
3723 2031 3926 2071 casuu-

2282 2104 2398 2159 lam
2431 2109 2486 2159 et
2516 2105 2841 2160 scortulum
2873 2120 2940 2160 ex
2971 2105 3274 2176 stipitibus
3305 2102 3572 2161 Herculis
3621 2107 3881 2159 sumeret
3908 2121 3923 2172 ;

535 2209 757 2261 senem,
790 2194 1018 2249 Priamo
1047 2198 1122 2265 ;et
1176 2197 1522 2266 Astyanacte
1578 2193 1894 2249 destitutis.
1954 2194 2171 2264 Atquin
2282 2193 2330 2250 si
2361 2211 2493 2249 vero
2524 2193 2816 2259 Hercules,
2849 2195 2906 2248 id
2939 2198 3028 2248 est
3058 2210 3267 2250 manus
3295 2193 3495 2262 altera,
3527 2193 3732 2249 eadem
3781 2191 3925 2248 Her-

534 2283 815 2339 Romanis
848 2284 1034 2354 magis
1059 2284 1460 2350 detestandus,
1491 2283 1588 2354 qui
1625 2300 1725 2355 pro
1767 2283 1955 2338 salute
2011 2283 2174 2354 prin-
2283 2282 2398 2338 culi
2427 2282 2741 2338 exhiberet.
2772 2281 2924 2338 Vicit
2952 2299 3164 2338 manus
3194 2281 3456 2337 Herculis
3516 2282 3774 2353 (quoque
3825 2297 3927 2352 po-

535 2372 731 2444 cipum
764 2376 820 2428 et
850 2373 1060 2427 domus
1083 2389 1282 2427 eorum
1312 2373 1592 2428 adversus
1649 2371 1862 2428 liberos
1921 2376 1978 2426 et
2030 2389 2172 2428 con-
2281 2372 2397 2427 tuit
2425 2372 2730 2426 duodecim
2759 2371 2941 2427 titulis
2971 2372 3099 2442 ejus
3127 2371 3425 2440 adscribi).
3455 2371 3610 2427 600
3655 2371 3926 2426 Edituus

527 2461 702 2533 juges
733 2465 790 2516 et
819 2477 990 2516 omne
1038 2461 1250 2533 pignus
1303 2478 1476 2516 suum
1530 2461 1813 2531 dejerant.
1864 2461 2176 2517 Consecrat
2284 2476 2510 2515 coenam
2570 2459 2801 2515 Herculi
2889 2460 3186 2532 dependit,
3240 2463 3494 2515 scortum
3552 2457 3928 2515 Larentinam

535 2549 722 2605 filium
756 2549 1019 2616 Veneris,
1043 2554 1101 2604 et
1132 2549 1241 2605 hoc
1271 2548 1565 2604 Vulcanus
1615 2549 1805 2605 sciens
1858 2549 2077 2618 patitur
2119 2552 2176 2605 et
2283 2549 2589 2615 conducit;
2622 2553 2812 2604 coenet
2841 2548 3016 2620 ignis,
3051 2549 3146 2618 qui
3179 2548 3296 2618 Sol,
3327 2553 3385 2604 et
3415 2549 3604 2620 ipsius
3655 2547 3920 2604 Herculis

539 2637 694 2693 Juno
722 2637 1007 2693 concedit.
1034 2638 1090 2693 Si
1125 2637 1315 2692 veredi
1364 2642 1669 2708 parentum
1735 2638 1846 2709 (96)
1911 2638 1968 2692 in
2029 2637 2172 2694 caelo
2282 2653 2369 2692 co.
2405 2678 2461 2693 ..
2497 2677 2510 2691 .
2547 2637 2665 2693 .nia
2720 2653 2822 2693 ara
2874 2636 3261 2708 consumpsit.
3316 2637 3628 2694 Larentina
3682 2638 3741 2692 in
3801 2638 3926 2693 inde

534 2726 759 2791 sedent,
793 2743 899 2781 cur
953 2743 1068 2781 non
1100 2728 1293 2797 potius
1322 2725 1514 2798 Argivi
1567 2727 1812 2796 juvenes
1843 2726 1932 2781 dei
1964 2726 2171 2795 habiti,
2281 2725 2404 2782 sola
2435 2727 2670 2781 dormit.
2707 2767 2721 2781 .
2759 2767 2771 2780 .
2807 2768 2820 2781 .
2857 2727 2948 2782 .de
2978 2725 3210 2782 lenonio
3239 2725 3377 2782 ludo
3396 2726 3632 2798 jactitat
3659 2742 3721 2783 se
3768 2742 3925 2782 som-

536 2814 692 2885 quod
729 2816 996 2879 matrem,
1033 2830 1102 2868 ne
1131 2814 1190 2868 in
1224 2814 1407 2868 sacris
1431 2813 1725 2884 piaculum
1763 2813 2170 2881 committeret,
2281 2815 2394 2872 niis
2424 2814 2657 2870 Herculi
2692 2815 2969 2878 functam,
3003 2819 3059 2871 et
3088 2815 3298 2886 potuit,
3333 2815 3473 2871 dum
3525 2814 3722 2872 animo
3777 2831 3918 2871 con-

531 2901 666 2974 plus
699 2918 876 2972 quam
909 2901 1168 2957 humano
1201 2901 1602 2973 morejugales
1624 2902 2048 2973 provexerunt?
2071 2920 2174 2959 cur
2278 2904 2618 2976 templatur,
2653 2904 2880 2959 somnio
2912 2904 3050 2975 pati.
3084 2907 3221 2958 Eam
3252 2904 3324 2960 de
3377 2904 3498 2959 aede
3555 2903 3925 2977 progredien-

532 3007 646 3046 non
680 2991 868 3062 magis
901 2991 1025 3059 dea,
1059 3008 1183 3062 quae
1221 2991 1402 3061 magis
1436 2991 1551 3063 pia,
1587 2991 1686 3046 illa
1715 2991 1837 3047 ﬁlia
1889 2994 2070 3063 patris
2111 2993 2169 3048 in
2278 2999 2394 3048 tem
2426 3008 2598 3048 mane
2629 2991 2814 3065 primo
2842 2992 3079 3065 quidem
3112 2991 3472 3063 adolescens,
3504 2991 3717 3049 tertius
3765 2993 3924 3064 quod

533 3095 762 3135 carcere
808 3080 960 3134 fame
1033 3079 1240 3135 defecti
1316 3079 1596 3135 uberibus
1655 3081 1780 3136 suis
1830 3080 2174 3136 educatrix?
2279 3081 2446 3137 aiunt
2479 3080 2775 3148 Hercules,
2809 3080 3189 3152 concupiscit,
3244 3081 3316 3137 ad
3375 3097 3460 3138 se.
3496 3125 3509 3139 .
3547 3123 3560 3138 .
3591 3120 3608 3140 .
3647 3098 3718 3138 .s.
3753 3122 3768 3137 .
3806 3122 3820 3137 .
3855 3123 3869 3137 .
3908 3122 3924 3138 .

529 3169 676 3233 Quid
711 3167 869 3224 aliud
900 3167 1086 3225 )Eneae
1116 3168 1463 3240 gloriosum,
1492 3169 1604 3225 nisi
1631 3170 1784 3240 quod
1807 3169 2005 3242 praelio
2030 3175 2170 3226 Lau-
2205 3228 2242 3242 Α
2278 3169 2334 3224 id
2368 3169 2590 3224 dictum
2623 3168 2735 3224 sibi
2767 3169 2838 3224 ab
2871 3168 3134 3240 Hercule,
3195 3170 3420 3242 utique.
3457 3211 3471 3226 .
3504 3211 3517 3226 .
3555 3212 3568 3227 .
3595 3211 3609 3226 .
3659 3174 3923 3226 ceantur.

528 3257 756 3313 rentino
784 3274 1077 3330 nusquam
1111 3259 1478 3329 comparuit?
1497 3259 1718 3314 Rursus
1735 3260 1975 3315 forsitan
1999 3260 2170 3316 solito
2199 3257 2242 3296 υ
2278 3263 2402 3314 Non
2435 3259 2589 3314 enim
2622 3258 2862 3330 impune
2892 3257 3051 3314 licui.
3087 3299 3099 3312 .
3137 3300 3150 3314 .
3187 3298 3200 3311 .
3238 3260 3390 3314 .dem
3418 3275 3650 3332 quoque
3679 3259 3924 3328 scribit;

529 3361 688 3401 more
720 3345 888 3417 quasi
931 3347 1193 3402 desertor
1249 3363 1279 3402 e
1338 3347 1535 3419 prmlio
1593 3347 1826 3419 fugerit.
1886 3349 2170 3405 Romulus
2281 3364 2415 3403 mox
2437 3345 2540 3403 illa
2569 3363 2734 3418 prop.
2771 3389 2783 3402 .
2820 3389 2834 3402 .
2870 3386 2881 3400 .
2921 3391 2933 3404 .
2994 3363 3098 3419 per
3153 3346 3461 3404 Herculem
3521 3349 3709 3404 fuerat
3765 3348 3927 3404 inse-

529 3449 691 3504 asque
721 3439 852 3504 post
883 3438 1127 3489 mortem
1163 3435 1331 3502 deus,
1363 3435 1411 3490 si
1461 3436 1600 3506 quia
1648 3437 1850 3490 urbem
1912 3437 2172 3492 condidit
2279 3440 2436 3500 cuta,
2485 3452 2710 3507 agrum.
2741 3477 2755 3490 .
2789 3477 2803 3491 .
2835 3473 2851 3490 .
2891 3477 2904 3490 .
2959 3435 3322 3492 divinitatem
3379 3441 3437 3492 et
3488 3437 3715 3494 ﬁliabus
3773 3437 3922 3508 suis,

530 3521 696 3591 deus,
731 3539 916 3594 usque
946 3523 1004 3576 in
1054 3523 1324 3593 feminas,
1383 3523 1618 3579 urbium
1676 3529 1963 3580 auctores.
2021 3529 2170 3582 Sane
2279 3541 2427 3596 quas
2461 3526 2706 3596 utipsas
2737 3524 2796 3580 h.
2831 3565 2843 3579 .
2882 3565 2894 3578 .
2935 3568 2946 3580 .
2983 3567 2996 3581 .
3047 3525 3208 3580 dium
3263 3542 3296 3580 a
3351 3527 3763 3582 Larentiniana
3808 3531 3924 3582 Ro-

527 3609 814 3665 Romulus
845 3616 900 3664 et
933 3612 1170 3666 fratrem
1199 3612 1489 3667 interfecit
1531 3617 1589 3667 et
1645 3612 1865 3668 alienas
1914 3613 2167 3684 virgines
2279 3630 2587 3669 manorum
2621 3613 2870 3669 numina
2899 3613 3081 3686 digni.
3119 3656 3133 3670 .
3168 3657 3181 3670 .
3221 3657 3233 3669 .
3268 3657 3283 3671 .
3317 3614 3442 3671 sola
3469 3616 3538 3672 de
3585 3620 3672 3672 tot
3725 3615 3922 3672 uxori-

527 3697 660 3754 dolo
691 3697 906 3769 rapuit.
941 3698 1072 3754 Ideo
1102 3699 1378 3762 Quirinus
1408 3705 1518 3768 est,
1552 3700 1690 3771 quia
1721 3704 1861 3756 tunc
1912 3703 2168 3773 parenti-
2277 3705 2390 3760 bus
2450 3703 2683 3759 Herculi
2741 3719 2897 3774 cara,
2939 3705 3065 3760 sola
3121 3705 3279 3760 enim
3361 3707 3546 3763 dives.
3611 3747 3624 3762 .
3661 3750 3674 3763 .
3711 3749 3726 3762 .
3779 3747 3793 3762 .
3857 3724 3925 3763 or

525 3787 639 3842 bus
669 3786 1014 3857 quiritatum
1049 3791 1138 3842 est
1162 3805 1266 3860 per
1297 3788 1486 3844 illum.
1522 3789 1668 3854 Quid
1699 3790 1995 3846 Sterculus
2054 3793 2168 3865 (97)
2276 3794 2480 3850 Cerere
2535 3809 2663 3864 quae
2738 3798 2964 3850 mortuo
3059 3793 3300 3866 placuit.
3359 3799 3464 3852 Tot
3517 3796 3800 3868 exemplis
3865 3801 3924 3853 et

527 3875 744 3930 meruit
775 3875 847 3930 ad
881 3875 1290 3932 divinitatem?
1319 3876 1375 3930 Si
1432 3893 1604 3949 agros
1661 3879 2018 3935 stercoribus
2067 3882 2167 3951 ju-
2275 3899 2365 3938 vo.
2403 3923 2417 3936 .
2453 3923 2465 3936 .
2502 3922 2516 3938 .
2552 3922 2564 3935 .
2599 3881 2733 3952 quis
2764 3897 2880 3938 non
2931 3881 3076 3938 deus
3137 3883 3419 3939 afﬁrmari
3479 3883 3722 3956 potuit?
3777 3885 3920 3950 Quis

524 3964 708 4020 vendo
741 3963 990 4036 diligens
1023 3963 1151 4035 fuit,
1177 3964 1309 4036 plus
1338 3965 1462 4021 ﬁmi
1491 3966 1710 4038 Augias
1730 3967 2082 4025 conferebat.
2106 3970 2166 4026 Si
2275 3970 2527 4042 denique
2554 3971 2806 4027 Antinoo
2829 3970 3283 4028 controversiam
3312 3972 3632 4029 divinitatis
3657 3973 3918 4045 agitavit,

523 4057 757 4110 Faunus
786 4052 904 4109 Pici
926 4051 1084 4109 ﬁlius
1109 4053 1168 4108 in
1184 4054 1285 4125 jus
1301 4053 1634 4128 agitabatur
1651 4055 1970 4128 (98)mente
1991 4057 2164 4130 ictus,
2275 4059 2432 4132 quod
2463 4059 2725 4116 decorior
2759 4060 3125 4133 Ganymedes
3145 4060 3221 4134 (1)
3246 4065 3350 4118 aut
3370 4061 3602 4117 cbarior
3625 4078 3732 4119 suo
3759 4078 3919 4118 ama-

1943 4254 2145 4318 Variae
2173 4255 2494 4320 lectiones.

594 4355 640 4392 ιτ
664 4355 868 4427 Rigalt.
904 4356 1255 4426 Laurentia;
1287 4355 1364 4430 cf.
1397 4357 1550 4430 Apol.
1585 4357 1669 4417 13.

1957 4505 2481 4569 Gommentarius.

595 4640 708 4724 (94)
741 4641 928 4725 Segnet
947 4643 1195 4725 proditor
1257 4643 1457 4725 patri}?
1530 4647 1754 4725 Agnetis.
1813 4648 2022 4725 {Encas
2070 4648 2167 4705 ille
2194 4651 2244 4717 D
2275 4666 2309 4706 a
2338 4665 2456 4720 qua
2477 4648 2728 4725 ﬂorialia
2757 4649 2914 4725 dicta
2937 4654 3095 4707 sunt.
3129 4651 3374 4708 Variant
3401 4653 3496 4710 hic
3525 4653 3721 4710 Critici
3757 4671 3771 4710 :
3831 4653 3913 4712 le-

520 4713 1078 4797 qui.pius‘Yirgilio,
1110 4715 1204 4797 hic
1233 4713 1494 4797 proditor
1549 4719 1781 4797 dicitur,
1847 4721 2163 4797 statimque
2194 4713 2233 4717 _
2273 4713 2421 4797 guilt
2441 4721 2538 4777 alii
2569 4724 3062 4797 Laurentiumseu
3093 4725 3436 4781 Laurentina
3454 4742 3474 4787 ;
3505 4725 3602 4781 alii
3635 4743 3766 4782 vero
3800 4728 3908 4783 La-

527 4785 679 4868 ratio
696 4785 1044 4868 subjicitur,
1078 4787 1218 4866 quia
1249 4787 1548 4868 ardentem
1607 4785 1855 4868 patriam
1884 4785 2162 4868 deseruit,
2271 4785 2499 4868 gentia;
2537 4793 2632 4848 alii
2661 4794 2887 4868 etiam”
2919 4785 3301 4868 distinguunt
3354 4785 3510 4854 inter
3565 4797 3795 4854 Floram
3856 4802 3913 4854 et

520 4860 578 4909 et
607 4855 887 4942 Didonem
914 4855 1130 4942 $ichaei
1152 4858 1305 4929 regis
1335 4855 1868 4942 v_iduam."C_aatera
1892 4940 1898 4942 _
1923 4880 2066 4942 quae.
2102 4855 2162 4919 in
2273 4855 2623 4942 Larentiam,
2660 4865 2891 4942 Min_utii
2922 4855 3145 4942 Felicis”
3145 4869 3480 4942 testimonio
3497 4869 3646 4942 fulti,
3669 4870 3767 4942 qui
3791 4869 3909 4925 ait:

519 4927 903 5013 sequentibus
925 4927 1263 5013 nutriantur;
1259 4930 1462 4988 multis
1491 4936 1741 4989 tractata
1769 4927 1987 4992 suntin
2029 4937 2165 5007 Apo-
2272 4959 2301 4986 «
2335 4937 2485 5013 sane
2514 4941 2572 4991 et
2589 4927 2746 5013 Acca
2775 4938 3058 5013 Larentia
3075 4945 3132 4995 et
3163 4939 3330 4995 Flora
3386 4927 3719 4998 meretrices
3776 4958 3910 5013 pro-

523 4997 630 5068 log.
661 5015 788 5069 cap.
819 5000 890 5053 25
918 5003 974 5054 et
992 5001 1081 5054 50.
1117 5001 1192 5055 Ls
1224 5001 1324 5056 Pa.

592 5069 706 5145 (95)
730 5072 978 5128 Femina}
1006 5073 1236 5145 Punicae
1267 5073 1663 5145 subjiciendus.
1696 5076 1852 5131 Infra
1882 5075 2160 5134 feminam

518 5140 796 5197 Punicam
831 5144 1176 5199 censendus.
1213 5148 1334 5198 Rm.

591 5214 703 5300 (96)
737 5214 797 5300 ᾅί
825 5215 1347 5300 verediparegturn.
1408 5216 1472 5270 In
1525 5217 1699 5300 Agob.
1920 5218 2160 5300 legitur,

514 5285 572 5362 si
596 5287 794 5357 bisepte
821 5285 1137 5357 parentum.
1170 5288 1338 5362 F_‘_orte
1368 5303 1440 5343 an
1471 5285 1774 5362 scripserit
1818 5285 2158 5362 Septimius,

515 5359 804 5434 viceporjta'
831 5367 1145 5434 parentum2
1181 5358 1299 5415 Hoc
1329 5365 1436 5428 est,
1469 5361 1570 5432 qui
1595 5358 1869 5434 parentes
1892 5358 1924 5416 ἆ
1946 5358 2160 5434 quibus

516 5430 731 5506 portati
753 5435 916 5506 sunt,
947 5430 1210 5486 vicissim
1242 5430 1670 5502 portantisen'io
1699 5450 1904 5506 graves
1929 5430 1980 5500 ;’
2002 5436 2158 5506 quod

517 5500 725 5556 fecisse
757 5502 974 5557 dicitur
999 5500 1428 5558 Encas—IDEM.

592 5571 701 5647 (9?)
733 5572 1034 5647 Sterculus.
1070 5574 1251 5647 Vetus
1281 5575 1592 5647 scriptura,
1652 5575 1942 5632 Stercolus.
1989 5579 2154 5647 IDEM.

587 5641 699 5716 (ἓξ)
732 5644 792 5716 (ῃ
814 5645 908 5716 jus
937 5646 1270 5716 agitabatur.
1303 5641 1515 5702 Contra
1553 5648 1656 5716 jus
1712 5647 1936 5716 fasque.
1999 5646 2153 5702 IDEM.

591 5663 699 5710 ιυσ)
732 5663 792 5697 ιη
814 5663 908 5716 jus
937 5663 1270 5716 aguaoazur.
1303 5663 1515 5702 uomra
1553 5663 1656 5716 jus
1712 5663 1796 5702 ras
1845 5663 1936 5701 ue.
1999 5663 2153 5702 IDEM.

591 5711 700 5786 (99)
733 5715 847 5786 Non
888 5717 1090 5786 puduit
1143 5720 1390 5773 auctores
1447 5726 1650 5774 vestros
1681 5717 1747 5772 de
1799 5663 2156 5775 gaurentina.

510 5779 722 5840 Eadem
753 5779 1030 5842 hisceret
1059 5787 1416 5859 propudiosa
1445 5787 1660 5846 mulier
1691 5804 1827 5848 cum
1856 5789 2025 5848 Flora
2053 5788 2156 5850 ille

2271 5008 2552 5080 pudiosaa,
2585 5008 2738 5064 inter
2766 5011 3001 5067 morbos
3030 5011 3425 5069 Romanorum
3456 5019 3515 5069 et
3561 5014 3699 5070 deos
3755 5008 3911 5071 c'om-

2270 5081 2561 5152 putandae.
2598 5081 2760 5135 IDEM.

2342 5152 2415 5225 (1)
2449 5152 2602 5220 Quod
2625 5151 2874 5208 (ἰασονίον
2903 5151 3262 5225 Ganymedes.
3323 5155 3385 5210 Id
3443 5155 3595 5212 inter
3646 5163 3908 5214 veterum

2270 5221 2642 5296 diliramenta
2670 5240 2982 5296 commune
3013 5221 3102 5282 est
3127 5227 3198 5282 do
3229 5243 3336 5282 suo
3363 5227 3522 5296 Jove,
3557 5229 3712 5285 unde
3740 5230 3906 5286 Ovid.

2270 5292 2372 5352 lib.
2401 5312 2437 5350 x
2467 5295 2827 5367 Metamorph.
2850 5312 2872 5352 .·

2331 5445 2728 5516 Βεξευρςνιιω
2753 5447 2968 5516 Phrygii
2996 5450 3246 5516 quoniam
3264 5450 3588 5516 Ganymedis
3620 5467 3818 5504 amore.

2327 5508 2480 5578 Arsil,
2513 5513 2566 5559 et
2593 5508 2876 5578 inventum
2897 5508 2985 5578 est
3012 5508 3234 5576 aliquid,
3265 5508 3412 5578 quod
3438 5515 3645 5578 Jupiter
3673 5531 3807 5577 esse,

2327 5571 2496 5630 Quam
2525 5572 2669 5636 quod
2699 5577 2830 5637 erat,
2863 5574 3064 5626 mallet.

2267 5723 2401 5803 Quae
2423 5720 2611 5803 hic-ut
2628 5727 2686 5779 et
2706 5723 2820 5782 alia
2848 5724 3038 5783 multa
3066 5742 3180 5783 non
3205 5727 3310 5784 abs
3338 5743 3400 5784 re
3429 5728 3630 5800 objicit
3659 5731 3910 5803 scriptor

2266 5796 2486 5851 noster.
2519 5793 2680 5851 lnam.
