4264 6378
424 376 542 439 673

1629 378 1736 439 AD
1782 377 2204 441 NATIONES.
2236 411 2313 421 -—
2343 377 2489 438 LIB.
2540 379 2617 441 Il.

3716 387 3835 445 674

422 511 534 569 tori
564 511 607 554 ιδ
628 510 657 567 ?
683 512 850 585 Apud
882 529 985 569 vos
1016 512 1264 569 mortuis
1296 512 1531 581 cmlum,
1591 512 1747 568 viam
1799 512 1869 568 ab
1930 511 2073 567 infe-
2100 514 2155 581 Α
2190 512 2446 584 positum
2480 511 3081 582 demonstrandi,illos
3104 531 3308 571 omnes
3330 515 3602 573 homines
3623 517 3836 590 fuisse;

424 602 504 657 ris
527 601 597 657 ad
631 606 791 656 astra
819 601 1133 671 subigitur.
1190 602 1349 657 Pass.
1398 642 1411 656 .
1457 639 1470 654 .
1518 642 1531 656 .
1586 600 1669 655 ita
1726 600 2073 655 ascendunt.

418 693 503 747 Ne
574 690 827 746 multum
883 692 1101 762 putetis
1169 706 1273 746 vos
1331 695 1610 762 praestare
1668 689 1905 761 regibus
1980 706 2075 744 ve-

425 779 588 836 stris.

494 869 618 925 Non
652 869 908 924 contenti
940 884 1038 924 eos
1070 868 1208 925 deos
1238 883 1597 932 asseverare,
1623 867 1724 939 qui
1755 868 1862 923 visi
1896 872 2071 936 retro,

423 957 607 1013 auditi
639 956 1097 1029 contrectatique
1119 962 1280 1023 sunt,
1315 974 1566 1029 quorum
1597 957 1819 1029 efﬁgies
1850 957 2073 1011 descri-

426 1054 561 1120 ptae,
586 1048 821 1120 negotia
850 1047 1097 1115 digesta,
1133 1048 1407 1103 memoris
1454 1052 1795 1118 propagata,
1831 1046 2071 1101 umbras

423 1136 619 1191 nescio
652 1152 801 1207 quas
831 1133 1250 1206 incorporales,
1308 1135 1679 1205 inanimales,
1739 1140 1795 1190 et
1832 1135 2072 1191 nomine.

422 1225 492 1279 de
524 1226 701 1280 rebus
731 1224 1061 1296 efﬂagitant
1086 1225 1343 1296 deosque
1392 1225 1687 1291 sanciunt,
1746 1224 2071 1280 dividentes

420 1330 657 1369 omnem
694 1318 913 1369 statum
946 1312 1202 1369 hominis
1249 1313 1501 1385 singulis
1558 1314 1948 1385 potestatibus
1997 1314 2068 1369 ab

418 1402 545 1475 ipso
578 1402 815 1474 quidem
848 1401 995 1457 uteri
1028 1405 1337 1473 conceptu,
1366 1407 1430 1457 ut
1470 1401 1520 1457 si
1561 1402 1708 1457 deus
1749 1402 2069 1457 Consevius

418 1491 785 1565 quidam,qui
818 1490 1261 1570 consationibus
1292 1490 1762 1546 coucubitalibus
1788 1491 2069 1563 prmsit,et

417 1581 719 1647 Fluviona,
749 1580 1253 1651 quaeini‘antemin
1286 1583 1470 1635 utero.
1519 1621 1532 1635 .
1579 1621 1591 1635 .
1638 1620 1650 1633 .
1699 1581 1877 1636 .hinc
1900 1579 2063 1634 Vitu-

420 1686 615 1741 mnus,
648 1674 707 1725 et
734 1668 1143 1740 Sentinus,per
1173 1685 1345 1740 quem
1367 1669 1611 1724 viviscat
1642 1669 1835 1725 infans
1867 1672 1923 1724 et
1940 1685 2066 1723 sen-

420 1758 595 1815 tiat...
635 1774 648 1813 :
681 1756 892 1813 dehinc
923 1757 1347 1829 Diespiter,qui
1378 1774 1624 1829 puerum
1659 1759 1938 1829 perducat
1997 1758 2065 1813 ad

421 1852 679 1920 partum.
706 1849 847 1903 Cum
880 1846 1032 1918 prin.
1078 1889 1092 1902 .
1138 1890 1151 1902 .
1197 1890 1209 1904 .
1256 1888 1268 1902 .
1302 1852 1359 1903 et
1389 1847 1769 1918 Candelifera,
1786 1848 2063 1919 quoniam

421 1943 480 1993 et
538 1936 790 1993 candela
849 1936 1076 1993 lumina
1120 1936 1443 2008 pariebant,
1485 1941 1543 1991 et
1591 1954 1738 2008 quis.
1776 1980 1787 1991 .
1836 1979 1848 1992 .
1887 1977 1899 1990 .
1945 1975 1957 1988 .
2000 1953 2067 1991 us

422 2027 611 2082 dictas.
646 2027 920 2082 Pervorse
960 2034 1147 2081 natos.
1194 2067 1206 2080 .
1252 2066 1265 2079 .
1312 2068 1324 2082 .
1372 2027 1494 2081 .Ito
1528 2027 1715 2081 Prcsee
1756 2026 2072 2081 carmentis

422 2132 552 2171 esse
577 2115 803 2187 provin.
839 2154 853 2170 .
900 2156 913 2169 .
960 2155 972 2169 .
1018 2155 1030 2169 .
1063 2119 1120 2170 et
1151 2114 1414 2170 abeii‘atu
1442 2118 1710 2181 Farmus,
1750 2119 1809 2169 et
1860 2114 1991 2170 aliis
2036 2132 2069 2169 a

422 2204 499 2258 lo.
544 2218 560 2270 ,
605 2245 617 2260 .
663 2245 676 2259 .
724 2218 879 2259 .nem
912 2203 983 2258 ad
1010 2203 1331 2258 cavendum
1361 2203 1828 2259 sumministrat.
1876 2242 1887 2255 .
1934 2243 1947 2258 .
1992 2242 2005 2258 .
2052 2243 2065 2257 .

420 2294 508 2349 rix
538 2298 595 2349 et
614 2292 859 2359 Albana,
892 2296 948 2348 et
969 2309 1085 2348 una
1108 2292 1370 2347 Hucinia.
1404 2292 1614 2347 Mirum
1660 2333 1672 2346 .
1718 2335 1729 2348 .
1776 2335 1788 2347 .
1836 2335 1848 2347 .
1894 2332 1905 2346 .
1950 2309 2065 2347 non

419 2398 549 2439 esse
578 2382 859 2455 provisos.
896 2382 1113 2437 Exinde
1145 2387 1202 2437 et
1232 2381 1406 2453 primi
1465 2381 1578 2436 cibi
1639 2398 1772 2436 sum
1816 2422 1827 2434 .
1875 2422 1888 2435 .
1928 2421 1941 2435 .
1992 2423 2004 2437 .
2048 2422 2061 2436 .

421 2472 628 2529 Pctina
655 2476 712 2528 et
734 2471 939 2540 Eluda,
972 2476 1029 2527 et
1061 2470 1359 2526 statuendi
1410 2470 1656 2526 infantis
1706 2476 1816 2525 sta.
1865 2512 1878 2524 .
1923 2509 1937 2523 .
1986 2513 1997 2526 .
2044 2511 2058 2528 .

419 2563 514 2631 do,
546 2562 803 2630 Abeona,
838 2565 896 2616 et
926 2561 1333 2629 Domidueam,
1356 2565 1412 2615 et
1438 2559 1658 2615 habent
1690 2560 1924 2615 Edeam.
1991 2601 2004 2614 .
2050 2601 2063 2614 .

424 2692 437 2706 .
480 2692 494 2707 .
539 2668 603 2706 ,ω
633 2654 691 2706 et
722 2650 960 2706 malam.
982 2654 1126 2706 Item
1159 2649 1501 2705 voluntatis.
1537 2648 1914 2717 Volumnum,
1948 2653 2064 2705 Vo-

421 2739 623 2796 letam.
668 2781 682 2795 .
730 2781 743 2795 .
784 2778 801 2796 .
848 2780 863 2795 .
898 2739 1294 2806 Paventinam,
1363 2740 1622 2805 Pavoris,
1675 2738 1831 2809 Spei,
1873 2738 2064 2794 Venil-

418 2828 594 2897 liam;
646 2827 988 2900 voluptatis,
1051 2826 1380 2897 Volupiam.
1428 2869 1441 2882 .
1487 2869 1500 2882 .
1548 2870 1559 2883 .
1600 2827 1778 2891 .ntiaa,
1842 2827 2065 2883 Praesti-

418 2920 595 2987 tiam;
646 2933 809 2988 aque
867 2917 939 2971 ab
996 2920 1151 2986 actu,
1209 2916 1743 2988 Peragenoremza
1806 2917 2068 2973 consiliis

418 3006 1049 3075 Consam;juventam,
1112 3020 1393 3059 novorum
1465 3009 1827 3075 togatorum:
1905 3006 2060 3061 601

415 3095 677 3150 virorum
700 3094 851 3163 jam,
885 3094 1118 3147 fortuna
1164 3092 1425 3148 barbata.
1471 3134 1485 3146 .
1531 3133 1544 3147 .
1591 3134 1603 3146 .
1642 3135 1653 3145 .
1706 3093 2068 3165 nuptialibus

417 3183 725 3238 disseram.
757 3181 1065 3235 Aii‘erenda
1093 3185 1183 3235 est
1211 3180 1283 3234 ab
1306 3180 1615 3236 afferendis
1645 3180 1878 3237 dotibus
1918 3182 2069 3236 ordi-

418 3278 554 3327 nata
596 3312 611 3327 .
658 3312 671 3327 .

418 3360 528 3415 dea
556 3360 873 3427 Pertunda,
904 3362 962 3413 et
1006 3358 1286 3429 Subigus,
1332 3364 1391 3413 et
1436 3358 1661 3413 Prema.
1708 3401 1720 3413 .
1768 3401 1781 3415 .
1827 3401 1839 3413 .
1885 3401 1897 3414 .
1933 3378 2067 3430 par-

418 3450 550 3517 cite,
585 3448 677 3504 dei
726 3448 1124 3518 impudentes,
1188 3447 1548 3503 lactantibus
1601 3448 1837 3519 sponsis
1895 3465 2067 3506 nemo

418 3536 807 3594 intervenit...
853 3554 1104 3608 quorum
1162 3543 1360 3592 votum
1411 3542 1501 3593 est
1549 3537 1690 3593 foris
1747 3540 2068 3607 gaudentes

422 3628 778 3683 erubescunt
806 3627 870 3681 ‘9.

494 3717 583 3770 12.
616 3716 684 3770 Et
709 3731 965 3787 quonam
1000 3732 1189 3787 usque
1246 3715 1402 3771 deos.
1450 3757 1463 3771 .
1510 3756 1523 3770 .
1585 3714 1723 3787 quia
1779 3716 2067 3773 disseren-

429 3804 801 3875 dum,quales
828 3805 967 3859 deos
1000 3803 1653 3877 receperitis,quantum
1679 3805 1840 3860 vobis
1857 3822 2064 3863 erus...

419 3893 661 3950 Rideam
691 3894 1033 3963 vanitatem,
1067 3910 1139 3949 an
1173 3896 1516 3965 eXprobrem
1577 3894 1915 3963 caecitatem,
1975 3900 2068 3953 est

416 3983 737 4039 admodum
762 3983 1052 4038 incertum
1097 4024 1111 4039 .
1157 4025 1171 4038 .
1211 3983 1355 4038 Nam
1381 3987 1524 4054 quot
1574 3984 1734 4049 deos,
1795 3989 1852 4039 et
1916 4001 2064 4056 quos

414 4072 619 4143 utique
651 4070 1010 4143 producam?
1043 4072 1317 4143 majores,
1342 4089 1417 4127 an
1448 4079 1504 4128 et
1534 4072 1791 4129 minores
1821 4074 1896 4144 (3)
1920 4074 2064 4130 ?ve-

410 4163 584 4231 teres,
617 4177 690 4216 an
714 4165 772 4216 et
802 4160 1053 4217 novitics
1079 4163 1102 4215 P
1143 4176 1355 4231 mares,
1391 4177 1464 4217 an
1487 4164 1543 4216 et
1574 4161 1824 4217 feminas
1846 4164 1874 4216 ?
1910 4163 2061 4218 caeli-

408 4248 536 4316 bes,
559 4265 632 4305 an
664 4254 723 4305 et
746 4248 820 4304 le.
867 4290 879 4303 .
928 4289 943 4307 .
989 4290 1003 4305 .
1042 4248 1102 4304 .?
1134 4249 1408 4315 artiﬁces,
1433 4267 1507 4305 an
1541 4254 1598 4306 et
1652 4250 1869 4307 inertes
1890 4252 1917 4306 ?
1964 4269 2060 4307 ru-

406 4338 609 4405 sticos,
634 4355 707 4393 an
741 4343 798 4394 et
829 4339 1088 4394 urbanos
1115 4337 1334 4406 ?cives,
1365 4355 1438 4393 an
1470 4344 1527 4394 et
1542 4340 1925 4411 peregrinos?
1956 4341 2063 4396 Tot

407 4427 563 4482 enim
585 4427 930 4494 familiamot
947 4427 1215 4483 nationes
1231 4444 1441 4483 sensus
1456 4429 1611 4484 bona
1626 4429 1737 4484 ﬁde
1763 4434 2056 4500 quaerunt,

402 4517 699 4588 utdispici
724 4523 780 4573 et
809 4518 1095 4589 distingui
1118 4517 1494 4589 describique
1547 4535 1658 4573 non
1709 4517 1961 4590 possint,
1999 4524 2058 4574 et

2096 1892 2144 1958 B

2188 618 2302 657 non
2336 603 2573 673 quidem
2598 608 2661 659 ut
2691 603 3227 675 cognoscatis,nam
3251 604 3421 676 quasi
3443 605 3623 661 oblita
3639 608 3832 680 agitis,

2186 692 2532 763 compendio
2565 693 2635 747 ab
2693 693 2823 764 ipsa
2877 691 3240 765 despiciendi
3269 695 3493 750 ratione
3539 713 3836 754 summam

2187 781 2472 851 originem
2514 782 2743 852 generis
2778 781 3007 838 illorum
3046 786 3439 840 retractando.
3474 786 3636 857 Origo
3678 787 3834 844 enim

2184 868 2367 924 totius
2396 869 3048 941 posteritatis.anrigo
3081 871 3319 926 deorum
3355 877 3675 928 vestrorum
3730 875 3831 930 Sa-

2183 960 2377 1025 turno,
2413 962 2475 1012 ut
2504 959 2730 1029 opinor,
2766 958 3052 1029 signatur.
3097 965 3289 1031 Neque
3358 961 3512 1016 enim
3548 962 3595 1016 si
3654 963 3835 1022 Varro

2183 1046 2632 1118 antiquissimos
2664 1049 2803 1103 deos
2834 1048 3062 1117 Jovem,
3093 1049 3394 1103 Junonem
3427 1056 3484 1105 et
3516 1051 3833 1109 Minervam

2182 1136 2379 1202 refert,
2413 1136 2585 1191 nobis
2619 1136 2905 1191 excidisse
2938 1137 3129 1201 debet,
3166 1153 3397 1192 omnem
3430 1145 3654 1210 patrem
3698 1141 3836 1198 filiis

2180 1224 2596 1295 antiquiorem,
2630 1228 2751 1279 tam
2796 1226 3110 1279 Saturnum
3157 1226 3317 1294 Jove,
3379 1243 3555 1298 quam
3611 1229 3829 1285 Caelum

2181 1313 2436 1369 Saturno
2466 1332 2478 1381 ;
2512 1315 2582 1369 de
2602 1314 2753 1369 Caelo
2780 1315 2936 1370 enim
2970 1320 3026 1369 et
3053 1315 3229 1371 Terra
3259 1315 3569 1372 Saturnus.
3620 1322 3682 1372 Et
3740 1324 3831 1374 ta—

2179 1418 2309 1456 men
2346 1402 2483 1457 Cceli
2515 1407 2570 1457 et
2599 1402 2787 1458 Terrae
2846 1402 3127 1473 originem
3179 1394 3648 1461 omitto.‘.Erant
3688 1406 3827 1463 inde

2189 1490 2419 1547 caelibes
2445 1492 2544 1545 diu
2576 1495 2633 1547 et
2662 1490 2806 1562 orbi,
2831 1496 3146 1563 antequam
3183 1492 3371 1547 mariti
3422 1497 3479 1548 et
3534 1498 3828 1565 parentes.

2178 1580 2375 1650 Longo
2406 1580 2628 1636 scilicet
2656 1597 2773 1636 aevo
2799 1581 3175 1635 crescendum
3209 1580 3325 1637 illis
3361 1583 3469 1637 fuit
3499 1583 3569 1638 ad
3596 1587 3815 1641 tantam

2176 1669 2607 1740 proceritatem.
2640 1668 2901 1740 Denique
2943 1669 3118 1725 simul
3187 1671 3361 1742 coepit
3406 1676 3463 1727 et
3519 1671 3670 1729 Ccelo
3719 1690 3828 1729 vox

2176 1757 2525 1813 insolescere
2557 1764 2613 1813 et
2645 1759 2824 1813 ubera
2865 1763 3030 1813 terrae
3062 1757 3428 1830 lapillisccre,
3466 1761 3687 1816 faciunt
3718 1780 3828 1817 nu-

2176 1848 2328 1917 ptias
2378 1848 2529 1903 inter
2584 1863 2666 1903 se.
2722 1846 2925 1914 Credo,
2976 1850 3077 1901 aut
3132 1847 3350 1903 Caelum
3406 1850 3708 1906 descendit
3755 1851 3826 1906 ad

2179 1940 2588 2007 spcnsam,aut
2604 1938 2782 1993 Terra
2803 1936 3069 1992 ascendit
3089 1937 3158 1990 ad
3192 1954 3474 2006 sponsum
3501 1938 3522 1992 Ρ
3553 1941 3830 2011 Concepit

2176 2028 2373 2079 tamen
2406 2025 2581 2080 Terra
2609 2026 2679 2079 de
2708 2024 2859 2081 leo
2893 2030 2949 2080 et
2978 2026 3203 2097 peperit
3226 2025 3325 2081 illa
3380 2027 3586 2097 Athos,
3646 2027 3830 2085 Athos

2176 2117 2493 2169 Saturnum
2539 2114 2688 2169 mira
2746 2115 2989 2169 ratione.
3053 2112 3175 2168 Utri
3236 2120 3505 2171 arentum
3567 2116 3827 2173 similis?

2174 2203 2284 2258 Sed
2321 2210 2378 2257 et
2410 2204 2650 2274 peperit,
2683 2211 2837 2257 certe
2860 2207 2991 2257 ante
3022 2206 3338 2259 Saturnum
3374 2206 3665 2260 neminem
3691 2224 3828 2280 pro-

2176 2297 2540 2355 creaverunt,
2565 2292 2678 2347 nisi
2738 2309 2917 2346 unam
2966 2298 3169 2363 postea
3225 2296 3430 2363 Opem,
3490 2295 3697 2351 exinde
3753 2297 3825 2352 de

2175 2380 2381 2436 subole
2411 2386 2703 2435 cessatum
2729 2386 2835 2436 est.
2869 2380 3012 2435 Nam
3033 2387 3312 2437 saturuus
3337 2383 3573 2453 quidem
3604 2383 3826 2441 Caelum

2176 2470 2455 2525 castravit
2484 2470 3175 2541 dormientem.Legimus
3197 2470 3409 2527 Caelum
3430 2488 3639 2545 genere
3670 2490 3826 2532 mas-

2175 2560 2409 2615 culino:
2446 2566 2717 2615 caeterum
2752 2561 3041 2631 quomcde
3074 2561 3377 2631 pater,nisi
3413 2562 3830 2620 masculinus?

2175 2649 2285 2704 Sed
2320 2654 2377 2704 et
2410 2650 2563 2704 unde
2594 2650 2972 2704 castrandum
2997 2647 3019 2703 Ρ
3044 2648 3159 2704 falx
3182 2649 3266 2705 illi
3292 2667 3304 2705 :
3329 2650 3437 2705 hoc
3457 2668 3503 2706 s.
3551 2693 3563 2706 .
3607 2692 3620 2706 .
3657 2652 3696 2708 l.
3744 2696 3756 2709 .
3802 2696 3816 2710 .

2175 2738 2446 2793 Nondum
2480 2739 2634 2793 enim
2668 2737 2967 2792 Vulcanus
3000 2738 3206 2793 artifex
3238 2739 3395 2794 ferri.
3461 2741 3639 2796 Terra
3694 2758 3827 2798 vero

2176 2829 2381 2883 orbata
2402 2827 2764 2894 distulit,etsi
2789 2827 2979 2882 adhuc
2996 2826 3242 2898 juvenili
3268 2828 3563 2895 mtate,alii
3587 2829 3826 2888 nubere.

2177 2916 2289 2972 Sed
2322 2932 2427 2971 nec
2451 2916 2702 2972 habebat
2739 2915 2981 2972 Coelum.
3027 2958 3038 2971 .
3086 2956 3099 2969 .
3147 2957 3160 2970 .
3207 2958 3219 2972 .
3253 2920 3449 2972 tamen
3500 2917 3613 2973 nisi
3660 2916 3824 2975 illam

2175 3009 2328 3059 Mare
2355 3005 2744 3075 amplectitur,
2787 3005 2887 3058 sed
2920 3004 3036 3059 olet
3083 3003 3443 3075 salsuginem
3488 3048 3499 3059 .
3546 3048 3557 3060 .
3605 3047 3616 3060 .
3651 3008 3822 3079 aquis

2178 3098 2434 3149 assueta.
2470 3094 2555 3147 Ita
2586 3093 2876 3148 Saturnus
2900 3092 3106 3148 unicus
3139 3093 3437 3149 masculus
3481 3094 3613 3150 Coeli
3646 3099 3823 3167 atque

2177 3182 2386 3237 Terrae.
2419 3182 2529 3236 Sed
2562 3182 2685 3253 ipse
2719 3182 3043 3251 pubescens
3102 3182 3286 3236 sorori
3350 3200 3465 3236 sum
3515 3183 3811 3255 jungitur.

716 3309 732 3325 .
778 3311 791 3325 .
813 3270 936 3325 dor.
971 3275 1028 3324 et
1056 3273 1335 3324 Mutunus
1392 3275 1449 3324 et
1529 3270 1799 3325 Tutunus
1864 3271 1961 3341 (2),
2012 3276 2069 3326 et
2097 3258 2140 3324 (Ι
2179 3272 2449 3326 Nondum
2482 3275 2660 3341 teges,
2694 3287 2821 3340 qua:
2852 3271 3011 3325 602
3038 3270 3257 3326 incesta
3290 3270 3686 3342 prohiberent,
3714 3290 3818 3330 nec

2179 3378 2307 3431 quae
2340 3359 2719 3431 parricidium
2755 3357 3093 3429 plecterent.
3130 3359 3329 3430 Itaque
3362 3360 3512 3415 ﬁlios
3544 3360 3695 3416 virili
3730 3380 3820 3418 se-

2176 3468 2253 3505 xu
2294 3449 2646 3516 devorabat;
2677 3447 2888 3503 melius
2919 3448 3065 3519 ipse,
3098 3465 3275 3518 quam
3310 3448 3455 3520 lupi,
3489 3450 3535 3505 si
3568 3467 3817 3523 expone-

2178 3544 2302 3606 ret;
2338 3538 2579 3594 timebat
2610 3536 2855 3603 scilicet,
2889 3554 2960 3591 ne
2979 3524 3391 3607 quisi‘illorum
3451 3539 3521 3593 de
3580 3545 3824 3611 paterna

2177 3628 2322 3683 falce
2348 3627 2672 3682 didicisset.
2708 3626 2855 3681 Nato
2889 3642 3020 3681 mox
3050 3630 3106 3680 et
3136 3625 3465 3683 abalienato
3514 3628 3670 3695 Jove,
3722 3646 3821 3685 sa-

2175 3734 2315 3772 xum
2347 3717 2589 3772 infantis
2617 3714 2880 3770 ementiti
2913 3715 3238 3787 deglutivit.
3282 3716 3398 3771 Hoc
3429 3717 3664 3791 ingenio
3724 3718 3825 3775 diu

2174 3823 2445 3872 securus,
2477 3807 2715 3861 tandem
2750 3803 2894 3874 ﬁlio,
2926 3821 3097 3873 quem
3159 3806 3415 3861 nondum
3469 3808 3820 3879 digesserat,

2175 3896 2233 3951 in
2268 3895 2522 3951 tenebris
2553 3894 2749 3949 adulto
2769 3910 3088 3966 oppressus
3110 3911 3406 3966 regnoque
3422 3896 3682 3967 privatus
3714 3901 3823 3952 est.

2176 3985 2340 4040 Hunc
2373 3983 2534 4039 vobis
2564 3982 2961 4055 patriarcham
2994 3984 3259 4053 deorum,
3284 3983 3500 4039 Ccelum
3535 3989 3591 4040 et
3620 3986 3821 4057 Terra,

2174 4074 2360 4146 poetis
2383 4072 2901 4129 obstetrieantibus
2920 4073 3502 4143 procreaverunt.Sed
3528 4072 3824 4145 eleganter

2176 4164 2418 4235 quidam
2449 4161 2560 4218 sibi
2590 4162 2864 4217 videntur
2894 4160 3292 4233 physiologica
3325 4178 3426 4232 per
3446 4161 3819 4235 allegoricam

2172 4254 2743 4324 argumentationem
2777 4251 2846 4304 de
2876 4250 3121 4305 Saturus
3154 4250 3549 4321 interpretari,
3583 4258 3820 4324 tempus

2172 4356 2322 4409 esse,
2345 4345 2402 4396 et
2431 4340 2560 4395 ideo
2582 4338 2803 4393 Caelum
2836 4344 2893 4392 et
2914 4340 3154 4393 Terram
3188 4344 3552 4409 parentes,ut
3583 4345 3637 4395 et
3658 4340 3819 4412 ipsos

2171 4430 2383 4501 origini
2415 4427 2633 4496 nullos,
2667 4430 2723 4482 et
2750 4427 2877 4481 ideo
2911 4425 3210 4497 falcatum,
3243 4427 3377 4497 quia
3408 4433 3668 4499 tempore
3693 4447 3821 4486 om-

2170 4518 2267 4574 nia
2296 4518 2667 4587 dirimantur,
2706 4520 2762 4572 et
2791 4516 2920 4571 ideo
2952 4521 3273 4571 voratorem
3336 4533 3599 4584 suorum,
3662 4521 3816 4590 quod

403 4612 620 4677 quanto
652 4607 865 4662 diffusa
895 4624 988 4663 res
1020 4612 1127 4676 est,
1165 4612 1326 4662 tanto
1376 4607 1832 4679 substringenda
1881 4609 2050 4664 nobis
2081 4631 2130 4696 Ι)
2166 4609 2363 4664 omnia
2385 4625 2453 4662 ex
2488 4623 2550 4661 se
2579 4605 2814 4661 editain
2850 4622 2910 4661 se
2942 4606 3136 4676 ipsum
3170 4610 3503 4662 consumat.
3554 4607 3819 4666 Nominis

402 4696 530 4751 erit.
565 4696 634 4751 Et
663 4696 972 4768 ideo,quia
1003 4696 1063 4751 in
1085 4698 1197 4752 ista
1227 4697 1419 4767 specie
1445 4713 1625 4752 unum
1658 4703 1894 4753 tuemur
1913 4715 2051 4768 pro-

2163 4714 2393 4769 quoque
2422 4694 2826 4751 testimonium
2859 4692 3213 4764 compellant
3244 4710 3256 4749 :
3288 4696 3563 4750 Cronium
3598 4696 3820 4754 dictum

1824 4846 2027 4906 Variae
2074 4844 2394 4906 lectiones.

463 4967 507 5040 ξε
528 4967 888 5040 Gothofredus
913 4975 1011 5024 has
1043 4968 1270 5023 lacunas
1299 4970 1377 5023 sic
1406 4970 1645 5039 explevit
1682 4986 1693 5023 :
1728 4969 1974 5025 amatori
2037 4969 2257 5025 fuerit?
2276 4968 2654 5040 —subigitis.
2707 4966 2933 5040 Passim
2971 4965 3068 5040 alii
3127 4965 3207 5023 ita
3232 4970 3813 5026 ascenduntﬂaverc.

394 5037 471 5116 {id
499 5039 655 5110 Apol.
687 5037 751 5094 l3
782 5056 807 5116 :_
830 5041 1128 5116 amatori?
1162 5040 1326 5116 Patet
1358 5037 1511 5112 apud
1535 5059 1746 5116 vos_——-_
1772 5041 2068 5115 subigitis.
2123 5041 2348 5097 Passim
2399 5044 2476 5096 ite
2503 5037 2766 5098 catamiti
2809 5038 3157 5094 ascendunt.
3236 5041 3279 5074 ’δυ
3339 5046 3570 5098 Haverc.
3633 5044 3811 5116 suppl.

394 5108 663 5168 Humano
692 5113 901 5184 pudori
935 5113 1157 5186 parcite
1179 5143 1243 5153 --
1269 5108 1604 5180 intervenit,
1637 5112 1747 5185 ipsi
1796 5108 2069 5185 quorum,
2103 5118 2214 5170 etc.

1842 5256 2371 5319 Commentarius.

464 5370 541 5443 (2)
567 5374 835 5428 Mutunus
864 5378 917 5429 et
952 5376 1213 5441 Tutunus,
1245 5374 1505 5429 Conﬁcta
1535 5375 1606 5429 de
1634 5377 1755 5431 Meo
1806 5379 1863 5430 et
1907 5376 2032 5430 Tuo

395 5441 547 5518 inter
568 5443 854 5518 Vgenereos
886 5446 1192 5518 amplexus
1222 5445 1525 5503 vocabula.
1559 5447 1683 5502 Βία.

473 5515 550 5587 (3)
572 5516 797 5589 Majores
828 5535 900 5572 an
931 5515 1004 5573 δι’
1030 5521 1313 5574 minores?
1370 5518 1620 5588 Majores
1669 5522 1725 5573 et
1775 5519 2035 5574 minores

394 5586 537 5662 deos
565 5586 746 5645 fuisse
774 5607 944 5646 nemo
978 5591 1243 5662 ambigit.
1272 5592 1417 5646 Deos
1450 5586 1589 5647 item
1622 5607 1868 5661 magnos
1894 5591 2037 5644 duo-

393 5658 578 5734 decim
617 5661 797 5718 fuisse
859 5658 1273 5734 perspicuum:
1331 5662 1425 5716 hic
1464 5662 1658 5717 nescio
1717 5658 1785 5715 an
1859 5663 2036 5716 iidem

394 5728 511 5807 sint
544 5734 664 5788 acii
690 5735 760 5791 de
790 5728 1010 5807 quibus
1033 5734 1137 5789 lib.
1162 5734 1227 5789 de
1246 5735 1583 5804 Spectaculis
1614 5736 1816 5805 cap.8:
1848 5756 1866 5782 α
1896 5740 2040 5807 Ante

391 5800 499 5860 has
530 5807 646 5863 tres
705 5800 824 5865 arei
850 5807 1022 5866 trinis
1054 5807 1164 5865 diis
1182 5800 1401 5880 patent,
1433 5800 2041 5879 Magum-potentibus

2151 5372 2519 5440 valentibus;
2554 5373 2759 5428 eodem
2808 5375 2865 5427 et
2919 5370 3331 5427 Samothracas
3386 5371 3742 5429 existimant.
3777 5394 3806 5425 »

2149 5448 2195 5500 A
2231 5445 2712 5502 Samothracibus
2743 5442 3065 5515 derivatam
3098 5441 3236 5496 olim
3270 5442 3607 5511 religionem
3655 5462 3808 5515 prse-

2154 5524 2240 5572 ter
2271 5518 2542 5590 profanos
2574 5516 2878 5573 extstimat
2904 5512 3307 5569 Nazianzenus
3323 5512 3815 5590 Theologuspon-

2156 5586 2609 5645 tre—Julianum
2673 5590 2816 5657 imp.
2850 5586 3414 5659 atque‘omezeusw
3471 5586 3617 5659 παρὰ
3674 5588 3811 5658 θρη-

2154 5664 2264 5713 κῶν
2299 5664 2506 5717 deduci
2538 5662 2719 5723 ;f0rte
2740 5655 2806 5711 ad
2847 5655 2901 5708 id
2931 5655 3218 5711 conducet
3248 5660 3401 5728 quod
3434 5655 3612 5717 habet
3668 5655 3810 5717 Var-

2155 5751 2218 5789 ro
2253 5736 2323 5789 de
2359 5741 2416 5792 ιλ.
2458 5734 2750 5804 L.lib.,1v.
2776 5728 2871 5783 Ls.
2910 5728 3007 5782 Pa.
