4264 6368
499 391 619 454 675

1043 382 1572 446 TERTULLIANI
1614 380 1936 442 ΟΡΕῆοΜ
1981 380 2181 440 PARS
2224 378 2271 438 Ι.
2305 411 2383 424 —
2411 378 2690 439 SERIES
2732 379 2781 445 Ι,
2825 378 3397 439 APOLOGETICA.

3776 379 3899 438 676

497 540 703 597 graece,
736 525 800 578 ut
827 521 1128 587 Cbronon;
1160 532 1323 589 asque
1353 514 1539 571 Latini
1572 513 1840 570 vocabuli
1864 530 1898 570 a
1954 512 2132 568 satio-
2161 513 2217 581 Α
2245 511 2417 583 vulgo
2447 510 2679 584 generis
2704 510 2959 566 incertos
2989 513 3156 567 terra
3206 509 3358 566 ﬁlios
3396 509 3742 580 jactitamus
3789 511 3892 583 (5).

504 616 679 670 nibus
714 612 999 667 rationem
1037 649 1049 661 .
1087 650 1099 661 .
1136 649 1150 664 .
1185 649 1198 661 .
1238 650 1250 662 .
1284 604 1477 676 ut,qui
1531 619 1665 660 eum
1708 605 2137 675 procreatorem

501 703 1031 774 conjectantur,per
1063 712 1195 751 cum
1223 693 1532 749 seminalia
1554 692 1681 748 coeli
1712 691 1771 746 in
1797 695 2015 745 terram
2040 690 2137 744 de-

504 790 841 861 ferri.0pem
878 787 1231 857 adiungunt,
1265 783 1415 854 quod
1451 798 1619 853 opem
1648 780 1877 835 vivendi
1911 777 2139 834 semina

502 880 881 945 conferant,et
910 875 1063 946 quod
1098 888 1271 945 opere
1303 871 1530 927 semina
1559 871 1821 925 evadant.
1844 870 1981 932 Quas
2013 883 2132 933 oro,

498 968 674 1038 hujus
700 963 1201 1020 translationem..
1231 1001 1243 1014 .
1279 1001 1291 1015 .
1326 976 1530 1031 ponas.
1556 962 1670 1012 Aut
1698 959 1981 1013 Saturnus
2007 956 2133 1025 fuit,

497 1060 599 1112 aut
640 1059 895 1124 tempus.
929 1050 1228 1116 Quomodo
1244 1053 1554 1103 Saturnus.
1585 1090 1597 1103 .
1622 1088 1633 1101 .
1661 1046 1957 1119 quomodo
1987 1049 2134 1099 tem-

496 1161 606 1215 pus
628 1142 650 1197 ?
673 1142 995 1211 Utrumque
1011 1139 1167 1194 enim
1192 1154 1306 1192 non
1330 1134 1819 1208 potes,corporale
1839 1134 1899 1190 in
1925 1150 2010 1189 eo.
2059 1173 2071 1186 .
2118 1173 2130 1186 .

496 1247 675 1287 mare.
718 1230 865 1294 Quid
896 1236 1089 1284 autem
1122 1224 1417 1299 prohibuit
1466 1229 1702 1296 tempus
1751 1223 1859 1278 coli
1934 1223 1994 1277 in
2027 1238 2134 1277 sua

494 1317 823 1393 qualitate?
852 1356 864 1371 .
902 1358 914 1371 .
951 1360 964 1372 .
999 1315 1279 1382 hominis,
1314 1318 1416 1368 aut
1446 1313 1703 1367 fabulam
1738 1310 2010 1376 hominis,
2032 1314 2134 1365 aut

492 1406 775 1464 famulam
807 1404 1066 1461 hominis
1097 1404 1154 1458 in
1187 1420 1296 1459 sua
1326 1402 1741 1475 specie,nonin
1775 1406 2010 1471 tempo.
2057 1441 2069 1453 .
2116 1440 2129 1453 .

491 1497 634 1563 Quid
668 1494 781 1552 sibi
808 1493 939 1550 vult
978 1491 1448 1557 intellectioista,
1486 1490 1599 1545 nisi
1631 1491 1809 1545 foedas
1858 1489 2131 1545 materias

495 1583 757 1642 mentitis
791 1580 1401 1655 argumentationibus
1467 1578 1769 1634 colorare?
1811 1579 2129 1633 Saturnum

495 1690 683 1745 neque
717 1672 846 1727 ideo
880 1670 1005 1742 qui.
1041 1712 1053 1725 .
1087 1670 1146 1725 d.
1184 1710 1195 1723 .
1231 1674 1485 1740 tempus,
1515 1672 1617 1722 aut
1648 1668 1788 1721 dum
1822 1682 1954 1721 eum
1981 1670 2129 1720 tem-

494 1780 604 1835 pus
634 1762 799 1832 facis,
826 1762 949 1831 jam
984 1775 1088 1813 nec
1114 1758 1413 1812 hominem
1448 1758 1533 1812 vis
1565 1756 1764 1811 fuisse.
1815 1755 1913 1811 Pla
1955 1796 1968 1809 .
2014 1798 2025 1810 .
2072 1771 2129 1811 .8

495 1851 731 1908 omnino
760 1854 1046 1905 Saturnus
1070 1848 1128 1902 in
1151 1847 1322 1902 terris
1352 1846 1619 1901 humanae
1652 1844 1951 1917 qualitatis
1973 1844 2126 1915 apud

494 1946 710 1996 veteres
735 1938 1047 1993 memorias
1078 1941 1428 1992 recensetur.
1463 1939 1655 1990 Potest
1684 1933 2128 2005 incorporaliter

490 2028 634 2101 ﬁngi
674 2027 939 2100 quodvis,
968 2026 1122 2098 quod
1148 2041 1261 2079 non
1294 2024 1468 2079 fuerit
1498 2022 1772 2090 omnino;
1802 2026 1971 2077 vacat
2017 2022 2125 2075 ﬁn-

489 2117 663 2190 gendi
696 2116 875 2181 locus,
911 2115 1007 2169 ubi
1040 2114 1250 2169 veritas
1281 2116 1389 2168 est.
1416 2114 1557 2168 Cum
1592 2116 1784 2167 autem
1806 2112 2123 2167 Saturnum

489 2210 720 2263 constat
747 2203 979 2269 vixisse,
1012 2204 1225 2258 frustra
1249 2202 1565 2257 demutatis
1592 2218 1604 2268 ;
1631 2217 1743 2255 non
1787 2200 2126 2255 conceditur

486 2295 675 2365 vobis,
709 2310 880 2364 quem
914 2309 1027 2347 non
1061 2290 1349 2363 negabitis
1399 2290 1580 2345 fuisse
1645 2289 1963 2357 hominem,
2023 2287 2122 2358 qui

488 2400 676 2456 neque
709 2383 854 2438 deus
886 2396 1075 2452 neque
1100 2383 1332 2450 tempus
1374 2378 1604 2433 defendi
1662 2381 1873 2449 potest.
1926 2378 2126 2431 Exstat

490 2472 642 2545 apud
674 2471 901 2526 litteras
932 2473 1152 2525 vestras
1171 2483 1595 2540 usquequaque
1626 2464 1862 2522 Saturni
1887 2481 2121 2532 census,

493 2562 746 2634 legimus
778 2558 932 2630 apud
967 2557 1236 2612 Cassium
1278 2560 1575 2623 Severum,
1619 2555 1770 2627 apud
1825 2552 2123 2610 Cornelios

489 2650 770 2720 Nepotem
800 2651 860 2702 et
883 2645 1173 2712 Tacitum,
1208 2644 1362 2716 apud
1393 2643 1620 2699 Graecos
1651 2658 1883 2714 quoque
1912 2642 2123 2697 Diodo-

486 2754 639 2805 rum,
659 2736 826 2807 quive
851 2735 947 2790 alii
979 2734 1391 2805 antiquitatem
1422 2748 1599 2787 canos
1625 2730 2123 2803 collegerunt.Nec

488 2825 751 2882 fideliora
779 2823 1025 2894 vestigia
1067 2862 1080 2875 .
1125 2863 1138 2877 .
1186 2862 1198 2876 .
1245 2860 1258 2876 .
1302 2837 1517 2892 .quam
1552 2821 1610 2874 in
1643 2820 1771 2891 ipsa
1824 2819 1986 2875 Italia
2043 2819 2120 2876 si-

485 2919 662 2987 gnata
692 2917 852 2969 sunt.
898 2912 1043 2967 Nam
1076 2914 1209 2983 post
1264 2909 1549 2982 plurimas
1593 2913 1778 2965 terras
1826 2912 1884 2965 et
1942 2909 2121 2965 Attica

486 3002 742 3075 hospitia
776 3000 972 3069 ltaliaa,
1005 2999 1115 3065 vel,
1150 3003 1213 3054 ut
1241 3002 1380 3054 tunc
1437 2998 1769 3065 vocabatur,
1813 2998 2118 3069 OEnotrise,

490 3091 771 3158 consedit,
797 3093 1070 3161 exceptus
1102 3088 1172 3143 ab
1204 3088 1351 3143 Jane
1382 3088 1675 3155 siveJane,
1698 3091 1761 3142 ut
1791 3087 1927 3142 Salii
1948 3088 1992 3123 ⁸ο
2023 3104 2120 3143 vo-

488 3184 643 3238 cant.
674 3181 1042 3250 Mons,quem
1067 3176 1342 3244 coluerat,
1362 3176 1672 3231 Saturnius
1709 3176 1927 3243 dictus;
1954 3176 2118 3243 urbs,

487 3286 664 3343 quam
698 3249 1089 3340 depalaverat,
1123 3264 1397 3321 Saturnia
1426 3279 1777 3335 usquenunc
1826 3269 1949 3331 est;
1997 3268 2118 3321 tota
2148 3249 2191 3317 C
2230 3284 2294 3323 eo
2317 3267 2770 3323 somniaverunt.
2808 3266 2909 3322 Hie
2938 3266 3119 3336 igitur
3139 3266 3395 3323 consisto

485 3359 736 3429 denique
759 3356 923 3413 italia
953 3356 1028 3427 (4)
1056 3355 1125 3409 de
1156 3356 1406 3409 Saturno
1436 3353 1788 3409 vocabatur:
1822 3354 1974 3408 603
2016 3353 2119 3408 tali

482 3452 630 3502 teste
661 3452 897 3511 terram,
928 3460 1053 3515 quae
1078 3459 1232 3499 nunc
1264 3443 1599 3498 dominatur
1631 3442 1755 3497 orbi
1786 3442 2015 3497 etiamsi
2047 3443 2118 3498 de
2228 3487 2241 3500 .
2279 3486 2291 3499 .
2337 3485 2350 3498 .

485 3535 709 3603 origine
736 3533 974 3589 Saturni
1007 3532 1330 3600 dubitatur,
1362 3532 1432 3585 de
1461 3535 1589 3585 actu
1640 3536 1836 3585 tamen
1891 3535 2118 3587 constat

485 3622 777 3679 hominem
811 3621 977 3676 illum
1010 3621 1209 3676 fuisse.
1244 3620 1326 3674 Ita
1359 3620 1404 3675 si
1435 3619 1608 3674 homo
1641 3619 1949 3687 Saturnus,
1984 3637 2115 3687 pro-

480 3712 575 3769 cul
608 3711 785 3767 dubio
816 3711 886 3765 de
919 3709 1228 3781 [homine]
1260 3708 1377 3762 imo
1400 3707 1537 3779 quia
1560 3707 1754 3778 homo,
1779 3724 1891 3763 non
1919 3710 2117 3780 utique

480 3802 551 3857 de
581 3799 721 3856 omlo
752 3804 925 3870 atque
956 3804 1129 3854 terra.
1152 3798 1260 3853 Sed
1284 3800 1455 3868 cujus
1479 3801 1746 3868 parentes
1776 3796 2115 3869 ignoti,qui-

482 3890 732 3947 busdam
768 3888 937 3944 tacile
970 3888 1078 3942 fuit
1105 3886 1269 3941 illum
1292 3902 1493 3942 eorum
1526 3885 1713 3941 tilium
1774 3886 1911 3956 dtoi,
1972 3904 2115 3959 quo-

478 3997 607 4035 rum
640 3982 891 4051 possunt
920 3993 1123 4032 omnes
1153 3975 1333 4031 videri
1356 3976 1421 4029 δι.
1455 3975 1594 4039 Quis
1624 3976 1779 4030 enim
1840 3993 1953 4031 non
2005 3993 2115 4031 coe-

478 4069 601 4124 lum
636 4085 701 4124 ac
731 4073 945 4123 terram
963 4070 1182 4137 patrem
1208 4081 1272 4120 ac
1295 4070 1539 4120 matrem
1563 4066 1950 4121 venerationis
1981 4082 2117 4138 gra-

477 4156 560 4212 tia
592 4157 846 4229 appellet
884 4156 911 4210 ?
941 4158 1019 4210 An
1080 4156 1151 4210 de
1202 4154 1625 4210 consuetudine
1684 4153 1962 4224 humana,
2001 4172 2117 4226 qua

475 4245 660 4317 ignoti
692 4246 906 4318 quique
938 4261 1006 4300 ex
1036 4243 1334 4316 inopinato
1368 4248 1716 4315 apparentes
1754 4242 1824 4297 de
1852 4243 1992 4299 coelo
2015 4245 2116 4299 ad-

476 4334 710 4391 venisse
742 4334 1329 4390 dicuntur.Proinde.
1378 4374 1390 4386 .
1436 4374 1447 4386 .
1484 4348 1715 4402 semper
1736 4348 1825 4403 eg.
1869 4374 1881 4388 .
1918 4375 1931 4388 .
1978 4373 1990 4386 .
2026 4350 2116 4389 re-

473 4424 734 4497 pentino,
767 4423 985 4495 ubique
1016 4422 1073 4477 in
1107 4421 1345 4478 inolevit
1383 4420 1631 4477 coalitam
1688 4420 1824 4476 dici.
1876 4422 2021 4478 Nam
2063 4428 2120 4480 et

2247 600 2400 657 Nihil
2431 600 2618 673 allego
2667 600 2738 656 de
2786 604 2942 655 statu
2993 598 3381 671 antiquitatis,
3432 616 3545 670 qua
3580 640 3592 654 .
3639 640 3651 655 .
3698 641 3711 655 .
3789 616 3895 656 ru-

2247 691 2551 746 des35tunc
2572 689 2966 761 agebanturet
2996 689 3220 744 oeuliet
3250 694 3473 745 mentes
3487 689 3894 757 hominum,ut

2246 779 2559 851 cujuslibet
2589 777 2719 833 novi
2749 778 2855 832 viri
2877 782 3115 850 aspectu
3143 778 3318 849 quasi
3340 778 3534 833 divino
3567 795 3894 835 commove-

2246 872 2467 938 rentur,
2503 869 2718 923 nedum
2744 871 2801 923 et
2825 866 3002 939 regis,
3021 872 3077 921 et
3105 867 3343 938 quidem
3369 866 3565 939 primi.
3590 868 3795 923 Adhuc
3817 869 3891 924 de

2246 958 2494 1013 Saturno
2516 957 2893 1023 immorabor,
2918 957 3074 1027 quod
3115 960 3171 1011 et
3211 956 3437 1012 caeteris
3468 958 3888 1028 compendium

2245 1050 2588 1118 prmetruam
2616 1045 2825 1101 satiata
2843 1043 3294 1116 primordiorum
3320 1045 3719 1117 disputatione
3744 1064 3758 1115 ;
3782 1062 3889 1102 nec

2244 1134 2703 1207 praetermittam,
2739 1135 2963 1206 potiora
3000 1133 3335 1190 testimonia
3367 1134 3701 1189 divinarum
3762 1135 3883 1190 Lit-

2242 1228 2517 1291 terarum,
2552 1222 2767 1294 quibus
2798 1224 2942 1279 fides
2975 1240 3077 1295 pro
3110 1222 3457 1294 antiquitate
3482 1223 3750 1295 superior
3779 1225 3888 1280 de-

2242 1313 2431 1367 betur.
2464 1315 2611 1367 Ante
2636 1312 2791 1368 enim
2823 1311 3064 1384 Sibylla,
3096 1328 3275 1383 quam
3307 1311 3499 1368 omnis
3521 1312 3885 1385 litteratura,

2240 1401 2479 1456 exstitit.
2515 1400 2612 1455 Illa
2644 1400 2869 1457 scilicet
2898 1400 3124 1473 Sibylla
3153 1401 3385 1472 (6),veri
3416 1417 3551 1457 vera
3581 1405 3741 1457 vates
3804 1402 3885 1474 (7)

2241 1494 2299 1545 et
2325 1491 2492 1560 cujus
2520 1489 2804 1545 vocabula
2832 1490 3257 1545 dmmoniorum
3289 1489 3524 1545 vatibus
3573 1490 3879 1548 induistis.

2241 1580 2319 1634 Ea
2346 1580 2574 1635 senario
2592 1595 2759 1634 versu
2790 1579 2849 1633 in
2874 1578 3029 1634 hunc
3061 1594 3301 1634 sensum
3333 1578 3405 1633 de
3452 1578 3688 1635 Saturni
3746 1596 3883 1651 pro-

2240 1668 2403 1740 sapia
2432 1673 2489 1723 et
2519 1669 2695 1723 rebus
2727 1668 2852 1738 ejus
2885 1667 3124 1739 exponit
3153 1667 3437 1737 :decima,
3466 1668 3677 1740 inquit,
3709 1669 3877 1741 geni-

2238 1762 2366 1812 tura
2400 1756 2725 1826 hominum,
2757 1773 2825 1811 ex
2849 1773 2964 1829 quo
2996 1755 3418 1827 cataclysmum
3462 1757 3757 1829 prioribus
3790 1774 3884 1813 εισ-

2239 1844 2671 1917 cidit,regnavit
2686 1845 2975 1900 Saturnus
3005 1845 3238 1901 etTitan
3273 1850 3329 1901 et
3349 1845 3663 1917 Jamfetus,
3687 1847 3879 1902 Terra

2234 1939 2292 1990 et
2322 1933 2460 1989 Coeli
2484 1934 2785 1990 fortissimi
2818 1933 2941 1989 ﬁlii.
2974 1934 3026 1988 Si
3061 1951 3177 2005 qua
3206 1950 3364 2006 ergo,
3395 1934 3481 1990 vel
3502 1936 3730 1991 vestris.
3759 1973 3772 1991 .
3799 1978 3813 1990 .
3857 1975 3879 1994 .

2234 2024 2433 2079 oribus
2464 2022 2672 2078 litteris
2697 2022 2906 2078 vostris
2924 2022 3346 2094 superioribus,
3381 2024 3480 2078 sed
3508 2021 3725 2079 idcirco
3749 2040 3878 2081 ma-

2233 2113 2322 2185 gis
2354 2111 2634 2184 proximis
2676 2153 2690 2167 .
2734 2153 2747 2166 .
2792 2153 2804 2166 .
2836 2111 2895 2166 in
2929 2111 3088 2166 illius
3115 2112 3304 2167 aetatis
3334 2112 3477 2167 ﬁdes
3516 2113 3765 2183 adjacet.

2306 2203 2388 2255 13.
2423 2201 2659 2256 Satisde
2689 2201 2940 2255 Saturno
2972 2206 3028 2254 et
3084 2202 3354 2272 prosapia
3415 2202 3540 2270 ejus
3573 2243 3586 2255 .
3628 2243 3640 2256 .
3687 2244 3699 2257 .
3770 2219 3875 2259 um

2232 2295 2340 2359 est,
2374 2290 2643 2345 homines
2675 2289 2873 2345 fuisse.
2906 2290 3194 2345 Tenemus
3225 2290 3660 2361 compendium,
3682 2290 3741 2345 in
3765 2308 3877 2347 cm-

2232 2383 2387 2434 teros
2418 2378 2659 2449 originis
2692 2377 3291 2449 praescriptionemme
3322 2393 3423 2449 per
3444 2378 3708 2451 singulos
3741 2397 3875 2436 eva-

2232 2484 2457 2540 gemur.
2490 2466 2753 2530 Qualitas
2785 2466 3142 2538 posteritatis
3174 2484 3206 2521 a
3237 2466 3601 2539 principibus
3639 2470 3873 2541 generis

2231 2557 2579 2626 ostenditur,
2612 2555 2879 2611 mortalia
2909 2556 2979 2611 de
3011 2554 3378 2623 mortalibus,
3411 2560 3643 2614 terrena
3671 2558 3742 2614 de
3760 2563 3875 2615 ter-

2230 2645 2406 2709 renis,
2432 2645 2648 2717 gradus
2662 2644 2733 2701 ad
2748 2645 2966 2717 gradus
2997 2649 3432 2718 comparantur,
3468 2647 3704 2719 nuptias,
3736 2663 3871 2705 con-

2230 2739 2431 2806 ceptus
2453 2734 2675 2790 natales
2715 2737 3140 2789 concurrerunt
3183 2733 3383 2804 patria:
3432 2736 3622 2804 sedes,
3684 2753 3867 2810 regna

2231 2822 2657 2879 monumental
2704 2863 2717 2877 .
2762 2863 2775 2877 .
2820 2862 2834 2876 .
2866 2821 2965 2893 qui
2996 2825 3164 2878 natos
3184 2838 3299 2877 non
3330 2828 3580 2894 possunt
3629 2842 3866 2898 negare,

2229 2916 2492 2967 mortuos
2522 2911 2785 2977 credant,
2817 2910 2916 2981 qui
2972 2913 3233 2966 mortuos
3291 2910 3669 2981 confitentur,
3718 2914 3859 2972 deos

2230 3016 2345 3057 non
2378 3003 2604 3072 putent.
2637 3000 2746 3055 Sed
2778 2999 2934 3054 enim
2965 2998 3295 3056 manifestis
3324 2999 3412 3055 vis
3442 3017 3551 3057 sua
3601 3002 3865 3074 assistit;

2228 3107 2377 3162 quos
2408 3088 2778 3161 aprimordio
2797 3105 2913 3144 non
2957 3129 2969 3142 .
3014 3130 3027 3143 .
3074 3130 3086 3143 .
3111 3088 3858 3161 divinitatem,af{irmando

2226 3178 2359 3234 illos
2386 3182 2515 3249 post
2543 3176 2784 3233 moriem
2811 3178 2949 3233 deos
2979 3177 3186 3247 factos,
3210 3182 3275 3233 ut
3307 3180 3487 3236 Varro
3518 3185 3575 3236 et
3595 3180 3696 3253 qui
3727 3198 3864 3238 cum

3440 3268 3862 3326 ...alle...

2227 3357 2286 3411 in
2319 3355 2427 3411 hoc
2457 3371 2667 3411 nomen
2681 3359 2739 3410 et
2766 3356 3091 3423 numen,sit
3119 3355 3179 3410 in
3211 3355 3475 3412 ordinem
3501 3358 3863 3414 senatorium

2399 3484 2411 3498 .
2440 3448 2633 3499 vestra
2677 3484 2690 3499 .
2736 3485 2749 3498 .
2795 3486 2807 3499 .
2852 3444 3074 3500 cedatis
3122 3444 3250 3515 jam
3304 3461 3540 3502 necesse
3596 3452 3706 3518 est,
3760 3448 3861 3503 ali-

2226 3549 2399 3607 quem
2433 3549 2733 3589 summum
2778 3533 3204 3589 dominatorem
3249 3574 3263 3589 .
3309 3575 3323 3589 .
3368 3572 3382 3588 .
3422 3533 3709 3607 allegendi
3756 3553 3860 3608 po-

2224 3626 2514 3693 testatem,
2547 3626 2603 3678 et
2632 3622 2799 3693 quasi
2831 3625 3134 3691 Caesarem,
3167 3638 3356 3694 neque
3377 3623 3692 3696 quisquam
3731 3624 3863 3682 aliis

2225 3715 2500 3784 praestare
2530 3714 2737 3782 potest,
2771 3711 2872 3783 qui
2903 3728 3015 3766 non
3046 3711 3171 3782 ipse
3191 3712 3546 3768 dominetur.
3578 3717 3860 3771 Caeterum

2225 3803 2275 3856 si
2310 3805 2625 3872 potuerunt
2654 3800 2794 3855 deos
2824 3816 2952 3855 sese
2977 3800 3160 3856 facere
3194 3806 3327 3872 post
3357 3808 3627 3870 mortem,
3659 3820 3692 3859 a
3732 3844 3748 3859 .
3792 3846 3807 3860 .
3844 3847 3857 3861 .

2225 3891 2380 3945 604
2411 3889 2714 3945 deterioris
2741 3889 3094 3945 conditionis
3149 3890 3222 3945 ab
3280 3890 3446 3946 initio
3489 3908 3618 3947 esse
3672 3892 3866 3948 volue-

2224 3984 2391 4035 runt:
2423 3984 2523 4035 aut
2543 3979 2592 4035 si
2625 3995 2794 4035 nemo
2834 3983 2943 4046 est,
2979 3978 3077 4048 qui
3111 3979 3249 4035 deos
3297 3979 3511 4049 fecerit,
3568 3983 3862 4054 quomodo

2225 4069 2359 4124 facti
2391 4067 2788 4139 dicentur,qui
2813 4084 2918 4123 nos
2948 4067 3059 4123 nisi
3090 4068 3161 4123 ab
3193 4067 3307 4124 alio
3335 4068 3459 4125 fieri
3488 4070 3863 4141 potuissent?

2226 4158 2311 4212 Ita
2340 4158 2540 4212 nullus
2570 4157 2744 4211 datur
2771 4157 2936 4212 vobis
2967 4158 3249 4212 renuendi
3281 4156 3467 4225 locus,
3509 4173 3638 4215 esse
3692 4176 3863 4215 man-

2227 4247 2414 4318 cipem
2447 4246 2762 4316 quemdam
2784 4245 3122 4301 divinitatis.
3175 4247 3609 4318 Perspiciamus
3664 4247 3864 4320 itaque

2228 4352 2437 4391 causas
2470 4334 2790 4406 allegandas
2831 4334 3206 4391 mortalitatis
3245 4335 3306 4390 in
3363 4334 3594 4392 ccelum.
3647 4336 3865 4393 Harum

2227 4424 2520 4497 duplicem
2588 4424 2872 4480 rationem
2933 4425 3105 4481 credo
3150 4425 3455 4497 proferatis
3496 4442 3510 4482 :
3563 4430 3665 4482 aut
3710 4426 3865 4483 enim

1909 4566 2117 4630 Variae
2150 4568 2472 4630 lectiones.

543 4701 588 4735 ⁸ο
616 4702 818 4772 Rigalt.
853 4700 939 4756 ed.
975 4701 1109 4755 utsi
1132 4699 1232 4755 alii
1263 4704 1491 4768 vocant,
1517 4700 1598 4770 Cf.
1647 4700 1802 4772 Apol.
1867 4700 1950 4756 10.
1998 4706 2062 4756 ut
2111 4702 2250 4758 Salii
2297 4703 2513 4759 volunt.
2592 4702 2633 4737 ⁵¹
2665 4705 2750 4759 Ita
2779 4703 2834 4759 h.
2896 4706 2934 4759 ι.

2993 4704 3168 4758 restit.
3228 4718 3297 4759 ex
3329 4703 3605 4776 rAapolog.
3657 4704 3743 4759 10.
3789 4704 3865 4776 ί⁸²

475 4773 706 4849 IIaperc.
738 4789 810 4849 ea:
837 4773 989 4849 Apol.
1024 4774 1091 4827 10
1120 4773 1335 4849 emend.
1366 4773 1611 4849 Proinde
1635 4776 1887 4828 Saturno
1918 4790 2149 4846 semper
2178 4792 2359 4849 egeno
2390 4780 2447 4831 et
2490 4777 2792 4847 repentino
2852 4774 3087 4847 ubique.
3139 4778 3248 4831 etc.
3326 4775 3370 4810 ⁸⁸
3420 4773 3565 4848 'Leg.
3612 4792 3729 4848 qua
3783 4775 3867 4832 ita

474 4845 650 4900 rudes
677 4875 743 4885 —
765 4843 1093 4911 hominum,
1119 4848 1183 4898 ut
1203 4845 1331 4911 (alii
1362 4861 1375 4899 :
1407 4844 1495 4915 et)
1524 4848 1632 4900 etc.

1903 4944 2427 5007 Commentarius.

558 5078 629 5149 (4)
669 5079 793 5134 Tota
822 5077 1055 5149 denique
1086 5077 1267 5134 Italia.
1302 5076 1531 5134 Italiam
1556 5078 1765 5135 dictam
1803 5078 1982 5135 fuisse
2012 5080 2111 5136 Sa-

470 5151 732 5207 turniam
766 5167 833 5206 ex
869 5149 1050 5206 Ennio
1069 5154 1266 5222 patet:

1333 5298 1345 5312 .
1413 5294 1429 5311 .
1498 5300 1511 5313 .
1605 5301 1616 5312 .
1683 5264 1961 5315 Saturnius
2014 5266 2109 5317 illi.

698 5328 899 5378 Nomen
938 5330 1071 5388 erat,
1103 5326 1168 5377 de
1198 5341 1305 5391 quo
1337 5327 1440 5378 late
1472 5327 1719 5378 Saturnia
1748 5332 1905 5378 terra.

473 5436 542 5491 Et
562 5436 763 5493 Ovidio
793 5435 893 5491 lib.
926 5436 1051 5491 Ρη.ςί
1073 5451 1128 5491 1:

717 5543 848 5592 Inde
879 5542 968 5591 diu
1000 5542 1146 5606 genti
1188 5542 1385 5593 mansit
1432 5542 1679 5593 Saturnia
1709 5554 1925 5592 nomen.

473 5648 684 5703 Urbem
709 5654 902 5704 autem
940 5650 1159 5704 dictam
1219 5651 1400 5707 fuisse
1441 5649 1777 5706 Saturniam
1829 5648 2114 5707 VirRilius

482 5724 735 5775 testatur
762 5722 987 5777 Eneid.
1020 5721 1149 5777 VIII
1182 5724 1485 5780 aSaturno
1517 5722 1836 5779 conditam.
1902 5742 1929 5772 ‹‹
1955 5721 2115 5780 Hanc

476 5791 764 5851 Saturnus
795 5792 1052 5850 condidit
1073 5794 1295 5851 urbem.
1331 5816 1358 5845 ››
1384 5796 1462 5852 Ls
1482 5795 1584 5851 Pa.

2289 5080 2366 5152 (5)
2403 5082 2583 5137 Terra?
2612 5079 2727 5151 ﬁlio
2746 5080 3098 5151 jaclitamus.
3132 5082 3389 5146 Quorum
3470 5080 3693 5137 scilicet
3767 5083 3870 5137 aut

2218 5154 2379 5237 origo
2405 5152 2599 5237 ignota
2621 5157 2719 5237 est
2747 5158 2848 5237 aut
2878 5152 3119 5224 incerta,
3151 5152 3191 5208 ii
3221 5154 3411 5210 Terrae
3436 5157 3494 5209 et
3520 5152 3651 5209 Filii
3681 5157 3739 5208 et
3773 5173 3869 5228 γη-

2217 5228 2399 5285 κωεῖς.
2434 5225 2731 5279 dicuntur.
2762 5224 2933 5279 IDEM.
3787 5224 3797 5228 ⁷

2226 5296 2366 5368 “(6)
2398 5296 2499 5351 Illa
2524 5296 2732 5368 scilicet
2758 5294 3221 5367 Sibylla.Veram
3254 5298 3310 5351 et
3332 5296 3646 5351 veridicam
3680 5294 3865 5351 fuisse

2222 5366 2704 5495 illgmtSibyllam
2726 5368 2809 5425 ait
2825 5366 2956 5440 pest
2980 5368 3201 5424 multos
3225 5368 3530 5425 Juvenalis
3557 5372 3615 5424 et
3642 5383 3776 5423 cum
3801 5383 3866 5423 eo

2220 5455 2279 5494 1n
2332 5456 2389 5494 n1
2420 5456 2459 5493 1.

2344 5544 2527 5595 Credit
2575 5558 2660 5595 me
2680 5546 2831 5596 vobis
2860 5545 3045 5597 folium
3097 5545 3320 5596 recitare
3344 5546 3571 5611 sibyllas.
3600 5547 3741 5595 lnam.

2295 5651 2558 5725 (7)”Veri
2604 5668 2734 5708 vera
2791 5662 2965 5709 vales.
3021 5652 3319 5725 Arrianus.
3379 5652 3561 5725 Epict.
3628 5651 3868 5725 Ill.,_ds

2225 5720 2708 5860 ,ἒιῖοὶιὶἒθθΏστι
2761 5726 2949 5799 μάντις
3001 5723 3135 5780 εἶναι
3182 5723 3273 5781 καὶ
3326 5720 3475 5797 πηῨή
3548 5729 3649 5793 τῆς
3728 5720 3867 5793 ἀλη-

2262 5815 2390 5857 ιας.
2473 5812 2549 5852 tG.
