4264 6348
401 330 518 388 677

1610 331 1715 388 AD
1761 327 2176 390 NATIONES.
2211 365 2288 376 —
2318 335 2462 395 LIB.
2514 337 2590 397 II.

3687 353 3808 416 678

399 463 526 520 illu.
564 505 579 518 .
615 505 628 518 .
663 501 678 516 .
710 501 724 515 .
756 462 890 533 quis
936 462 1092 518 idem
1150 465 1436 534 praestans
1492 463 1650 533 facit,
1702 467 1766 520 ut
1816 463 2030 518 habeat
2068 465 2123 532 Α
2152 465 2556 528 Hercule.......
2608 489 2705 529 ma
2749 477 3172 549 responsionis,
3214 495 3284 534 an
3319 479 3532 550 dignus
3564 484 3706 540 coelo
3737 492 3794 544 et

395 554 479 610 vel
504 551 884 607 amminicula
904 551 990 605 vel
1009 552 1376 607 munimenta
1389 553 1474 608 vel
1500 553 1673 608 etiam
1691 556 2035 608 ornamenta

395 641 612 712 fastigii
644 640 733 696 sui
766 657 778 708 ;
813 643 913 694 aut
946 640 1294 695 meritorum
1361 642 1681 697 necessitas
1712 682 1722 695 .
1762 684 1773 697 .
1811 685 1823 697 .
1864 659 1890 696 s
1953 641 2042 695 di-

395 731 522 800 gnis
556 731 912 801 quibusque.
946 728 1117 784 Aliud
1151 730 1291 800 quid
1325 731 1616 802 suspicari
1676 748 1789 785 non
1846 731 2037 784 datur.

397 822 576 876 Nemo
611 862 622 875 .
662 860 672 872 .
714 861 726 874 .
760 820 971 890 giendo
995 819 1186 890 alicui,
1222 825 1323 874 aut
1372 836 1485 875 non
1547 838 1654 875 sua
1721 826 1824 875 aut
1881 820 2040 875 illius

397 927 575 966 causa
606 909 759 964 facit.
793 910 899 963 Sed
935 925 1123 980 neque
1160 951 1171 964 .
1221 952 1232 964 .
1270 949 1280 960 .
1320 948 1330 960 .
1366 913 1558 980 petere
1602 909 1830 964 numini
1890 909 2042 964 inest

396 1005 559 1056 tanta
581 1004 635 1055 et
661 1003 940 1071 potestas,
994 1003 1058 1052 ut
1114 997 1451 1054 scilicet...
1514 999 1708 1069 faciat,
1769 1000 1817 1054 si
1876 1003 2040 1053 tanta

398 1088 757 1152 humanitas,
781 1087 1089 1159 irrogetur,
1106 1087 1383 1160 quiegeat
1406 1105 1580 1160 opera
1600 1088 2038 1158 veladjumento

398 1179 782 1251 quoramdam
815 1181 870 1232 et
919 1177 1154 1248 quidem
1210 1182 1595 1247 mortuorum,
1649 1194 1763 1250 quo
1824 1179 2037 1232 mirum

398 1267 607 1338 magis,
633 1282 764 1321 eum
799 1264 941 1319 alios
971 1264 1458 1320 sibiimmortales
1489 1264 1791 1320 instituere
1818 1263 2040 1336 potuis-

397 1362 502 1414 set.
537 1357 651 1410 Nec
682 1354 903 1408 diutius
935 1355 1004 1407 de
1032 1396 1042 1407 .
1081 1396 1092 1408 .
1131 1395 1143 1408 .
1169 1357 1265 1408 tus
1297 1354 1618 1425 conquiret,
1648 1353 1748 1425 qui
1780 1353 2040 1408 humana

397 1445 606 1501 divinis
640 1441 1017 1514 comparavit.
1053 1443 1125 1497 Sa
1158 1484 1169 1496 .
1208 1485 1220 1498 .
1249 1485 1260 1497 .
1297 1443 1412 1498 rior
1438 1442 1631 1515 opinio
1657 1448 1764 1511 est,
1818 1443 2033 1498 discuti

396 1536 586 1603 debet,
645 1532 692 1588 si
752 1533 897 1586 deus
954 1531 1196 1586 reminis
1232 1575 1244 1586 .
1281 1573 1292 1586 .
1330 1574 1393 1586 ..
1449 1533 1588 1586 buta
1663 1532 1713 1586 si
1772 1531 2037 1603 pristinis

394 1625 534 1680 viris
567 1665 578 1678 .
621 1663 634 1675 .
672 1665 685 1678 .
721 1665 734 1678 .
772 1663 784 1676 .
819 1621 1283 1693 recogitandum.
1347 1623 1509 1687 Quod
1585 1621 1791 1677 exinde
1865 1637 2036 1676 nemo

396 1714 516 1786 dig.
553 1755 565 1768 .
603 1754 616 1767 .
655 1754 707 1769 ..
743 1711 793 1766 si
824 1711 1168 1782 caperejam
1200 1709 1364 1766 locus
1397 1728 1510 1765 non
1562 1715 1771 1782 potest.
1834 1711 2036 1766 Tantis

394 1803 662 1859 videlicet
695 1844 707 1858 .
746 1844 758 1857 .
797 1843 809 1855 .
837 1843 848 1856 .
880 1841 891 1855 .
927 1817 961 1855 a
1009 1799 1288 1855 meruerit
1344 1800 1687 1871 antiquitas.
1750 1802 1894 1871 Ergo
1964 1817 2036 1854 an

396 1891 692 1960 meruerit,
727 1905 787 1946 re
821 1932 832 1944 .
862 1932 874 1944 .
913 1931 925 1944 .
958 1932 971 1945 .
1010 1932 1022 1944 .
1048 1889 1355 1956 meruisse,
1385 1894 1672 1962 preponat
1699 1891 1884 1961 ipsius
1916 1905 2036 1944 me-

395 1982 524 2038 rita.
557 1981 612 2036 Si
640 1981 776 2052 quid
809 1981 865 2034 in
918 1979 1264 2034 cunabulis.
1297 2023 1308 2034 .
1342 2021 1354 2034 .
1386 2021 1397 2034 .
1458 1979 1661 2046 litatis,
1721 1979 1919 2034 valent
1966 1979 2036 2033 ad

396 2071 741 2144 suffragium
775 2068 1117 2137 divinitatis;
1172 2069 1526 2123 incestorum
1554 2112 1566 2124 .
1604 2110 1614 2122 .
1653 2111 1666 2124 .
1706 2114 1718 2136 ,
1747 2069 1926 2140 Opem
1981 2071 2038 2123 et

392 2166 711 2217 Saturnum
745 2161 954 2215 fratres
998 2158 1318 2230 recepistis.
1379 2159 1647 2213 Furtivus
1705 2160 1932 2216 infans.
1973 2203 1984 2213 .
2024 2202 2034 2214 .

394 2258 481 2308 ter
512 2252 727 2318 dignus
759 2252 815 2303 et
843 2252 997 2303 tecto
1039 2251 1094 2302 et
1143 2247 1318 2301 ubere
1377 2247 1657 2316 humano,
1711 2249 2038 2320 meritoque

395 2343 551 2398 incre
588 2381 600 2394 .
638 2382 650 2393 .
683 2382 696 2394 .
733 2380 744 2394 .
779 2343 902 2393 tam
932 2335 1086 2392 mala
1122 2337 1456 2391 manebant.
1491 2337 1743 2393 Adultus
1784 2338 2038 2410 denique

393 2431 862 2504 qualemcunque
893 2426 1216 2498 genitorem
1254 2469 1265 2481 .
1305 2467 1317 2480 .
1355 2467 1366 2479 .
1406 2469 1418 2481 .
1451 2426 2037 2500 lieissimum,regem

393 2520 549 2577 aurei
583 2519 806 2574 scilicet
836 2513 1052 2586 saeculi,
1089 2517 1197 2572 sub
1259 2532 1373 2588 quo
1430 2516 1647 2572 laboris
1687 2517 1895 2589 inopiae
1932 2559 1944 2573 .
1972 2561 1984 2574 .
2024 2562 2036 2574 .

395 2628 459 2666 ac
492 2627 602 2682 pax
633 2607 987 2681 quiescebat,
1023 2605 1130 2660 sub
1166 2622 1280 2675 quo
1309 2605 1454 2660 nulli
1482 2606 1847 2678 ;subigebant
1904 2625 2040 2663 arva

395 2699 608 2764 coloni,
640 2740 652 2753 .
690 2739 743 2753 ..
782 2737 794 2750 .
845 2695 1022 2750 tellus
1082 2694 1243 2749 nullo
1299 2700 1570 2765 poscente
1629 2697 1869 2752 ferebat.
1929 2700 2038 2754 Sed

396 2791 598 2846 oderat
628 2791 855 2859 patrem
887 2785 1174 2838 incestum
1206 2783 1334 2853 ejus
1368 2826 1381 2840 .
1419 2826 1431 2838 .
1467 2826 1479 2838 .
1514 2789 1890 2841 castratorem
1935 2829 1945 2841 .
1977 2828 1988 2842 .
2027 2830 2039 2842 .

395 2881 539 2935 Ecce
570 2881 761 2933 autem
796 2879 851 2928 et
880 2874 1005 2945 ipse
1036 2888 1170 2927 cum
1194 2888 1390 2927 sorore
1448 2872 1727 2929 miscetur
1784 2880 1848 2929 ut
1905 2876 2041 2931 huic

396 2970 653 3040 primum
712 2965 936 3018 dictum
996 2963 1366 3033 putemzroﬁ
1423 2961 1624 3036 πατρὸς
1682 2963 1740 3016 τὸ
1802 2961 2041 3020 παιδίον,

396 3058 537 3112 Tam
563 3056 694 3125 pius
726 3056 912 3122 pater,
947 3067 1122 3122 quam
1155 3050 1284 3119 pius
1318 3049 1472 3105 Illius
1505 3089 1517 3102 .
1554 3092 1565 3104 .
1602 3091 1613 3105 .
1651 3093 1662 3105 .
1698 3069 1752 3106 m
1791 3058 1929 3108 tunc
1963 3054 2045 3109 le-

395 3144 569 3215 gibus
601 3143 885 3211 ageretur.
911 3139 968 3192 in
1002 3139 1150 3193 duos
1192 3136 1388 3192 culeos
1445 3138 1626 3193 dividi
1681 3141 1884 3195 Jovem
1949 3144 2043 3197 de-

395 3231 515 3287 cuit
548 3275 560 3286 .
599 3272 653 3286 ..
687 3272 699 3283 .
726 3229 1041 3298 dubitaret,
1075 3227 1314 3282 libidine
1355 3229 1426 3282 ab
1484 3227 1704 3284 incesto
1762 3233 2036 3286 corrobo-
2068 3215 2110 3280 C
2150 3235 2276 3283 stus
2324 3235 2434 3285 est.
2485 3231 2667 3288 Malus
2716 3215 3033 3305 Jupiter...

395 3325 539 3389 rata,
576 3319 633 3374 in
664 3318 901 3387 leviora,
937 3318 993 3371 id
1026 3323 1133 3384 est,
1173 3358 1184 3370 .
1222 3359 1234 3370 .
1267 3359 1279 3370 .
1314 3321 1368 3371 et
1403 3321 1607 3388 stupra
1664 3318 2038 3375 diffundere?

396 3411 466 3465 de
495 3426 610 3480 quo
644 3407 869 3480 poetica
899 3407 983 3462 sic
1014 3406 1295 3462 lusitavit.
1322 3408 1617 3472 Quomodo
1645 3449 1657 3461 .
1688 3449 1699 3462 .
1739 3450 1750 3462 .
1780 3409 1850 3463 de
1886 3409 2038 3480 fugi—

395 3500 512 3555 tivo
544 3497 734 3568 palam
769 3497 985 3552 factum
1001 3495 1259 3551 solemus
1278 3500 1580 3566 etoperam
1604 3498 1730 3568 ejus
1756 3513 2037 3569 percon...

399 3589 612 3644 abusui
643 3586 970 3642 nundinare
991 3585 1036 3620 ⁶⁴
1067 3586 1094 3639 ‘I
1126 3586 1296 3640 modo
1327 3585 1384 3639 in
1423 3587 1608 3656 pretia
1635 3585 1875 3641 luxuriae
1907 3604 2039 3642 eum

401 3677 708 3750 ﬁgurando
736 3717 748 3730 .
783 3718 796 3732 .
835 3716 846 3729 .
881 3675 1084 3730 bovem
1111 3680 1211 3730 aut
1242 3674 1493 3746 pretium
1545 3675 1703 3730 bovis
1765 3692 2042 3747 pensave-

401 3766 498 3836 rit,
532 3769 586 3819 et
616 3764 863 3818 imbrem
895 3763 1151 3835 pergulis
1176 3803 1188 3818 .
1229 3804 1242 3817 .
1273 3806 1286 3819 .
1319 3765 1546 3818 aditum
1577 3768 1820 3833 pecunia
1867 3782 2041 3836 rupe-

399 3854 532 3910 rit?
564 3855 736 3909 modo
761 3857 818 3908 in
841 3852 1256 3908 simililudines
1288 3857 1524 3907 actuum
1560 3853 1614 3923 ip
1652 3896 1664 3908 .
1701 3896 1715 3909 .
1752 3895 1764 3908 .
1797 3855 1898 3922 im,
1942 3853 2042 3926 qui

400 3945 614 4016 rapuit,
650 3960 920 4016 cycnum,
953 3943 1054 4013 qui
1087 3947 1439 3997 cantaverat.
1488 3944 1640 3997 Adeo
1692 3960 1806 3998 non
1874 3944 2042 3999 fabu-

398 4033 608 4090 laristaa
632 4036 770 4088 sunt
790 4033 860 4087 de
894 4031 1017 4087 fa...
1053 4031 1126 4086 sit
1157 4049 1228 4086 an
1263 4048 1378 4086 non
1421 4031 1667 4088 lasciv...
1732 4051 1806 4088 na
1853 4033 2042 4088 homi-

400 4141 566 4191 num,
597 4139 813 4194 quos...
838 4121 1056 4177 emissa
1078 4121 1203 4192 jam
1239 4121 1465 4192 pridem
1500 4139 1532 4176 a
1567 4122 1677 4178 {ide
1709 4139 1813 4194 per
1846 4124 2040 4178 iner...

400 4231 514 4271 non
548 4217 639 4269 est
664 4212 834 4267 nobis
867 4210 1164 4266 extensius
1199 4211 1513 4283 agendum.
1548 4212 1601 4264 Si
1637 4214 1793 4266 enim
1826 4217 1882 4267 et
1913 4229 2040 4268 re...

399 4303 574 4375 pibus
607 4307 662 4358 et
693 4301 1256 4374 proseminatoribus
1289 4301 1436 4357 605
1474 4300 1596 4356 suis
1629 4306 1853 4356 morata
1879 4302 2044 4373 plebs

397 4395 599 4449 eadem
661 4410 733 4464 q.
768 4436 780 4448 .
819 4433 830 4445 .
865 4396 1094 4462 natura,
1125 4391 1261 4446 alibi
1284 4392 1596 4447 auctoritas
1645 4393 1911 4463 exigebat
1967 4392 2043 4447 si-

397 4481 793 4536 militudinem
830 4497 1183 4535 morum.....
1216 4485 1437 4550 quanto
1469 4479 1744 4545 deterior,
1779 4480 1876 4551 qui
1928 4497 2042 4535 non

398 4569 660 4626 melior?
715 4570 938 4642 privato
997 4569 1153 4624 enim
1213 4569 1386 4624 titulo
1463 4569 1665 4626 Jovem
1732 4569 2040 4641 optimum.
2075 4593 2122 4657 D

399 4701 409 4715 .
443 4702 456 4714 .
489 4702 501 4717 .
534 4701 547 4714 .
583 4702 595 4714 .
629 4661 726 4727 tis,
761 4665 818 4716 et
848 4665 936 4716 est
963 4659 1191 4730 Virgitii
1222 4676 1420 4731 aequus
1469 4659 1700 4730 Jupiter
1759 4660 2040 4730 optimus.

394 4749 642 4805 Proinde
666 4749 871 4805 incesti
927 4749 987 4804 in
1040 4766 1201 4816 suos,
1261 4748 1538 4820 impudici
1597 4747 1655 4802 in
1718 4752 2042 4818 extraneos,

401 4838 925 4911 impii,injusti,cui
958 4839 1184 4894 nullam
1209 4838 1501 4909 insignem
1526 4837 2043 4896 infamiamlabula

397 4929 675 5000 reliquit.
710 4972 723 4985 .
762 4972 772 4985 .
807 4931 951 4986 deus
975 4929 1098 4985 fieri
1122 4945 1236 4984 non
1275 4928 1382 4983 fuit
1413 4927 1649 4999 dignus.

466 5021 553 5074 14.
586 5020 694 5075 Sed
728 5020 1006 5090 quoniam
1032 5018 1175 5074 alios
1207 5033 1473 5074 seorsum
1506 5015 1711 5072 volunt
1745 5015 1803 5070 in
1829 5017 2038 5074 divini-

394 5113 572 5166 tatem
606 5111 677 5166 ab
727 5110 1068 5167 hominibus
1128 5115 1415 5182 receptos,
1470 5112 1525 5162 et
1556 5106 1837 5179 distingui
1892 5111 2042 5166 inter

393 5201 622 5256 nativos
654 5206 710 5257 et
739 5202 922 5257 factos
954 5201 1279 5257 secundum
1304 5195 1644 5270 Dionysium
1668 5197 1949 5269 Stoicum,
1973 5202 2043 5257 de

391 5288 503 5345 ista
562 5308 794 5364 quoque
853 5291 1044 5363 specie
1102 5291 1396 5364 adjiciam.
1477 5297 1554 5349 De
1616 5288 1743 5364 ipso
1803 5291 2041 5362 quidem

2160 557 2481 630 divinitate,
2523 562 2603 617 sic
2661 565 2816 620 enim
2864 583 2966 637 pro
3001 584 3201 625 va....
3250 571 3476 627 meritis
3515 576 3796 634 addicunt

2159 645 2520 704 divinitatem
2543 650 2569 702 ‘P
2592 652 2645 706 Si
2674 655 2745 708 ob
2772 654 3070 724 virtutem,
3095 659 3247 728 quod
3273 659 3420 716 feras
3452 670 3719 722 constan.
3746 709 3756 723 .
3780 709 3792 725 .

2159 735 2256 803 rit,
2313 739 2453 807 quid
2505 745 2618 795 tam
2673 745 3049 800 memorabile
3085 746 3111 800 ?
3149 764 3341 802 nonne
3382 749 3520 805 ludo
3582 756 3799 824 puniti,

2155 825 2240 878 vel
2285 826 2457 883 etiam
2519 831 2687 887 ad...
2752 835 3030 889 arenariaa
3076 836 3315 892 vilitatis
3385 839 3668 910 plurimas
3739 847 3797 902 in

2155 929 2361 979 unum,
2421 921 2478 971 et
2531 919 2770 989 quidem
2832 923 3345 982 studiosiores....
3406 928 3585 985 ciunt.
3638 934 3693 987 Si
3726 937 3798 991 ob

2155 1008 2527 1074 peragratum
2552 1007 3012 1079 orbem,quantis
3030 1012 3100 1065 ad
3127 1013 3516 1084 locupletibus
3539 1020 3797 1079 dulcis...

2152 1094 2262 1162 tas,
2291 1099 2393 1148 aut
2433 1095 2798 1168 philosophis
2846 1099 3217 1157 famulatoria
3267 1107 3609 1163 mendicitas
3641 1111 3794 1169 idem

2153 1182 2464 1251 prwstitit?
2495 1185 2617 1239 Non
2648 1188 3060 1259 meminerunt,
3086 1191 3483 1263 Asclepiadem
3518 1197 3798 1269 Cynicum

2151 1271 2325 1324 unica
2374 1275 2633 1341 vaecula,
2675 1277 2844 1345 cujus
2902 1283 2959 1332 et
3016 1279 3186 1335 dorso
3235 1282 3571 1356 vehebatur,
3631 1294 3688 1344 et
3744 1291 3791 1344 si

2150 1362 2385 1430 quando
2419 1362 2592 1418 ubere
2613 1363 2903 1436 alebatur,
2956 1369 3156 1424 orbem
3207 1374 3394 1427 totum
3426 1376 3613 1432 oculis
3653 1381 3792 1435 sub-

2147 1450 2650 1520 egisse?Si.....
2717 1454 2892 1509 etiam
2951 1457 3022 1511 ad
3083 1459 3480 1524 inferosadiit.
3527 1467 3660 1537 quis
3683 1468 3791 1525 hoc

2148 1540 2546 1604 nesciat,viam
2578 1543 2646 1597 ad
2681 1543 2898 1600 inferos
2926 1547 3180 1604 omni...
3207 1590 3216 1603 .
3247 1568 3310 1605 as
3343 1551 3653 1622 plurimas.
3675 1596 3689 1617 .
3713 1600 3724 1615 .
3749 1600 3792 1616 ..

2147 1627 2293 1682 sille
2321 1629 2696 1700 Pompeius..
2722 1674 2732 1687 .
2757 1673 2768 1687 .
2793 1674 2804 1688 .
2829 1675 2874 1689 ..
2918 1636 3015 1704 qui
3045 1653 3148 1691 nec
3169 1637 3391 1695 hostias
3415 1642 3494 1698 al.
3520 1685 3529 1698 .
3555 1685 3566 1700 .
3592 1687 3601 1700 .
3627 1687 3638 1702 .
3664 1687 3712 1703 ..
3754 1665 3790 1703 n

2147 1733 2328 1771 unum
2382 1719 2659 1790 agnulum
2713 1723 2899 1794 Byrsae
2932 1726 3273 1784 Cartha....
3306 1747 3385 1785 re.
3439 1734 3559 1797 Quo
3602 1738 3790 1808 magis

2068 1846 2114 1910 B
2144 1804 2541 1910 Scipio,quam
2567 1808 2850 1876 Herculis,
2884 1812 3046 1868 0b....
3081 1813 3123 1868 ti
3148 1815 3463 1888 deputatur
3485 1821 3512 1876 ?
3542 1804 3792 1893 Adjicite

2149 1893 2342 1964 potius
2365 1895 2518 1950 tituli
2539 1898 2901 1955 Hercula.....
2932 1918 3082 1969 rum,
3101 1912 3434 1973 uxorum,et
3468 1910 3632 1966 fmtas
3655 1915 3790 1968 Om-

2148 1982 2312 2049 fales,
2344 1988 2399 2038 et
2429 1985 2500 2039 ob
2533 1987 2722 2042 decori
2751 1990 2912 2058 pueri
2972 1992 3310 2050 amissio...
3366 1997 3656 2055 desertam
3681 2003 3792 2056 mi-

2149 2070 2333 2127 litiam
2393 2079 2888 2144 Argonautarum.
2946 2081 3192 2150 Adjicite
3242 2085 3311 2138 ad
3371 2085 3618 2157 gloriam
3664 2095 3796 2161 post

2147 2162 2371 2231 turpi...
2397 2164 2694 2230 am,etiam
2711 2167 2890 2222 furias
2912 2170 3038 2238 ejus
3059 2177 3373 2236 ;auetorate
3393 2177 3790 2250 sagittas,qum

2148 2249 2298 2304 ﬁlios
2355 2256 2410 2305 et
2465 2269 2772 2310 uxorem...
2805 2267 2972 2311 erunt
3007 2276 3018 2325 ;
3049 2260 3146 2329 qui
3181 2265 3318 2316 tunc
3372 2263 3609 2336 dignius
3653 2284 3791 2339 rogo

2148 2355 2275 2393 sese
2307 2339 2622 2411 irrogasset
2656 2360 2769 2414 prae
2823 2345 3016 2400 dolore
3049 2349 3220 2418 parti.
3246 2391 3257 2405 .
3282 2393 3292 2406 .
3317 2393 3327 2406 .
3353 2392 3399 2407 ..
3440 2354 3545 2417 Qui
3596 2358 3792 2412 uxoris

2148 2427 2219 2480 ob
2251 2426 2548 2484 lasciviam
2599 2432 2837 2487 venenis
2877 2433 3306 2494 circumventus
3342 2443 3529 2514 magis
3562 2451 3744 2500 metu.
3767 2485 3781 2503 .

2147 2515 2396 2572 honesta
2466 2523 2649 2574 morte
2700 2527 3043 2578 moreretur.
3096 2525 3259 2581 Hunc
3310 2545 3409 2584 vos
3451 2531 3521 2585 de
3560 2550 3700 2604 pyra
3729 2535 3789 2590 in

2149 2605 2358 2660 ccelum
2383 2606 2616 2663 suble...
2644 2609 2990 2680 afacilitate,
3026 2631 3141 2685 qua
3179 2620 3235 2671 et
3283 2617 3464 2674 alium
3522 2622 3678 2694 ignis
3735 2629 3793 2680 et

2151 2695 2329 2750 divini
2362 2697 2711 2768 confectum,
2737 2701 2836 2771 qui
2857 2719 3042 2772 pauca
3071 2720 3124 2761 θ.
3150 2746 3195 2761 ..
3238 2706 3471 2779 ingenia
3501 2727 3794 2767 commen-

2151 2789 2268 2849 tus,
2304 2785 2606 2842 dicebatur
2636 2795 2897 2847 mortuos
2929 2794 2999 2847 ad
3024 2794 3200 2850 vitam
3235 2802 3795 2869 recurasse...filius,

2152 2879 2269 2929 tam
2305 2875 2499 2946 homb,
2529 2894 2705 2948 quam
2754 2881 2916 2937 Jovis
2946 2900 3147 2954 nepos,
3172 2886 3404 2942 Saturni
3437 2907 3752 2962 pronepos.
3775 2932 3787 2949 .

2153 2964 2390 3034 spurius
2425 2970 2485 3019 ut
2508 2966 2725 3022 incerto
2761 2975 2942 3040 patre,
2969 2976 3032 3025 ut
3058 2974 3299 3044 Argivus
3337 2977 3600 3034 Socrates
3629 2981 3798 3036 detu-

2152 3051 2244 3106 lit.
2270 3092 2280 3105 .
2305 3093 2316 3106 .
2341 3093 2351 3106 .
2377 3093 2386 3107 .
2412 3093 2422 3108 .
2447 3060 3028 3130 .repertum,turpius
3058 3062 3194 3117 Jove
3225 3065 3562 3136 educatum,
3583 3069 3796 3124 canino

2153 3139 2375 3195 scilicet
2397 3142 2665 3198 ubere....
2690 3162 2858 3200 nemo
2892 3165 3102 3219 negare
3127 3158 3350 3221 potest;
3386 3155 3628 3211 fulmine
3650 3158 3798 3213 hau-

3103 3256 3205 3294 sus
3255 3245 3424 3308 est”,
3476 3245 3694 3316 impius
3735 3247 3796 3301 in

2151 3323 2442 3389 nepotem,
2468 3319 2700 3376 invidus
2731 3323 2786 3376 in
2821 3326 3126 3381 artiﬁcem.
3163 3331 3268 3384 Sed
3304 3332 3456 3388 enim
3484 3333 3605 3403 pin.
3630 3377 3642 3391 .
3666 3377 3676 3391 .
3702 3375 3713 3391 .
3738 3375 3786 3393 ..

2160 3447 2206 3463 ..
2231 3424 2355 3462 .um
2379 3410 2505 3478 ejus
2524 3427 2637 3464 non
2666 3413 3378 3488 oecultavit,cupiditatem
3412 3428 3466 3478 et
3493 3425 3798 3480 avaritiam

2150 3495 2395 3553 lucri...
2433 3502 2612 3567 atam,
2649 3517 2764 3572 qua
2818 3503 3053 3573 quidem
3099 3506 3195 3561 ille
3226 3509 3384 3565 vivos
3423 3514 3494 3568 ad
3529 3519 3796 3584 mortem,

2153 3602 2263 3640 ncn
2306 3590 2666 3646 mortu.....
2710 3593 3178 3661 praevaricatione
3221 3599 3441 3656 venalis
3492 3604 3795 3658 medicinae

2153 3675 2380 3746 agebat.
2443 3677 2666 3733 Dicitur
2713 3680 2886 3737 etiam
2943 3691 3131 3741 mater
3206 3689 3334 3759 ejus
3383 3693 3587 3747 eodem
3661 3710 3802 3748 casu

2153 3764 2346 3820 obisse
2376 3783 2387 3833 ;
2413 3769 2684 3825 merito...
2711 3788 2837 3826 sam
2863 3790 2987 3827 m...
3021 3775 3268 3832 bestiam
3308 3780 3568 3836 ediderat
3589 3781 3799 3837 iisdem

2155 3855 2320 3926 quasi
2347 3856 2521 3912 scalis
2580 3860 2651 3913 ad
2697 3861 2907 3916 coelum
2967 3866 3247 3937 erupisse.
3290 3870 3356 3922 Et
3396 3874 3588 3925 tamen
3620 3871 3801 3926 Athe-

2154 3944 2386 4000 nienses
2447 3947 2636 4003 seient
2689 3951 2976 4020 ejusmodi
3037 3955 3160 4009 deis
3231 3958 3578 4014 sacrificare.
3651 3961 3800 4017 Nam

2153 4034 2484 4106 i‘Eseulapio
2507 4041 2564 4091 et
2587 4039 2759 4093 matri
2794 4039 2948 4096 inter
2979 4049 3239 4100 mortuos
3274 4053 3600 4118 parentant,
3631 4050 3802 4120 quasi

2155 4141 2268 4178 non
2295 4129 2351 4178 et
2374 4124 2484 4196 ipsi
2517 4127 2735 4182 Thesea
2755 4146 2927 4184 suum
2953 4133 3231 4189 adorent:
3269 4136 3413 4191 Mer.
3439 4178 3449 4192 .
3475 4179 3485 4193 .
3511 4179 3556 4193 ..
3600 4139 3798 4208 deum,

2155 4213 2394 4284 quinisi
2417 4218 2900 4273 conservatricem
2948 4238 3112 4276 suam
3165 4223 3221 4277 in
3276 4224 3470 4282 littore
3528 4229 3679 4282 600
3706 4245 3802 4299 pe-

2155 4303 2387 4374 regrino
2432 4303 2698 4376 deliquit.
2751 4309 2954 4363 eadem
3013 4310 3324 4381 oblivione,
3366 4314 3482 4372 imo
3513 4318 3791 4387 amentia,

2155 4409 2285 4463 qua:
2314 4393 2462 4463 patri
2496 4410 2672 4450 causa
2705 4397 2911 4451 mortis
2943 4398 3070 4453 fuit.

2229 4484 2312 4536 15.
2338 4483 2599 4554 Longum
2630 4485 2774 4540 foret
2806 4502 3104 4544 recensere
3157 4489 3329 4546 etiam
3392 4493 3462 4547 de
3502 4492 3619 4549 illis
3656 4510 3804 4566 quos

2154 4571 2211 4627 in
2237 4572 2430 4628 sidera
2472 4573 2786 4644 sepelistis,
2824 4579 2879 4630 et
2927 4578 3226 4635 audaciter
3248 4581 3364 4638 dei.
3389 4624 3436 4638 ..
3477 4585 3673 4640 tratis.
3711 4584 3804 4641 Sic

2157 4662 2363 4733 opinor
2423 4661 2584 4733 digni
2633 4664 2704 4718 de
2753 4664 2892 4720 coelo
2951 4666 3219 4724 Castores
3296 4675 3352 4725 et
3425 4676 3672 4728 Perseus
3751 4677 3808 4729 et

2157 4751 2423 4822 Erigone,
2474 4754 2970 4823 quemadmodum
3023 4762 3079 4811 et
3138 4758 3296 4814 Jovis
3364 4761 3644 4832 expletus.
3697 4764 3806 4818 Sed

2157 4842 2297 4913 quid
2322 4841 2658 4897 mirandum
2685 4841 2706 4896 ?
2729 4843 2905 4899 etiam
2939 4861 3111 4902 canes
3163 4853 3219 4903 et
3277 4851 3538 4921 scorpios
3566 4869 3807 4908 cancros

2156 4931 2212 4986 in
2265 4931 2474 4986 coelum
2543 4931 2951 4989 transtulistis.
3024 4935 3233 4993 Ditt‘ero
3278 4939 3348 4994 de
3409 4940 3499 4995 his
3555 4958 3701 5012 quos
3746 4942 3806 4998 in

2156 5020 2502 5077 oraculis...
2540 5025 2595 5076 et
2625 5022 3032 5080 testimonium
3056 5025 3150 5082 hic
3184 5028 3388 5099 divini,
3423 5031 3521 5101 qui
3545 5035 3601 5086 et
3625 5031 3806 5086 tristi-

2156 5111 2245 5166 tiae
2270 5111 2406 5165 deos
2439 5111 2685 5166 arbitros
2720 5129 2847 5168 esse
2878 5115 3080 5172 vultis.
3108 5159 3117 5172 .
3143 5160 3152 5173 .
3178 5160 3188 5173 .
3214 5119 3394 5188 .dius,
3415 5119 3512 5191 qui
3545 5121 3804 5175 animam

2155 5217 2393 5272 corpore
2423 5201 2822 5273 viduet,quem
2881 5205 3037 5260 intra
3069 5223 3267 5263 muros
3319 5207 3473 5263 eludi
3517 5226 3630 5263 non
3673 5224 3804 5278 per-

2155 5291 2440 5346 mittendo
2495 5292 2842 5349 damnastis.
2916 5297 3057 5352 Item
3089 5296 3369 5367 Caeculus,
3430 5297 3529 5369 qui
3607 5297 3805 5353 oculos

1782 5501 1984 5564 Variae
2017 5501 2336 5563 lectiones.

459 5677 673 5761 5‘flav.
709 5680 776 5734 ad
806 5681 1027 5761 Apoloq,
1056 5694 1103 5734 c.
1136 5679 1549 5761 2.AQ_uo_mod_o,
1585 5679 2195 5761 quando_de‘fugitivo
2222 5679 2415 5761 palan}
2452 5678 2701 5761 factum,
2731 5678 2989 5761 solemus
3014 5685 3071 5737 et
3112 5695 3346 5752 Operam
3399 5683 3527 5755 ejus
3562 5699 3806 5757 percon-

388 5750 567 5807 tando
600 5753 810 5810 abusui
842 5749 1172 5808 nundinare
1201 5751 1227 5808 ?
1259 5752 1300 5787 ⁵⁵
1334 5749 1542 5825 Rigalt.
1576 5749 1793 5809 emend.
1831 5749 2290 5825 Malus‘Jupiter,
2325 5749 2606 5808 sifulmen
2641 5751 2828 5822 ipsius
2855 5758 2962 5809 est.
