4262 6356
505 359 626 419 679

1020 353 1544 413 TERTUl.LIANl
1591 351 1915 413 OPERUM
1961 350 2163 410 PARS
2210 348 2258 408 Ι.
2294 378 2370 393 -
2399 346 2675 408 SERIES
2719 347 2770 419 Ι,
2816 343 3384 406 APOLOGETICA.

3787 340 3910 401 680

505 509 684 549 sensu
716 493 912 547 exant.
936 529 948 545 .
970 528 1018 544 ..
1049 487 1294 557 Orbana,
1327 502 1452 558 quis
1493 486 1550 541 in
1576 487 1889 543 orbitatem
1921 484 2146 540 semina
2175 488 2228 556 Α
2264 486 2377 538 ret.
2400 522 2412 538 .
2435 521 2447 538 .
2470 521 2482 539 .
2524 479 2859 553 posthabita
2916 480 3086 534 Samo
3110 475 3339 548 dilecta,
3373 479 3430 532 et
3475 475 3678 548 utique
3707 476 3914 533 Enen-

505 582 861 652 exstinguat,
885 576 1149 648 etipsius
1180 575 1403 631 Mortis.
1427 616 1439 631 .
1465 617 1476 632 .
1499 579 1602 630 .Ut
1643 578 1848 632 caetera
1893 579 2154 630 transvo-

506 671 643 737 lem,
677 670 849 725 etiam
880 666 1140 722 locorum
1173 664 1356 731 urbis,
1385 665 1473 720 vel
1541 665 1688 734 loca,
1720 666 1858 721 deos
1916 681 2004 719 ar.
2029 706 2039 721 .
2065 704 2076 720 .
2099 704 2146 720 ..

505 764 753 830 patrem,
785 762 841 811 et
871 755 1000 809 diva
1031 753 1244 823 Arquis
1285 758 1340 809 et
1372 754 1528 808 Lana
1559 759 1617 809 et
1649 752 1938 809 montium
1965 753 2156 824 Septe-

509 845 793 901 montium
830 843 932 914 (8).
958 883 1004 898 ..
1038 841 1122 896 illi
1155 842 1396 909 faciunt,
1427 843 1527 914 qui
1549 842 1607 896 in
1632 843 1838 898 iisdem
1860 841 2002 898 locis
2024 857 2155 896 aras

509 934 595 988 vel
633 934 784 987 edes
813 931 1046 998 habent,
1084 937 1381 1001 praeterea.
1406 973 1416 985 .
1443 970 1490 987 ..
1559 931 1615 984 in
1667 929 1852 985 alieno
1893 929 2017 984 loco
2056 934 2156 985 aut

507 1022 877 1078 mercedibus
900 1019 1193 1075 habitant.
1228 1020 1412 1075 Taceo
1443 1024 1795 1075 Ascensum.
1821 1063 1832 1076 .
1855 1061 1868 1077 .
1908 1025 1964 1074 et
1997 1019 2152 1074 Levi-

508 1111 693 1166 colam
727 1110 769 1144 ³⁸
803 1127 836 1164 a
865 1107 1030 1164 clivis
1064 1133 1078 1174 ;
1106 1111 1266 1163 iaceo
1323 1109 1463 1165 deos
1510 1109 1816 1164 Forculum
1845 1127 1877 1164 a
1909 1109 2151 1178 foribus,

503 1205 558 1256 et
586 1199 862 1254 Csrdeam
895 1215 928 1252 a
958 1197 1318 1266 cardinibus,
1353 1203 1408 1252 et
1442 1198 1712 1254 liminum
1737 1199 2148 1266 Limentinum,

501 1290 622 1344 sive
681 1287 778 1358 qui
838 1284 936 1341 alii
993 1285 1146 1339 inter
1199 1285 1418 1340 vicinos
1450 1303 1617 1357 ap...
1652 1303 1790 1342 num
1823 1288 2148 1341 Janitorum

502 1377 840 1434 adorantur.
873 1374 1016 1439 Quid
1053 1374 1208 1429 enim
1243 1390 1521 1446 magnum
1555 1377 1577 1429 ?
1633 1391 1765 1430 cum
1815 1380 1871 1430 et
1901 1375 2154 1430 habeant

503 1466 563 1520 in
598 1462 998 1536 lupanaribus,
1043 1463 1102 1518 in
1160 1463 1394 1530 culinis,
1446 1469 1502 1518 et
1548 1464 1607 1518 in
1635 1465 1750 1519 imo
1783 1480 2010 1520 carcere
2043 1485 2056 1532 ς
2092 1464 2148 1520 in

503 1554 808 1623 i...itaque
838 1552 1344 1624 propr...aliisque
1366 1553 1756 1608 Romanorum
1784 1553 2150 1624 deis,quibus

505 1643 701 1716 potius
723 1644 852 1696 vita:
884 1642 1076 1697 ofiicia
1096 1642 1558 1712 distribuuntur,
1601 1643 1810 1709 taliter,
1844 1644 2151 1699 utcaateris

508 1733 634 1788 deis
666 1748 814 1803 opus
844 1747 959 1786 non
993 1730 1088 1786 sit.
1149 1732 1268 1786 Imo
1302 1747 1434 1786 cum
1469 1732 1738 1802 privatim
1760 1733 1912 1804 apud
1938 1737 2150 1788 Roma-

2269 571 2476 626 darum
2508 569 2744 642 ignibus
2769 567 3036 624 adoleri..
3059 607 3072 624 .

3102 698 3197 747 Hic
3226 697 3366 747 illius
3395 711 3566 759 arma,

2332 765 2424 837 Hic
2453 777 2640 814 currus
2669 763 2784 837 fuit,
2817 761 2925 834 hoc
2941 775 3165 823 regnum
3194 760 3293 809 dea
3321 759 3572 872 gentibus
3595 773 3732 819 esse,

2332 827 2381 872 Sl
2411 841 2516 872 uua
2547 827 2656 872 fata
2684 829 2880 872 sinant.
2913 838 3018 872 iam
3051 830 3180 872 tunc
3224 827 3316 872 ten
3357 827 3503 872 itque
3533 823 3732 872 fovete!

2327 827 2381 877 Si
2411 841 2516 889 qua
2547 827 2656 875 fata
2684 828 2880 883 sinant,
2907 824 3018 887 jam
3051 830 3180 873 tunc
3224 823 3503 885 tenditque
3533 823 3785 885 fovetque
3817 824 3910 886 (9).

2265 951 2480 1007 Misera
2509 951 2789 1007 adversus
2820 950 2939 1004 fata
2997 964 3112 1004 non
3150 947 3356 1005 valuit.
3396 947 3511 1003 Nec
3557 950 3752 1002 tamen
3786 953 3918 1004 tan-

2263 1046 2391 1096 tum
2416 1039 2654 1096 honoris
2688 1038 2933 1095 Romani
2966 1037 3109 1094 satis
3153 1037 3530 1106 decreverint,
3560 1041 3624 1091 ut
3650 1036 3917 1092 dedenti-

2262 1131 2373 1186 bus
2404 1129 2810 1201 Carthaginem
2843 1127 2981 1194 sibi,
3022 1131 3310 1198 quantum
3364 1124 3708 1193 Larentinae,
3740 1125 3800 1181 Si
3824 1125 3922 1181 dei

2263 1219 2357 1274 isti
2395 1219 2727 1274 conferendi
2777 1219 2835 1273 in
2869 1221 3096 1288 pote...
3139 1216 3226 1270 uit
3284 1214 3438 1270 enim
3490 1214 3719 1287 Jupiter
3738 1214 3920 1271 Cretae

2263 1315 2318 1364 et
2368 1314 2655 1362 Saturnus
2686 1306 2862 1362 Italia
2893 1310 2951 1360 et
2989 1305 3097 1360 Isis
3127 1305 3396 1376 Egypto.
3421 1345 3467 1360 ..
3503 1309 3918 1376 regnaverunt,

2262 1398 2478 1468 quibus
2507 1397 2682 1452 etiam
2707 1397 2927 1468 operati
2960 1393 3226 1466 plerique
3257 1386 3589 1448 traduntur.
3607 1392 3834 1465 Itaque.
3859 1435 3871 1450 .
3896 1434 3909 1450 .

2261 1486 2451 1542 mines
2484 1486 2642 1552 facit,
2693 1490 2749 1540 et
2807 1483 3113 1540 dedititius
3159 1481 3385 1538 Admeti
3444 1481 3599 1538 cives
3642 1498 3917 1539 romanos

2258 1572 2514 1644 imper...
2563 1572 2678 1628 lem
2738 1571 3019 1628 cultorem
3079 1587 3255 1626 suum
3313 1569 3572 1625 Crmsum
3613 1569 3915 1643 ambiguis

2260 1662 2516 1717 sortibus
2550 1661 2865 1716 fallendo...
2898 1659 3144 1715 timebat
3195 1659 3370 1714 deum
3415 1674 3613 1714 verum
3647 1665 3918 1714 constan-

2258 1756 2348 1807 ter
2389 1752 2779 1824 praenuntiare
2838 1767 3012 1822 regno
3071 1765 3240 1804 exc...
3279 1751 3565 1821 potestate
3624 1749 3912 1821 regnandi

507 1839 614 1878 nos
645 1822 1017 1893 deputentur,
1043 1837 1188 1892 quos
1218 1838 1398 1893 supra
1433 1821 1814 1893 signavimus,
1848 1839 1954 1878 nec
1985 1822 2150 1879 facile

510 1911 646 1930 0777!-
713 1909 916 1930 ..Αμ-ἔιε
1005 1910 1284 1930 Δ...,..Α..ἳ.
1354 1926 1404 1930 ,Α
1478 1911 1652 1930 _,-,,,!_
1706 1909 1835 1930 311__
1906 1929 1965 1930 ηη
2034 1929 2043 1930 κ
2129 1928 2142 1930 -

2260 1821 2492 1912 quoque
2523 1840 2680 1896 velut
2705 1841 2762 1895 in
2796 1821 2970 1894 urbes
3003 1853 3138 1894 suas
3163 1838 3339 1896 tueri.
3363 1879 3376 1895 .
3399 1879 3411 1894 .
3435 1879 3446 1894 .
3471 1880 3518 1894 ..
3561 1838 3913 1908 potuissent.

507 1911 648 1967 foris
707 1909 942 1980 cogniti,
1000 1910 1290 1980 quomodo
1346 1926 1413 1964 ea
1469 1911 1662 1967 omnia
1705 1909 1838 1966 illos
1903 1928 2150 1983 prmesse

505 1999 818 2054 voluerunt
847 1997 905 2051 in
937 1997 1094 2052 omni
1155 2013 1365 2068 genere
1422 1997 1702 2069 humano,
1768 2003 1823 2054 et
1881 1999 1938 2054 in
1991 2000 2150 2055 omni

507 2091 677 2160 gente
707 2085 1089 2159 proveniunt;
1124 2087 1220 2140 ubi
1265 2087 1485 2158 praedes
1533 2103 1752 2154 eorum,
1813 2105 1925 2143 non
1983 2089 2151 2143 modo

507 2176 747 2242 honore,
781 2176 881 2230 sed
916 2175 1042 2246 ipsa
1074 2192 1305 2246 quoque
1335 2176 1540 2230 notitia
1592 2181 1808 2232 carent.
1839 2179 1946 2232 Sed
1995 2179 2150 2232 enim

509 2263 748 2334 quidam
789 2265 1014 2319 fructus
1070 2268 1126 2319 et
1182 2265 1509 2320 necessaria
1559 2265 1734 2320 victui
1791 2266 2152 2321 demonstra-

504 2356 713 2408 verunt
739 2355 762 2406 Ρ

576 2442 661 2496 16.
696 2443 897 2507 Quaeso
928 2456 1050 2506 vos,
1087 2457 1218 2495 cum
1262 2441 1455 2496 dicitis
1512 2442 1801 2499 invenisse
1851 2442 2001 2510 illos,
2037 2461 2151 2499 non

511 2528 866 2585 confitemini
932 2527 1095 2600 prius
1149 2529 1328 2584 fuisse
1377 2546 1501 2600 qua:
1572 2530 1990 2586 invenirentur.
2042 2537 2154 2587 Cur

507 2633 638 2687 ergo
670 2634 785 2672 non
844 2621 1140 2673 auctorem
1191 2618 1386 2689 potius
1438 2619 1759 2688 honoratis,
1816 2621 1984 2692 cujus
2032 2621 2151 2676 haec

509 2707 663 2762 dona
684 2707 946 2772 sunt,sed
975 2711 1268 2761 auctorem
1293 2707 1623 2763 transfertis
1643 2709 1699 2762 in
1733 2709 2150 2780 repertores?...

508 2811 684 2866 quam
705 2795 1040 2863 invenisset,
1069 2795 1270 2866 utique
1301 2797 1517 2851 auctori
1542 2797 1758 2869 gratias
1781 2799 1915 2870 egit,
1951 2799 2153 2871 utique

509 2883 676 2939 illum
700 2884 871 2938 deum
903 2883 1124 2950 sensit;
1156 2884 1238 2940 ...
1276 2884 1665 2941 ministerium
1699 2886 2053 2944 institutoris
2079 2907 2092 2955 ;
2120 2905 2152 2943 a

511 2989 626 3043 quo
655 2971 855 3043 etipse
894 2971 1201 3027 institutus
1233 2976 1322 3027 est
1355 2973 1452 3044 qui
1486 2974 1799 3031 invenit...
1833 2993 1964 3030 sum
1994 2978 2147 3048 quod

507 3060 928 3116 invenirentur.
973 3059 1170 3115 Ficum
1211 3060 1452 3116 viridem
1503 3062 1696 3117 Romae
1754 3081 1924 3119 nemo
1977 3082 2149 3120 nove-

511 3153 623 3205 rat.
649 3190 660 3207 .
685 3190 696 3205 .
721 3190 766 3205 ..
800 3165 898 3204 um
934 3149 1068 3205 Cato
1113 3150 1339 3205 senatui
1366 3151 1563 3206 intulit
1591 3177 1604 3220 ;
1638 3157 1701 3209 ut
1731 3170 1844 3224 quo
1868 3155 1993 3224 jam
2018 3171 2146 3225 pro-

2261 1929 2319 1983 Si
2353 1929 2630 1984 Romanis
2661 1929 3008 2001 praestitisse
3043 1926 3372 1982 valuerunt.
3432 1943 3537 1981 cur
3588 1927 3848 1983 Athenas
3881 1944 3917 1983 a

2258 2017 2438 2073 Xerxe
2469 2018 2722 2073 Minerva
2780 2034 2894 2072 non
2954 2014 3251 2071 defendit?
3309 2013 3396 2070 vel
3455 2031 3560 2070 cur
3605 2013 3799 2071 Dellos
3840 2015 3916 2072 de

2261 2125 2438 2164 manu
2470 2107 2670 2181 Pyrrhi
2699 2107 2904 2180 Apollo
2936 2124 3050 2162 non
3100 2106 3255 2162 eruit
3284 2106 3312 2162 ‘I
3358 2105 3652 2161 Servarint
3706 2107 3914 2162 urbem

2260 2198 2530 2267 Romam,
2564 2198 2663 2268 qui
2694 2215 2802 2254 sua
2834 2195 3246 2268 perdiderunt!
3281 2195 3336 2250 Si
3397 2195 3504 2251 hoc
3555 2194 3913 2268 religiositas

2260 2291 2522 2342 Romana
2554 2287 2803 2353 meruit;
2833 2287 3020 2356 atqui,
3056 2303 3170 2340 non
3230 2289 3362 2358 post
3391 2302 3691 2341 summum
3725 2285 3913 2358 impe-

2261 2377 2413 2431 rium
2446 2375 2632 2432 auctis
2676 2377 2802 2447 jam
2862 2375 3033 2430 rebus
3091 2373 3430 2446 superstitio
3463 2374 3615 2429 608
3665 2375 3916 2446 quesita

2261 2470 2352 2519 est
2382 2465 2401 2518 ἒ
2433 2464 2541 2518 etsi
2570 2481 2603 2519 a
2631 2464 2821 2518 Numa
2859 2479 3026 2518 sacra
3055 2462 3392 2517 introducta
3448 2467 3609 2529 sunt,
3645 2463 3912 2520 nondum

2259 2556 2454 2608 tamen
2515 2559 2618 2607 aut
2664 2551 3019 2618 simulacris,
3053 2554 3152 2606 aut
3190 2551 3422 2622 templis
3450 2567 3542 2610 res
3576 2555 3799 2607 vestras
3822 2552 3909 2607 di-

2257 2641 2394 2696 vina
2423 2641 2801 2696 frustrabant.
2837 2639 3005 2711 Frugi
3065 2640 3266 2711 religio
3316 2643 3374 2694 et
3430 2639 3780 2711 paupertina
3825 2641 3915 2697 ni-

2261 2729 2620 2802 superstitio,
2678 2728 2884 2785 altaria
2940 2731 3267 2795 temeraria,
3344 2745 3482 2783 vasa
3541 2728 3802 2798 sordida,
3855 2733 3918 2785 et

2260 2819 2432 2873 dor...
2466 2817 2692 2882 exiliis,
2727 2822 2782 2872 et
2830 2817 2974 2872 deus
3031 2816 3155 2888 ipse
3212 2832 3576 2888 nusquam...
3628 2816 3914 2890 religiosi,

2261 2923 2436 2978 quam
2471 2907 2743 2977 majores,
2768 2905 2907 2977 quia
2938 2904 3215 2977 religiosi.
3247 2905 3465 2976 Atquin
3499 2907 3915 2976 quomodo.....

2259 2995 2689 3068 religionem,et
2718 2996 2961 3051 deorum
2986 2995 3509 3067 profundissimam
3529 3012 3731 3051 curam
3755 2997 3914 3068 impe

2257 3086 2411 3141 rium
2439 3083 3192 3156 Romanis...videripossit,
3227 3084 3381 3155 quod
3404 3083 3556 3140 laesis
3577 3084 3772 3155 potius
3786 3084 3912 3143 deis

2260 3179 2499 3230 auctum
2533 3179 2620 3228 est
2641 3174 2668 3227 ?
2689 3173 2810 3228 Nisi
2842 3172 3012 3228 fallor
3035 3173 3192 3228 enim
3223 3188 3395 3228 omne
3427 3189 3670 3244 regnum
3691 3172 3777 3228 vel
3799 3174 3911 3229 im-

503 3238 693 3294 vincia
749 3237 979 3294 hostilis
1031 3243 1217 3307 esset;
1265 3241 1356 3295 cui
1390 3241 1596 3297 sub...
1639 3223 2150 3315 semperrinslabat

2263 3223 2499 3332 ὲέἑῖιῖἇζ
2524 3223 3004 3333 agilis—ﬁliiﬁlii."
3034 3223 3910 3333 ginnas.angipoia.

503 3329 864 3398 exprimeret.
897 3327 1171 3382 Cerasum
1205 3333 1303 3383 Cn.
1359 3329 1666 3401 Pompeius
1691 3332 1759 3386 de
1792 3332 1970 3388 Ponto
1999 3334 2068 3389 ⁸⁷.
2093 3373 2140 3389 ..

505 3414 682 3470 Italian
714 3415 1094 3486 provulgavit.
1128 3421 1450 3472 Potuerunt
1482 3418 1622 3472 mihi
1682 3436 1960 3475 novorum
1995 3422 2148 3493 apud

505 3507 800 3558 Romanos
826 3520 1267 3575 pomorum....
1311 3505 1498 3561 ruisse
1538 3509 1890 3578 praeconium
1939 3511 2149 3567 divini-

504 3590 664 3646 tatis.
697 3595 835 3646 Tam
867 3608 1081 3647 vanum
1120 3592 1246 3661 hoc,
1277 3610 1454 3665 quam
1513 3596 1712 3652 etiam.
1736 3638 1782 3654 ..
1823 3606 2153 3658 commenta

506 3680 644 3735 deos
667 3678 866 3734 haberi
901 3697 914 3747 ;
949 3681 1162 3752 quibus
1220 3683 1269 3738 si
1312 3690 1724 3754 comparentur
1772 3692 1980 3745 nostris
2010 3694 2149 3746 aeta-

506 3769 611 3826 tis.
635 3809 647 3826 .
673 3785 731 3824 .o
754 3769 991 3841 dignius
1023 3772 1292 3842 posteris,
1317 3789 1494 3844 quam
1529 3776 1821 3847 prioribus
1854 3795 2150 3837 consecra-

505 3858 588 3914 tio
619 3859 1127 3931 competisset....
1168 3878 1240 3916 on
1275 3861 1334 3916 in
1385 3864 1660 3921 omnibus
1709 3867 1834 3937 jam
1885 3869 2149 3928 artificiis

506 3948 831 4019 antiquitas
876 3949 1137 4017 exolevit,
1173 3967 1282 4006 usu
1315 3953 1656 4023 quotidiana
1688 3955 2016 4016 instruente
2046 3978 2147 4017 no-

503 4036 741 4092 vitatem
770 4056 782 4106 ;
818 4043 992 4110 atque
1024 4039 1166 4094 adeo
1199 4057 1346 4112 quos
1377 4041 1450 4096 ob
1472 4048 1625 4099 artes
1657 4046 1954 4103 sanctiﬁ...
1980 4049 2036 4104 in
2061 4051 2146 4123 ip-

506 4123 589 4178 sis
613 4123 836 4179 artibus
866 4130 922 4180 et
937 4127 1262 4198 provocatis
1286 4128 1345 4182 in
1369 4130 1598 4187 aamulis
1628 4132 2012 4206 insuperatos.

577 4212 727 4267 607
764 4214 850 4267 17.
883 4215 1206 4286 Denique...
1241 4217 1465 4274 toribus
1495 4221 1619 4277 suis
1641 4239 1753 4278 non
1786 4227 2146 4297 negatisom-

507 4300 682 4355 nibus
714 4301 805 4357 his
829 4319 974 4373 quos
997 4303 1136 4359 deos
1158 4306 1480 4377 antiquitas
1501 4309 2017 4382 voluit,posteritas
2048 4335 2145 4374 ο...

509 4390 990 4461 superstitionum
1078 4395 1142 4464 Ι.,
1165 4397 1730 4468 praesumptio,cui...
1757 4403 1995 4474 bemus;
2018 4425 2146 4476 pro-

507 4483 706 4550 pterea
735 4479 957 4536 scilicet
984 4486 1278 4540 Romanos
1298 4485 1477 4542 totius
1499 4488 1656 4543 orbis
1669 4490 2145 4567 domi...se,quod

2259 3350 2339 3406 ib.
2374 3356 2431 3406 et
2457 3351 2548 3406 dei
2578 3350 2759 3406 urbis.
2794 3355 2934 3406 Nam
2966 3351 3168 3406 eadem
3198 3355 3423 3422 strages
3453 3355 3510 3405 et
3540 3351 3820 3406 moenium
3854 3355 3914 3407 et

2260 3437 2637 3510 templorum,
2668 3455 2838 3512 pares
2871 3439 3054 3494 caedes
3098 3443 3154 3494 et
3182 3437 3394 3494 civium
3427 3442 3483 3493 et
3513 3438 3910 3511 sacerdotum,

2259 3528 2473 3583 eaedem
2527 3527 2741 3599 rapina:
2800 3527 3178 3598 profanorum
3238 3531 3296 3584 et
3337 3542 3663 3584 sacrorum.
3697 3527 3802 3584 Tot
3831 3543 3915 3584 sa-

2260 3616 2500 3689 crilegia
2523 3616 2944 3688 Romanorum,
2996 3621 3139 3688 quot
3185 3615 3446 3687 trophasa
3476 3633 3490 3684 ;
3526 3620 3613 3673 tot
3658 3616 3730 3671 de
3781 3616 3909 3674 deis

2260 3710 2401 3777 quot
2429 3707 2497 3761 de
2527 3705 2801 3776 gentibus
2854 3704 3163 3777 triumphi.
3221 3705 3460 3761 Manent
3502 3709 3559 3761 et
3589 3703 3912 3762 simulacra

2260 3795 2508 3867 captiva,
2539 3801 2598 3852 et
2655 3795 2858 3868 utique
2909 3797 3203 3853 senti......
3255 3813 3320 3853 os
3373 3812 3489 3852 non
3538 3802 3758 3852 amant.
3793 3797 3911 3854 Sed

2259 3885 2397 3956 quia
2432 3883 2575 3940 nihil
2620 3885 2902 3955 sentiunt,
2935 3885 3177 3957 impune
3207 3884 3652 3942 laeduntur......
3685 3882 3912 3940 laedun-

2259 3973 2602 4040 tur,frustra
2631 3974 3178 4045 adorantur.ltaque
3209 3989 3456 4045 quorum
3491 3972 3907 4046 fastigium.....

2258 4061 2522 4118 adultum
2552 4067 2660 4132 est,
2694 4079 2807 4118 non
2851 4069 3100 4135 possunt
3127 4063 3311 4119 videri
3333 4061 3637 4135 religionis
3659 4062 3908 4131 meritis,

2257 4150 2645 4208 excrevisse...
2679 4152 2770 4208 nis
2801 4151 2920 4208 sive
2978 4152 3238 4208 ladendo
3277 4155 3602 4208 creverunt.
3638 4152 3909 4225 Regnum

2258 4240 2538 4295 universae
2599 4241 2864 4296 nationes
2919 4241 3283 4312 temporibus
3309 4239 3662 4308 habuerunt,
3705 4246 3770 4296 ut
3799 4245 3906 4297 As-

2257 4327 2419 4400 syrii,
2454 4333 2518 4384 ut
2548 4329 2718 4396 Medi,
2755 4335 2817 4386 ut
2847 4330 3055 4397 Persae,
3091 4335 3153 4384 ut
3208 4328 3549 4402 Egyptii....
3585 4333 3686 4386 aut
3730 4345 3908 4400 penes

2257 4419 2568 4488 quosdam,
2599 4422 2655 4474 et
2679 4423 2874 4474 tamen
2905 4418 2998 4490 qui
3025 4418 3496 4483 amiserunt,non
3528 4418 3655 4475 sine
3676 4417 3906 4490 religio-

2260 4507 2432 4560 nibus
2464 4511 2520 4561 et
2549 4507 2795 4573 cultu,et
2824 4509 2894 4564 de
2926 4508 3311 4581 propitiorum
3341 4509 3586 4564 deorum
3619 4524 3908 4564 mora.....

509 4567 715 4670 piﬁciis
735 4569 1449 4670 religionum‘meruerint
1487 4577 1789 4670 domina...
1823 4583 1908 4670 eis
1937 4601 2152 4656 praeva-
2182 4598 2228 4662 Ι)
2261 4597 2439 4651 cessit
2470 4597 2743 4653 universa
2773 4567 3281 4670 pene‘dominatio.
3313 4601 3449 4653 Sors
3467 4601 3797 4668 temporum
3831 4596 3914 4653 ita

507 4654 686 4712 leant.
735 4659 1018 4714 Nimirum
1073 4661 1438 4718 Sterculus...
1501 4665 1610 4720 hoc
1643 4654 2151 4740 imperium...seu

511 4748 906 4801 Romanorum
939 4748 1184 4807 distin...
1219 4756 1334 4806 tem
1378 4758 1646 4810 extraneo
1678 4760 1967 4828 potius...
2001 4769 2153 4823 tores

513 4836 570 4926 et
591 4834 973 4926 destitutores
1005 4837 1089 4926 in.
1113 4879 1125 4895 .
1150 4840 1573 4913 .li,sepultique
1595 4848 1849 4904 sunt.Ita
1875 4868 2151 4926 nempe...

512 4920 728 4978 oblitus
761 4928 994 4980 antrum
1026 4925 1169 4982 illud
1204 4928 1442 4986 Idaeum.
1465 4971 1478 4987 .
1501 4971 1514 4988 .
1538 4933 1872 4993 .dissimum
1896 4920 2152 5001 ederem.

511 5010 712 5068 Nonne
728 5014 886 5069 omni
917 5015 1221 5086 Capitolio.
1245 5059 1255 5075 .
1280 5058 1291 5075 .
1315 5024 1406 5074 .ut
1436 5019 1535 5075 illa
1562 5023 1755 5092 potius
1776 5029 1929 5084 terra
1951 5047 2156 5105 regna-

2261 4684 2550 4742 volutat...
2583 4687 2830 4750 Quaerite
2862 4688 2994 4758 quis
3024 4691 3358 4759 temporum
3415 4686 3571 4741 vices
3601 4685 3910 4742 ordinavit.

2265 4774 2423 4829 Idem
2469 4791 2650 4847 regna
2706 4776 3029 4847 dispensat,
3088 4782 3146 4832 et
3189 4791 3346 4831 nunc
3402 4791 3579 4847 penes
3617 4778 3912 4831 Romanos

2264 4878 2392 4918 eam
2425 4880 2742 4930 summam,
2793 4870 3072 4936 tanquam
3106 4864 3414 4936 pecuniam
3474 4864 3546 4920 de
3582 4863 3782 4918 multis
3806 4879 3909 4918 no-

2266 4952 2526 5007 minibus
2555 4957 2814 5008 exactam
2840 4954 2895 5007 in
2936 4970 3113 5008 unam
3147 4969 3340 5009 arcam
3364 4950 3910 5026 congregavit.Quid

2266 5039 2336 5095 de
2367 5056 2434 5095 ea
2463 5040 2754 5108 statuerit,
2789 5043 2984 5098 sciunt
3009 5042 3255 5116 proximi
3286 5041 3359 5096 ei.

1891 5157 2089 5222 Variae
2114 5162 2434 5227 lectiones.

580 5266 623 5303 ⁸⁵⁸
657 5267 856 5338 Rigalt.
891 5272 1100 5329 emend.
1135 5272 1488 5330 Clivicolam.
1525 5276 1566 5312 ‘7
1597 5279 1724 5348 Leg.
1759 5281 1829 5337 de
1859 5283 2040 5343 Ponto
2068 5290 2296 5362 primus
2327 5292 2524 5361 Italia),
2556 5296 2774 5362 etc.,cf.
2807 5297 2960 5368 Apol.
2995 5296 3083 5364 11,
3108 5296 3160 5350 2.

1905 5411 2423 5480 Commentaries.

584 5521 658 5594 (8)
688 5525 755 5596 (Et
775 5527 1043 5581 montium
1072 5524 1523 5596 Septemoniium.
1554 5525 1672 5583 Lib.
1733 5529 1802 5586 de
1825 5531 2158 5594 Idololatria

513 5606 640 5674 cap.
677 5595 759 5650 10.
796 5597 949 5674 idem
997 5595 1192 5674 habet.
1263 5599 1440 5652 Etiam
1469 5600 1683 5674 strenas
1732 5607 2043 5674 captanda),
2103 5617 2154 5665 et

514 5661 956 5739 Septcpzontium,
989 5676 1035 5724 et
1066 5672 1292 5733 brumae,
1324 5678 1432 5723 etc.
1466 5661 2009 5733 Celebritas'autem
2032 5661 2154 5739 erat

514 5735 872 5807 quaedam,ut
902 5758 1006 5795 nos
1024 5741 1159 5797 alibi
1179 5741 1608 5808 annotavimus,
1643 5743 1922 5806 Romanis
1939 5735 2155 5813 usitata

2267 5542 2419 5618 dicta
2449 5560 2482 5618 a
2513 5546 2732 5618 septem
2767 5546 3083 5613 montibus,
3117 5563 3243 5618 quzs
3294 5545 3351 5600 in
3385 5557 3646 5618 mensem
3673 5540 3914 5618 Decem-

2265 5611 2770 5689 bremincidebat,
2815 5625 2989 5689 atque
3041 5611 3096 5673 in
3135 5611 3426 5689 honorem
3453 5615 3614 5669 urbis
3646 5611 3914 5669 condiliae

2262 5686 2501 5764 hocudie
2552 5692 2760 5764 strenui
2792 5686 3009 5764 captari
3043 5691 3330 5748 solebant.
3365 5687 3441 5744 LE
3473 5690 3576 5742 Pa.

2334 5759 2408 5831 (9)
2438 5758 2596 5832 Virg.
2627 5758 2880 5832 lEneidq'
2899 5765 2942 5833 Ι,
2973 5765 3043 5819 20
3074 5772 3123 5820 οι
3149 5779 3296 5835 seqq.
