4262 6358
564 350 685 412 683

1060 348 1612 427 _TERTULLIANl
1658 345 1978 408 ΟΡΕῆοΜ
2029 344 2226 405 PARS
2271 343 2319 404 l.
2354 375 2432 388 -
2460 342 2737 405 SERIES
2780 342 2829 416 Ι,
2873 337 3443 402 APOLOGETICA.

3843 341 3967 402 684

557 481 811 548 bebitur,
843 479 944 552 qui
976 495 1148 551 prope
1179 478 1574 535 Christianum
1604 477 2015 550 pronuntiarit,
2065 493 2200 532 cum
2232 477 2284 544 Α
2318 475 2390 530 ab
2420 479 2692 530 extranea
2720 474 2999 530 adversus
3042 477 3197 539 tuos,
3233 475 3296 526 ut
3324 470 3412 526 val
3469 471 3614 526 6H
3665 470 3772 528 tibi
3828 487 3961 528 eru-

558 570 608 626 si
642 570 781 640 quid
813 567 1129 641 prudentie
1162 571 1262 623 aut
1314 567 1614 638 sapientiae
1673 565 2043 633 atiectaverit,
2104 581 2208 621 seu

554 657 915 713 ceremonias
946 657 1261 728 despuens,
1295 673 1398 712 seu
1430 654 1711 712 saeculum
1748 655 2072 721 revincens,
2106 670 2208 724 pro

553 743 881 800 Christiano
905 742 1332 814 denotetur(7).
1353 742 1484 797 Jam
1518 741 1698 813 igitur
1729 739 1876 796 nihil
1910 740 2079 796 nobis
2099 739 2212 806 erit

553 851 687 890 cum
715 832 926 890 litteris
955 841 1010 888 et
1038 830 1302 886 doctrina
1348 846 1627 901 perversae
1675 829 1993 899 felicitatis,
2026 826 2119 882 cui
2151 827 2208 882 in

554 923 700 980 falso
734 921 926 994 potius
957 919 1212 975 creditur
1241 920 1280 989 ',
1315 935 1490 989 quam
1525 918 1583 972 in
1627 934 1779 973 vero.
1840 917 2108 972 Viderint
2159 907 2209 970 si

555 1014 654 1084 qui
686 1014 756 1068 de
790 1011 960 1067 unico
986 1015 1042 1065 et
1073 1008 1194 1064 solo
1214 1013 1324 1064 Deo
1358 1006 2041 1080 pronuntiaverunt.lmo
2063 1003 2210 1060 nihil

553 1103 794 1158 omnino
817 1104 1065 1156 relatum
1112 1100 1198 1165 ﬁt,
1266 1099 1420 1170 quod
1481 1101 1764 1168 agnoscat
1819 1095 2207 1165 Christianus,

553 1193 708 1248 610
741 1207 811 1247 ne
838 1190 1188 1261 exprobrare
1223 1188 1426 1258 possit.
1462 1187 1609 1241 Nam
1659 1191 1715 1241 et
1747 1187 1902 1258 quod
1959 1183 2208 1240 relatum

551 1286 642 1337 est
684 1281 749 1348 ιο,
791 1293 979 1349 neque
1031 1291 1235 1332 omnes
1293 1275 1491 1330 sciunt
1526 1291 1540 1342 ;
1574 1290 1764 1344 neque
1826 1273 1925 1344 qui
1989 1273 2208 1348 sciunt,

549 1374 819 1426 constare
835 1365 1158 1423 confidunt.
1189 1367 1372 1418 Tanto
1398 1364 1436 1399 ¹¹
1473 1363 1638 1418 abest
1665 1371 1725 1418 ut
1759 1361 1974 1417 nostris
1997 1360 2207 1416 litteris

547 1461 811 1513 annuant
840 1453 1208 1522 homines,ad
1227 1469 1375 1523 quas
1397 1468 1568 1506 nemo
1589 1451 1750 1506 venit
1775 1450 1886 1504 nisi
1902 1450 2025 1520 jam
2045 1449 2203 1504 Chri-

547 1545 1026 1602 stianus.Novum
1055 1539 1462 1596 testimonium
1487 1540 1844 1607 advoco,imo
1866 1538 2026 1593 omni
2043 1538 2204 1594 litte-

543 1640 746 1691 ratura
769 1630 1154 1698 notius,omni
1177 1629 1444 1684 doctrina
1474 1627 2204 1698 agitatius,omnieditione

538 1722 989 1796 vulgatius,toto
1022 1717 1261 1773 homine
1292 1717 1506 1787 majus,
1530 1715 1588 1770 id
1628 1720 1928 1770 esttotum
1946 1715 2098 1785 quod
2113 1720 2202 1770 est

541 1810 824 1867 hominis.
858 1808 1124 1864 Consiste
1155 1806 1215 1860 in
1245 1805 1461 1872 medio,
1513 1803 1710 1860 anima
1741 1803 1840 1874 (8),
1870 1820 1972 1858 seu
2004 1802 2201 1858 divina

544 1905 604 1955 et
626 1904 842 1956 aeterna
874 1913 965 1952 res
1012 1912 1075 1950 es
1107 1893 1431 1949 secundum
1459 1891 1656 1964 plures
1691 1891 2088 1963 philosophos,
2123 1907 2188 1946 eo

545 1988 738 2059 magis
769 2003 881 2041 non
907 1982 1196 2039 mentiens
1231 1983 1296 2045 ¹²,
1355 1997 1457 2036 seu
1508 1979 1752 2035 minime
1789 1979 2005 2049 divina,
2058 1995 2191 2050 quo-

544 2076 702 2132 niam
735 2074 970 2146 quidem
1007 2069 1292 2140 mortalis,
1353 2073 1418 2125 ut
1473 2069 1718 2140 Epicuro
1775 2067 1883 2123 soli
1941 2067 2190 2136 videtur,

543 2181 610 2220 eo
642 2163 828 2236 magis
869 2163 946 2234 (9)
974 2158 1208 2216 mentiri
1256 2175 1371 2213 non
1406 2155 1644 2212 debebis
1678 2157 1741 2227 ¹³,
1791 2173 1894 2212 seu
1949 2157 2019 2212 de
2050 2155 2190 2212 ccelo

542 2251 961 2324 exciperis,seu
995 2251 1066 2305 de
1096 2255 1248 2304 terra
1278 2245 1742 2318 conciperis,seu
1774 2244 2054 2310 numeris,
2088 2262 2189 2300 seu

539 2340 754 2397 atomis
799 2336 1190 2404 concinnaris,
1223 2352 1326 2392 seu
1361 2351 1495 2391 cum
1526 2347 1764 2405 corpore
1819 2332 2105 2404 inceperis
2127 2334 2191 2398 η,

542 2446 643 2486 seu
678 2433 810 2500 post
835 2442 1050 2498 corpus
1073 2425 1390 2490 induceris,
1426 2422 1578 2478 unde
1613 2422 1765 2478 unde
1797 2422 1840 2458 ¹³
1869 2427 1927 2476 et
1956 2438 2189 2493 quoquo

540 2518 714 2575 modo
744 2515 1044 2571 hominem
1087 2513 1224 2568 facis
1283 2509 1501 2568 animal
1558 2509 1859 2578 rationale,
1894 2526 2105 2566 sensus
2134 2515 2192 2566 et

543 2606 800 2663 scientiae
846 2603 1320 2676 capacissimum.
1383 2601 1495 2656 Sed
1548 2616 1662 2654 non
1688 2615 1816 2654 eam
1866 2603 1920 2654 te
1951 2599 2188 2669 advoco,

545 2709 674 2766 quis
705 2691 922 2749 scholis
955 2691 1223 2754 formata,
1273 2687 1642 2744 bibliothecis
1700 2687 2030 2758 exercitata,
2064 2705 2190 2744 aca-

544 2780 755 2838 demiis
788 2781 833 2817 ιθ
862 2783 917 2835 et
948 2778 1268 2849 porticibus
1302 2776 1474 2832 Attici
1504 2780 1732 2847 partam
1769 2777 1809 2810 ¹⁷
1841 2775 2188 2846 sapientiam

546 2874 746 2926 ructas
771 2868 832 2925 ⁸⁸.
863 2869 939 2924 Te
965 2865 1294 2938 simplicem
1327 2870 1385 2921 et
1431 2865 1636 2919 rudem
1681 2868 1738 2920 et
1779 2863 2104 2935 impolitam
2134 2871 2191 2922 et

544 2957 842 3014 idioticam
865 2953 1171 3027 compello,
1205 2952 1435 3025 qualem
1469 2954 1511 2987 ¹⁹
1541 2951 1759 3008 habent
1782 2953 1881 3024 qui
1912 2958 1966 3008 te
2001 2953 2186 3010 solam

543 3046 783 3113 habent,
843 3043 1002 3100 illam
1063 3045 1251 3114 ipsam
1310 3043 1380 3097 de
1429 3041 1702 3113 compito,
1760 3041 1831 3096 de
1887 3041 2076 3112 trivio,
2118 3043 2189 3098 de

540 3133 790 3192 textrino
818 3130 1333 3204 totam.Imperitia
1380 3134 1482 3185 tua
1528 3129 1672 3184 mihi
1710 3145 1857 3200 opus
1887 3136 1992 3196 est,
2040 3147 2184 3202 quo-

2318 564 2580 632 bescant,
2612 564 2768 635 quod
2801 579 2907 618 nos
2931 561 3003 616 ob
3034 577 3102 616 ea
3131 559 3354 616 oderint
3393 563 3450 616 et
3497 559 3800 630 irrideant,
3833 575 3963 630 quas

2315 656 2373 708 te
2403 669 2558 708 nunc
2591 649 2884 707 consciam
2917 649 3233 706 detineant.

2388 832 2518 884 CAP.
2555 829 2620 886 ll.
2653 829 2778 885 Non
2832 825 3150 898 placemus,
3209 825 3522 881 Dominum
3581 825 3968 898 praedicantes

2311 917 2429 974 hoc
2459 918 2695 973 nomine
2717 915 2888 973 unico
2920 915 3179 980 unicum,
3233 931 3267 970 a
3307 931 3420 986 quo
3478 915 3697 982 omnia,
3755 921 3811 970 et
3852 915 3966 971 sub

2319 1008 2474 1080 quod
2507 1007 2794 1062 universa.
2823 1005 2921 1060 Dic
2952 1003 3356 1060 testimonium
3388 1004 3437 1059 si
3460 1005 3540 1060 ita
3569 1006 3705 1060 scis.
3728 1007 3874 1060 Nam
3908 1011 3966 1060 te

2317 1111 2550 1168 quoque
2572 1095 2762 1168 palam
2795 1099 2852 1151 et
2875 1099 2996 1150 tota
3041 1093 3329 1161 libertate,
3391 1110 3507 1165 qua
3554 1094 3600 1128 ²²
3657 1110 3771 1150 non
3829 1092 3969 1150 licet

2317 1185 2509 1250 nobis,
2567 1185 2725 1240 domi
2773 1201 2839 1240 ac
2896 1183 3036 1238 foris
3094 1183 3369 1238 audimus
3423 1182 3504 1237 ita
3555 1183 3964 1254 pronuntiare.

2315 1271 2477 1336 Quod
2509 1273 2662 1330 Deus
2693 1273 2937 1342 dederit,
2969 1275 3045 1337 et,
3075 1270 3134 1327 Si
3182 1270 3337 1326 Deus
3385 1269 3652 1337 voluerit,
3702 1288 3770 1327 ea
3826 1288 3966 1329 voce

2315 1368 2372 1417 et
2393 1362 2646 1433 aliquem
2678 1379 2805 1418 esse
2836 1361 3157 1434 significas,
3189 1367 3246 1415 et
3276 1376 3510 1416 omnem
3548 1359 3635 1414 illi
3667 1360 3965 1418 confiteris

2313 1454 2684 1521 potestatem,
2717 1451 2790 1504 ad
2822 1453 2988 1520 cujus
3021 1455 3250 1518 spectas
3273 1447 3654 1519 voluntatem,
3697 1449 3874 1504 simul
3905 1453 3966 1506 et

2311 1545 2550 1594 caeteros
2573 1557 2751 1610 negas
2784 1541 2923 1594 deos
2953 1555 3102 1608 esse,
3135 1539 3275 1593 dum
3309 1537 3434 1592 suis
3477 1537 3779 1593 vocabulis
3807 1556 3960 1593 nun-

2311 1643 2513 1698 cupas,
2587 1627 2929 1692 Saturnum,
2991 1627 3214 1690 Jovem,
3295 1626 3556 1694 Martem,
3616 1627 3959 1683 Minervam.

2309 1715 2455 1771 Nam
2482 1716 2527 1750 ²³
2556 1716 2746 1772 solum
2767 1721 2946 1770 Deum
2978 1716 3492 1786 conﬁrmas,quem
3519 1721 3745 1771 tantum
3767 1715 3957 1772 Deum

2309 1805 2595 1874 nominas,
2629 1811 2692 1860 ut
2722 1809 2778 1859 et
2809 1822 2941 1859 cum
2990 1803 3123 1860 illos
3148 1803 3445 1860 interdum
3487 1804 3626 1859 deos
3672 1803 3956 1877 appellas,

2308 1893 2380 1948 de
2409 1893 2598 1949 alieno
2629 1898 2686 1949 et
2718 1893 2888 1965 quasi
2918 1911 3019 1965 pro
3052 1895 3257 1947 mutuo
3291 1910 3397 1948 usa
3427 1891 3697 1949 videaris.
3731 1893 3809 1949 De
3850 1912 3958 1950 na-

2304 1985 2437 2037 tura
2465 1998 2697 2052 quoque
2726 1981 2825 2037 Dei
2858 1998 3030 2053 quem
3062 1981 3106 2014 ²⁴
3141 1981 3654 2053 praedicamusmec
3689 1988 3742 2037 te
3772 1982 3952 2038 latet:

2298 2071 2454 2127 Deus
2486 2073 2675 2126 bonus
2707 2076 2792 2126 est
2843 2071 2908 2136 ³⁵,
2957 2071 3110 2125 Deus
3142 2070 3450 2136 benefacit,
3511 2075 3610 2125 tua
3669 2088 3774 2126 vox
3829 2077 3942 2128 est.

2297 2159 2476 2215 Plane
2504 2176 2573 2215 ea
2602 2159 2767 2227 dicis,
2799 2160 2900 2215 sed
2950 2158 3122 2215 homo
3151 2158 3341 2214 malus
3374 2158 3594 2214 scilicet
3620 2159 3686 2230 9‘,
3718 2165 3954 2217 contra-

2298 2248 2387 2303 ria
2415 2249 2805 2320 propositione
2838 2247 3073 2319 oblique
3105 2253 3164 2302 et
3212 2246 3534 2320 ﬁguraliter
3563 2249 3959 2320 exprobrans,

2298 2337 2427 2393 ideo
2459 2335 2679 2392 malum
2707 2336 3027 2407 hominem,
3059 2336 3197 2408 quia
3246 2353 3280 2391 a
3308 2336 3422 2392 Deo
3455 2337 3605 2393 bono
3648 2337 3951 2395 abscesse-

2299 2425 2393 2482 rit.
2427 2425 2614 2480 Etiam
2664 2426 2818 2496 quod
2873 2441 3049 2496 penes
3072 2425 3253 2481 Deum
3287 2425 3566 2481 bonitatis
3599 2430 3656 2481 et
3684 2427 3954 2497 benigni-

2296 2514 2434 2570 tatis
2461 2513 2648 2569 omnis
2681 2513 3004 2570 benedictio
3030 2514 3180 2568 inter
3211 2530 3314 2570 nos
3347 2531 3647 2569 summum
3673 2515 3749 2570 sit
3771 2516 3951 2573 disci-

2298 2602 2468 2674 plinas
2490 2607 2547 2658 et
2575 2603 3030 2657 conversationis
3060 2609 3516 2671 sacramentum,
3549 2604 3860 2660 Benedicat
3891 2611 3949 2662 te

2299 2696 2472 2761 Deus,
2496 2695 2615 2746 tam
2665 2691 2834 2747 facile
2883 2691 3251 2762 pronuntias,
3301 2708 3478 2761 quam
3513 2692 3559 2726 97
3615 2693 3949 2751 Christiano

2298 2796 2536 2836 necesse
2565 2785 2673 2835 est.
2708 2782 2774 2835 At
2803 2796 2934 2834 cum
2969 2779 3014 2814 ²⁸
3045 2781 3102 2834 in
3162 2779 3540 2836 maledictum
3571 2783 3614 2816 ³⁸
3656 2785 3949 2840 convertis

2298 2868 2758 2924 benedictionem
2808 2867 2928 2936 Dei,
2989 2867 3227 2940 perinde
3283 2869 3436 2924 dicto
3495 2885 3727 2926 omnem
3770 2889 3949 2944 super

2298 2973 2405 3013 nos
2436 2961 2782 3028 potestatem
2818 2958 2944 3027 ejus
2973 2958 3290 3013 consistere
3321 2959 3645 3014 secundum
3677 2978 3782 3016 nos
3803 2978 3947 3016 con-
4039 3018 4043 3021 .

2297 3046 2500 3102 ﬁteris.
2531 3049 2697 3118 Sunt,
2729 3047 2828 3117 qui
2859 3046 2968 3102 etsi
3001 3046 3185 3102 Deum
3217 3063 3331 3102 non
3365 3047 3411 3082 2°
3449 3053 3680 3119 negent,
3713 3050 3946 3121 dispec-

2298 3139 2480 3190 torem
2517 3135 2688 3207 plane
2717 3141 2774 3190 et
2803 3135 3087 3190 arbitrum
3119 3140 3176 3191 et
3224 3137 3484 3206 judicem
3544 3154 3658 3193 non
3694 3144 3943 3210 putent:

542 3225 704 3282 niam
763 3221 1141 3294 aliquantulm
1174 3220 1392 3293 peritiae
1451 3223 1562 3274 tua:
1634 3234 1804 3273 nemo
1857 3220 2059 3275 credit.
2110 3221 2188 3275 Ea
2219 3211 2260 3278 C
2299 3223 2358 3279 in
2381 3240 2497 3294 quo
2519 3223 2718 3294 utique
2739 3241 2845 3279 nos
2876 3224 3124 3279 maxime
3159 3224 3449 3295 rejiciunt,
3485 3226 3627 3296 quid
3659 3227 3728 3282 ad
3761 3226 3936 3284 istam

539 3310 864 3386 expostulo,
917 3326 1044 3382 quis
1068 3315 1263 3365 tecum
1320 3307 1381 3363 in
1423 3307 1721 3362 hominem
1753 3308 1797 3341 ²⁰
1826 3305 2027 3376 infers,
2061 3324 2188 3380 quis

542 3405 644 3458 aut
674 3417 742 3457 ex
773 3399 1102 3469 temetipsa,
1149 3402 1252 3453 aut
1279 3412 1347 3452 ex
1400 3411 1750 3468 quocunque
1805 3401 2041 3453 auctore
2087 3402 2187 3454 tuo

545 3489 764 3546 sentire
806 3486 1082 3542 didicisti.
1116 3487 1240 3542 Non
1267 3502 1352 3553 es,
1387 3485 1539 3555 quod
1572 3485 1776 3551 sciam,
1809 3483 2138 3542 Christiana
2169 3505 2182 3556 ;

546 3577 673 3634 ﬁeri
725 3575 906 3645 enim,
967 3591 1084 3631 non
1141 3574 1304 3630 nasci
1349 3571 1498 3630 solet
1548 3573 1592 3608 ²¹
1667 3571 1999 3629 Christiana
2049 3574 2182 3644 (10).

545 3670 763 3724 Tamen
788 3680 944 3720 nunc
965 3681 999 3720 a
1027 3667 1084 3719 te
1113 3662 1517 3718 testimonium
1548 3661 1815 3734 ﬂagitant
1844 3661 2182 3732 Christiani,

2297 3311 2667 3383 disciplinam
2702 3316 2856 3366 metu
2890 3311 3184 3383 praadioati
3223 3313 3432 3384 judicii
3460 3314 3894 3372 transvolamus
3928 3342 3941 3384 ;

2297 3399 2382 3456 sic
2414 3402 2593 3456 Deum
2618 3401 2969 3456 honorantes
3011 3400 3076 3465 ³ο,
3109 3401 3251 3455 dum
3308 3401 3465 3457 curis
3497 3401 3942 3471 observationis,

2296 3493 2354 3545 et
2376 3488 2660 3545 molestiis
2683 3488 3208 3545 animadversionis
3239 3489 3671 3558 absolvunt,cui
3702 3508 3773 3548 ne
3793 3492 3942 3550 iram

2297 3577 2532 3649 quidem
2564 3579 2717 3634 6l2
2763 3579 2874 3650 (13)
2931 3578 3254 3635 ascribunt.
3305 3579 3452 3635 Nam
3509 3579 3559 3636 si
3617 3585 3768 3638 Deus
3826 3582 3940 3654 (in-

2295 3667 2527 3739 quiunt)
2583 3667 2876 3738 irascitur,
2935 3666 3335 3740 corruptibilis
3381 3672 3437 3724 et
3473 3668 3825 3741 passionalis
3853 3676 3945 3728 est

1947 3788 2149 3850 Variae
2203 3790 2521 3854 lectiones.

636 3898 658 3933 ο
685 3898 828 3952 Cum
862 3895 922 3970 in
953 3894 1098 3951 falso
1129 3894 1256 3970 ejus
1287 3891 1671 3970 crediturjfet.
1706 3891 2080 3970 Cod._Ri_g_att_.
2109 3895 2160 3970 f0
2186 3895 2454 3970 Relatum
2487 3899 2564 3952 sit
2590 3900 2718 3954 Jun.
2751 3899 2954 3970 Rigalt.
3000 3902 3042 3936 ¹¹
3073 3902 3320 3954 Tantum
3377 3904 3514 3956 Jun.
3571 3901 3614 3936 ¹²
3664 3901 3965 3960 Mentieris

561 3970 746 4042 Latin.
778 3978 832 4042 et
854 3963 1171 4042 giaconiusl
1203 3966 1247 4042 ἐξ
1277 3965 1501 4042 ρθὺθηθ
1538 3963 1747 4042 ιξζριιω.
1785 3963 1988 4042 (figuli.
2023 3965 2080 4042 ‘_‘_
2108 3966 2385 4039 lnciperis
2431 3970 2559 4042 (an.
2596 3963 2978 4040 incipis'Rig.
3032 3971 3076 4006 “5
3132 3972 3274 4025 lnde
3324 3973 3449 4042 Rig.
3497 3972 3538 4007 ¹⁶
3592 3973 3959 4030 Academicis

558 4040 820 4115 Paria]?
853 4039 1023 4115 Pasta
1055 4037 1249 4115 ltig._'3
1284 4038 1520 4115 Eructas
1558 4036 1758 4115 [Vouw.
1867 4036 2100 4115 Tria-dit.
2154 4043 2190 4091 Ii

2334 4042 2399 4115 ’ᾖ
2435 4040 2652 4115 Tecum
2696 4035 2945 4115 ibomini
2999 4044 3116 4115 Rig.
3176 4043 3216 4076 ²¹
3246 4035 3417 4115 80188⁷
3462 4044 3670 4115 Wouw.
3736 4046 3854 4115 Βία,
3916 4047 3961 4083 ιι

559 4111 704 4185 Qui?
737 4112 852 4185 mgf
887 4110 931 4144 23
964 4110 1114 4185 Nam
1141 4109 1289 4185 ages:
1322 4110 1443 4177 Βία.
1468 4108 1523 4185 ἐδ
1552 4107 1888 4185 Ουᾳωηιῖξῃ.
1921 4108 1965 4142 9⁵
1995 4107 2190 4164 Bonus
2212 4107 2327 4185 Βία.
2358 4111 2401 4145 ²⁶
2435 4112 2607 4185 Plane
2640 4114 2861 4168 addicis
2884 4131 2907 4185 _:
2941 4113 3040 4167 sed
3064 4107 3247 4167 homo
3279 4113 3468 4185 malus
3515 4132 3528 4180 ;
3561 4107 3957 4185 scilicetvliig.

556 4177 976 4256 {7_Christiane,
1009 4181 1132 4256 alii.
1166 4180 1428 4256 “Quum
1465 4179 1522 4232 in
1556 4177 1932 4256 maledictum
1966 4177 2752 4256 convertis—benedictionem
2804 4183 2898 4239 Dei
2949 4187 3077 4240 Jun.
3119 4186 3236 4255 Rig.
3286 4183 3344 4239 in
3376 4177 3528 4240 abest
3577 4187 3692 4241 Lat.
3727 4177 3962 4256 Veneti,-

555 4254 728 4310 Rhen.
761 4258 922 4308 Pam.
957 4256 1013 4308 et
1044 4251 1185 4307 Sem.
1219 4251 1361 4320 legg.
1395 4266 1527 4306 cum
1559 4249 1614 4303 id
1649 4248 2036 4305 maledictum
2069 4254 2360 4309 convertis
2393 4257 2450 4310 in
2493 4255 2958 4312 benedictionem
2993 4256 3092 4311 Dei
3122 4257 3167 4291 ²⁹
3184 4248 3424 4328 ’Νθεαιη
3471 4258 3587 4328 Rig.
3629 4259 3673 4294 ⁸ο
3703 4248 3958 4316 Ιιιὴοηοί

555 4330 753 4382 rantes
776 4331 920 4382 Jun.

1957 4417 2475 4482 Commentarius.

614 4527 1031 4601 (DDmotetur.
1066 4523 1455 4601 Hoc_verbu_m
1513 4519 1609 4576 hic
1639 4527 1694 4575 et
1751 4535 1903 4601 saepe
1953 4520 2098 4578 alias
2130 4524 2189 4580 in
2222 4532 2267 4594 D
2297 4528 2573 4601 adquam
2599 4528 2840 4584 minime
2870 4529 3144 4601 pertines.
3181 4529 3310 4585 Rm.

545 4592 762 4654 malam
795 4602 1015 4669 partem
1056 4595 1330 4650 sumitur.
1368 4594 1751 4669 Hieronymus
1783 4592 1869 4669 _de
1917 4602 2188 4669 suspecto

546 4665 964 4725 contubernio:
1004 4689 1025 4715 ι
1061 4671 1548 4739 Vosﬁcunctorum
1575 4665 1742 4735 digiti
1768 4665 2186 4739 denotabunt,»

544 4741 604 4796 id
635 4747 725 4796 est
759 4740 1149 4795 infamabunt.
1183 4738 1313 4793 LAC.

613 4811 692 4895 (8)
734 4811 974 4866 Consiste
1019 4812 1076 4895 iri
1126 4808 1588 4895 νξιρίίἰοηιιηὶγηαζ
1645 4806 2057 4895 Ρτοερρᾼοροβίε.
2098 4811 2182 4895 ‘ad

537 4879 820 4947 animam,
853 4901 886 4938 a
915 4900 1031 4953 qua
1061 4879 1462 4937 testimonium
1521 4879 1800 4953 adversus
1847 4885 2051 4947 gentes
2081 4881 2184 4935 de-

577 4955 748 5017 oscit.
780 4955 838 5008 in
884 4951 998 5023 qua
1030 4953 1310 5025 persistit,
1372 4967 1558 5025 usque
1609 4951 1682 5025 ad
1737 4951 1912 5025 linem
1974 4956 2179 5025 cap.4.

577 4970 838 5017 osmt.1n
884 4972 998 5023 qua
1030 4970 1310 5025 persistit,
1372 4970 1558 5021 usque
1609 4970 1680 5004 aa
1737 4970 1912 5004 unem
1974 4970 2178 5022 cap.4.

533 4970 742 5082 θαι-ἰαῦ
773 5031 988 5102 autem,
1021 5023 1468 5102 de_quibus_hic
1521 5020 2178 5102 paucis,.Epicuri_alio-

534 5113 788 5170 rumque
818 5092 1300 5170 philosophorum
1333 5096 1402 5170 de
1438 5093 1636 5170 anima
1679 5092 1984 5170 opiniones
2011 5092 2176 5170 latis:

530 5166 975 5226 sime'recenset
1004 5166 1153 5223 infra
1185 5166 1284 5222 lib.
1347 5166 1410 5222 de
1464 5167 1673 5219 anima.
1727 5166 1844 5218 Hoc
1905 5181 2087 5220 unum
2118 5167 2176 5222 id

529 5241 744 5306 dicam.
779 5241 1039 5296 nondum
1074 5256 1206 5294 cum
1252 5238 1371 5293 haec
1427 5235 1728 5301 scriberet,
1762 5234 1943 5290 fuisse
1965 5239 2174 5293 Aucto-

528 5329 651 5369 rem
679 5313 738 5368 in
771 5329 964 5368 errore
992 5313 1063 5366 de
1095 5310 1292 5366 anima
1322 5310 1561 5364 traduce
1591 5315 1692 5363 aut
1721 5313 2174 5376 corporea.PAM.

598 5385 679 5456 (9)
705 5387 788 5440 Eo
814 5385 990 5455 magis
1021 5383 1380 5456 mentirinon
1436 5381 1656 5456 deteris.
1720 5379 1780 5431 ln
1828 5379 2173 5456 exemplar}

525 5449 1056 5527 bu's‘legiturfNon
1111 5453 1349 5509 debebis.
1410 5453 1681 5506 Animam
1729 5449 2076 5527 compellat:
2111 5453 2170 5508 Si

525 5522 751 5592 divina:
775 5527 986 5599 inquit,
1025 5529 1082 5582 et
1106 5532 1328 5599 aeterna
1386 5539 1478 5578 res
1514 5538 1630 5599 βε...
1682 5535 1748 5576 eo
1810 5522 1997 5599 magis
2055 5541 2168 5580 non

526 5599 818 5663 mentiris,
860 5592 1015 5653 'cum
1068 5598 1144 5650 sit
1201 5603 1370 5665 turpe
1427 5601 1484 5650 et
1512 5593 1821 5662 indignum
1852 5592 1968 5665 Deo
2000 5611 2167 5652 men-

2371 4600 2482 4669 (10)
2508 4604 2629 4656 Non
2675 4603 2826 4655 nasci
2880 4600 3016 4656 Soles
3072 4602 3411 4658 Christiana.
3471 4601 3683 4657 Anima
3729 4601 3956 4660 scilicet

2299 4686 2401 4740 per
2432 4672 2604 4726 fidem
2635 4681 3028 4745 regeneratur,
3061 4674 3233 4728 sicuti
3267 4689 3509 4745 corpora
3537 4689 3571 4728 a
3606 4674 3953 4745 parentibus

2298 4749 2673 4812 generantur,
2710 4750 2771 4799 ut
2805 4743 2977 4800 habet
3005 4745 3228 4800 Catech.
3267 4747 3318 4809 1,
3361 4743 3620 4812 Ογτίιιυέ
3659 4745 3945 4802 Hierosol.

2297 4808 2692 4869 Tertullianus
2749 4817 2873 4890 ipse
2931 4816 3075 4870 dixit
3131 4817 3187 4870 in
3227 4808 3449 4890 Αροιορ,
3501 4833 3548 4872 c.
3596 4816 3660 4870 18
3693 4833 3726 4890 :A
3756 4819 3945 4890 Fiunt,

2293 4901 2402 4958 gon
2425 4891 2743 4958 nascuntur
2777 4888 3102 4950 Christiani,
3160 4904 3286 4958 quis
3328 4887 3503 4942 verba
3544 4888 3853 4958 exscripsit
3879 4887 3943 4945 B.

2294 4955 2700 5028 Hieronymus,
2734 4956 3137 5028 habeaturque
3177 4955 3334 5028 aps-1..
3376 4961 3454 5014 ad
3511 4955 3751 5014 Laetam;
3777 4961 3946 5018 Mitto

2292 5027 2384 5081 hic
2417 5027 2704 5098 quosdam
2734 5028 2918 5095 legere
2947 5027 3102 5096 solet,
3140 5027 3274 5095 non,
3303 5030 3442 5085 soles
3473 5029 3550 5085 LE
3578 5030 3676 5085 Pa.

2359 5099 2471 5170 (11)
2505 5102 2951 5174 Νοηίριαεεγηαδ,
3014 5107 3217 5174 Deum.
3270 5101 3553 5173 Rigaltius
3603 5107 3775 5156 Deum
3802 5101 3947 5174 legit

2287 5185 2418 5225 cum
2457 5173 2729 5237 Pamelio,
2774 5190 2906 5228 cum
2939 5178 3136 5229 tamen
3199 5173 3454 5228 Lacerda
3481 5174 3780 5229 Dominum
3836 5173 3942 5230 ha-

2286 5241 2764 5316 beattsuamque
2793 5244 3098 5301 lectionem
3154 5260 3221 5299 ex
3252 5245 3553 5301 codicibus
3603 5245 3828 5316 probet,
3883 5249 3944 5302 et

2282 5311 2428 5387 locis
2462 5314 2606 5371 bene
2639 5311 2840 5372 multis
2873 5317 3089 5387 quibus
3112 5316 3317 5371 utitur.
3353 5317 3429 5371 La
3460 5320 3559 5371 Pa.

2352 5386 2464 5456 (12)
2499 5387 2565 5441 At
2591 5404 2716 5442 cum
2743 5389 2805 5442 in
2834 5386 3212 5444 maledictum.
3263 5388 3558 5444 Pamelius
3591 5387 3760 5442 habet
3797 5401 3937 5457 per-

2280 5472 2478 5526 peram
2514 5473 2526 5513 :
2561 5479 2591 5507 «
2625 5462 2690 5512 At
2720 5475 2854 5515 cum
2887 5461 2944 5515 id
2979 5459 3355 5515 maledicium
3383 5461 3671 5515 convertis
3724 5459 3780 5512 in
3833 5457 3940 5513 be-

2280 5529 2673 5585 nedictionem
2707 5531 2826 5603 Dei,
2853 5554 2882 5581 »
2917 5548 3244 5603 perperam,
3279 5532 3520 5602 inquam
3551 5555 3565 5596 ;
3618 5546 3754 5586 nam
3776 5545 3936 5603 nun-

2277 5617 2453 5672 quam
2493 5602 2785 5670 prascessit
2862 5601 3257 5670 maledictum,
3305 5601 3379 5658 ut
3445 5608 3610 5660 notat
3667 5601 3931 5672 Latinus,

527 5665 778 5722 decium.
811 5667 869 5723 Si
901 5668 1145 5724 minime
1164 5663 1364 5722 divina
1392 5683 1484 5721 res
1513 5682 1596 5730 es,
1628 5679 1695 5719 eo
1729 5663 1910 5744 magis
1934 5669 2167 5724 mentiri
2274 5663 2445 5728 cu'us
2475 5663 2562 5727 est
2593 5672 2964 5745 lectio,quam
2995 5692 3226 5746 sequor.
3245 5663 3390 5730 'LAC.

528 5753 643 5792 non
671 5738 869 5806 debes,
893 5745 956 5795 ut
982 5738 1382 5795 testimonium
1437 5738 1598 5793 dicas
1640 5736 1701 5791 in
1745 5740 1993 5806 gratiam
2041 5740 2163 5811 Dei,
2342 5689 2456 5815 ’(13)
2489 5745 2595 5801 Cui
2623 5762 2692 5801 ne
2721 5747 2870 5803 iram
2898 5747 3144 5815 quidem.
3177 5747 3390 5803 Fortes:

528 5753 643 5792 non
671 5738 869 5806 debes,
893 5745 956 5795 ut
982 5738 1382 5795 testimonium
1437 5738 1598 5793 dicas
1640 5736 1701 5791 in
1745 5735 1993 5806 gratiam
2041 5740 2163 5811 Dei,

2368 5745 2456 5815 13)
2489 5745 2595 5801 Cui
2623 5762 2692 5801 ne
2721 5744 2870 5803 iram
2898 5744 3144 5820 quidem.
3177 5745 3464 5803 Fortassis
3495 5744 3603 5802 hoc
3653 5745 3724 5801 ad
3774 5760 3929 5801 erro-
