4262 6384
296 367 417 430 685

1510 368 1614 430 DE
1653 364 2141 429 TESTIMONIO
2184 366 2487 431 ANIME.

3588 380 3709 444 686

296 506 475 557 Porro
506 501 661 572 quod
696 501 937 573 patitur,
973 503 1248 574 quodque
1296 501 1717 573 corrumpitur,
1764 499 1941 555 etiam
1973 501 2027 568 Α
2127 500 2263 558 CAP.
2296 502 2391 557 III.
2424 502 2730 559 Enimvero
2777 505 2945 559 cur"
2991 505 3279 563 dtemonia
3338 510 3711 571 attirmamus

296 590 598 646 interitum
632 595 824 663 potest
854 608 1081 663 capere,
1115 608 1290 663 quem
1325 593 1474 647 Deus
1506 607 1621 645 non
1660 590 1831 661 capit.
1873 590 1944 643 At

297 680 475 736 iidem
498 680 920 735 alibianimam
973 680 1231 736 divinam
1281 687 1338 736 et
1394 698 1428 736 a
1478 686 1591 735 Deo
1651 678 1939 735 conlatam

297 770 661 837 conﬁtentes,
695 770 906 825 cadent
940 770 1427 827 intestimonium
1473 769 1662 841 ipsius
1710 768 1939 835 animae,

298 860 754 929 retorquendum
789 860 1070 915 adversus
1110 859 1444 931 opinionem
1479 855 1942 930 superiorem.Si

296 949 456 1005 enim
488 948 688 1005 anima
718 952 822 1003 aut
850 948 1049 1003 divina
1072 954 1174 1003 aut
1212 966 1245 1003 a
1300 949 1415 1004 Deo
1464 948 1599 1003 data
1647 951 1756 1011 est,
1817 945 1942 999 sine

296 1036 474 1094 dubio
505 1037 767 1093 datorem
801 1055 977 1093 suum
1010 1039 1189 1093 novit.
1219 1038 1285 1092 Et
1314 1038 1362 1093 si
1396 1037 1573 1107 novit,
1629 1036 1832 1106 utique
1887 1037 1945 1088 et

294 1126 484 1194 timet,
518 1131 583 1182 ut
611 1131 843 1182 tantum
876 1131 1172 1199 postremo
1203 1131 1504 1183 auctorem
1538 1126 1672 1197 (14).
1704 1129 1791 1179 Au
1826 1140 1940 1179 non

293 1216 485 1285 timet,
509 1232 684 1287 quem
718 1216 905 1286 magis
939 1215 1258 1288 propitium
1282 1214 1444 1285 volit,
1469 1230 1643 1287 quam
1676 1212 1891 1268 iratum
1915 1209 1943 1265 ‘l

296 1305 461 1361 Unde
485 1304 662 1375 igitur
693 1304 980 1360 naturalis
1020 1304 1199 1359 timor
1239 1304 1447 1359 animae
1508 1304 1565 1357 in
1626 1302 1831 1369 Deum,
1892 1300 1940 1353 si

296 1395 451 1451 Deus
485 1412 600 1450 non
623 1396 667 1429 εί
703 1394 861 1450 novit
889 1394 1107 1449 irasci?
1164 1395 1465 1457 Quomodo
1523 1392 1781 1460 timetur,
1840 1390 1941 1461 qui

297 1484 484 1540 nescit
505 1484 717 1540 offendi
741 1484 769 1539 ‘l
800 1484 947 1549 Quid
980 1484 1242 1551 timetur,
1274 1484 1385 1539 nisi
1435 1483 1522 1540 ira
1572 1481 1730 1553 (15)?
1788 1480 1944 1535 unde

301 1576 407 1641 ira,
443 1574 554 1629 nisi
589 1591 654 1629 ex
682 1573 1237 1629 animadversione?
1269 1573 1431 1628 Unde
1492 1570 1941 1636 animadversio,

300 1662 415 1718 nisi
448 1663 518 1717 de
548 1662 649 1718 Dei
670 1663 716 1697 ³²
739 1663 965 1734 judicio
986 1662 1013 1717 ?
1034 1661 1722 1733 Undejudicium,niside
1751 1664 1943 1731 potes-

300 1752 463 1806 tate?
493 1752 675 1823 Cujus
709 1756 969 1825 potestas
1004 1752 1380 1816 summa,nisi
1414 1750 1511 1806 Dei
1546 1748 1946 1804 solius?llinc

299 1857 436 1913 ergo
467 1840 593 1908 tibi,
628 1842 844 1909 anima,
881 1842 950 1895 de
979 1840 1340 1896 conscientia
1372 1839 1632 1913 suppetit
1662 1837 1818 1893 domi
1879 1852 1944 1893 ac

300 1931 465 2000 foris,
500 1930 952 1987 nulloirridente
974 1930 1062 1985 vel
1096 1930 1439 2002 prohibente
1462 1928 1944 2002 praedicare,Deus

296 2019 439 2075 videt
469 2022 675 2087 omnia,
708 2025 763 2073 et
796 2021 900 2073 Deo
948 2020 1295 2086 commendo,
1329 2024 1383 2073 et
1432 2021 1573 2074 Deus
1632 2018 1837 2085 reddet,
1894 2025 1946 2071 et

298 2110 440 2163 Deus
462 2111 610 2166 inter
638 2125 733 2164 nos
766 2109 1053 2178 iudicabit.
1090 2109 1249 2165 Unde
1280 2109 1389 2164 hoc
1420 2108 1526 2163 tibi
1560 2125 1676 2163 non
1741 2105 1947 2162 Chris-

301 2198 475 2254 tianae
497 2198 524 2252 ‘l
556 2203 746 2271 Atque
767 2198 812 2233 ⁸³
836 2199 891 2252 id
927 2197 1273 2270 plerumque
1304 2202 1359 2253 et
1391 2199 1536 2252 vitta
1568 2196 1793 2252 Cereris
1854 2212 1945 2250 re-

300 2288 510 2343 dimita
533 2288 664 2359 (16),
687 2294 744 2343 et
776 2287 951 2359 pallio
969 2288 1205 2343 Saturni
1228 2287 1527 2342 coccinata
1558 2290 1613 2342 et
1643 2286 1761 2341 deae
1784 2284 1945 2340 3‘Isi-

302 2377 394 2433 dis
426 2376 669 2432 linteata
690 2378 734 2411 ³⁵
758 2377 910 2449 (i7)?
945 2382 1004 2431 In
1042 2377 1186 2448 ipsis
1218 2376 1469 2449 denique
1495 2375 1729 2447 templis
1765 2376 1946 2430 Deum

297 2466 563 2537 judicem
600 2466 902 2538 imploras,
939 2466 1049 2521 sub
1082 2464 1408 2539 [Esculapio
1431 2470 1619 2527 stans,
1653 2464 1945 2519 Junonem

303 2555 361 2609 in
398 2571 528 2610 aere
559 2571 805 2610 exorans
831 2556 896 2624 ³⁸,
930 2555 1195 2609 Minerva:
1218 2555 1260 2588 ³⁷
1292 2554 1617 2609 celceans“
1642 2552 1817 2607 furvis
1848 2568 1949 2623 ga-

302 2644 453 2698 leam
480 2644 526 2678 3’
556 2644 758 2699 formis
784 2644 847 2712 ⁸ο,
882 2649 938 2697 et
960 2644 1256 2698 neminem
1285 2644 1355 2698 de
1384 2642 1779 2714 praesentibus
1838 2641 1949 2697 diis

304 2732 691 2788 contestaris:
729 2733 785 2788 in
820 2738 920 2788 tuo
944 2734 1063 2788 foro
1097 2732 1616 2803 aliundejudicem
1666 2729 1948 2803 appellas,

302 2822 363 2877 in
396 2823 516 2877 tuis
536 2821 771 2894 templis
793 2822 971 2877 alium
998 2823 1170 2877 deum
1197 2823 1436 2892 pateris.
1470 2822 1513 2876 Ο
1545 2820 1947 2876 testimonium

2051 588 2218 644 esse?
2250 607 2390 646 sane
2409 592 2578 663 quasi
2612 610 2725 648 non
2758 598 2815 648 et
2846 595 3184 664 probemus,
3216 597 3316 669 qui
3347 616 3414 656 ea
3472 601 3583 657 soli
3636 605 3709 659 de

2052 679 2395 750 corporibus
2428 680 2716 752 exigimus
2752 682 2886 753 (l8).
2924 682 3115 755 Aliqui
3149 686 3459 761 Chrysippi
3492 692 3709 749 adsen-

2052 772 2205 822 tator
2242 769 2393 824 613
2430 770 2537 840 (19)
2574 770 2858 825 illuditea
2890 772 2954 838 ‘3,
2986 779 3042 827 et
3098 792 3249 847 esse,
3300 780 3357 833 et
3404 780 3705 840 abomina-

2051 856 2272 911 tionem
2306 858 2617 922 sustinere,
2676 860 3104 917 exsecrationes
3140 868 3257 920 tuae
3314 870 3694 939 respondent.

2054 946 2415 1002 Daemonium
2446 964 2641 1016 vocas,
2675 947 2976 1005 hominem
3012 956 3113 1006 aut
3144 952 3540 1029 immunditia,
3592 964 3697 1016 aut

2052 1033 2297 1105 malitia,
2322 1040 2424 1090 aut
2454 1036 2787 1105 insolentia,
2849 1044 2953 1092 aut
2992 1056 3379 1115 quaecumque
3435 1049 3692 1121 macula,

2052 1140 2229 1194 quam
2250 1141 2355 1180 nos
2392 1124 2695 1180 daemoniis
2728 1126 3102 1197 deputamus,
3136 1136 3238 1187 aut
3266 1134 3311 1167 “
3330 1136 3403 1190 ad
3435 1138 3693 1194 necessi-

2052 1216 2232 1268 tatem
2264 1213 2381 1268 odii
2417 1214 2461 1248 “
2517 1219 2932 1285 opportunam.
2992 1218 3273 1277 Satanam
3320 1223 3572 1297 denique
3633 1226 3697 1284 in

2052 1304 2212 1357 omni
2234 1303 2277 1337 ⁸⁸
2307 1303 2671 1359 aversatione
2700 1308 2758 1359 et
2785 1308 3196 1376 aspernatione
3225 1315 3283 1366 et
3312 1312 3700 1373 detestatione

2057 1394 2405 1459 pronuntias
2437 1392 2571 1464 (20),
2606 1409 2780 1464 quem
2815 1411 2921 1450 nos
2951 1395 3204 1455 dicimus
3236 1402 3474 1459 malitiae
3524 1422 3701 1479 ange-

2058 1479 2207 1546 lum,
2242 1482 2425 1536 totius
2458 1480 2674 1537 erroris
2700 1482 3005 1553 artificem,
3040 1486 3218 1544 totius
3273 1491 3471 1548 saeculi
3506 1493 3690 1551 inter-

2054 1569 2399 1641 polatorem,
2436 1588 2536 1642 per
2567 1588 2739 1643 quem
2772 1571 2947 1629 homo
2997 1592 3029 1629 a
3068 1576 3389 1648 primordio
3447 1583 3704 1641 circum-

2054 1664 2283 1725 ventus,
2310 1664 2375 1714 ut
2408 1664 2760 1732 praeceptum
2801 1661 2895 1716 Dei
2927 1666 3248 1737 excederet,
3281 1674 3339 1725 et
3395 1678 3706 1745 propterea

2055 1748 2113 1803 in
2176 1757 2419 1804 mortem
2474 1750 2670 1821 datus,
2724 1750 2930 1807 exinde
2983 1758 3171 1810 totum
3226 1774 3412 1830 genus
3473 1763 3543 1818 de
3598 1781 3706 1821 suo

2056 1837 2279 1893 semine
2308 1838 2610 1909 infectum,
2637 1856 2757 1895 suae
2779 1838 2954 1897 etiam
2979 1842 3376 1904 damnationis
3403 1852 3706 1911 traducem

2054 1926 2209 1982 fecit.
2245 1927 2436 1982 Sentis
2470 1926 2650 1999 igitur
2682 1928 3035 1999 perditorem
3068 1936 3263 1992 tuum.
3294 1937 3360 1993 Et
3402 1937 3539 1996 licet
3594 1940 3707 1997 soli

2056 2016 2221 2071 illum
2257 2016 2526 2073 noverint
2553 2017 2894 2087 Christiani,
2926 2020 3011 2076 vel
3043 2040 3406 2098 quaacunque
3456 2030 3499 2064 ⁸⁷
3553 2032 3705 2103 apud

2054 2106 2366 2161 Dominum
2399 2111 2577 2179 secta,
2629 2111 2687 2163 et
2744 2111 2806 2163 tu
2866 2112 3063 2167 tamen
3113 2130 3248 2170 eum
3306 2133 3415 2174 nos
3438 2118 3503 2186 ti,
3564 2120 3708 2178 dum

2056 2196 2252 2251 odisti.

2126 2284 2259 2339 CAP.
2278 2285 2373 2340 IV.
2399 2284 2430 2339 J
2437 2301 2529 2339 am
2550 2302 2706 2341 nunc
2729 2288 2882 2358 quod
2904 2288 2975 2344 ad
3002 2292 3458 2353 necessariorem
3476 2302 3709 2357 senten-

2057 2373 2195 2428 tiam
2227 2378 2389 2429 tuam
2423 2378 2668 2447 spectet,
2690 2382 2979 2446 quantum
3012 2378 3057 2413 ιθ
3082 2385 3139 2434 et
3172 2382 3242 2437 ad
3267 2382 3461 2454 ipsum
3485 2391 3708 2444 statum

2058 2467 2225 2517 tuum
2256 2463 2463 2528 tendit,
2500 2464 2895 2533 afﬁrmamus,
2920 2471 2976 2521 te
3009 2484 3242 2526 manere
3274 2488 3407 2543 poet
3436 2475 3562 2531 vitea
3593 2477 3715 2533 dis-

2058 2552 2459 2625 punctionem,
2520 2557 2577 2607 et
2632 2558 2935 2624 expectare
2992 2557 3149 2612 diem
3199 2560 3434 2631 judicii,
3480 2582 3701 2637 proque

2061 2642 2286 2697 meritis
2317 2642 2428 2713 (2i)
2461 2646 2561 2697 aut
2591 2643 3199 2717 cruciatuidestinari,
3241 2654 3342 2705 aut
3385 2652 3710 2725 refrigerio,

2059 2737 2307 2802 utroque
2338 2731 2717 2802 sempiterno.
2743 2732 2966 2798 Quibus
2992 2736 3355 2794 sustinendis
3375 2744 3710 2801 necessario

2059 2821 2164 2875 tibi
2198 2821 2592 2875 substantiam
2627 2820 2963 2892 pristinam,
3016 2825 3405 2899 ejusdemque
3450 2829 3711 2889 hominis

300 2911 581 2981 veritatis,
616 2928 744 2983 quas
779 2911 933 2982 apud
968 2912 1095 2982 ipsa
1125 2909 1414 2965 daemonia
1445 2914 1653 2965 testem
1677 2911 1717 2944 ⁴¹
1770 2908 1953 2963 efﬁcit
2062 2908 2391 2976 materiam,
2425 2913 2482 2963 et
2511 2910 2855 2966 memoriam
2876 2919 3436 2988 reversuram,quod
3470 2925 3528 2975 et
3560 2921 3707 2977 nihil

298 2999 770 3055 Christianorum
790 2999 817 3054 ‘t

2062 2997 2200 3052 mali
2232 3012 2297 3052 ac
2313 2998 2449 3052 boni
2481 2999 2697 3054 sentire
2729 3000 2940 3071 possis,
2975 3001 3102 3057 sine
3132 3005 3326 3061 carnis
3357 3008 3713 3078 passionalis

1700 3113 1903 3176 Variae
1934 3114 2260 3176 lectiones.

367 3232 412 3267 ⁸1
446 3229 583 3286 Vult
608 3231 858 3306 Rigalt._
887 3232 939 3306 7”
971 3232 1072 3287 Dei
1102 3234 1266 3306 abegit
1291 3232 1488 3302 Rigalt.
1552 3233 1612 3306 _83
1642 3233 1796 3287 Adeo
1814 3232 2207 3306 _._lu3i._Rigalt.
2275 3231 2330 3306 γ³⁴
2354 3231 2571 3306 Etdeaa
2614 3233 2764 3306 abest
2824 3235 3026 3306 Rigalt.
3103 3238 3147 3272 ³⁸
3186 3239 3325 3296 Lino
3374 3244 3530 3298 tecta
3581 3246 3712 3305 Jun.

294 3304 341 3347 ³⁸
366 3308 492 3359 ᾸΞΓΘ
521 3304 1036 3384 exaurans‘Rigalt:
1121 3305 1165 3384 37_
1198 3304 1514 3384 Minervam
1543 3303 1854 3384 Pari:.__f
1888 3302 2111 3384 Calcias
2142 3305 2326 3384 Pharia.
2355 3377 2371 3384 -
2402 3304 2447 3338 3°
2493 3305 2705 3384 Furnis
2760 3302 2938 3384 Pariis.
2971 3310 3172 3384 terris
3231 3313 3431 3384 Rigalt.
3507 3316 3551 3349 ⁴⁰
3604 3302 3714 3373 Mi;

297 3375 702 3457 negvag_t'urvis
732 3374 959 3457 galeam
999 3376 1202 3457 formis
1233 3377 1505 3457 calceans
1530 3380 1674 3457 luti.
1747 3376 1881 3429 “Te
1905 3379 2111 3457 testem
2137 3375 2316 3457 efficit
2338 3377 2593 3457 luan"
2624 3381 2765 3457 Cum
2819 3380 3024 3457 Rigalt.
3102 3383 3146 3457 ἐξ
3194 3374 3465 3457 Ε-ιι-ἀὸθδι
3506 3387 3710 3457 Rigalt.

292 3448 341 3482 “
476 3446 760 3535 l'Vouwer.‘
810 3448 858 3535 ff
878 3452 1298 3535 Inmportunum
1322 3447 1723 3535 Rigalt.lodiis'
1759 3453 2153 3519 opportunum
2177 3448 2306 3503 Jun.
2383 3448 2427 3483 ⁴⁶
2483 3446 2800 3507 Vexatione
2831 3446 3014 3508 Paris.
3093 3455 3137 3489 ⁴⁷
3195 3454 3298 3513 Vel
3348 3446 3712 3535 quaecunque

294 3519 455 3591 capit
482 3520 664 3575 Latin.
699 3519 856 3591 sapit
886 3519 1245 3577 Cia’conius.“
1278 3525 1340 3575 In
1374 3524 1661 3592 quantum
1692 3521 1820 3576 Jun.

1684 3644 2207 3708 Commentarius.

284 3788 411 3827 rem
445 3771 795 3827 Tertulliani
828 3773 1029 3844 vergit,
1065 3789 1179 3844 quo
1211 3772 1395 3828 Deum
1428 3788 1771 3843 corporeum
1834 3771 1939 3826 ali-

2050 3770 2158 3858 hpc
2189 3769 2365 3825 etiam
2396 3770 2629 3858 Judaeos
2686 3774 3031 3858 praestitisse
3089 3778 3365 3858 adfirmat
3423 3783 3696 3858 Irenaaus,

285 3844 423 3927 cubi
455 3844 611 3928 facit,
637 3850 692 3899 et
722 3842 963 3928 proinde
996 3842 1370 3928 passionibus
1398 3842 1768 3928 'obnoxium,
1818 3844 1932 3899 nisi
1962 3842 2005 3909 C
2046 3842 2146 3928 li‘b.
2185 3859 2261 3928 at,
2295 3844 2512 3928 caput"),
2546 3842 2725 3899 etiam
2760 3853 3074 3919 postquam
3105 3850 3165 3906 in
3197 3868 3401 3907 eorum
3444 3854 3570 3911 olea
3622 3842 3693 3915 ex.

284 3918 434 3971 iram
464 3916 914 3998 Dej'impropri'e
948 3916 1330 3989 accipiamus,
1363 3917 1537 3973 sicuti
1599 3917 1698 3971 alii
1732 3921 1931 3971 Patres

287 4004 392 4059 pro
424 3987 832 4043 vindicta’Dei.
869 3990 1011 4043 PAM.

363 4058 475 4129 (14)
529 4062 590 4116 Ut
621 4069 833 4115 tantum
877 4064 1145 4130 postremo
1204 4064 1504 4115 auctorem.
1539 4063 1576 4111 A
1609 4076 1722 4129 quo
1779 4058 1931 4113 scili-

282 4138 373 4186 cet
395 4135 481 4184 tot
514 4133 812 4187 beneficiis
844 4132 1093 4186 adaucta
1124 4136 1179 4185 et
1211 4132 1509 4186 cumulata
1534 4136 1639 4185 est.

356 4202 472 4272 (15)
503 4204 644 4271 Quid
676 4206 903 4259 timetur
944 4206 1062 4258 nisi
1120 4205 1201 4257 ira
1228 4207 1252 4255 ν
1308 4204 1480 4270 iram,
1526 4203 1791 4275 inquam,
1848 4201 1932 4275 ait

285 4273 632 4341 timendam,
669 4292 799 4345 qua:
829 4276 957 4344 ejus
987 4281 1075 4330 est
1098 4280 1338 4343 naturae,
1398 4280 1460 4329 ut
1521 4273 1785 4329 naturam
1843 4274 1928 4327 in-

285 4350 488 4400 vertat.
518 4348 650 4402 ideo
682 4348 835 4403 enim
870 4346 1025 4402 illam
1060 4348 1284 4401 Nicetes
1318 4347 1492 4401 David
1526 4346 1585 4401 in
1624 4349 1736 4401 Vzla
1765 4348 1928 4415 lgna-

285 4418 360 4471 tii
388 4419 621 4489 episcop.
658 4418 1374 4494 Constantinopmapa’ipuew
1409 4424 1593 4488 vocat,
1628 4418 1935 4494 quasicon-

285 4496 380 4615 (Ira
410 4488 689 4559 naturam,
725 4496 780 4546 et
836 4488 1104 4560 ἔκστασιν,
1138 4488 1263 4562 quis
1311 4494 1579 4546 naturam
1630 4488 1928 4562 depravat.

336 4576 427 4614 AC.

336 4576 427 4614 AC.

365 4632 478 4701 (16)
530 4633 663 4687 Vitta
717 4631 931 4688 Cereris
987 4633 1266 4687 redimita.
1334 4634 1571 4687 Frustra
1631 4632 1932 4687 adducunt

291 4719 568 4776 coronam
601 4705 820 4760 Cereris
851 4706 1131 4776 spiceam,
1165 4721 1295 4759 cum
1331 4704 1733 4759 Tertullianus
1761 4705 1929 4758 vitta-

292 4779 413 4829 tam
441 4775 617 4849 dicat,
647 4776 831 4849 Moris
851 4775 1005 4831 enim
1043 4777 1340 4831 iuitvittas
1390 4777 1564 4849 capiti
1619 4793 1928 4848 apponere,

296 4851 533 4901 auctore
567 4847 766 4915 Plinio,
801 4848 899 4904 lib.
929 4866 1091 4913 xvm,
1119 4865 1167 4903 e.
1201 4850 1253 4900 5.
1290 4854 1417 4903 Lac.

362 4918 472 4988 (17)
511 4923 573 4974 Et
593 4922 755 4975 Isidis
789 4922 1016 4975 linteata
1064 4919 1244 4975 Pallio
1272 4920 1529 4975 scilicet:
1594 4924 1655 4972 ut
1696 4920 1926 4973 Saturni

294 4990 627 5045 coccineum
654 4992 827 5047 fuerit
883 4993 1055 5046 Isidis
1115 4992 1384 5046 linteum.
1437 4991 1659 5045 Etenim
1720 4992 1825 5045 t‘uit
1876 4996 1932 5046 et

291 5060 540 5185 pallium
578 5063 879 5118 muliebre.
917 5064 975 5146 in
1012 5064 1323 5134 exemplari
1362 5064 1612 5135 legitur;
1646 5086 1670 5109 ‹‹
1700 5064 1767 5117 Et
1811 5064 1932 5118 dcte

318 5133 749 5185 Sldtslmtenta-
777 5136 1131 5185 »Αάιροὶυῐη
1176 5137 1296 5185 deae.
1352 5135 1700 5185 vocabulum
1759 5142 1930 5185 nuta-

318 5133 465 5206 sidis
490 5133 750 5191 linteata.
777 5157 805 5185 ››
827 5136 1131 5206 Adjectum
1176 5133 1296 5191 dea:
1352 5133 1700 5191 vocabulum
1759 5142 1930 5206 puta-

2041 3913 2293 3969 oleastro
2324 3913 2482 3968 insiti
2517 3913 2907 3974 sumus—Hie.

2112 3986 2223 4065 (t9)
2255 3986 2443 4065 Aliqui
2474 3988 2770 4065 Chrysippi
2797 3995 3125 4065 assentator.
3159 3996 3260 4049 Est
3315 3994 3487 4065 plane
3554 3998 3691 4054 Ter-

2041 4058 2617 4143 tullianicumﬂliq‘ui
2639 4058 2748 4143 pro
2771 4058 3687 4143 aliquis.Yid_etur_autemChry-

2042 4130 2251 4205 sippus
2274 4129 2666 4205 philosophus
2694 4133 2787 4205 (de
2848 4129 2962 4205 quo
3018 4136 3198 4191 latius
3255 4137 3408 4194 intra
3464 4139 3566 4196 lib.
3625 4129 3691 4199 de

2040 4202 2259 4284 ᾼητῃίι)
2294 4202 2583 4284 daemonia
2608 4202 2887 4284 illusisse.
2921 4206 3069 4284 libro
3101 4214 3388 4284 quantum
3446 4220 3690 4284 apparet

2041 4273 2104 4327 de
2136 4274 2507 4350 Divinatione,
2543 4291 2713 4350 quem
2748 4278 2885 4332 citat
2920 4273 3273 4350 Lactantius,
3306 4280 3407 4337 lib.
3438 4273 3501 4337 1..
3524 4273 3683 4342 ῬΑΜ.

2111 4345 2222 4427 (ἓρ)
2259 4344 2521 4427 Satanam
2549 4344 2779 4427 denique
2834 4351 2894 4427 in
2939 4354 3102 4427 _omni
3155 4344 3500 4427 aversatione
3552 4372 3682 4427 pro-

2039 4419 2285 4495 nuntias:
2309 4416 2458 4495 Ergo
2473 4416 3061 4495 Satantevocabulum
3086 4430 3434 4495 usurpatum
3468 4416 3682 4486 Graacis

2042 4493 2137 4571 aut
2167 4488 2383 4570 Latinis
2415 4492 2675 4571 nonduin
2710 4492 3076 4571 Christianis
3096 4499 3126 4571 ξ’Δ
3160 4488 3375 4571 etenim
3434 4497 3680 4571 alloqui-

2040 4566 2139 4614 tur
2167 4560 2423 4614 animam
2443 4577 2557 4616 non
2589 4562 3004 4620 Christianam.
3057 4566 3293 4622 Minime
3348 4583 3520 4625 vero:
3568 4560 3682 4629 'sed

2040 4630 2250 4686 Malum
2280 4632 2476 4713 dixere
2498 4704 2532 4713 ῃ
2553 4639 2688 4713 nota
2747 4636 3171 4713 interjectioneg
3203 4641 3353 4711 apud
3416 4641 3684 4700 Comicos

2040 4704 2435 4783 aversantium
2456 4704 3361 4783 aliquid,autas'pernantiumac
3392 4714 3681 4783 detestari,

2039 4777 2211 4853 tium.
2260 4776 2589 4853 Terentius,
2621 4780 2880 4853 Eunucho
2898 4776 2923 4836 Ξ
2949 4804 2975 4830 «
3003 4783 3129 4853 Qui,
3166 4785 3409 4851 malum,
3469 4785 3615 4843 alii?
3649 4776 3677 4838 ἦ

2038 4847 2313 4930 Plautus,
2339 4848 2563 4930 Epidico
2581 4866 2599 4903 :
2624 4852 2838 4930 «ρῳ.
2868 4847 3126 4930 malum,
3146 4855 3268 4912 haec
3307 4847 3680 4929 impudentia

2041 4918 2174 5004 est?
2203 4938 2223 4967 υ
2252 4919 2701 5004 At‘Christ‘ianis
2724 4924 2917 5004 .Malus
2953 4918 3219 5004 absolute
3277 4918 3519 5000 ponitur
3576 4949 3681 5004 pro

2042 4993 2278 5045 Satana.
2300 4995 2362 5045 Et
2395 4990 2503 5047 hoc
2535 4992 2661 5048 loco
2684 4996 2939 5053 vicissim
2966 4990 3367 5058 Tertullianus
3398 4990 3678 5060 Satanam

2041 5063 2236 5135 posuit
2266 5080 2368 5133 pro
2398 5064 2565 5119 Malo.
2599 5066 2719 5121 RIG.

2112 5135 2465 5212 (2t_)_Prog_ue
2492 5139 2727 5212 meritis,
2790 5144 2899 5195 etc.
2952 5142 3169 5197 Auctor
3219 5142 3353 5198 libri
3405 5145 3471 5199 de
3523 5146 3680 5212 Fide,

293 5204 487 5259 vimus
520 5208 591 5261 ab
618 5208 710 5272 iis,
752 5204 1076 5279 quinomen
1114 5208 1279 5263 Isidis
1309 5208 1474 5279 quasi
1504 5207 1697 5261 minus
1730 5204 1929 5262 notum
1964 5206 2010 5271 D
2042 5208 2250 5278 pag.45
2274 5224 2285 5261 :
2311 5230 2337 5256 ‹‹
2364 5204 2933 5284 Habiturinnusquis
2983 5230 3054 5267 ue
3075 5219 3341 5270 nostrum
3366 5204 3679 5287 specialem

294 5276 685 5334 declarations
712 5279 1187 5338 aliauaindizere
1218 5280 1611 5336 crediderunt.
1644 5278 1788 5333 Nam
1829 5298 1933 5335 cur
2042 5279 2546 5338 resurrectionem.
2580 5299 2683 5338 pro
2716 5286 2918 5338 merito
2942 5229 3079 5338 (δάθί
3115 5303 3179 5338 ac
3210 5288 3358 5338 vitea.
3428 5286 3547 5338 sive
3602 5288 3675 5338 ad

294 5276 685 5350 declarations
712 5276 907 5349 aliqua
928 5280 1187 5350 indigere
1218 5276 1611 5336 crediderunt.
1644 5278 1788 5333 Nam
1829 5298 1933 5335 cur

293 5348 402 5403 Isis
436 5352 540 5403 dea
574 5352 767 5421 potius
788 5348 1016 5406 dicatur
1036 5348 1210 5421 quam
1235 5356 1421 5415 Ceres,
1454 5352 1889 5417 Juno,Minerva
1906 5353 1933 5407 ‘l

295 5436 420 5495 qua:
453 5420 691 5495 hicisuis
740 5420 1083 5491 simpliciter
1140 5424 1481 5478 nominibus
1541 5422 1928 5495 appellantur.

296 5491 697 5551 lim—Isidis
757 5497 1007 5551 linteata.
1068 5497 1201 5560 Quae
1260 5496 1368 5550 dea
1428 5491 1703 5549 Romanis
1763 5497 1932 5553 Ceres

297 5562 535 5638 dicitur,
564 5583 631 5622 ea
675 5569 783 5623 Isis
805 5572 891 5623 est
918 5566 1069 5637 apud
1105 5567 1413 5638 Egyptios.
1450 5568 1524 5621 La
1558 5572 1658 5620 Pa.

368 5635 479 5710 (l8)
512 5639 618 5705 Qui
644 5658 708 5695 ea
740 5642 845 5696 soli
873 5638 939 5694 de
957 5635 1282 5710 corporibus
1320 5639 1613 5709 exigimus.
1674 5637 1767 5693 Sic
1827 5639 1928 5693 lib.

300 5705 617 5795 Anima,
671 5730 802 5795 pag.
851 5712 967 5795 .304
994 5727 1004 5766 ε
1032 5705 1067 5761 ‹‹’
1104 5705 1437 5795 Christiapa
1463 5714 1754 5795 “pote-stas
1812 5712 1930 5768 vim

297 5780 472 5837 istam
520 5780 1031 5855 perniciossimam
1081 5782 1207 5841 sola
1251 5780 1569 5842 traducit'a
1624 5783 1691 5840 Et
1738 5788 1929 5842 tamen

2042 5279 2546 5353 resurrectionem,
2580 5299 2683 5353 pro
2716 5279 2918 5339 merito
2952 5279 3079 5340 fidei
3115 5303 3179 5341 ac
3210 5288 3358 5353 vitae,
3399 5279 3547 5341 -sive
3602 5288 3675 5341 ad

2042 5350 2557 5431 refrigeriumsive
2581 5350 2651 5409 ad
2688 5357 3003 5431 ustionem.
3032 5379 3058 5405 ››
3085 5358 3227 5412 Vide
3256 5350 3381 5429 qua:
3426 5359 3498 5413 ad
3531 5356 3679 5412 illud

2040 5423 2302 5505 Septimii
2332 5441 2343 5477 :
2381 5424 2604 5480 Modico
2632 5444 2864 5505 quoque
2895 5428 3102 5505 delicto
3160 5423 3324 5505 mora
3384 5445 3682 5484 ressurec-

2044 5495 2221 5549 tionis
2252 5511 2528 5572 expenso,
2557 5495 2689 5572 pag.
2740 5495 2862 5572 S38.
2927 5504 3144 5572 RIG._—
3167 5501 3353 5555 Locus
3400 5517 3502 5572 pro
3540 5517 3685 5572 ope-

2043 5584 2171 5621 rum
2195 5568 2439 5637 meritis,
2473 5568 2678 5640 quales
2706 5570 2845 5625 alibi
2878 5570 3231 5641 complures.
3265 5573 3347 5627 En
3378 5568 3514 5627 vero
3546 5568 3683 5628 rur-

2042 5656 2147 5694 sus
2170 5656 2372 5768 .voclem
2404 5641 2747 5713 obsoletam,
2776 5642 3115 5715 passionalis
3158 5660 3261 5717 pro
3291 5646 3541 5719 passioni
3588 5648 3682 5703 ob-

2042 5727 2236 5768 noxia.
2314 5729 2411 5768 ΑΜ.

2040 5727 2236 5768 noxia.
2271 5727 2411 5770 ΒΑΜ.
