4262 6350
253 411 368 471 689

1480 406 1583 466 DE
1626 407 2110 469 TESTIMONIO
2154 408 2452 469 ΑΝΙΜιΕ.

3548 405 3671 465 690

260 561 353 598 ma
381 544 426 577 ⁶²
458 541 630 597 hodie
660 542 929 596 affectare
980 540 1224 611 aliquid,
1258 540 1414 612 quod
1446 539 1583 594 velit
1607 543 1738 610 post
1760 556 1913 594 mor-
1942 544 1998 609 Α
2030 539 2275 594 nitatem
2307 541 2458 610 ejus,
2491 556 2660 595 nemo
2694 543 2965 606 mortem,
2998 553 3168 593 nemo
3200 538 3417 594 inferos
3466 535 3668 609 loque-

255 639 397 697 tem,
451 634 508 687 et
546 634 849 703 tantopere
893 646 1240 701 praeparare,
1298 629 1451 700 quod
1511 630 1556 663 ⁸³
1588 628 1665 683 sit
1726 645 1907 685 usura

254 727 384 795 post
416 722 664 786 obitum,
718 720 764 776 si
818 720 964 775 nihil
997 721 1066 775 de
1116 726 1345 790 postero
1391 718 1615 774 sciret?
1645 719 1751 773 Sed
1786 719 1903 773 for-

251 814 405 869 sitan
438 812 511 867 de
543 826 718 867 sensu
756 812 888 883 post
931 825 1235 865 excessum
1287 807 1373 863 tui
1407 810 1700 877 certiores,
1726 824 1904 879 quam

255 903 323 958 de
356 900 781 957 resurrectione
822 900 1192 971 quandoque,
1244 899 1414 969 cujus
1474 914 1579 952 nos
1620 913 1903 969 praesum-

257 996 448 1063 ptores
480 991 851 1045 denotamur.
910 987 1119 1059 Atquin
1166 988 1273 1043 hoc
1322 1004 1555 1059 quoque
1602 987 1673 1041 ab
1706 986 1905 1042 anima

250 1080 643 1152 praedicatum.
682 1079 826 1134 Nam
851 1078 899 1133 si
933 1078 1002 1133 de
1027 1076 1355 1149 aliquojam
1382 1077 1605 1147 pridem
1630 1076 1901 1131 defuncto

248 1174 532 1243 tanquam
558 1169 603 1204 ⁸⁸
631 1168 758 1223 vivo
791 1168 926 1240 quis
957 1166 1233 1239 requirat,
1272 1183 1386 1238 pra:
1422 1181 1600 1220 manu
1650 1163 1904 1220 occurrit

252 1260 443 1315 dicere
477 1275 489 1313 :
526 1257 683 1313 Abiit
705 1257 829 1328 jam
863 1257 972 1329 (32)
1008 1261 1065 1311 et
1105 1256 1309 1311 reverti
1341 1255 1531 1310 debet.

318 1351 453 1405 CAP.
502 1348 569 1403 V.
631 1348 760 1403 Haec
811 1345 1153 1402 testimonia
1210 1344 1422 1399 animze
1469 1347 1687 1413 quanto
1744 1359 1898 1411 vera,

249 1443 407 1494 tanto
440 1435 772 1509 simplicia;
808 1441 1025 1508 quanto
1057 1435 1369 1508 simplicia,
1402 1439 1564 1489 tanto
1592 1431 1897 1504 vulgaria;

248 1530 470 1600 quanto
501 1525 786 1598 vulgaria,
841 1530 1005 1581 tanto
1050 1523 1425 1591 communia;
1460 1527 1680 1596 quanto
1735 1538 1898 1577 com-

244 1617 467 1686 munia,
514 1619 675 1671 tanto
725 1616 1063 1682 naturalia;
1117 1618 1335 1687 quanto
1383 1611 1690 1681 naturalia,
1735 1614 1897 1666 tanto

242 1707 465 1764 divina.
502 1705 624 1761 Non
657 1706 701 1740 ⁸⁸
754 1705 907 1760 619
943 1708 1141 1777 putem
1200 1703 1477 1775 cuiquam
1539 1699 1809 1757 frivolum
1844 1704 1899 1755 et

252 1796 528 1867 frigidum
560 1794 743 1850 videri
791 1811 987 1867 posse,
1042 1795 1090 1849 si
1142 1794 1422 1865 recogitet
1462 1796 1681 1847 naturas
1715 1792 1896 1860 maje-

242 1890 484 1952 statem,
517 1901 585 1940 ex
617 1901 733 1956 qua
764 1888 1037 1939 censetur
1066 1883 1385 1938 auctoritas
1435 1880 1663 1937 animae.
1700 1882 1894 1946 Quan-

241 1976 374 2028 tum
387 1971 616 2028 dederis
630 1970 1548 2044 magistra,tantumadjudicahis
1562 1966 1883 2038 discipulae.

240 2060 521 2134 Magistra
564 2066 794 2127 natura,
846 2060 1044 2114 anima
1093 2059 1399 2129 discipula.
1449 2057 1735 2128 Quidquid
1790 2061 1889 2111 aut

236 2151 343 2207 illa
372 2149 623 2217 edocuit,
671 2154 775 2205 aut
831 2148 946 2205 ista
978 2148 1305 2219 perdidicit,
1359 2165 1393 2203 a
1440 2152 1551 2202 Deo
1600 2146 1885 2201 traditum

238 2245 349 2311 est,
384 2241 662 2311 magistro
693 2239 914 2295 scilicet
944 2238 1133 2311 ipsius
1166 2239 1478 2310 magistris.
1514 2238 1661 2303 Quid
1690 2238 1888 2293 anima

240 2331 431 2405 possit
460 2334 530 2387 de
562 2328 867 2403 principali
902 2329 1238 2385 institutore
1256 2328 1693 2401 praesumereﬁn
1725 2333 1778 2384 te
1802 2330 1890 2383 est

243 2420 542 2478 mstimare
572 2420 644 2475 de
676 2436 743 2476 ea
774 2436 901 2492 quas
931 2419 975 2454 ⁸⁸
1004 2419 1064 2473 in
1108 2422 1164 2474 te
1195 2424 1302 2473 est.
1335 2418 1493 2473 Santi
1542 2417 1729 2482 illam,
1761 2433 1891 2487 quas

242 2516 311 2567 ut
342 2509 565 2569 sentias
597 2497 812 2566 efﬁcit!
847 2508 1103 2581 recogita
1147 2508 1204 2563 in
1257 2507 1555 2580 praesagiis
1586 2512 1797 2574 vatem,
1831 2507 1890 2562 in

243 2601 522 2656 omnibus
553 2615 859 2672 augurem,
893 2598 954 2654 in
981 2597 1287 2654 eventibus
1320 2596 1893 2670 prospicem.Mirum

244 2690 296 2747 si
329 2708 365 2747 a
405 2696 514 2747 Deo
544 2690 681 2745 data
710 2687 959 2758 homini,
997 2688 1155 2743 novit
1185 2687 1464 2744 divinare.
1499 2688 1643 2743 Tam
1677 2687 1895 2743 mirum

246 2780 299 2837 si
332 2796 467 2837 eum
503 2797 536 2836 a
567 2795 680 2851 quo
720 2779 857 2835 data
899 2781 1008 2847 est,
1040 2776 1218 2835 novit.
1268 2777 1454 2833 Etiam
1502 2778 1898 2833 circumventa

241 2870 317 2926 ab
354 2868 706 2936 adversario,
745 2866 1015 2922 meminit
1048 2866 1139 2921 sui
1174 2866 1452 2935 auctoris,
1502 2871 1560 2922 et
1591 2866 1895 2933 bonitatis,

239 2964 300 3017 et
324 2959 541 3015 decreti
572 2959 725 3029 ejus,
757 2960 815 3011 et
844 2954 1033 3011 exitus
1063 2954 1155 3010 sui
1185 2959 1243 3010 et
1271 2955 1313 2989 ⁸⁷
1337 2955 1652 3010 adversarii
1684 2954 1896 3027 ipsius.

236 3050 336 3105 Sic
366 3048 607 3115 mirum,
641 3045 691 3101 si
722 3061 757 3100 a
785 3045 901 3100 Deo
933 3044 1088 3110 data,
1131 3043 1332 3099 eadem
1376 3043 1553 3110 canit,
1588 3060 1712 3115 quas
1745 3043 1899 3098 Deus

237 3137 339 3196 sui
387 3135 547 3191 dedit
593 3149 785 3190 nosse.
836 3132 947 3187 Sed
1000 3131 1101 3203 qui
1147 3132 1440 3203 ejusmodi
1484 3133 1529 3167 ⁸⁸
1564 3132 1899 3203 eruptiones

237 3227 459 3283 animae
501 3241 617 3280 non
664 3221 887 3295 putavit
935 3222 1264 3277 doctrinam
1307 3237 1436 3277 esse
1488 3226 1711 3277 natura:
1758 3225 1816 3276 et
1855 3221 1899 3260 ‘9

2020 629 2194 684 batur
2227 646 2239 684 :
2278 630 2645 685 mendicahat
2676 646 2888 696 sermo,
2944 629 3170 702 opinor,
3223 628 3341 684 imo
3372 644 3479 684 nec
3510 626 3668 683 ullus

2014 735 2141 774 esse
2191 723 2436 791 poterat,
2490 720 2861 775 cessantibus
2911 720 3088 774 etiam
3139 722 3303 785 tunc,
3356 716 3481 773 sine
3534 715 3662 789 qui-

2014 808 2125 863 bus
2183 810 2357 864 etiam
2434 809 2607 865 hodie
2650 809 2776 880 jam
2838 809 3086 876 beatior,
3161 812 3219 864 et
3293 806 3665 879 locupletior.

2013 902 2070 952 et
2096 898 2439 969 prudentior
2467 916 2595 955 esse
2635 916 2751 955 non
2785 902 2995 971 potest,
3049 898 3099 955 si
3148 914 3216 954 ea
3246 914 3373 970 quia
3429 900 3547 953 tam
3582 896 3664 951 fa-

2014 986 2166 1055 cilia,
2232 992 2349 1044 tam
2401 988 2663 1054 assidua,
2709 993 2831 1043 tam
2884 988 3150 1060 proxima
3198 987 3371 1043 hodie
3414 990 3570 1054 sunt,
3604 985 3663 1040 in

2012 1076 2157 1148 ipsis
2187 1078 2621 1149 quodammodo
2654 1078 2823 1133 labiis
2852 1082 3038 1150 parta,
3091 1082 3245 1133 retro
3278 1094 3392 1133 non
3426 1076 3664 1132 fuerunt

2012 1171 2328 1237 antequam
2380 1166 2588 1223 litterae
2635 1166 2694 1222 in
2749 1166 2961 1222 saeculo
3009 1167 3462 1239 germinassent,
3496 1169 3663 1221 ante-

2011 1271 2187 1326 quam
2220 1256 2543 1312 Mercurius
2586 1256 2836 1330 (opinor)
2890 1261 3064 1311 natus
3116 1256 3342 1311 fuisset.
3404 1255 3473 1309 Et
3504 1255 3661 1310 unde

2011 1345 2325 1417 ordoipsis
2359 1344 2568 1401 litteris
2617 1347 2928 1418 contingit,
2980 1362 3155 1402 nosse
3203 1346 3247 1380 τ’
3293 1345 3440 1400 617
3496 1347 3552 1399 et
3600 1344 3660 1399 in

2011 1449 2183 1490 usum
2242 1434 2485 1506 loquela)
2546 1436 2953 1505 disseminare,
3028 1452 3155 1507 qua:
3216 1433 3338 1490 ulla
3394 1450 3657 1505 unquam

2011 1539 2176 1579 mens
2208 1528 2571 1596 conceperat,
2608 1529 2710 1580 aut
2741 1524 2944 1598 lingua
2974 1523 3314 1597 protulerat,
3365 1527 3466 1579 aut
3495 1523 3658 1579 auris

2008 1614 2356 1685 exceperat?
2410 1613 2643 1670 Atenim
2688 1631 2817 1670 cum
2886 1614 3093 1669 divinis
3153 1614 3485 1687 Scriptura),
3532 1629 3656 1684 quas

2008 1718 2185 1774 penes
2218 1719 2324 1759 nos
2350 1702 2438 1758 vel
2468 1703 2704 1761 Judazos
2735 1708 2895 1771 sunt,
2944 1703 3003 1759 in
3036 1720 3286 1776 quorum
3318 1703 3363 1737 ⁷³
3406 1702 3656 1758 oleastro

2007 1790 2166 1846 insiti
2200 1808 2429 1861 sumus,
2475 1792 2657 1848 multo
2708 1791 3087 1848 saecularibus
3136 1792 3352 1848 litteris
3384 1809 3500 1847 non
3533 1806 3655 1846 mo-

2007 1880 2139 1936 dica
2170 1885 2397 1936 tantum
2431 1885 2599 1937 aetate
2629 1881 2829 1953 aliqua
2876 1882 3242 1949 antecedant,
3294 1885 3360 1936 ut
3390 1880 3514 1936 loco
3546 1896 3654 1935 suo

1999 1970 2345 2026 edocuimus
2374 1971 2445 2026 ad
2478 1970 2654 2026 ﬁdem
2688 1987 2890 2026 earum
2938 1970 3459 2027 demonstrandam
3495 1986 3508 2038 ;
3544 1967 3654 2024 etsi

1997 2057 2117 2114 haec
2146 2058 2380 2131 eloquia
2414 2059 2484 2115 de
2516 2058 2729 2115 litteris
2760 2060 3069 2131 usurpavit
3099 2058 3316 2127 anima,
3349 2058 3551 2128 utique
3580 2058 3651 2113 de

1996 2148 2213 2204 nostris
2251 2149 2607 2205 credendum
2636 2149 2764 2215 erit,
2796 2165 2911 2204 non
2960 2149 3030 2204 do
3076 2148 3288 2204 vestris
3323 2165 3337 2203 :
3367 2146 3506 2221 quia
3534 2163 3637 2219 po-

1994 2237 2146 2293 tiora
2196 2242 2337 2293 sunt
2369 2240 2439 2293 ad
2486 2239 2893 2294 instruendam
2927 2237 3183 2294 animam
3208 2238 3425 2310 priora,
3458 2252 3637 2309 quam

1998 2332 2252 2397 postera,
2282 2343 2407 2399 qua:
2438 2335 2492 2382 et
2540 2328 2671 2399 ipsa
2701 2344 2735 2383 a
2781 2327 3075 2399 prioribus
3120 2326 3333 2383 instrui
3380 2326 3643 2382 sustine-

1999 2416 2313 2487 hant(34);
2346 2433 2502 2486 cum,
2539 2418 2645 2472 etsi
2687 2417 2758 2473 de
2786 2418 2995 2473 vestris
3044 2417 3390 2473 instructam
3439 2432 3644 2471 conce-

2001 2506 2232 2575 damus,
2282 2506 2353 2561 ad
2399 2505 2685 2579 originem
2734 2510 2931 2563 tamen
2974 2505 3357 2579 principalem
3406 2504 3645 2561 traditio

2004 2595 2313 2669 pertineat,
2347 2600 2733 2668 nostrumque
2754 2597 2992 2653 omnino
3020 2596 3116 2663 sit,
3146 2596 3560 2669 quodcumque
3582 2595 3653 2650 de

2004 2685 2220 2741 nostris
2247 2686 2575 2757 sumpsisse
2605 2691 2663 2743 et
2691 2685 3000 2742 tradidiise
3026 2685 3271 2756 contigit
3298 2683 3655 2751 vobis.Quod

2007 2791 2141 2830 cum
2173 2774 2257 2831 ita
2287 2776 2386 2846 sit,
2418 2792 2535 2832 non
2576 2776 2829 2832 multum
2860 2776 3056 2843 refert,
3091 2792 3164 2830 an
3196 2791 3230 2831 a
3258 2779 3372 2830 Deo
3404 2774 3656 2830 formata

2008 2865 2085 2921 sit
2115 2864 2328 2920 animas
2359 2865 2736 2936 conscientia,
2772 2882 2844 2921 an
2879 2864 3092 2921 litteris
3124 2864 3247 2920 Dei.
3276 2864 3426 2929 Quid
3472 2863 3657 2935 igitur

2006 2952 2317 3023 vis,homo,
2342 2953 2413 3009 de
2431 2954 2705 3010 humanis
2735 2954 3043 3011 sententiis
3073 2952 3400 3009 litterarum
3416 2956 3654 3009 tuarum

2008 3043 2195 3099 exisse
2228 3042 2348 3098 haec
2378 3042 2437 3098 in
2470 3060 2614 3100 usus
2644 3043 2977 3101 communis
3006 3042 3394 3100 callositatem
3428 3040 3585 3114 (35)?

2009 3131 2141 3187 CAP.
2174 3147 2252 3186 v1.
2280 3132 2459 3187 Crede
2490 3132 2682 3203 itaque
2710 3133 2854 3200 tuis,
2887 3136 2945 3187 et
2973 3132 3043 3188 de
3083 3131 3520 3187 commentariis
3552 3147 3656 3186 no-

2010 3220 2151 3276 stris
2182 3225 2340 3276 tanlo
2362 3221 2550 3293 magis
2582 3221 2753 3277 crede
2787 3220 3126 3289 divinis,sed
3141 3222 3212 3277 de
3241 3220 3450 3276 animae
3468 3219 3657 3292 ipsius

237 3313 567 3386 congenitis
619 3294 679 3369 et
733 3311 1004 3385 ingenitas
1075 3310 1445 3366 conscientia
1504 3310 1682 3366 tacita
1739 3326 1899 3367 com-
1930 3294 1971 3361 C
2013 3310 2254 3366 arbitrio
2286 3311 2527 3382 perinde
2559 3311 2727 3367 crede
2759 3314 3001 3366 naturis.
3034 3310 3195 3382 Elige
3236 3327 3413 3382 quam
3466 3326 3537 3366 ex
3566 3308 3658 3363 his

241 3404 435 3461 missa
456 3403 521 3473 7°,
555 3402 707 3457 dicet
734 3401 932 3474 potius
963 3398 1326 3455 diventilatis
1355 3399 1415 3454 in
1434 3399 1643 3471 vulgus
1675 3400 1898 3471 opinio-

244 3494 451 3561 nibus,
495 3490 925 3565 publicatarum
974 3489 1017 3525 ⁷¹
1056 3489 1384 3545 litterarum
1436 3507 1632 3557 usum,
1676 3490 1801 3560 jam
1847 3493 1904 3545 et

243 3583 421 3657 quasi
460 3581 667 3638 vitium
715 3580 1157 3636 corroboratum
1206 3578 1401 3635 taliter
1446 3579 1901 3636 sermocinandi.

249 3674 421 3731 Certe
453 3670 614 3743 prior
664 3670 883 3739 anima,
936 3685 1114 3743 quam
1174 3668 1368 3724 littera
1425 3668 1574 3742 (33);
1635 3673 1692 3724 et
1749 3668 1906 3741 prior

249 3779 472 3834 sermo,
506 3776 685 3833 quam
717 3759 864 3815 liber
891 3777 906 3826 ;
936 3762 993 3815 et
1025 3757 1186 3831 prior
1207 3774 1438 3827 sensus,
1472 3775 1649 3830 quam
1682 3758 1904 3832 stylus;

249 3857 308 3909 et
340 3852 503 3924 prior
549 3850 725 3906 homo
774 3848 921 3921 ipse,
975 3864 1149 3921 quam
1196 3847 1582 3921 philosophus
1631 3852 1688 3905 et
1718 3854 1905 3920 poeta.

248 3940 557 4013 Numquid
584 3955 720 4013 ergo
744 3938 1103 3995 credendum
1136 3941 1244 3999 est.
1279 3942 1413 3994 ante
1435 3936 1823 3995 litteraturam
1855 3948 1915 4001 et

251 4030 718 4103 divulgationem
751 4029 878 4100 ejus
911 4032 1106 4084 mutos
1138 4028 1362 4099 absque
1400 4027 1741 4099 hujusmodi
1774 4045 1911 4101 pro-

250 4118 728 4178 nuntiationibus
746 4116 1014 4174 homines
1035 4115 1250 4175 vixisse
1273 4116 1300 4172 ‘2
1320 4117 1501 4174 Nemo
1525 4122 1707 4174 Deum
1740 4121 1797 4174 et
1815 4118 1913 4174 bo-

2012 3399 2244 3455 fidelius
2289 3400 2332 3435 ⁷⁵
2377 3416 2636 3456 sororem
2683 3400 2955 3456 observes
3010 3399 3269 3455 veritatis
3319 3400 3453 3472 (36).
3497 3399 3554 3453 Si
3588 3399 3660 3454 de

2011 3490 2130 3545 tuis
2179 3489 2389 3545 litteris
2437 3490 2698 3557 dubitas,
2756 3505 2941 3560 neque
2989 3489 3165 3555 Deus,
3216 3505 3404 3561 neque
3449 3492 3662 3544 natura

2014 3577 2298 3633 mentitur
2329 3594 2341 3633 :
2377 3582 2441 3633 ut
2470 3582 2527 3633 et
2557 3582 2777 3633 naturis
2806 3582 2864 3633 et
2892 3578 3008 3633 Deo
3040 3577 3264 3644 credas;
3316 3577 3485 3632 crede
3538 3575 3664 3631 ani-

2016 3686 2121 3725 mus
2148 3687 2160 3737 ;
2195 3670 2275 3724 ita
2307 3669 2422 3737 (iet,
2454 3672 2520 3724 ut
2547 3673 2605 3723 et
2639 3667 2739 3723 tibi
2771 3667 2995 3724 credas.
3028 3666 3131 3722 Illa
3162 3670 3315 3722 certe
3346 3670 3457 3735 est,
3483 3682 3662 3737 quam

2016 3758 2165 3813 tanti
2198 3758 2359 3830 facis,
2393 3762 2678 3830 quantum
2713 3758 2756 3792 ⁷⁸
2786 3757 2887 3813 illa
2940 3761 2994 3812 te
3053 3756 3190 3812 facit
3223 3772 3235 3811 :
3271 3756 3439 3826 cujus
3482 3772 3545 3811 es
3578 3763 3662 3811 ιο-

2019 3852 2116 3903 tus
2160 3865 2172 3903 :
2215 3864 2342 3919 quae
2399 3846 2508 3902 tibi
2558 3845 2755 3902 omnia
2811 3850 2939 3913 est;
2991 3845 3117 3900 sine
3174 3861 3287 3914 qua
3323 3859 3429 3900 nec
3475 3843 3663 3899 vivere

2020 3940 2183 4009 potes
2214 3952 2320 3994 nec
2354 3936 2500 3992 mori
2525 3954 2539 4005 ;
2572 3944 2807 4008 propter
2836 3950 3013 4006 quam
3036 3934 3220 3989 Deum
3247 3932 3497 4004 negligis
3527 3931 3663 4004 (37).

2020 4028 2165 4083 Cum
2197 4026 2353 4082 enim
2384 4025 2558 4082 times
2592 4025 2715 4081 ﬁeri
2746 4024 3137 4093 Christianus,
3169 4022 3323 4077 618
3364 4038 3493 4078 eam
3525 4037 3662 4076 con-

2020 4116 2150 4173 veni
2182 4133 2197 4172 :
2232 4132 2338 4171 cur
2369 4114 2549 4172 alium
2582 4115 2796 4185 colens,
2833 4120 3012 4171 Deum
3043 4111 3350 4170 nominat?
3380 4127 3504 4181 cur,
3527 4126 3665 4168 eum

1678 4296 1882 4361 Variae
1925 4295 2245 4358 lectiones.

889 4443 934 4480 ⁸³
965 4443 1101 4510 Quae
1130 4443 1213 4499 aI.
1326 4441 1371 4476 ⁸³
1403 4444 1481 4497 De
1511 4439 1635 4498 add.
1670 4442 1790 4510 Rig.

324 4448 375 4483 ⁶²
402 4445 625 4503 Animis
659 4446 775 4517 Rig.

1931 4439 1976 4475 ⁸⁵
1996 4440 2141 4513 Puto
2172 4440 2301 4513 Rig.

2437 4438 2481 4474 ⁸⁸
2530 4437 2632 4495 Est
2676 4438 2735 4493 in
2786 4440 2841 4493 te
2888 4438 3008 4508 Rig.
3120 4424 3164 4473 ⁸⁸⁷
3196 4438 3265 4495 Et
3309 4436 3459 4494 abest
3486 4440 3675 4508 Paris:

249 4518 294 4592 f‘f
328 4500 1004 4592 Eruptionis'ﬁ’omger.‘
1051 4516 1096 4551 ⁸ο
1128 4516 1194 4570 Et
1221 4513 1367 4592 abest
1399 4514 1518 4583 Βία.
1593 4513 1642 4592 ξ¹⁰
1672 4500 1873 4592 Tacite
1903 4500 2283 4592 commissam
2311 4511 2590 4592 Wouwer.
2635 4511 2708 4592 __'“
2733 4500 3102 4592 applicatum
3132 4511 3259 4592 lup,
3336 4500 3679 4592 "_Coptigit§

250 4590 421 4648 Unde
448 4579 621 4651 nosse
649 4592 781 4650 Jun.
855 4590 900 4625 7‘
930 4590 996 4646 In
1024 4602 1273 4660 quorum
1305 4585 1434 4643 olea
1462 4579 1530 4642 ex
1558 4585 1809 4642 oleastra
1838 4584 2002 4641 insiti
2033 4600 2249 4641 sumus
2303 4584 2452 4638 Latt.
2487 4583 2687 4654 Rigalt.
2765 4580 2809 4615 ⁷⁸
2831 4579 3130 4637 Fidelibus
3179 4579 3296 4653 ηερ.
3375 4583 3419 4620 ⁷⁸
3462 4579 3675 4651 Quint1

252 4667 397 4723 Jun.

1701 4765 2226 4830 Commentarius.

255 4912 519 4973 Atracides
575 4915 645 4973 de
719 4914 915 4987 Cajeta
969 4912 1158 4969 [Enetus
1230 4909 1454 4968 nutrice
1509 4909 1675 4983 paria
1732 4910 1989 4979 fermeD
2091 4908 2355 4987 -:I_’rior
2382 4906 3005 4987 αηὶγηαλμιαηι.ΙίιίᾳναἸ
3042 4906 3202 4987 Idem
3252 4914 3669 4987 argumentum

257 4987 441 5045 habet
472 5004 486 5045 :
793 4978 814 4987 ’
1509 4978 1530 4983 “
1943 4978 1949 4979 ⁷
2021 4981 2255 5057 conﬁcit
2283 4978 2855 5057 magnusn'ntonius
2900 4982 3047 5057 teste
3079 4978 3399 5057 Athanasio
3448 4984 3508 5039 in
3542 4985 3670 5057 ejus

317 5105 386 5154 Et
414 5117 561 5154 nunc
591 5106 768 5154 servat
789 5102 960 5153 honos
989 5101 1167 5152 sedém
1192 5102 1332 5159 tuus,
1365 5113 1590 5164 ossaque
1620 5112 1818 5150 nomen

324 5168 588 5232 Hesperia
616 5168 669 5217 in
700 5180 915 5231 magus,
949 5166 993 5215 si
1021 5178 1127 5228 qua
1157 5167 1237 5213 est
1263 5176 1326 5213 ea
1353 5163 1806 5228 gloria,signat,Le
1828 5165 1909 5214 Pr.

336 5274 451 5348 (32)
500 5276 647 5332 Abiit
680 5277 821 5348 jam.
872 5273 1110 5348 Veteres
1157 5275 1404 5348 mortuus
1451 5274 1531 5328 est
1605 5271 1912 5348 dicebant,

260 5344 442 5419 viaiz't,
466 5344 784 5415 abiit,abiit
814 5346 884 5403 ad
910 5344 1122 5419 plures.
1147 5346 1313 5419 apud
1338 5346 1570 5401 Festum
1590 5345 1766 5401 etiam
1790 5345 1912 5400 abi-

260 5422 344 5476 tio
378 5415 482 5490 pro
515 5429 698 5476 morte
730 5415 1004 5476 sumitur.
1039 5417 1119 5471 LE
1152 5415 1251 5471 Pa.

336 5486 451 5564 (33)
488 5495 647 5549 Certe
691 5494 848 5565 prior
894 5492 1083 5565 anima
1113 5504 1278 5565 quam
1328 5489 1533 5565 littera.
1569 5492 1751 5565 Locus
1784 5486 1916 5565 iste,

260 5557 747 5636 quandoquidem
788 5561 960 5635 paulo
995 5557 1131 5632 post
1157 5561 1327 5636 hanc
1358 5560 1567 5616 animae
1600 5557 1913 5636 loquelam

259 5630 643 5692 traditionem
676 5630 1006 5706 nuncupat,
1051 5630 1270 5706 optime
1320 5637 1509 5703 potest
1548 5630 1811 5706 adaptari
1844 5630 1915 5685 ad

258 5708 651 5765 traditionum
684 5703 1004 5765 ecclesiast.
1040 5705 1468 5769 auctoritatem,
1521 5703 1734 5775 quippe
1790 5719 1918 5775 quae

260 5779 439 5851 libris
488 5780 765 5838 omnibus
809 5785 866 5837 et
909 5777 1068 5851 stylo,
1123 5776 1181 5833 id
1230 5780 1321 5833 est
1368 5773 1701 5833 litteratura
1757 5773 1918 5832 omni

263 5850 498 5925 priores
529 5855 687 5910 sunt.
720 5856 866 5908 PAM.

2025 5054 2176 5120 Vita,
2208 5050 2412 5110 contra
2443 5052 2824 5125 philosophos
2856 5050 3164 5123 quosdam.
3198 5052 3329 5108 Lac.

2096 5127 2209 5198 (31:)
2240 5127 2471 5182 Instruit
2499 5126 2867 5181 sustinebant.
2930 5125 3044 5181 Hoc
3075 5128 3182 5192 est,
3233 5128 3670 5198 exspectabant.

2023 5202 2207 5341 BI€35)
2243 5271 2303 5325 In
2359 5286 2492 5325 usus
2544 5270 2874 5326 consummis
2922 5267 3302 5341 callositatem.
3347 5272 3673 5341 Consuetu-

2026 5338 2223 5425 dinem
2250 5342 2564 5415 signiﬁcat,
2599 5359 2726 5414 quae
2758 5341 2928 5411 longo
2959 5356 3070 5395 usu
3101 5338 3279 5395 veluti
3325 5339 3541 5396 callum
3572 5341 3673 5397 ob-

2027 5416 2213 5557 duélﬁt).
2242 5485 2494 5542 Sororem
2523 5486 2767 5541 observes
2798 5482 3060 5537 veritatis-
3111 5480 3171 5557 id
3208 5484 3319 5557 esi,
3382 5498 3520 5557 (ΙΨ-⁸³.
3541 5498 3677 5557 ιη’-θ’

2070 5549 2161 5613 ius
2193 5549 2263 5612 ad
2297 5558 2599 5614 veritatem
2649 5556 2907 5623 accedat,
2953 5556 3052 5619 τῆς
3100 5549 3357 5620 ἀληθείας
3399 5549 3673 5628 ἆδελὶρήν.

2075 5629 2709 5773 Ρνοριεννᾳιιωη
2752 5698 2921 5753 Deum
2984 5694 3238 5773 negligis.
3294 5695 3399 5760 Qui
3452 5696 3676 5773 scilicet

2027 5766 2204 5828 times
2236 5766 2782 5834 fieri'Chriatianus,
2833 5783 2904 5838 ne
2950 5766 3255 5823 nobiscum
3305 5785 3407 5838 pro
3439 5771 3676 5828 nomine

2029 5843 2239 5900 Christi
2267 5844 2547 5913 animam,
2582 5840 2691 5898 hoc
2721 5843 2811 5897 est
2838 5837 3042 5907 vitam,
3077 5853 3281 5911 ponas.
3306 5837 3439 5899 Rm.
