4262 6370
393 356 512 419 693

1810 358 1912 417 AD
1960 357 2412 419 MARTYRES.

3695 358 3813 419 694

392 491 538 564 priis
567 490 627 545 in
660 505 948 545 carcerem
984 488 1461 558 subministrant,
1514 490 1703 562 capite
1734 489 1951 559 aliquid
1986 493 2043 545 et
2073 506 2119 572 Α
2155 489 2500 560 (Ephe:.-1v,
2562 492 2638 563 3),
2698 492 2795 563 qui
2849 490 3151 547 vobiscum
3211 490 3439 545 introiit
3495 505 3810 546 carcerem.

392 580 610 637 anobis
630 579 782 650 quod
810 580 979 633 faciat
1003 578 1071 632 ad
1089 580 1364 649 spiritum
1390 595 1621 650 quoque
1646 579 2040 633 educandum.

392 670 547 726 020
580 674 822 723 Carnem
871 667 1026 723 enim
1079 667 1357 738 saginari,
1412 675 1469 723 et
1517 668 1789 739 spiritum
1821 668 2045 723 esurire

392 776 507 815 non
543 759 800 830 prodest.
836 758 979 823 Imo,
1014 756 1061 810 si
1094 757 1243 825 quod
1292 757 1595 812 infirmum
1646 761 1735 812 est
1766 762 2044 827 curatur;

390 864 575 919 aque,
601 847 756 918 quod
788 844 1083 900 inﬁrmius
1115 846 1136 878 ²
1168 850 1275 913 est,
1310 846 1526 917 negligi
1558 863 1671 901 non
1707 847 1896 901 debet.
1932 850 2045 902 Nec

390 942 592 993 tantus
624 951 729 1006 ego
760 950 915 1000 sum,
966 938 1030 988 ut
1058 949 1161 988 vos
1214 933 1479 1005 alloquar
1514 952 1527 1002 ;
1561 940 1959 990 verumtamen
1991 939 2049 990 et

391 1024 747 1098 gladiatores
795 1023 1220 1096 perfetissimos
1271 1040 1385 1078 non
1418 1028 1648 1079 tantum
1684 1024 1951 1095 magistri
1986 1028 2043 1080 et

390 1114 687 1187 praepositi
718 1114 831 1179 sui,
867 1113 967 1167 sed
1002 1113 1181 1167 etiam
1214 1112 1407 1166 idiota
1441 1119 1498 1168 et
1525 1113 1872 1185 supervacui
1905 1113 2044 1184 °qui

396 1218 509 1274 que
540 1203 927 1259 adhortantur
956 1201 1027 1255 de
1071 1199 1415 1271 longinquo,
1452 1206 1515 1255 ut
1574 1217 1726 1274 sape
1785 1203 1857 1256 de
1915 1202 2044 1274 ipso

388 1291 604 1365 populo
640 1292 861 1346 dictata
891 1294 1171 1361 suggesta
1194 1290 1539 1359 profuerint.
1570 1290 1631 1345 In
1660 1290 1865 1362 primis
1885 1307 2042 1363 ergo,

387 1379 701 1447 benedicti,
766 1377 946 1434 nolite
1011 1376 1357 1433 contristare
1421 1379 1699 1450 Spiritum
1770 1383 2043 1435 sanctum

2157 580 2210 632 Si
2243 580 2397 633 enim
2453 598 2567 635 non
2619 582 2921 636 vobiscum
2973 597 3129 635 nunc
3181 580 3501 646 introisset,
3552 596 3654 635 nec
3703 597 3803 635 vos

2158 669 2277 723 illic
2313 670 2485 724 hodie
2517 670 2799 726 fuissetis.
2850 676 2913 724 Et
2957 671 3086 725 ideo
3135 671 3268 725 date
3299 685 3558 741 Operam,
3591 674 3657 724 ut
3688 670 3810 726 illic

2155 758 2458 813 vobiscum
2504 764 2833 831 perseveret
2885 775 2898 814 ε
2950 758 3031 813 ita
3076 774 3176 814 vos
3219 758 3358 814 inde
3404 759 3687 830 perducet
3736 760 3810 814 ad

2161 847 2494 902 Dominum.
2526 848 2747 903 Domus
2780 848 3016 918 quidem
3050 847 3265 903 diaboli
3299 851 3389 903 est
3416 851 3473 901 et
3504 862 3723 917 carcer,
3748 847 3808 903 in

2155 951 2272 1005 qua
2300 936 2585 992 familiam
2618 954 2787 993 suam
2821 938 3099 992 continet.
3132 936 3239 991 Sed
3286 953 3385 990 vos
3417 935 3547 992 ideo
3589 936 3648 991 in
3681 952 3807 991 car-

2156 1039 2345 1079 cerem
2380 1025 2745 1096 pervenistis,
2801 1026 2948 1081 621
2990 1029 3055 1080 ut
3102 1025 3269 1079 illum
3320 1025 3497 1080 etiam
3542 1024 3600 1079 in
3634 1025 3807 1081 domo

2155 1129 2261 1168 sua
2294 1113 2666 1170 conculcetis.
2716 1115 2850 1170 Jam
2881 1115 3037 1169 enim
3071 1114 3210 1169 foris
3238 1113 3536 1186 congressi
3568 1114 3806 1169 concul-

2157 1202 2461 1257 caveratis.
2506 1202 2629 1259 Non
2663 1219 2799 1275 ergo
2831 1203 2987 1258 dicat
3020 1219 3033 1258 :
3070 1205 3131 1256 In
3187 1218 3316 1258 meo
3365 1207 3525 1270 sunt,
3572 1204 3810 1259 tentabo

2156 1290 2290 1345 illos
2319 1289 2534 1345 vilibus
2566 1291 2771 1346 scidiis
2799 1291 2821 1325 ⁴
2857 1292 2958 1362 (3),
2991 1290 3399 1346 affectionibus
3446 1291 3488 1359 ⁵,
3523 1296 3625 1347 aut
3656 1292 3808 1348 inter

2155 1396 2218 1433 se
2250 1379 2741 1436 dissensionibus.
2772 1380 2979 1451 Fugiat
3017 1384 3397 1451 conspectum
3428 1384 3715 1446 vestrum,
3749 1385 3806 1437 et

1826 1488 2030 1549 Varia
2062 1488 2360 1549 lectiones

465 1588 486 1621 ²
514 1587 650 1659 Aug.
684 1584 940 1659 Nannder
971 1582 1199 1659 Emend.
1237 1582 1489 1659 firmius.
1526 1657 1531 1659 Α
1563 1584 1584 1619 ³
1620 1585 1769 1659 Alii,
1796 1601 2174 1659 supervacue.
2252 1585 2272 1618 ‘
2303 1584 2467 1659 Odiis
2509 1588 2697 1656 Fran.,
2754 1585 2966 1643 inediis
2996 1584 3191 1658 Rhem,
3246 1602 3345 1658 pro
3402 1585 3618 1643 vilibus
3663 1589 3804 1647 Jun.

390 1657 612 1715 mavult
636 1657 885 1713 utilibus
915 1674 928 1725 ;
962 1657 1165 1712 scidiis
1195 1658 1437 1728 reposuit
1470 1657 1675 1727 Rigalt.
1752 1657 1773 1691 ³
1801 1658 2231 1713 Defectionibus
2263 1658 2429 1713 (then.

1827 1764 2346 1825 Commentarius.

397 1875 540 1947 dum
570 1872 694 1947 hac
730 1871 919 1947 ipsius
949 1869 1294 1947 Tertulliani
1324 1870 1501 1947 verba
1530 1870 2047 1947 ginnunt_(Tertul_-
2082 1882 2128 1947 Β
2162 1871 2431 1947 militiam
2477 1870 2574 1927 Dei
2598 1872 2736 1947 “vivi
2773 1874 2900 1945 jam
2938 1875 3099 1941 tunc,
3129 1888 3285 1947 __cum
3329 1871 3408 1947 in
3445 1873 3798 1947 sacramenti

388 1946 532 2001 lian.
578 1945 682 2001 lib.
719 1942 795 2000 ait
843 1944 1071 2015 Martyr.
1122 1959 1171 1997 c.
1204 1944 1258 2014 6)
1294 1958 1306 1996 :
1341 1967 1367 1992 «
1406 1944 1481 1997 Ad
1530 1942 1635 1997 hoc
1685 1943 1921 2014 quidem
1958 1944 2043 1998 vel

394 2018 703 2096 prasentia
733 2015 896 2071 vobis
927 2014 1205 2096 tempora.
1230 2014 1772 2096 documentansint,
1807 2019 2041 2096 quanta

390 2086 713 2161 qualesque
743 2104 1002 2161 persona
1048 2086 1737 2161 inopinatosunatalibus
1768 2093 1825 2161 et
1856 2087 2044 2158 digni-

390 2157 637 2230 tatibus,
668 2166 725 2215 et
744 2157 1121 2230 corporibus,
1154 2157 1211 2214 et
1256 2158 1531 2230 atatibus
1570 2157 1696 2213 suis
1728 2157 2041 2213 exitus’re-

394 2229 901 2303 ferunt,hominis
933 2247 1111 2286 causa
1144 2248 1156 2285 :
1192 2237 1297 2303 aut
1325 2230 1397 2284 ab
1429 2229 1555 2303 ipso
1589 2229 1637 2284 si
1671 2236 1873 2285 contra
1903 2246 2037 2285 eum

391 2300 649 2372 fecerint,
684 2308 785 2359 aut
814 2303 885 2358 ab
934 2302 1281 2357 adversariis
1312 2300 1467 2373 ejus,
1495 2300 1545 2355 si
1592 2317 1696 2372 pro
1747 2317 1812 2356 eo
1865 2305 2035 2357 stete-

393 2378 532 2432 rint.
573 2399 592 2424 ι
626 2375 789 2431 Acris
838 2377 885 2429 is
909 2374 1055 2429 liber
1094 2378 1184 2429 est
1238 2374 1308 2429 ad
1356 2376 1641 2445 martyres
1682 2373 2034 2441 adhortatio,

398 2466 517 2521 qua
545 2464 643 2504 eos
684 2447 1023 2521 Christiana
1048 2445 1348 2521 religionis
1369 2444 1547 2521 causa
1577 2446 1635 2521 in
1667 2444 1919 2521 vinculis
1943 2447 2035 2500 de-

394 2516 584 2577 tentos
616 2521 687 2575 ad
720 2518 1113 2575 constantiam
1145 2519 1204 2571 in
1249 2518 1379 2582 fide,
1416 2516 1776 2571 alacritatem
1811 2518 1869 2571 in
1903 2534 2032 2588 per-

389 2593 626 2649 ferendo
656 2590 905 2647 carceris
957 2589 1251 2659 squallore
1299 2596 1356 2643 et
1404 2589 1883 2659 impendentibus
1923 2588 2036 2643 sibi

389 2664 694 2737 suppliciis
714 2662 1090 2737 vehementer
1120 2667 1311 2737 movet
1340 2665 1394 2715 et
1455 2659 1698 2737 animat,
1757 2677 1879 2737 eos_
1904 2678 2035 2737 vero

433 2730 769 2792 oti'ssimum
803 2735 874 2790 ad
906 2749 1107 2805 pacem
1136 2733 1362 2799 invitat,
1387 2748 1564 2803 quam
1588 2730 1686 2803 qui
1713 2748 1833 2805 non
1868 2731 2038 2789 habe-

433 2755 769 2792 onssamum
803 2755 874 2790 80
906 2755 1107 2805 ρᾶσθῐῐι
1137 2755 1362 2799 ιηγιωι,
1387 2755 1564 2803 quam
1588 2755 1686 2803 ψη
1721 2755 1833 2786 ῐιυῐι
1869 2755 1872 2785 l

391 2755 610 2864 ﬁebant
638 2812 709 2863 ab
740 2806 1015 2862 Ecclesia.
1051 2822 1083 2859 a
1115 2804 1470 2875 martyribus
1504 2803 1872 2875 expetebant.

460 2884 548 2936 Ab
576 2880 743 2957 iuitio
774 2878 975 2933 laudat
1004 2877 1293 2957 pietatem
1330 2877 1615 2957 fidelium,
1666 2876 1766 2947 qui
1818 2880 2032 2957 marty-

390 2953 552 3007 ribus
600 2952 658 3005 in
708 2965 936 3004 carcere
995 2945 1331 3004 constitutis
1384 2945 2036 3017 alimenta'corporalia

392 3022 857 3088 ministrabant;
915 3018 1046 3074 dein
1106 3020 1263 3090 ipsos
1297 3023 1580 3090 martyres
1639 3016 2034 3090 hortatur,ne

387 3096 661 3165 Spiritum
699 3102 959 3146 sanctum
989 3088 1314 3145 contristari
1345 3088 1563 3165 veltent,
1618 3088 1727 3165 sed
1768 3104 1901 3143 eum
1953 3088 2034 3142 ita

386 3158 741 3231 custodiant,
774 3169 837 3217 ut
866 3177 1066 3234 pacem
1099 3166 1156 3234 et
1195 3161 1567 3234 concordiam
1614 3158 1859 3234 invicem
1908 3176 2031 3213 ser-

2157 1944 2332 1998 verba
2364 1942 2825 2015 respondimus:
2878 1960 3010 2000 nem
3062 1942 3231 1999 miles
3276 1943 3345 1998 ad
3397 1942 3617 1999 bellum
3663 1961 3799 2002 cum

2151 2016 2377 2070 deliciis
2407 2014 2589 2086 venit,
2622 2033 2725 2072 nec
2756 2016 2828 2070 de
2858 2016 3127 2071 cubiculo
3157 2016 3227 2070 ad
3247 2014 3430 2071 aciem
3466 2016 3797 2087 procedit...

2150 2088 2329 2142 etiam
2362 2088 2420 2142 in
2454 2104 2617 2158 pace,
2655 2088 2851 2143 labore
2882 2092 2939 2142 et
2987 2087 3375 2143 incommodis
3426 2086 3644 2142 bellum
3675 2089 3798 2159 pati

2140 2160 2261 2228 jrm
2294 2159 2677 2214 ediscunt.....
2728 2161 2949 2215 Sudore
2992 2160 3191 2214 omnia
3234 2163 3533 2224 constant,
3569 2176 3641 2214 ne
3669 2176 3797 2214 cor-

2146 2247 2289 2301 pora
2320 2236 2495 2303 atque
2526 2230 2704 2303 animi
2728 2231 3211 2303 expavescent,de
3244 2232 3451 2303 umbra
3481 2231 3552 2303 ad
3586 2230 3797 2303 solem,

2148 2303 2217 2357 de
2249 2301 2369 2357 sole
2400 2301 2471 2357 ad
2506 2302 2737 2357 coelum.
2769 2301 2815 2352 »θ
2848 2304 2954 2369 (Id.
2986 2303 3146 2370 ibid.,
3203 2318 3328 2372 cap.
3394 2301 3470 2372 3).
3507 2302 3795 2372 Tandem,

2148 2390 2217 2428 ne
2249 2378 2675 2429 tormentorum
2709 2373 3025 2429 acerbitate
3054 2372 3205 2429 vinci
3240 2390 3301 2427 se
3334 2372 3536 2428 sinant
3565 2373 3797 2429 confes-

2148 2462 2335 2511 sores,
2386 2446 2650 2517 exempla
2681 2446 2937 2500 virorum
2990 2456 3046 2500 et
3092 2444 3408 2501 mulierum
3462 2444 3794 2514 gentilium,

2147 2519 2247 2588 qui
2286 2534 2355 2572 ex
2410 2517 2594 2573 solius
2650 2534 2806 2572 vana
2856 2518 3054 2588 gloria
3112 2518 3349 2588 motivog
3385 2522 3678 2572 tormenta
3736 2522 3795 2573 et

2147 2586 2393 2644 mortem
2425 2591 2652 2643 fortiter
2698 2586 3080 2657 sustinerent,
3139 2586 3381 2644 adducit
3435 2588 3568 2658 (ld.,
3626 2590 3791 2659 Ibid.,

2146 2678 2273 2733 cap.
2307 2661 2338 2733 4
2369 2664 2425 2715 et
2451 2660 2529 2731 5).
2562 2660 2719 2716 Nihil
2757 2676 2896 2717 sane
2946 2661 3054 2716 hoc
3085 2660 3261 2733 brevi
3296 2674 3588 2733 sermone
3617 2660 3790 2715 vehe-

2145 2730 2419 2799 mentias,
2449 2736 2551 2787 aut
2582 2733 2884 2787 movendis
2917 2731 3130 2787 animis
3184 2732 3403 2803 aptius,
3430 2730 3629 2800 judice
3661 2747 3791 2803 per-

2144 2806 2313 2859 docto
2346 2804 2467 2859 viro
2498 2804 2748 2875 Dupinio
2797 2804 3082 2875 (Biblioth.
3132 2804 3225 2858 de:
3267 2807 3693 2875 auteurs._tom,
3720 2804 3788 2875 1).

2145 2881 2263 2932 Hoc
2311 2878 2371 2930 in
2413 2873 2760 2947 argumento
2808 2874 3233 2947 Tertullianum
3298 2880 3497 2947 postea
3519 2873 3786 2931 imitatus

2142 2955 2233 3002 est
2266 2945 2507 3019 beatus“
2532 2948 2858 3019 Cyprianus
2910 2948 2968 3002 in
2998 2963 3108 3019 suo
3167 2946 3232 3019 de
3286 2945 3683 3001 Exhortatione
3732 2951 3783 3001 et

2143 3018 2305 3073 laude
2350 3017 2629 3088 Marti/rit
2658 3018 2829 3083 libro,
2887 3022 2943 3073 et
2994 3017 3050 3071 in
3099 3018 3227 3072 suis
3273 3019 3343 3072 ad
3396 3023 3683 3088 martyres
3731 3024 3791 3073 et

2142 3087 2515 3143 confessores’
2539 3089 2830 3159 Epistolis.
2866 3089 3149 3160 Caterum
3182 3089 3251 3142 ad
3286 3087 3656 3160 martyresgin
3691 3088 3792 3143 ali-

2142 3178 2256 3232 quo
2287 3160 2501 3232 oppido
2547 3158 2785 3215 ditionis
2835 3159 3335 3232 Carthaginensis,
3366 3158 3469 3213 aut
3514 3158 3692 3214 etiam
3724 3160 3783 3217 in

388 3242 540 3301 vent,
574 3251 812 3315 «quam
845 3231 1079 3305 quidem
1120 3233 1178 3287 in
1211 3232 1468 3287 Ecclesia
1515 3247 1627 3285 non
1662 3231 1966 3315 habentes,
1999 3247 2032 3285 a
2062 3249 2104 3315 ρ
2142 3231 2491 3315 Cartliagine
2519 3233 2649 3312 ipsa
2669 3232 2927 3315 captivos
2947 3231 3361 3315 perscripsisse
3385 3231 3540 3315 hunc
3560 3247 3782 3286 sermo-

393 3308 742 3390 martyribus
795 3308 855 3360 in
911 3321 1139 3387 carcere
1200 3320 1439 3390 exorare
1489 3306 1939 3390 consueverunt.
2004 3325 2031 3390 Ἴ

391 3381 458 3435 Et
492 3374 678 3435 «ideo
708 3394 835 3433 eam
867 3378 1043 3432 etiam
1079 3380 1381 3448 propterea
1419 3374 1479 3429 in
1525 3374 1685 3448 vobis
1719 3374 2035 3448 habereuet

393 3453 587 3507 fovere
618 3456 676 3506 et
726 3449 1024 3504 custodire
1055 3444 1278 3503 debetis
1329 3463 1341 3499 ε
1396 3451 1462 3500 ut
1509 3446 1557 3500 si
1604 3445 1750 3499 forte
1796 3450 1853 3500 et
1901 3444 2031 3500 aliis

435 3528 667 3579 rastare
698 3521 936 3591 possitis
983 3521 1088 3580 (ld.
1141 3518 1275 3591 ibid.
1332 3534 1457 3585 cap.
1502 3517 1573 3588 1).
1624 3538 1650 3591 ξ)
1687 3517 2028 3591 Ex_Tertul-

435 3541 667 3579 rastare
698 3541 936 3591 possitis
983 3541 1088 3580 ιιο.
1141 3541 1275 3573 tota.
1332 3541 1457 3585 cap.
1502 3541 1573 3588 ι).
1624 3541 1650 3565 ›)
1687 3541 1762 3571 nx
1816 3541 2028 3572 ιυιίιιιο

392 3541 535 3651 iiani
563 3595 756 3650 verbis
782 3592 891 3648 viri
938 3593 1090 3648 docti
1123 3590 1435 3664 colligunt,
1473 3589 1747 3644 eumdem
1775 3588 1840 3647 in
1868 3604 2034 3644 com-

394 3667 639 3723 munion
676 3664 945 3721 Ecclesia
993 3664 1291 3721 catholica
1323 3667 1667 3734 prasentem
1714 3666 2029 3734 tractatum

392 3755 680 3795 exarasse.
719 3739 926 3793 Factus
964 3737 1119 3792 enim
1164 3732 1519 3790 Montanista
1557 3733 1677 3787 hac
1709 3733 1906 3788 omnia
1939 3732 2029 3786 lu-

389 3810 578 3867 dibriu
612 3809 835 3875 habuit,
866 3811 932 3863 ut
980 3811 1135 3878 patet
1165 3823 1231 3862 ex
1279 3805 1428 3878 libro
1477 3805 1540 3878 de
1570 3803 1866 3878 Pudicitiu.
1899 3821 2026 3878 cap.

385 3885 477 3937 22.
522 3888 580 3938 et
608 3880 712 3937 lib.
771 3881 836 3935 de
862 3876 1099 3950 Jejzim'o,
1156 3894 1285 3949 cap.
1351 3877 1439 3950 12.7
1490 3876 1558 3932 Ut
1610 3892 1760 3950 vero
1800 3876 2027 3950 Tertul-

387 3954 581 4010 lianus
614 3946 973 4025 martyribus
1022 3952 1091 4007 ad
1146 3946 1519 4025 perferendus
1549 3946 1797 4025 ca_rceris
1828 3948 2027 4025 squal-

385 4025 563 4101 lores_
589 4018 819 4080 animds
864 4024 1063 4091 addat,
1110 4018 1394 4101 proponit
1435 4018 1801 4101 illisﬂip‘sum
1835 4020 2027 4092 magis

385 4098 675 4153 mundum
707 4111 999 4151 carcerem
1030 4089 1180 4161 esse,
1220 4089 1285 4147 et
1314 4089 1467 4145 illico
1516 4089 1804 4145 utilitates
1835 4106 1902 4146 ex
1930 4089 2023 4146 ἑο-

392 4185 519 4224 rum
555 4169 611 4224 in
643 4166 978 4223 carceribus
1020 4163 1348 4221 detentione
1381 4161 1755 4234 proﬂuentes
1783 4178 2023 4218 enume-

383 4243 493 4309 rat,
524 4238 607 4297 ita
653 4240 951 4296 disserens
985 4255 998 4293 :
1037 4258 1065 4286 «
1099 4232 1552 4309 Segregati‘estis
1597 4235 1668 4289 ab
1687 4234 1821 4309 ipsu
1853 4249 2023 4290 mun-

383 4306 486 4384 do,
512 4318 732 4384 quanto
764 4310 954 4384 magis
1005 4326 1039 4365 a
1068 4306 1302 4384 saculo’
1330 4306 1618 4384 rebusque
1647 4306 1857 4384 ejus?.
1887 4346 1900 4359 .
1924 4347 1937 4359 .
1967 4347 1979 4359 .
2008 4346 2020 4358 .

386 4376 727 4440 Non-vides
785 4376 1005 4438 aliénos
1061 4382 1221 4445 deos,
1284 4394 1398 4434 non
1432 4376 1788 4447 imaginibus
1821 4393 2020 4432 eorum

383 4456 656 4521 incurris,
692 4472 805 4511 non
840 4454 1132 4510 solemnes
1163 4451 1469 4508 nationum
1510 4449 1634 4504 dies
1684 4450 1812 4521 ipsa
1869 4466 2021 4504 com-

380 4528 659 4584 mistione
691 4527 1028 4599 participas,
1076 4541 1190 4579 non
1222 4521 1526 4599 nidoribus
1559 4522 1787 4599 spurcis
1816 4521 2020 4599 verbe-

384 4601 554 4665 raris,
601 4592 715 4656 non
766 4592 1123 4655 clamoribus
1172 4592 1662 4666 spectaculorum,
1717 4593 2022 4666 atrocitate

377 4671 469 4727 vel
504 4663 717 4737 furore,
746 4671 838 4727 vel
866 4663 1711 4742 impudicitiacelebrantium
1734 4663 1974 4742 caderis
2006 4680 2020 4720 :

382 4759 498 4799 non
528 4743 590 4799 in
622 4736 749 4800 loca
777 4736 1091 4799 libidinum
1125 4738 1492 4812 publicarum
1513 4737 1663 4812 oculi
1696 4738 1782 4793 tui
1815 4736 2025 4809 impin-

422 4819 528 4871 unt
562 4832 578 4872 :
608 4832 781 4871 vacas
810 4832 843 4871 a
868 4808 1182 4881 scandulis,
1223 4828 1258 4868 a
1284 4808 1733 4876 tentationibus,
1768 4825 1801 4864 a
1830 4808 2026 4865 recor-

380 4829 716 4943 gationibus
748 4886 942 4943 malis.
969 4887 1093 4943 iam
1124 4889 1180 4940 et
1209 4901 1243 4939 a
1282 4882 1704 4943 persecutione.
1735 4882 1851 4937 Hoc
1884 4898 2025 4943 pra-

422 4887 716 4944 ationibus
748 4886 942 4955 malis,
968 4887 1093 4957 jam
1124 4889 1180 4940 et
1209 4901 1243 4939 a
1257 4882 1704 5011 dpersecutione.
1735 4882 1851 4937 Hoc
1884 4898 2025 4953 pra-

422 4964 500 5011 tat
530 4976 724 5011 carcer
751 4958 1102 5011 Christiano.
1136 4972 1251 5011 auo
1324 4970 1558 5011 eremue
1601 4953 2025 5011 nronhetis.....

380 4964 500 5015 stat
530 4976 724 5016 carcer
751 4953 1103 5027 Christiano,
1136 4953 1300 5028 quod
1324 4970 1558 5011 eremus
1600 4953 2025 5026 prophetis.....

382 5032 720 5088 auferamus
768 5031 1014 5087 carceris
1046 5044 1283 5095 nomen,
1341 5042 1640 5082 secessum
1701 5040 2022 5081 vocemus:

378 5103 487 5160 etsi
512 5120 733 5176 corpus
766 5102 1108 5176 includitur,
1140 5100 1248 5156 etsi
1278 5115 1416 5176 caro
1465 5098 1781 5176 detinetur,
1832 5096 2030 5176 omnia

379 5169 877 5248 spiritui'patent.
926 5169 1152 5247 Vagare
1204 5170 1747 5248 spiritu,‘spatiare
1794 5169 2026 5239 spiritu,

380 5242 437 5303 et
464 5265 577 5303 non
612 5242 803 5303 stadia
823 5242 1149 5318 opacaIaut
1170 5242 1432 5318 porticus
1464 5242 1671 5318 longas
1701 5257 2030 5318 proponens

381 5319 509 5383 tibi,
542 5320 643 5375 sed
677 5319 837 5375 illam
862 5313 1037 5386 viam,
1073 5313 1199 5388 qua
1233 5317 1302 5370 ad
1330 5319 1507 5370 Deum
1541 5313 1725 5388 ducit.
1750 5313 2028 5378 Quotiens

376 5407 503 5446 eam
538 5391 750 5459 spiritu
783 5386 1271 5453 deambulaveris,
1317 5388 1530 5442 totiens
1561 5386 1620 5440 in
1653 5400 1883 5459 carcere
1913 5402 2027 5459 non

378 5463 512 5519 eris.
545 5458 696 5518 Nihil
755 5479 891 5517 crus
926 5460 1105 5517 sentit
1161 5460 1219 5514 in
1254 5474 1449 5527 nervo,
1484 5473 1618 5512 cum
1674 5458 1910 5511 animus
1968 5458 2027 5510 in

374 5534 516 5590 calo
546 5539 637 5590 est
663 5535 798 5603 (1d.,
828 5534 990 5603 ibid.,
1024 5548 1150 5602 cap.
1182 5530 1260 5599 2).
1296 5550 1355 5603 nu
1377 5528 1595 5603 Postea
1635 5532 1922 5599 martyres
1956 5528 2029 5583 ad

373 5599 720 5678 patientiam
754 5599 810 5661 et
841 5599 1232 5678 constantiam
1264 5599 1457 5678 adhuc
1478 5599 1727 5678 excitare
1760 5603 2029 5678 conatur,

376 5670 557 5751 petita
588 5678 811 5751 ratione
841 5678 913 5734 ab
948 5674 1304 5751 obligatione
1325 5670 1700 5751 iubaptismp
1733 5675 2032 5751 contracta

374 5741 673 5826 militandi
704 5766 807 5826 pro
838 5741 1196 5826 servitio'Dei
1218 5760 1244 5826 _:
1281 5765 1321 5826 «-
1340 5741 1425 5798 Sit
1454 5757 1637 5826 nunc,
1655 5741 2029 5826 _inquit,car:

374 5837 471 5879 cer
499 5820 675 5879 etiam
704 5814 1071 5879 'Christianis
1119 5814 1403 5876 molestus
1434 5828 1447 5871 :
1482 5814 1668 5871 vocati
1718 5830 1926 5871 sumus
1958 5814 2030 5871 ad

2055 4628 2103 4693 D

2144 3321 2275 3359 nem
2299 3301 2921 3373 Se’ptimium,ce'nsent
2944 3301 3058 3358 fere
3087 3319 3289 3358 omnes
3307 3301 3519 3357 eruditi
3547 3308 3786 3374 propter

2145 3376 2263 3430 hac
2294 3375 2452 3430 illius
2484 3376 2658 3430 verba
2692 3392 2704 3429 :
2740 3398 2767 3424 ‹‹
2801 3374 3033 3432 Judicia
3081 3374 3334 3445 denique
3383 3390 3499 3429 non
3533 3390 3781 3444 procon-

2141 3446 2311 3511 sulis,
2364 3446 2465 3502 sed
2514 3447 2613 3502 Dei
2662 3447 2914 3503 sustinet
2981 3444 3251 3517 (Tertull.
3304 3444 3372 3517 in
3419 3448 3654 3501 tractat.
3688 3447 3784 3517 uad

2140 3520 2364 3589 Martyr.
2399 3535 2528 3589 cap.
2572 3522 2648 3578 2).
2697 3518 2842 3575 Nam
2892 3518 2964 3573 de
2992 3516 3355 3590 proconsule
3392 3517 3596 3573 Africa
3645 3516 3782 3590 plu-

2139 3592 2286 3646 rima
2320 3592 2383 3644 ﬁt
2412 3590 2628 3646 mentio
2659 3590 2717 3645 in
2747 3591 2954 3646 Notitia
2977 3592 3227 3658 imperii.
3261 3589 3451 3644 LUMP.

2210 3664 2286 3734 (3)
2315 3664 2378 3717 In
2405 3677 2520 3734 meo
2548 3664 2696 3731 sunt,
2742 3662 2958 3734 tentabo
3001 3662 3126 3716 illo:
3164 3660 3378 3734 uitibus
3423 3660 3583 3716 odiis.
3616 3664 3777 3719 Hanc

2137 3731 2277 3790 esse
2312 3733 2726 3788 Vaticanorum
2775 3731 3479 3805 scripturamiPameliusi
3502 3735 3773 3790 testatur.

2138 3806 2249 3861 Sed
2300 3809 2625 3877 martyrum
2674 3805 2828 3877 inter
2872 3805 3034 3877 ipsos
3084 3804 3217 3859 odia
3259 3807 3316 3877 et
3345 3804 3780 3877 quidem_vi|ia

2137 3878 2319 3933 fuisse
2351 3893 2522 3932 nemo
2553 3875 2921 3932 Christianus
2952 3875 3333 3932 consenserit.
3365 3875 3534 3939 Tum,
3570 3875 3618 3930 si
3642 3876 3779 3931 odia

2136 3949 2319 4004 fuisse
2368 3949 2518 4021 inter
2567 3953 2856 4021 martyras
2903 3947 3302 4021 Tertullianus
3348 3946 3611 4021 tradidit,
3646 3963 3778 4021 pro-

2136 4022 2282 4076 fecto
2315 4019 2541 4075 futilem
2569 4025 2626 4076 et
2656 4017 2919 4076 frivolam
2952 4020 3325 4075 aﬁ'ectionum
3357 4034 3423 4074 ac
3454 4017 3774 4073 dissensio-

2136 4108 2280 4147 num
2310 4091 2813 4163 exprobrationem
2848 4091 3079 4160 adjecit.
3112 4095 3258 4163 Nam
3304 4106 3459 4163 qua
3482 4088 3615 4163 odia
3644 4089 3778 4163 sine

2136 4159 2541 4220 affectionibus
2606 4180 2672 4218 ac
2738 4159 3151 4219 dissensione?
3218 4159 3337 4216 imo
3393 4159 3780 4233 frigidissima

2136 4236 2311 4290 fuerit
2348 4240 2573 4290 Satana
2634 4236 2849 4291 techna
2883 4251 2896 4291 :
2936 4254 2957 4282 ι
3009 4235 3290 4305 Martyres
3362 4230 3661 4305 quiisunt
3720 4232 3781 4287 in

2133 4322 2394 4362 carceres
2423 4305 2713 4377 compulsi
2744 4307 2802 4361 in
2837 4322 2965 4362 meo
2997 4304 3440 4377 sunt,’gtenta_bo
3471 4304 3653 4377 igitur
3680 4319 3780 4377 eos

2130 4378 2342 4433 vilibus
2373 4374 2598 4435 odiisf»
2622 4381 2800 4444 Quem
2835 4396 2949 4433 non
2974 4375 3230 4445 quotidie
3262 4374 3605 4443 hujusmodi
3630 4375 3783 4431 odiis

2132 4455 2322 4506 tentat
2343 4451 2370 4504 (Ι
2401 4450 2574 4504 etiam
2610 4467 2725 4504 non
2757 4450 2814 4505 in
2848 4467 2951 4505 suo
2974 4450 3000 4503 ?
3029 4450 3205 4502 etiam
3239 4453 3400 4502 extra
3431 4464 3725 4502 carcerem
3755 4448 3783 4502 ?

2135 4524 2336 4594 Itaque
2366 4539 2475 4576 non
2511 4521 2675 4594 video
2708 4538 2821 4592 qua
2869 4522 3090 4576 ratione
3119 4518 3365 4594 defendi
3418 4524 3594 4594 queat
3622 4518 3777 4594 γειιί-

2135 4590 2760 4664 οαῐιὸῐδυωίεοιεὶρῐω-ἁ,
2798 4595 2859 4648 ln
2890 4592 3249 4664 editionibus
3288 4595 3422 4664 ante
3450 4590 3779 4664 Pamelium

2131 4666 2387 4737 vulgatis
2427 4660 2732 4737 legebatur
2764 4682 2789 4737 :7
2813 4687 2841 4714 ‹‹
2864 4661 3274 4737 Τθηίεὼρλίιὶοε
3296 4660 3512 4737 vilibus
3542 4662 3778 4737 inedjis,

2136 4733 2582 4802 deféctionibus,
2629 4740 2731 4792 aut
2777 4736 2932 4793 inter
2978 4750 3037 4791 se
3085 4733 3572 4790 dissensionibus.
3609 4755 3638 4784 ››
3666 4733 3779 4790 Sed

2136 4827 2243 4867 nec
2273 4826 2485 4865 sensus
2515 4809 2651 4864 inde
2680 4808 2816 4865 boni
2847 4807 3141 4879 colligitur
3169 4806 3515 4879 quidquam.
3548 4806 3781 4863 Etenim

2138 4882 2274 4954 quis
2304 4898 2485 4954 sanus
2515 4898 2770 4954 unquam
2803 4881 3042 4954 dixerit,
3066 4879 3199 4934 viles
3246 4878 3467 4954 inedia:
3487 4886 3513 4933 γ
3541 4882 3643 4954 aut
3673 4895 3781 4954 cur

2137 4950 2366 5011 inediae
2413 4952 2509 5007 hic
2559 4950 2718 5026 ullas
2748 4951 3206 5026 suspicabimur,
3255 4951 3408 5026 inter
3448 4950 3642 5026 carnis
3674 4950 3783 5006 ali-

2140 5031 2339 5083 menta
2387 5041 2514 5097 qua
2563 5024 2656 5080 his
2704 5022 3261 5097 ipsis'martyribus
3308 5022 3788 5097 domina_mater

2138 5093 2494 5155 Ecclesia‘de
2540 5093 2821 5152 uberibus
2863 5098 2989 5152 suis
3038 5093 3098 5150 in
3151 5110 3439 5150 carcerem
3492 5093 3787 5150 submini-

2139 5170 2353 5226 strabit
2377 5168 2404 5223 ?
2436 5169 2519 5223 sic
2549 5168 2705 5224 enim
2738 5168 3127 5223 disertissime
3154 5166 3407 5221 traditur
3437 5166 3611 5220 istius
3643 5164 3786 5221 scri-

2137 5241 2318 5298 tionis
2352 5240 2639 5313 principio
2674 5257 2689 5313 ξ
2723 5258 2837 5313 quo
2870 5242 3016 5313 satis
3062 5238 3236 5294 etiam
3261 5310 3269 5313 _
3292 5236 3575 5313 refellitur
3603 5238 3785 5313 inter:

2141 5307 2387 5385 pretatio
2438 5307 3155 5385 Bhenanifvocabulum‘,
3237 5307 3785 5385 deiectionibus,__ad

2140 5377 2335 5442 rerum
2404 5386 2709 5453 penuriam
2770 5382 3194 5453 transferentis.
3261 5380 3449 5453 Quare
3508 5394 3613 5453 nec
3672 5377 3784 5432 illa

2141 5464 2275 5513 ante
2344 5448 2666 5511 Pamelium
2722 5457 3007 5511 editiones
3065 5450 3468 5507 difficultatem
3529 5448 3779 5505 solvunt.

2139 5529 2400 5600 Digitum
2433 5529 2503 5583 ad
2538 5527 2653 5584 veri
2687 5523 3191 5600 fontemintendit
3218 5522 3489 5600 quisquis
3527 5522 3787 5600 codiuem

2140 5592 2547 5657 Divionensem
2589 5599 2862 5655 exaravit.
2898 5597 3013 5652 lllic
3064 5592 3522 5665 enim’legitur:
3560 5614 3587 5665 te
3637 5592 3789 5648 Ten-

2140 5673 2276 5729 tabo
2308 5670 2439 5727 illos
2478 5670 2868 5726 vilibuscidiis
2917 5664 3359 5734 defectionibus,
3411 5668 3515 5721 aut
3557 5664 3708 5721 inter
3728 5682 3790 5721 se

2142 5743 2635 5824 dissensionibus.
2688 5762 2717 5790 »
2766 5741 3188 5824 Disjpngamup
3217 5753 3364 5824 .qua
3396 5753 3571 5824 prave
3601 5736 3787 5794 coha-

2141 5819 2291 5886 rent,
2322 5817 2378 5871 et
2408 5811 2728 5887 genuinam
2759 5808 3029 5869 Auctoris
3056 5808 3413 5881 scripturam
3460 5808 3746 5867 habemus
3774 5825 3787 5867 :
