4262 6394
444 343 567 404 695
973 340 1493 404 TERTULLIANI
1538 341 1864 404 OPERUM
1909 342 2105 404 PARS
2149 343 2200 403 l.
2233 374 2309 386 —
2348 340 2619 404 SERIES
2663 340 2710 416 Ῑ,
2761 337 3327 402 APOLOGETICA.
3732 337 3854 398 696

453 475 576 531 ima
598 490 705 530 sua
735 473 1035 529 delitescat
1064 477 1400 530 contractus
1427 478 1485 528 et
1509 478 1768 546 torpens,
1809 477 2092 546 tanquam
2123 475 2175 541 Α
2205 473 2391 528 Judex
2421 477 2808 546 exspectatur,
2862 473 2961 528 sed
3009 489 3112 528 vos
3159 472 3300 528 estis
3345 472 3416 527 de
3451 469 3762 542 judicibus
3813 457 3858 506 ¹⁰

455 565 694 620 coluber
722 566 1060 619 exeantatus
1091 567 1191 619 aut
1229 562 1625 636 eil‘umigatus.
1676 564 1791 620 Nec
1839 563 1921 618 illi
1974 568 2091 619 tam
2207 563 2352 635 ipsis
2376 562 2697 633 judicaturi
2731 563 2888 634 (Sap.
2941 562 3047 633 ιιι).
3097 561 3521 618 Constristetur
3567 560 3709 631 illic,
3757 559 3861 632 qui

455 655 603 710 bene
636 653 712 709 sit
739 653 796 707 in
830 669 934 708 suo
965 669 1166 725 regno,
1195 656 1259 708 ut
1290 669 1388 708 vos
1419 654 1770 720 committat,
1803 654 1902 710 sed
1939 654 2094 709 inve-
2207 653 2456 706 fructum
2489 650 2684 708 saeculi
2733 652 3012 722 suspirat.
3064 650 3436 707 Christianus
3485 651 3662 706 etiam
3695 654 3861 706 extra

458 743 584 798 niat
634 742 914 812 munitos,
964 746 1020 797 et
1071 742 1384 798 concordia
1430 747 1689 798 armatos
1739 758 1754 798 :
1803 743 1939 814 quia
1988 759 2099 814 pax
2207 757 2498 796 carcerem
2549 739 2760 796 saeculo
2810 739 3186 810 renuntiavit,
3239 740 3297 794 in
3359 757 3590 796 carcere
3655 744 3854 795 autem

457 837 652 888 vestra
683 830 899 886 bellum
933 835 1020 887 est
1051 831 1155 886 illi.
1190 833 1372 898 Quam
1407 848 1607 904 pacem
1637 831 1874 903 quidam
1926 831 1998 901 (4)
2040 831 2096 884 in
2171 817 2382 886 'etiam
2450 829 2687 886 carceri.
2723 831 2874 886 623
2925 829 3079 884 Nihil
3139 829 3402 896 interest,
3447 829 3548 885 ubi
3605 829 3738 884 sitis
3795 827 3859 883 in

459 919 715 976 Ecclesia
755 937 870 976 non
916 920 1224 989 habentes,
1277 937 1310 976 a
1358 921 1713 993 martyribus
1763 920 1822 976 in
1871 935 2099 976 carcere
2209 919 2442 988 saeculo,
2476 919 2572 990 qui
2596 923 2755 975 extra
2785 918 3062 975 szeeulum
3095 918 3259 986 estis,
3311 923 3369 974 et
3398 917 3449 973 si
3481 917 3676 988 aliqua
3703 917 3861 974 ami-

460 1024 698 1065 exorare
727 1014 1174 1066 consueverunt.
1208 1011 1277 1065 Et
1305 1009 1434 1065 ideo
1475 1025 1602 1065 eam
1633 1010 1809 1066 etiam
1842 1014 2100 1082 propter-

465 1113 533 1152 ea
563 1099 621 1153 in
653 1098 818 1153 vobis
847 1098 1060 1154 habere
1109 1102 1166 1154 et
1212 1098 1400 1154 fovere
1445 1102 1502 1155 et
1533 1099 1829 1155 custodire
1857 1097 2101 1164 debetis,

465 1192 532 1240 ut
560 1187 606 1241 si
635 1187 783 1242 forte
812 1189 868 1242 et
895 1185 1025 1242 aliis
1056 1191 1331 1259 praestare
1364 1187 1622 1260 possitis.

1119 1328 1346 1384 CAPUT
1386 1329 1458 1384 II.

541 1455 759 1511 caetera
782 1469 946 1526 aeque
967 1453 1147 1509 animi
1176 1453 1598 1526 impedimenta
1617 1469 1806 1527 usque
1826 1455 1898 1512 ad
1929 1454 2108 1512 limen

471 1545 722 1600 carceris
765 1542 1109 1600 deduxerint
1172 1560 1296 1614 vos,
1363 1559 1671 1616 quousque
1720 1549 1777 1600 et
1841 1549 2112 1618 parentes

471 1633 671 1688 vestri.
737 1633 956 1688 Exinde
1004 1632 1290 1704 segregati
1334 1633 1476 1688 estis
1543 1634 1615 1688 ab
1674 1633 1801 1706 ipso
1870 1635 2111 1701 mundo,

477 1727 696 1794 quanto
742 1721 932 1794 magis
979 1738 1013 1777 a
1062 1721 1272 1778 saeculo
1316 1722 1608 1793 rebusque
1654 1723 1829 1794 ejus?
1861 1723 1974 1779 Nee
2005 1724 2114 1779 hoe

475 1826 578 1865 vos
643 1813 994 1881 consternet,
1073 1811 1225 1866 622
1299 1811 1454 1882 quod
1521 1812 1801 1883 segregati
1884 1813 2025 1868 estis
2084 1830 2192 1902 aB

481 1899 702 1954 mundo
731 1898 772 1953 ⁸.
796 1899 855 1954 Si
885 1898 1042 1954 enim
1075 1899 1462 1970 recogitemus
1492 1901 1687 1972 ipsum
1721 1902 1912 1974 magis
1944 1918 2114 1957 mun-

479 1988 621 2043 dum
652 2003 942 2044 carcerem
983 2003 1133 2053 esse,
1183 1989 1372 2045 exisse
1398 2005 1502 2045 vos
1551 2007 1580 2043 e
1629 2006 1877 2057 carcere,
1937 2008 2114 2064 quam

481 2077 542 2131 in
575 2093 864 2132 carcerem
895 2077 1189 2148 introisse,
1220 2077 1640 2152 intelligemus.
1676 2079 1926 2150 Majores
1957 2067 2115 2136 tene-

481 2166 615 2221 bras
673 2165 850 2221 habet
913 2167 1189 2236 mundus,
1241 2183 1368 2238 quas
1437 2167 1743 2224 hominum
1805 2170 2117 2242 praseordia

478 2257 784 2310 excaecant.
832 2255 1136 2310 Graviores
1179 2259 1414 2311 catenas
1461 2255 1480 2290 ⁷
1532 2257 1724 2312 induit
1767 2258 1787 2292 ⁸
1836 2259 2115 2326 mundus,

477 2360 601 2415 quae
632 2345 788 2414 ipsas
819 2344 1048 2399 animas
1079 2343 1388 2400 hominum
1416 2347 1850 2420 constringunt.
1887 2348 2116 2418 Pejores

472 2433 884 2489 immunditias
930 2433 1186 2506 exspirat
1207 2435 1482 2501 mundus,
1517 2434 1727 2492 libines
1787 2437 2115 2493 hominum.

471 2523 674 2578 Plures
726 2527 1021 2594 postremo
1081 2525 1336 2580 mundus
1384 2540 1511 2580 reos
1561 2526 1840 2597 continet,
1898 2527 2120 2583 scilicet

472 2612 810 2667 universum
841 2611 1147 2667 hominum
1179 2628 1387 2685 genus.
1428 2613 1659 2670 Judicia
1707 2615 1954 2686 denique
2001 2633 2116 2672 non

472 2699 861 2772 proconsulis,
893 2701 994 2756 sed
1025 2701 1124 2756 Dei
1177 2702 1428 2756 sustinet
1480 2703 1576 2774 (5).
1621 2703 1742 2767 Quo
1788 2720 1912 2769 vos,
1943 2705 2119 2761 bene-

474 2790 635 2856 dicti,
667 2789 738 2844 de
768 2804 998 2846 carcere
1029 2790 1090 2844 in
1129 2789 1534 2846 custodiarum
1566 2791 1615 2846 si
1662 2792 1809 2849 forte
1867 2793 2118 2850 transla-

472 2882 564 2934 tos
612 2877 978 2934 existimetis.
1024 2878 1209 2935 Habet
1259 2879 1552 2948 tenebras,
1598 2881 1698 2937 sed
1747 2880 1946 2938 lumen
1979 2885 2119 2940 estis

475 2967 590 3039 ipsi
621 2967 688 3023 οε
734 2966 910 3022 habet
950 2966 1204 3036 vincula,
1255 2969 1357 3024 sed
1410 2985 1510 3025 vos
1559 2969 1733 3025 soluti
1784 2971 1900 3027 Deo
1953 2970 2117 3029 estis.

2211 1010 2377 1066 sistis
2411 1011 2451 1046 “
2481 1010 2608 1066 vite
2627 1009 3187 1081 gaudia,negotiatio
3204 1017 3294 1065 est
3314 1008 3538 1081 aliquid
3566 1009 3862 1075 amittere,

2214 1103 2279 1154 ut
2308 1100 2532 1171 majora
2578 1097 2843 1154 lucreris.
2886 1097 3044 1154 Nihil
3074 1098 3265 1154 adhuc
3319 1098 3447 1154 dico
3498 1097 3569 1154 de
3600 1097 3860 1170 praemio,

2215 1189 2285 1244 ad
2345 1189 2500 1261 quod
2539 1187 2692 1244 Deus
2749 1191 3032 1258 martyres
3089 1186 3314 1242 invitat.
3376 1187 3570 1257 Ipsam
3625 1185 3864 1241 interim

2215 1276 2715 1333 conversationem
2748 1277 2945 1332 saeculi
2973 1281 3031 1332 et
3066 1275 3316 1332 carceris
3348 1291 3778 1347 comparemus,
3811 1273 3866 1330 si

2219 1384 2334 1422 non
2367 1365 2500 1436 plus
2537 1366 2597 1420 in
2648 1382 2878 1422 carcere
2925 1364 3170 1436 spiritus
3217 1365 3472 1436 acquirit
3520 1380 3697 1435 quam
3727 1378 3866 1420 caro

2195 1455 2457 1522 'amittit,
2490 1455 2606 1510 imo
2631 1459 2687 1510 et
2716 1471 2840 1526 qua:
2866 1454 3026 1524 justa
3057 1457 3195 1510 sunt
3217 1469 3350 1509 caro
3374 1469 3492 1508 non
3522 1451 3870 1524 amittitper

2220 1561 2421 1600 curam
2455 1543 2739 1608 Ecclesiae,
2767 1559 2989 1615 agapen
3042 1542 3288 1597 fratrum
3325 1559 3338 1598 :
3372 1546 3431 1598 et
3461 1541 3706 1614 insuper
3738 1557 3868 1612 quae

2222 1650 2454 1705 semper
2483 1631 2646 1688 ulilia
2674 1632 2830 1699 ﬁdei,
2862 1631 3107 1704 spiritus
3156 1630 3492 1703 adipicitur.
3543 1631 3668 1686 Non
3698 1629 3868 1685 vides

2223 1723 2444 1779 alienos
2475 1722 2636 1787 deos,
2670 1737 2783 1776 non
2807 1719 3167 1794 imaginibus
3196 1736 3398 1776 eorum
3439 1719 3714 1786 incurris,
3753 1735 3869 1774 non

2223 1811 2514 1867 solemnes
2545 1809 2846 1865 nationum
2881 1809 3005 1864 dies
3055 1809 3183 1880 ipsa
3230 1807 3639 1864 commistione
3687 1806 3870 1880 parti-

2227 1903 2406 1973 cipas,
2449 1917 2563 1956 non
2604 1899 2910 1954 nidoribus
2947 1898 3176 1970 spurcis
3220 1897 3572 1964 verberaris,
3605 1913 3718 1952 non
3753 1895 3872 1951 ela-

2226 1992 2488 2046 moribus
2520 1987 3011 2062 spectaculorum,
3045 1986 3373 2055 atrocitate,
3405 1986 3493 2043 vel
3535 1987 3748 2055 furore,
3777 1984 3872 2041 vel

2227 2079 2596 2151 impudicitia
2629 2077 3051 2133 celebrantium
3112 2076 3352 2132 eaederis
3409 2091 3422 2131 :
3475 2092 3590 2130 non
3650 2076 3713 2131 in
3743 2074 3872 2130 loca

2225 2169 2534 2225 libidinum
2571 2166 2934 2239 publicarum
2964 2164 3117 2220 oeuli
3147 2164 3233 2220 tui
3285 2164 3625 2238 impingunt
3655 2182 3667 2219 :
3698 2179 3873 2218 vacas

2227 2277 2260 2315 a
2303 2258 2619 2325 scandalis,
2680 2273 2714 2311 a
2771 2254 3214 2326 tentationibus,
3274 2270 3308 2309 a
3365 2252 3874 2309 recordationibus

2227 2347 2400 2403 malis
2424 2348 2549 2418 jam
2581 2353 2639 2402 et
2689 2363 2722 2401 a
2772 2343 3196 2417 persecutione.
3247 2348 3361 2399 Hoc
3410 2348 3649 2416 prastat
3679 2359 3881 2398 career

2227 2436 2580 2502 Christiano,
2615 2435 2768 2507 quod
2801 2451 3033 2490 eremus
3065 2433 3364 2505 prophetis
3409 2435 3609 2505 (Marc.
3645 2433 3706 2503 ι).
3742 2434 3878 2504 Ipse

2231 2525 2513 2582 Dominus
2545 2525 2604 2579 in
2633 2539 2865 2579 secessu
2900 2523 3264 2595 frequentius
3286 2522 3518 2595 agebat,
3539 2527 3604 2576 ut
3631 2521 3880 2578 liberius

2227 2619 2437 2682 oraret,
2470 2618 2536 2670 ut
2564 2613 2774 2670 saeculo
2806 2613 3036 2668 cederet
3069 2613 3216 2683 (Luc.
3251 2615 3352 2682 iv).
3399 2610 3653 2667 Gloriam
3703 2610 3871 2666 deni-

2229 2721 2344 2777 que
2395 2720 2566 2760 suam
2616 2701 2922 2772 discipulis
2973 2702 3034 2756 in
3083 2699 3399 2756 solitudine
3449 2699 3880 2756 demonstravit

2228 2793 2436 2867 (Matth.
2482 2809 2600 2848 xvu
2630 2808 2643 2858 ;
2677 2795 2850 2848 Marc.
2898 2807 2992 2859 Ix;
3047 2795 3174 2846 Luc.
3226 2806 3264 2845 ιι
3297 2807 3313 2858 ;
3350 2791 3369 2845 I
3399 2790 3544 2846 Pelr.
3577 2791 3639 2857 ι).
3689 2788 3872 2844 Aufe-

2226 2898 2429 2938 ramus
2472 2879 2720 2936 careeris
2764 2895 2998 2948 nomen,
3049 2894 3346 2934 secessum
3399 2893 3694 2934 vocemus.
3747 2876 3874 2933 Etsi

2231 2988 2441 3044 corpus
2471 2969 2816 3033 includitur,
2847 2967 2955 3024 etsi
2998 2983 3130 3022 caro
3179 2967 3490 3035 detinetur,
3523 2966 3721 3022 omnia
3750 2966 3872 3038 spi-

474 3055 666 3113 Triste
695 3055 816 3113 illie
846 3055 1123 3130 exspirat,
1156 3058 1258 3114 sed
1287 3073 1391 3114 vos
1431 3058 1573 3115 odor
1601 3059 1745 3116 estis
1789 3061 2114 3119 suavitatis.
2149 3047 2192 3116 C
2231 3061 2366 3118 ritui
2417 3063 2634 3132 patent.
2689 3057 2915 3130 Vagare
2965 3055 3199 3130 spiritu,
3249 3056 3502 3130 spatiere
3549 3054 3783 3128 spiritu,
3816 3056 3876 3111 et

1890 3217 2092 3279 Variae
2135 3217 2459 3278 lectiones.

546 3349 567 3384 ⁸
596 3350 642 3424 ᾼ
667 3347 888 3424 mundo
920 3346 1333 3424 abestltigoll.
1379 3348 1416 3424 ξ’
1446 3349 1654 3407 Careas
1683 3351 1894 3424 Rigalt.
1969 3353 1990 3388 ⁸
2021 3352 2239 3409 Imbuit
2267 3351 2432 3408 Seml.
2507 3350 2527 3384 °
2559 3349 2781 3406 Lumen
2811 3364 2911 3404 vos
2960 3346 3071 3420 ipsi
3108 3347 3315 3420 Rigalt.

480 3421 551 3477 de
591 3420 914 3490 judieibus.
993 3419 1038 3456 ⁸³
1069 3419 1337 3476 Amisisti
1364 3421 1494 3477 Jun.

1919 3546 2440 3610 Commentarios.

487 3712 515 3739 ‹‹
549 3688 811 3744 Tentabo
843 3687 974 3742 illos
1003 3687 1218 3742 vilibus
1265 3687 1484 3743 seidiis.
1521 3709 1544 3739 ι
1580 3688 1863 3746 Audierat
1901 3689 2129 3745 Tertul-

488 3762 692 3833 lianus
713 3775 840 3815 esse
871 3760 1134 3833 quadam
1180 3761 1331 3833 inter
1378 3765 1664 3833 martyras
1696 3778 1810 3816 non
1843 3761 1995 3833 odia,
2030 3761 2130 3816 sed

489 3832 881 3889 defectionum
913 3847 978 3886 ac
1017 3831 1453 3904 dissensionum
1500 3831 1751 3901 semina,
1779 3832 2131 3904 quibusdam

493 3907 639 3960 forte
669 3904 753 3958 sie
784 3903 1249 3973 disputantibus,
1297 3903 1732 3974 Scripturarum
1787 3903 2134 3960 auctoritate

491 3993 605 4031 non
639 3975 957 4047 prohiberi,
989 3975 1309 4046 quominus
1340 3975 1575 4030 vincula
1613 3993 1720 4032 sua
1768 3982 2134 4048 mortemque

489 4048 678 4119 ipsam
713 4052 1102 4119 annumerata
1131 4048 1582 4102 coneussoribus
1633 4048 1878 4118 pecunia
1926 4049 2132 4119 depre-

490 4118 793 4192 cierentur.
815 4123 1017 4192 Itaque
1048 4118 1338 4184 hortatur,
1370 4120 1425 4173 id
1479 4121 1848 4191 potissimum
1898 4118 2136 4175 videant

492 4209 564 4247 ne
592 4191 837 4246 consilia
855 4191 1102 4246 Satanas
1128 4192 1407 4246 adversus
1433 4192 1593 4262 ipsos
1623 4197 1835 4262 coquat
1851 4193 2132 4248 volvendo

493 4280 691 4319 secum
722 4263 834 4317 ista
865 4280 884 4318 :
914 4263 1192 4318 Homines
1231 4279 1336 4334 ego
1370 4263 1583 4318 tentavi
1633 4264 1952 4335 quondam,
1998 4280 2131 4318 eum

492 4338 551 4392 in
584 4350 712 4408 meo
744 4351 856 4389 non
887 4339 1055 4390 erant
1087 4351 1100 4390 :
1135 4352 1264 4390 nem
1279 4351 1342 4408 pe
1373 4352 1506 4390 eum
1535 4341 1701 4390 erant
1733 4336 1792 4390 in
1825 4335 2134 4408 paradiso;

493 4406 711 4464 tentavi
760 4411 953 4479 autem
1009 4407 1494 4479 praestantissimo
1559 4408 1766 4462 divinae
1823 4406 2133 4479 cujusdam

497 4479 724 4534 arboris
761 4478 964 4550 _fruetu
1011 4477 1030 4532 Ξ
1079 4477 1223 4534 istos
1273 4478 1464 4547 hodie,
1533 4479 1633 4550 qui
1685 4479 1742 4534 in
1794 4477 1921 4535 meo
1971 4484 2133 4546 sunt,

503 4568 710 4623 nempe
756 4548 817 4623 in
876 4564 1122 4623 carcere,
1182 4551 1418 4623 tentabo
1471 4548 1874 4623 quoque,rsed
1924 4551 2136 4623 vilibus

500 4621 723 4678 scidiis.
757 4621 930 4685 Quasi
965 4621 1180 4693 diceret
1212 4638 1224 4675 ι
1258 4621 1406 4676 Olim
1431 4621 1710 4678 tentando
1743 4622 2134 4693 homini,eum

3423 3347 3467 3383 ¹⁰
3515 3345 3684 3402 Rhen.
3736 3345 3856 3402 Add
3871 3383 3886 3398 .

2885 3621 2903 3653 9

2237 3689 2359 3743 haec
2407 3684 2810 3755 intelligenda.
2863 3685 2988 3741 Mos
3020 3684 3238 3758 quippe
3280 3684 3618 3751 inoleverat,
3649 3687 3736 3758 _ut
3768 3682 3889 3758 _qui

2241 3777 2360 3832 pra;
2386 3754 2690 3832 tyrannide
2723 3758 2781 3812 in
2815 3754 3146 3832 carceribus
3170 3754 3607 3832 'detinebantur
3649 3754 3885 3832 libellos

2243 3827 2577 3904 petentibus
2621 3830 2827 3886 darent
2869 3828 3247 3904 ﬁdelibus_in_
3279 3829 3618 3904 poenitentia
3659 3827 3884 3883 consti-

2239 3900 2402 3972 tutis,
2454 3918 2704 3974 quorum
2752 3917 2858 3974 cpe
2908 3917 3109 3972 pacem
3150 3900 3251 3956 Dei
3281 3900 3601 3958 ’otinebant
3637 3904 3695 3974 et
3741 3914 3879 3974 eum

2241 3971 3337 4030 oratoris—fratribus'communicabant.
3370 3974 3455 4029 Ad
3492 3971 3886 4030 indulgentia-

2243 4064 2372 4103 rum
2403 4063 2535 4102 vero
2567 4045 2973 4118 auctoritatem
3022 4044 3345 4118 plurimum
3395 4046 3508 4103 ista
3551 4044 3891 4118 conducunt

2242 4135 2490 4191 quarum
2526 4119 2720 4173 forsan
2755 4115 3394 4191 nimiamg'facilitatem
3441 4115 3887 4191 arguebatolim

2241 4187 2582 4264 Cyprianus,
2608 4195 2791 4264 atque
2823 4187 3109 4264 superiori
3140 4189 3352 4264 seculo
3376 4187 3891 4264 synodusTriden-

2241 4260 2366 4318 tina
2395 4279 2520 4335 quae
2553 4260 2832 4335 adversus
2862 4260 3110 4335 b‘aresin
3143 4277 3212 4318 ex
3243 4260 3463 4335 abusus
3491 4260 3888 4335 in_dulge_ntia-_

2243 4351 2373 4390 rum
2405 4329 2684 4407 praetextu
2716 4333 3104 4407 pullulantem
3133 4333 3562 4400 eoacla,hs:resi
3593 4329 3892 4407 etri'ab‘usui

2244 4402 2535 4463 occurrit:
2567 4402 2772 4462 hisre'si
2803 4407 3071 4478 quidem,
3098 4422 3230 4462 eum
3263 4407 3469 4462 definit
3515 4408 3589 4478 ab
3639 4402 3896 4478 Ecclesia

2246 4479 2518 4552 pendere,
2552 4474 2865 4552 concedere
2914 4477 3310 4552 indulgentias
3362 4480 3523 4552 (nam
3560 4477 3631 4552 _B.
3677 4474 3895 4552 Paulus

2245 4546 2562 4608 Alexandro
2607 4555 2665 4606 et
2714 4550 3021 4624 Hymenaeo
3073 4546 3213 4624 olim
3265 4549 3622 4624 concessit):
3673 4546 3882 4624 abusui

2254 4639 2408 4690 vero,
2461 4639 2594 4678 eum
2643 4644 2673 4672 «
2721 4620 2782 4680 in
2820 4621 2913 4678 his
2961 4621 3346 4678 eoneedendis
3405 4620 3888 4684 moderationem,

503 4673 747 4768 astatis
764 4673 1809 4768 “passase;aa‘h‘isa‘a'aiaeaagai
1823 4673 2140 4768 gesta-aa};
2172 4673 2217 4738 D
2244 4673 2410 4768 ius;
2438 4673 2701 4768 veterem
2721 4673 2781 4752 ἕξ
2809 4673 3204 4768 getiam
3217 4673 3493 4750 “aenea;
3512 4673 3894 4768 gestasset:

502 4766 768 4838 tentatio,
801 4763 1134 4838 appetentia
1163 4763 1386 4820 scilicet
1432 4765 1658 4822 fructus
1701 4763 1800 4838 qui
1834 4763 1917 4822 d'e'
1951 4767 2140 4822 homi-

505 4838 683 4892 nibus
734 4837 945 4910 faeeret
1002 4835 1140 4889 deos
1185 4853 1388 4891 :nune
1434 4853 1566 4893 vero
1619 4840 1674 4892 in
1720 4835 1855 4893 'meo
1898 4839 2139 4910 positos,

507 4910 723 4982 quippe
752 4909 810 4961 in
841 4920 1090 4982 carcere.
1121 4922 1186 4961 ae
1236 4910 1605 4964 tenebrarum
1657 4926 1854 4982 regno,
1901 4909 2141 4966 tentabo

504 4977 1148 5053 nugisetquisquiliis,
1180 4985 1320 5049 puta
1359 4977 1780 5037 momentaueas
1832 4977 2141 5053 eujusdam

501 5049 827 5126 vexationis
874 5049 1206 5126 formidine,
1262 5054 1776 5126 autproduecndaa
1827 5049 2145 5126 in'aliquot

503 5123 864 5198 annoscvitie
904 5123 968 5198 _in
1017 5123 1138 5178 dies
1185 5123 1449 5198 mortalis
1500 5125 1786 5180 desiderio
1831 5142 1864 5198 :_
1892 5123 2142 5198 denique

502 5195 1060 5268 eommittamipsos
1089 5198 1144 5268 et
1174 5197 1477 5268 exagitabo
1515 5195 2142 5253 dissensionibusHaae

501 5274 643 5327 sunt
670 5265 956 5342 parabilia
983 5271 1039 5322 et
1068 5265 1307 5342 obviam
1329 5274 1505 5342 atque
1541 5270 1612 5324 ad
1647 5287 1885 5342 manum
1917 5274 2141 5325 Satanze

503 5342 621 5398 tela
653 5337 869 5410 {quasi
919 5341 990 5395 de
1037 5337 1252 5394 vilibus
1301 5337 1490 5410 scopis
1521 5345 1578 5397 et
1617 5341 1818 5396 seidiis
1865 5343 2142 5397 arborum

504 5410 899 5483 cremialibus.
931 5410 1138 5483 Scidite
1175 5411 1295 5466 sive
1325 5413 1530 5483 scidia,
1565 5415 1719 5469 unde
1768 5418 1824 5469 et
1870 5414 2141 5483 discidia,

506 5490 647 5560 sunt
713 5481 995 5560 aliaaxsc,
1038 5479 1349 5560 uliginem,
1391 5479 1589 5560 ξύλῲν,
1660 5485 1796 5540 vilia
1859 5479 2141 5560 caesarum

507 5555 786 5613 arborum
814 5555 1098 5628 segmina.
1128 5555 1427 5629 Vitruvius
1457 5556 1557 5612 lib.
1589 5572 1649 5628 ιι,
1697 5575 1821 5629 cap.
1852 5559 1876 5612 1
1915 5573 1928 5613 :
1963 5558 2140 5612 Inter-

507 5630 657 5684 valla
684 5627 954 5685 scz'dz'is’ct
988 5629 1099 5682 luto
1126 5627 1430 5684 obstruunt.
1464 5629 1590 5686 Hie.

579 5700 861 5781 (arguam
885 5699 1346 5781 paccm‘qujdqu,
1365 5704 1485 5781 .etc.
1523 5702 1598 5781 De
1626 5715 1785 5781 pace_
1814 5715 1917 5756 seu
1948 5714 2144 5781 recon-

511 5769 805 5828 eiliatione
836 5769 970 5828 cum
992 5770 1217 5828 caeteris
1244 5770 1589 5829 Christianis
1626 5769 1702 5830 ac
1747 5775 1862 5830 Deo
1883 5771 2141 5846 primum

2253 4764 2409 4832 nam,
2440 4765 2704 4822 adhiberi
2737 4764 2918 4838 cupit,
2949 4785 2976 4818 ιι
3015 4771 3150 4834 ete.,
3181 4782 3326 4822 sese.
3378 4768 3467 4838 25,
3516 4766 3651 4822 Dee.
3704 4764 3770 4820 de
3799 4764 3892 4838 ht-

2250 4841 2400 4910 dulg.
2435 4839 2596 4894 Unde
2629 4855 2736 4894 nos
2765 4835 2836 4894 ad
2871 4839 3147 4909 antiquos
3190 4835 3660 4910 canones'rejieit
3700 4835 3893 4910 conci-

2252 4907 2462 4968 liorum
2491 4910 2671 4966 veluti
2704 4912 2789 4983 ad
2824 4907 3191 4983 Ancyranum
3242 4909 3445 4965 multis
3476 4907 3546 4965 in'
3586 4925 3714 4983 can.
3747 4907 3893 4963 Neo-

2251 4983 2613 5051 eaesariense,
2643 4981 2932 5053 Carthag,
2953 4981 3321 5053 ‘Agathense,
3351 4986 3462 5038 eto.
3497 4983 3574 5038 La
3613 4981 3713 5036 Pa.

2322 5055 2398 5125 (5)
2433 5054 2658 5110 Judicia
2688 5055 2929 5125 denique
2959 5069 3068 5110 non
3096 5054 3461 5125 proconsulis,
3509 5053 3611 5125 sed,
3647 5053 3893 5125 υθέ-ευρ

2256 5122 2412 5182 (incl.
2483 5126 2763 5194 Sustinet,
2823 5122 3144 5196 exspectat.
3201 5130 3331 5182 Rm.
3390 5157 3454 5166 —
3510 5123 3690 5180 Nobis
3728 5122 3901 5178 liceat

2253 5199 2522 5270 dubitare
2570 5199 2641 5253 de
2687 5195 3165 5270 interpretatione
3205 5195 3895 5270 virorumieruditorum,

2253 5271 2353 5341 qui
2385 5270 2444 5325 in
2475 5269 2583 5325 hac
2613 5266 2884 5341 palestra
2913 5283 3124 5326 nomen
3167 5269 3400 5341 aliquod
3451 5269 3563 5325 sibi
3601 5266 3895 5341 quaesive-

2251 5339 2390 5397 runt
2420 5361 2432 5399 :
2461 5339 2670 5412 putant
2700 5341 2982 5397 nimirum
3013 5343 3194 5398 ferme
3223 5339 3427 5397 omnes
3471 5341 3529 5396 in
3564 5339 3760 5412 aliquo
3793 5354 3895 5412 op-

2254 5415 2389 5498 pido
2440 5411 2998 5498 ditionisﬁarthag.
3051 5413 3365 5498 aut‘etiam
3428 5412 3489 5468 in
3546 5411 3896 5498 Carthagine

2252 5483 2379 5557 ipsa
2409 5487 2672 5557 captivos
2695 5483 3140 5557 fuissepropter
3159 5486 3311 5541 hanc
3331 5502 3530 5540 vocem
3554 5483 3895 5556 proconsulis

2256 5557 2797 5627 nam,inquiunt,de
2813 5557 3160 5627 proconsule
3173 5558 3375 5613 Africae
3398 5557 3725 5628 plurimaﬁt
3739 5571 3896 5609 men-

2251 5629 2332 5686 tio
2353 5631 2410 5684 in
2427 5631 2631 5702 Nolilia
2652 5629 3116 5702 imperii.ﬁVerum
3140 5647 3243 5702 pro
3256 5631 3552 5702 Cassarum
3571 5628 3894 5702 cupiditate

2251 5705 2508 5760 mutatos
2538 5701 2721 5759 fuisse
2751 5700 3367 5774 magistratus—nullus
3398 5700 3753 5774 ignoratis
3780 5701 3886 5754 Pa.
