4262 6346
297 332 415 391 697

1704 329 1807 388 ΑΙ)
1851 327 2307 391 MARTYRES.

3595 324 3716 386 698

296 479 412 519 non
443 460 636 517 stadia
665 475 845 532 opaca
863 460 939 532 (6)
972 464 1073 516 aut
1106 461 1366 532 porticus
1395 460 1596 531 longas
1631 461 1675 495 ¹²
1726 477 1948 534 przepo-
1981 467 2033 534 Α
2064 462 2248 517 vobis.
2311 462 2530 534 Nempe
2577 461 2733 518 enim
2786 466 2842 517 et
2917 460 3148 517 athictze
3197 462 3581 531 segregantur
3639 460 3709 514 ad

301 570 449 608 nens
483 551 611 622 tibi,
643 552 744 606 sed
778 550 940 605 illam
975 551 1150 618 viam,
1215 569 1343 623 quas
1403 553 1473 606 ad
1524 551 1702 610 Deum
1767 553 1950 609 ducit.

305 643 542 706 Quoties
573 658 701 696 eam
737 640 946 712 spiritu
981 641 1471 712 deambulaveris,
1507 643 1676 697 toties
1708 643 1764 696 in
1828 660 1954 698 car-

305 750 434 788 cere
467 749 581 787 non
615 731 751 786 eris.
787 730 941 785 Nihil
977 748 1110 786 erus
1144 732 1323 786 sentit.
1355 733 1411 786 in
1462 749 1634 787 nervo
1685 733 1762 803 (7)
1820 751 1952 789 cum

306 821 698 878 animusmin
730 820 874 876 cmlo
936 825 1044 875 est.
1093 822 1308 875 Totum
1371 821 1668 877 hominem
1720 823 1954 878 animus

303 911 661 977 circumfert,
697 915 751 965 et
784 927 898 981 quo
929 909 1065 964 velit
1094 910 1372 965 transfert
1411 910 1622 981 (Matth.
1674 915 1752 981 v1)
1777 929 1795 967 :
1859 912 1956 968 Ubi

305 1006 488 1057 autem
523 1003 628 1055 erit
659 1016 752 1054 eor
777 1009 954 1068 tuum,
988 997 1113 1054 illic
1143 1003 1247 1054 erit
1270 1008 1322 1055 et
1351 1000 1643 1055 thesaurus
1666 1010 1807 1056 tuus.
1873 1001 1953 1055 lbi

305 1108 442 1164 ergo
467 1092 543 1147 sit
565 1108 664 1147 cor
689 1095 982 1157 nostrum,
1018 1090 1114 1145 ubi
1145 1090 1418 1146 volumus
1444 1089 1658 1146 habere
1717 1091 1952 1146 thesau-

308 1198 464 1237 rum.

948 1304 1182 1360 CAPUT
1224 1305 1317 1360 lli.

371 1449 458 1504 Sit
491 1448 532 1485 ¹⁵
556 1463 734 1514 nunc,
767 1447 1079 1518 benedicti,
1123 1464 1321 1503 carcer
1367 1448 1546 1503 etiam
1605 1446 1951 1503 Christianis

306 1540 460 1596 624
509 1537 795 1593 molestus
821 1538 847 1592 ?
896 1537 1095 1592 Vocati
1139 1554 1348 1592 sumus
1398 1539 1468 1592 ad
1529 1537 1800 1592 militiam
1851 1536 1950 1592 Dei

305 1628 418 1683 vivi
447 1629 571 1698 jam
606 1632 768 1694 tunc,
802 1643 936 1682 cum
966 1627 1025 1681 in
1058 1626 1412 1682 sacramenti
1445 1627 1620 1682 verba
1650 1627 1956 1697 respondi-

306 1718 520 1774 mus“.
555 1717 734 1772 Nemo
764 1715 932 1771 miles
957 1717 1026 1771 ad
1061 1715 1278 1770 bellum
1314 1733 1447 1772 eum
1481 1716 1705 1771 deliciis
1754 1717 1948 1781 venit;

306 1824 411 1863 nec
437 1807 509 1862 de
538 1805 805 1862 cubiculo
839 1806 905 1860 ad
941 1805 1122 1860 aciem
1159 1807 1440 1876 procedit,
1473 1807 1572 1860 sed
1606 1806 1675 1861 de
1708 1804 1954 1877 papilio-

308 1896 482 1951 nibus
508 1896 584 1966 (8)
626 1895 916 1967 expeditis
947 1900 1003 1950 et
1033 1895 1392 1961 substrictis,
1443 1895 1541 1950 ubi
1601 1895 1795 1950 omnis
1845 1895 1951 1948 du-

307 1985 442 2040 ritia
471 1989 529 2040 et
560 1984 878 2039 imbonitas
908 1988 964 2038 et
995 1983 1322 2038 insuavitas
1353 1983 1639 2040 constitit.
1674 1984 1858 2038 Etiam
1894 1984 1952 2036 in

307 2090 468 2148 pace,
501 2073 698 2130 labore
729 2079 785 2129 et
823 2075 866 2109 ¹⁶
923 2072 1312 2128 incommodis
1376 2073 1593 2128 bellum
1654 2073 1772 2144 pati
1824 2073 1949 2142 jam

306 2164 597 2230 ediscunt,
631 2163 689 2217 in
721 2161 901 2218 armis
929 2161 1388 2228 deambulando,
1421 2179 1693 2233 campum
1743 2163 1951 2216 decur-

306 2253 731 2323 rendo,fossam
753 2251 1432 2318 moliendo,testudinem
1457 2252 1496 2286 ¹⁷
1532 2251 1831 2306 densendo
1855 2251 1950 2321 (9).

304 2344 526 2398 Sudore
557 2342 752 2397 omnia
783 2345 1078 2410 constant,
1112 2356 1183 2395 ne
1233 2357 1477 2412 corpora
1533 2345 1710 2410 atque
1768 2340 1951 2395 animi

303 2436 722 2504 expavescant:
756 2431 827 2486 de
859 2431 1068 2485 umbra
1099 2431 1168 2484 ad
1202 2429 1408 2497 solem,
1433 2431 1502 2484 de
1555 2429 1676 2484 sole
1725 2431 1793 2484 ad
1845 2446 1952 2484 coe-

303 2520 424 2575 lum
451 2522 514 2590 ¹⁸,
541 2521 613 2575 de
644 2521 848 2575 tunica
876 2520 947 2574 ad
979 2519 1241 2583 loricam,
1278 2519 1348 2573 de
1379 2518 1612 2574 silentio
1634 2519 1703 2573 ad
1737 2518 1952 2573 clamo-

304 2627 450 2680 rem,
478 2611 548 2665 de
573 2611 768 2681 quiete
801 2610 871 2664 ad
906 2608 1250 2664 tumultum.
1291 2609 1542 2664 Proinde
1589 2625 1711 2675 vos,
1774 2610 1951 2663 bene-

305 2700 466 2770 dicti,
483 2701 874 2771 quodcunque
893 2699 1002 2754 hoo
1036 2700 1249 2754 durum
1265 2702 1372 2765 est,
1397 2700 1466 2753 ad
1481 2698 1951 2754 exercitationem

305 2788 588 2844 virtutum
649 2788 829 2843 animi
890 2792 946 2843 et
1004 2787 1264 2859 corporis
1350 2788 1645 2858 deputate.
1732 2793 1953 2844 Bonum

307 2894 554 2950 agonem
581 2880 625 2914 ¹⁹
656 2877 909 2933 subituri
942 2878 1082 2932 estis
1107 2877 1162 2931 in
1197 2893 1313 2947 quo
1361 2877 1746 2947 agonothetes
1805 2879 1953 2932 Deus

307 2968 473 3023 vivus
503 2972 629 3035 est;
663 2965 1151 3038 xystarches,(10)
1180 2964 1434 3035 Spiritus
1456 2970 1697 3020 sanctus
1721 2982 1956 3031 ;corona

314 3055 676 3121 aeternitatis,
712 3053 978 3109 bravium
1011 3053 1287 3124 angelicae
1330 3054 1694 3125 substantia),
1755 3054 1952 3126 politis

311 3145 371 3197 in
406 3142 585 3213 ccnlis,
619 3142 801 3214 gloria
831 3141 888 3196 in
921 3142 1136 3196 saecula
1166 3141 1534 3196 saeculorum.
1580 3142 1781 3215 Itaque
1830 3143 1954 3213 Epi-

2064 551 2416 607 strictiorem
2451 551 2849 624 disciplinam,
2884 555 2947 606 ut
2980 550 3169 606 robori
3215 548 3553 604 aedificando
3607 566 3708 604 va-

2064 647 2230 698 cent:
2266 642 2705 698 continentura
2763 641 3015 707 luxuria,
3077 658 3110 695 a
3161 639 3305 694 cibis
3364 637 3708 706 laetioribus,

2066 749 2098 786 a
2131 737 2268 803 potu
2314 732 2686 804 jucundiorc.
2745 733 3107 800 Conguntur,
3170 728 3527 791 cruciantur,
3580 726 3708 781 fati-

2064 827 2313 893 gantur:
2351 825 2567 892 quanto
2601 821 2733 892 plus
2790 820 2847 874 in
2907 818 3421 874 exercitationibus
3480 816 3706 871 labora-

2063 911 2269 976 verint,
2292 915 2453 966 tanto
2487 911 2619 982 plus
2653 911 2722 966 de
2755 909 2994 965 victoria
3024 912 3284 979 sperant.
3319 910 3385 960 Et
3457 904 3562 971 illi,
3618 906 3706 960 in-

2064 1001 2188 1071 quit
2218 1001 2523 1071 Apostolus
2553 1000 2600 1069 (l
2634 1001 2752 1055 Cor.
2788 1001 2888 1069 ix),
2924 1002 2984 1054 ut
3029 1013 3300 1053 coronam
3349 994 3707 1068 corruptibi-

2065 1090 2178 1145 lem
2211 1094 2664 1162 consequantur,
2699 1105 2804 1144 nos
2836 1092 3114 1142 aeternam
3147 1085 3540 1141 consecuturi.
3573 1087 3707 1139 Car-

2064 1195 2251 1235 cerem
2285 1180 2454 1233 nobis
2508 1195 2610 1251 pro
2665 1178 2934 1248 palaestra
2981 1176 3449 1247 interpretemur,
3499 1173 3576 1228 ud
3635 1173 3708 1228 ad

2064 1268 2321 1323 stadium
2383 1267 2697 1322 tribunalis
2758 1267 2902 1322 bene
2976 1265 3271 1321 exercitati
3318 1263 3708 1318 incommodis

2065 1357 2334 1413 omnibus
2393 1357 2839 1430 producamur:
2901 1355 3040 1427 quia
3105 1354 3288 1410 virtus
3345 1352 3563 1408 duritia
3621 1367 3712 1407 ex-

2063 1447 2331 1516 struitur,
2366 1446 2612 1503 mollitia
2644 1462 2778 1502 vero
2807 1445 3152 1500 destruitur.

2711 1588 2948 1644 CAPUT
2981 1587 3073 1644 ιν.

2134 1714 2364 1770 Scimus
2386 1730 2453 1770 ex
2484 1713 2788 1769 Dominico
2816 1713 3287 1785 praecepto,quod
3309 1728 3440 1767 caro
3471 1710 3707 1766 infirma

2065 1805 2214 1860 625
2252 1803 2350 1869 sit,
2383 1803 2625 1875 spiritus
2657 1808 2990 1874 promptus.
3023 1807 3140 1856 Non
3175 1817 3310 1872 ergo
3341 1799 3508 1855 nobis
3546 1799 3706 1854 blan-

2064 1894 2320 1958 diamur,
2353 1893 2491 1964 quia
2517 1894 2797 1948 Dominus
2825 1890 3119 1948 consensit
3141 1907 3375 1946 carnem
3408 1889 3705 1944 infirmam

2065 1999 2216 2038 esse.
2276 1983 2586 2054 Propterea
2639 1982 2793 2037 enim
2856 1980 3120 2054 praedixit
3169 1980 3444 2051 spiritum
3506 1993 3702 2049 prom-

2063 2078 2228 2144 ptum
2263 2073 2329 2140 ’0,
2353 2077 2417 2126 ut
2445 2072 2798 2139 ostenderet,
2832 2071 2973 2142 quid
3006 2071 3097 2125 cui
3132 2071 3340 2124 debeat
3388 2084 3517 2124 esse
3569 2066 3707 2121 sub-

2055 2163 2300 2233 jectum,
2336 2162 2581 2227 scilicet,
2617 2167 2680 2217 ut
2713 2179 2844 2218 caro
2877 2161 3092 2217 serviat
3114 2159 3368 2232 spiritui,
3414 2158 3705 2212 infirmior

2060 2252 2306 2320 fortiori,
2343 2256 2406 2306 ut
2436 2251 2506 2307 ab
2539 2266 2604 2307 eo
2637 2252 2815 2307 etiam
2845 2251 3035 2322 ipsam
3060 2250 3103 2286 ⁹¹
3141 2249 3543 2305 fortitudinem
3603 2262 3701 2300 as-

2062 2347 2278 2397 sumat.
2303 2341 2681 2413 Colloquatur
2719 2340 2963 2412 spiritus
3007 2356 3143 2394 cum
3201 2355 3376 2394 carne
3416 2338 3486 2392 de
3537 2351 3698 2390 com-

2061 2432 2226 2487 muni
2249 2431 2460 2496 salute,
2495 2447 2597 2486 nec
2623 2432 2747 2500 jam
2780 2428 3259 2484 deincommodis
3290 2426 3561 2492 carceris,
3595 2425 3696 2480 sed

2061 2523 2187 2593 ipso
2219 2537 2402 2594 agone
2460 2527 2515 2576 et
2565 2520 2759 2592 praelio
2817 2519 3100 2591 cogitans.
3161 2517 3414 2572 Timebit
3455 2515 3698 2570 forsitan

2061 2628 2192 2666 caro
2210 2611 2468 2682 gladium
2502 2626 2756 2681 gravem,
2790 2613 2845 2664 et
2876 2624 3106 2664 crucem
3140 2606 3443 2671 excelsam,
3474 2605 3552 2674 let
3605 2621 3702 2658 ra-

2063 2701 2217 2756 biem
2251 2699 2593 2765 bestiarum,
2629 2703 2686 2754 et
2716 2715 3007 2754 summam
3065 2697 3290 2768 ignium
3346 2711 3594 2768 pennam,
3649 2697 3706 2746 et

2064 2807 2234 2845 omne
2264 2789 2556 2844 carnificis
2588 2788 2888 2861 ingenium
2916 2787 2974 2842 in
3006 2786 3337 2842 tormentis.
3373 2785 3481 2840 Sed
3532 2781 3709 2854 spiris

2063 2884 2157 2934 tus
2192 2884 2396 2934 contra
2427 2882 2604 2950 ponat
2625 2879 2736 2932 sibi
2767 2882 2824 2934 et
2853 2877 3032 2948 carni,
3061 2877 3270 2931 acerba
3301 2875 3434 2930 licet
3490 2873 3622 2938 ista,
3673 2889 3706 2926 ι

2065 2968 2269 3022 multis
2293 2972 2488 3022 tamen
2521 2983 2686 3038 aequo
2719 2966 2914 3020 animo
2946 2969 3205 3035 excepta,
3263 2963 3382 3018 imo
3439 2966 3496 3017 et
3552 2960 3706 3014 ultro

2066 3057 2524 3128 appetita,f‘amze
2544 3061 2599 3110 et
2630 3053 2825 3127 gloria:
2855 3071 3067 3120 causa;
3103 3069 3205 3108 nec
3224 3070 3255 3106 a
3282 3052 3422 3107 viris
3449 3055 3700 3118 tantum,

2067 3147 2166 3201 sed
2201 3147 2437 3200 etiama
2469 3144 2720 3213 feminis,
2771 3149 2834 3197 ut
2888 3160 2988 3198 vos
3049 3158 3303 3214 quoque,
3361 3139 3702 3203 benedicta,

315 3234 498 3287 states
524 3237 719 3287 vester
750 3230 1148 3302 Christus(tt)
1180 3232 1374 3298 Jesus,
1435 3232 1535 3302 qui
1597 3248 1696 3287 vos
1738 3232 1948 3302 Spiritu
1984 3221 2025 3286 C
2065 3234 2230 3290 sexui
2259 3237 2452 3288 vestro
2480 3232 2899 3304 respondeatis.
2937 3231 3200 3302 Longum
3232 3234 3339 3296 est,
3373 3230 3418 3284 si
3467 3241 3706 3283 enume-

311 3320 496 3390 nuxit,
531 3321 602 3375 ad
636 3320 743 3376 hoe
775 3337 1036 3375 scamma
1069 3321 1361 3391 produxit,
1421 3319 1604 3375 voluit
1659 3338 1758 3376 vos
1818 3326 1951 3377 ante

308 3409 462 3464 diem
494 3409 700 3481 agonis
734 3410 804 3464 ad
839 3409 1136 3464 duriorem
1153 3409 1562 3465 tractationem
1597 3428 1628 3465 a
1676 3409 1948 3466 liberiore

302 3499 635 3556 conditione
665 3513 968 3572 seponere,
1001 3503 1068 3554 ut
1113 3499 1265 3555 vires
1323 3499 1841 3556 corroborarentur
1888 3501 1946 3556 in

2063 3341 2184 3379 rem
2211 3323 2494 3395 singulos,
2548 3323 2646 3393 qui
2704 3338 2765 3376 se
2822 3320 3016 3392 gladio
3076 3319 3444 3386 confecerint,
3507 3317 3704 3372 animo

2061 3430 2164 3468 suo
2195 3413 2354 3467 dncti
2386 3412 2520 3484 (12).
2556 3411 2634 3466 De
2652 3411 2887 3466 feminis
2920 3410 2989 3464 ad
3025 3425 3266 3463 manum
3299 3413 3389 3464 est
3418 3406 3705 3473 Lucretia,

2060 3518 2187 3574 quis
2220 3501 2334 3556 vim
2358 3500 2548 3572 stupri
2568 3516 2767 3572 passa,
2797 3498 3052 3553 cultrum
3084 3497 3196 3553 sibi
3226 3498 3420 3569 adegit
3449 3497 3508 3551 in
3569 3511 3708 3551 eon-

1691 3636 1894 3696 Varize
1927 3636 2248 3698 lectiones.

369 3742 414 3778 ¹²
443 3741 779 3812 Proponens
803 3742 966 3795 Fran.
1000 3747 1185 3798 Paris.
1266 3743 1310 3777 ¹³
1345 3746 1488 3796 Cum
1523 3759 1734 3797 manus
1764 3743 1931 3797 Seml.
2015 3745 2059 3780 ¹⁴
2089 3743 2179 3798 Sic
2221 3745 2350 3812 Rig.

2432 3742 2471 3776 ⁸⁸
2528 3741 2971 3812 Respondemus
3018 3740 3186 3794 Seml.
3267 3741 3329 3812 ¹⁶ν
3373 3739 3552 3795 Labor
3606 3743 3703 3812 est

298 3813 469 3869 Rhen.
549 3809 590 3850 Π
620 3813 975 3870 Desiceando
1006 3815 1173 3869 Rhea.
1207 3814 1556 3869 densitando
1608 3817 1869 3881 Lacerda,
1906 3815 2248 3879 desidendo,
2282 3809 2366 3870 uel
2428 3809 2768 3870 dceude'ndo
2813 3814 2934 3867 alii.
3013 3814 3054 3847 ¹⁸
3114 3813 3192 3867 Dc
3249 3811 3370 3867 sole
3426 3813 3496 3867 ad
3531 3809 3696 3883 gelu-

293 3889 476 3954 Latin,
509 3887 579 3942 de
609 3886 730 3942 sole
758 3887 830 3940 ad
862 3885 1060 3958 gelum
1090 3888 1220 3942 Jun.
1302 3886 1343 3920 ²⁹
1375 3886 1574 3942 Finem
1607 3887 1790 3958 Rigal.
1871 3888 1915 3930 20
1939 3888 2079 3943 Esse
2110 3887 2264 3943 addit
2295 3890 2524 3957 Franeq.

2603 3887 2644 3928 ἰ
2685 3886 2816 3956 Ipsa
2846 3887 3009 3939 Fran.
3039 3886 3223 3939 Paris.
3261 3886 3378 3952 Rig.

1709 4020 2233 4082 Commentarius.

367 4128 444 4200 (6)
504 4126 698 4200 Stadiar
741 4141 965 4200 ropaca.

300 4202 448 4254 serie
481 4199 806 4271 dispositis.
844 4200 912 4252 La
944 4203 1046 4253 Pn.

371 4273 444 4342 (7)
475 4269 628 4328 Nihil
657 4287 787 4326 erus
816 4273 984 4325 sentit
1038 4271 1098 4343 in
1153 4285 1332 4343 nervo,
1371 4269 1593 4326 Nervus
1653 4271 1744 4326 hic
1800 4271 1944 4343 ligni

299 4358 482 4414 genus
513 4349 602 4398 est
630 4343 831 4397 multis
861 4342 1250 4397 foraminibus
1282 4342 1649 4412 distinctum,
1681 4359 1795 4414 quo
1859 4342 1942 4415 ty-

298 4416 467 4470 ranni
499 4416 836 4478 utebantur,
871 4423 931 4468 ut
965 4419 1250 4486 martyres
1281 4416 1629 4481 cruciarent,
1656 4431 1946 4485 cruraque

301 4488 598 4556 disjuncta
615 4487 1303 4559 etluxatafrangerentur
1324 4503 1537 4559 ;genus
1557 4488 1700 4542 illud
1725 4487 1947 4558 suppli-

301 4561 373 4613 cii
408 4560 621 4615 (jrazeis
653 4557 952 4630 nonnullis
985 4557 1074 4614 est
1119 4557 1300 4627 ξύλον,
1333 4557 1435 4615 sed
1468 4559 1738 4630 pluribus
1775 4557 1945 4613 vetu-

304 4633 552 4687 stiorum
583 4637 671 4687 est
697 4628 890 4694 κᾶλον,
920 4647 1045 4702 quae
1080 4632 1193 4687 duo
1228 4628 1511 4688 vocabula
1551 4633 1706 4687 idem
1754 4631 1801 4686 si
1853 4631 1946 4685 ni-

305 4706 502 4756 ficant.
559 4707 747 4756 Atque
805 4704 1002 4756 docuit
1059 4720 1150 4756 me
1209 4704 1468 4756 Scaliger
1531 4647 1944 4756 baculong‘eic

305 4706 502 4778 ficant.
559 4707 747 4775 Atque
805 4700 1160 4778 docuitgme
1209 4704 1468 4778 Scaliger
1531 4700 1944 4778 ἐγκαλοσκελεῖς

307 4777 495 4832 dictos
527 4779 709 4831 fuisse
732 4793 860 4831 reos
891 4776 1042 4846 apud
1071 4776 1482 4831 Athenienses.
1511 4776 1588 4831 Ls
1620 4782 1722 4832 Pa.

377 4849 452 4919 (8)
483 4849 588 4904 Sed
617 4848 683 4903 de
708 4847 1122 4920 papilionibus.
1169 4848 1515 4904 Rhenannm
1577 4864 1791 4919 sequor
1845 4847 1945 4920 qui

1054 4126 1373 4182 Arboribus
1439 4126 1613 4200 longa
1666 4128 1946 4201 utrinque

305 4895 557 4976 tentoria
590 4895 847 4975 invorlu'ta
876 4919 1126 4991 expediti
1159 4922 1258 4990 ait,
1293 4938 1425 4976 cum
1469 4921 1527 4975 in
1589 4895 1797 4976 castris
1848 4895 1947 4974 ἔκ·
1979 4895 2023 4959 D

308 4995 653 5059 tenduntur,
680 4996 736 5047 et
759 4992 1041 5065 funiculis
1074 4991 1145 5047 ad
1180 4993 1345 5065 palos
1388 4998 1552 5048 terra:
1613 4995 1782 5065 fixos,
1816 4993 1954 5047 sub-

307 5066 680 5137 stringuntur
724 5063 1199 5136 alliganturque,‘
1227 5082 1299 5121 ne
1347 5070 1518 5122 vento
1579 5064 1950 5122 disturbante

307 5145 603 5192 corruant.
637 5143 714 5189 LE
749 5137 842 5191 Pa.

380 5209 450 5279 (9)
487 5207 1136 5264 Testudinemdensando.
1189 5208 1281 5264 Sic
1336 5208 1550 5264 habent
1603 5208 1737 5264 libri
1794 5211 1948 5263 vete-

307 5298 400 5337 res
428 5299 441 5348 ;
474 5281 568 5336 alii
603 5298 734 5336 vero
767 5297 1093 5351 perperam,
1127 5280 1458 5347 desudendo,
1494 5284 1594 5337 aut
1639 5279 1950 5336 desidendo.

307 5353 502 5408 Livius
537 5355 637 5407 lib.
673 5369 798 5407 xuv
831 5368 844 5407 :
878 5375 904 5401 «
932 5354 1224 5416 Quadrato
1253 5353 1485 5423 agmine
1544 5353 1714 5423 facto,
1768 5352 1953 5408 scutis

309 5442 486 5498 super
516 5426 706 5496 capita
728 5426 1011 5498 densatis,
1045 5425 1338 5480 stantibus
1388 5425 1615 5496 primis,
1677 5425 1953 5498 secundis

311 5495 820 5560 submissi’orihus,
845 5495 1030 5550 tertiis
1056 5497 1239 5567 magis
1272 5503 1327 5550 et
1358 5495 1607 5567 quartis,
1641 5496 1953 5566 postremis

318 5569 492 5625 etiam
527 5586 678 5642 genu
704 5567 1288 5642 nixis,‘fastigiatam,
1323 5569 1474 5623 sicut
1505 5572 1655 5642 tecta
1684 5568 1954 5622 aediﬁcio-

312 5659 444 5697 rum
477 5639 636 5713 sunt,
689 5639 1047 5696 testudinem
1103 5640 1416 5706 faciebant,
1447 5662 1474 5689 ››
1526 5641 1796 5695 Lucanus
1848 5656 1956 5695 111:

499 5732 566 5781 Ut
593 5736 772 5781 tamen
803 5728 1025 5778 hostiles
1056 5727 1221 5778 densa
1247 5728 1516 5778 testudine
1565 5741 1769 5780 muros.

494 5793 651 5844 Tecta
685 5793 831 5845 subit
863 5791 1034 5842 virtus
1054 5817 1114 5829 —
1366 5790 1479 5842 the.

2055 4129 2444 4184 festitudinem
2477 4125 2775 4182 densanda.
2809 4125 3084 4180 Omnium
3120 4122 3514 4197 potimamihi
3547 4122 3704 4197 vide-

2055 4208 2152 4256 tur
2175 4203 2291 4256 haec
2327 4199 2559 4272 Rigaltii
2591 4199 2783 4272 lectio,
2813 4193 3137 4272 densanda,-
3171 4197 3228 4251 id
3271 4195 3426 4251 enim
3485 4193 3704 4250 intelli-

2055 4274 2314 4345 gendum
2367 4269 2575 4327 censeo
2626 4271 2704 4345 de
2782 4269 3076 4345 testudine
3121 4274 3517 4345 _sentorum,_
3575 4283 3703 4345 quis

2056 4337 2317 4400 densatis
2377 4344 2560 4398 sentis
2619 4342 2811 4396 fiebat.
2869 4341 3082 4395 Junius
3121 4340 3296 4395 habet
3352 4337 3701 4402 desudando;

2057 4418 2200 4472 forte
2232 4417 2421 4488 ipsius
2453 4429 2842 4488 sensum,non
2865 4410 3704 4488 contemnendum.Rhenanus

2054 4483 2396 4544 desz'ccaimlo.
2432 4486 2531 4540 alii
2564 4485 2875 4548 desz'denuo,
2908 4485 3005 4539 alii
3037 4484 3386 4552 desudando,
3446 4483 3706 4538 Laeerda

2055 4560 2376 4615 densitando
2395 4557 2716 4628 rescripsit.
2755 4561 2826 4609 Ls
2856 4557 2957 4611 Pa.

2128 4634 2238 4703 (10)
2269 4627 2864 4704 Xystarcheaﬁpiritus
2907 4632 3166 4704 sanctus_._
3206 4627 3514 4704 Eleganter
3571 4640 3700 4704 xys-

2057 4696 2500 4760 tarch'em'vocat
2525 4696 2804 4772 Spiritum
2824 4696 3459 4769 sanetum.Namh'ujus
3482 4696 3698 4772 auxilio

2056 4777 2467 4844 constantiam,
2494 4769 2778 4845 martyres
2813 4773 3308 4828 debent.Proinde
3362 4788 3543 4842 supra
3561 4769 3708 4824 dixit

2057 4850 2127 4903 de
2157 4848 2375 4920 Spiritu
2409 4851 2610 4903 sancto
2635 4863 2647 4901 :
2673 4846 2781 4920 _«Si
2812 4845 2966 4920 enim
3013 4862 3128 4920 non
3188 4845 3489 4920 vobiscum
3550 4857 3709 4920 nunc

2058 4915 2381 4988 introisset,
2406 4935 2510 4974 nee
2543 4935 2642 4973 vos
2673 4917 2844 4972 hodie
2867 4917 2985 4971 illic
3018 4917 3299 4972 fuissetis.
3340 4939 3366 4966 ››
3406 4915 3709 4986 Significat

2062 4999 2256 5049 autem
2281 4991 2633 5063 Xystarehes
2664 4989 2824 5062 Xysti
2858 4991 3181 5060 prmsidem.
3214 4990 3394 5044 Itum.

2133 5065 2244 5136 (11)
2294 5058 2476 5134 Itaque
2532 5058 2793 5136 epistatus
2850 5058 3023 5136 oesler
3071 5063 3336 5136 Christus.
3390 5058 3708 5129 Epistatem

2061 5133 2155 5193 hic
2189 5133 2401 5208 aecipit
2432 5151 2533 5207 pro
2558 5133 2976 5208 'magistroiqui
3012 5135 3244 5208 athietis
3287 5137 3513 5208 prmest,
3556 5143 3707 5208 nam

2063 5211 2247 5266 utitur
2276 5199 2381 5264 hac
2415 5199 2760 5278 metaphora
2818 5199 3237 5261 Tertullianus.
3287 5199 3464 5278 'Apud
3538 5199 3710 5278 Athe-

2064 5283 2298 5353 nienses
2329 5281 2427 5352 qui
2461 5275 2801 5353 decemviris
2859 5279 3067 5332 diurno
3122 5277 3372 5353 imperio
3427 5275 3709 5353 .praaerat,

2063 5344 2363 5421 ἐπιστάτηξ
2404 5351 2726 5424 appellatur
2763 5352 3171 5424 Demostheni;
3217 5344 3554 5424 al_ioqui;_in
3587 5344 3710 5424 acie

2065 5425 2281 5485 ἐπιστὰς
2310 5415 2370 5480 et
2400 5415 2670 5497 πᾶραστᾶς
2725 5421 3007 5497 substites
3067 5427 3135 5497 et_
3160 5415 3376 5497 'astites
3410 5415 3712 5497 dicuntur

2065 5500 2218 5566 apud
2254 5489 3068 5566 Elianu'm,quemadmodum
3089 5490 3520 5562 elegantissime
3542 5489 3714 5541 vertit

2065 5565 2606 5627 Thessalonicensis
2637 5571 2805 5620 Gaza.
2843 5565 3022 5618 RHEN.

2135 5643 2246 5714 (12)
2284 5635 3262 5714 Animosuoducli.Praeelarcznanl
3284 5636 3504 5714 martyr
3538 5647 3710 5712 verus

2065 5703 2179 5769 no‘n
2205 5703 2373 5769 debet
2403 5712 2569 5785 sequi
2592 5711 2835 5785 duetu_m
2863 5725 3060 5775 suum,
3095 5709 3195 5785 sed
3228 5707 3328 5762 Dei
3350 5723 3366 5785 ς
3392 5703 3512 5785 non
3541 5720 3599 5785 se
3623 5703 3710 5757 in-

2063 5786 2346 5857 terficere,
2380 5775 2651 5841 sed’tunc
2682 5781 2887 5837 cadere
2927 5797 3060 5836 cum
3096 5784 3245 5836 Deus
3275 5777 3540 5835 voluerit.
3575 5775 3709 5831 Lac.
