4262 6354
835 39 838 41 .
891 31 1128 43 _.......;.__a.t
1171 29 1394 40 -..ι-..ριν-

484 390 601 450 699

1006 391 1532 453 TERTULLIANI
1579 389 1903 452 OPERUM
1950 389 2151 449 PARS
2195 388 2344 448 I.—
2383 382 2652 446 SERIES
2696 381 2742 456 Ι,
2789 378 3359 442 APOLOGETICA.

3766 373 3886 434 700

487 527 692 594 spectu
725 522 1205 593 propinquorum,
1237 526 1300 578 ut
1329 522 1574 594 gloriam
1598 522 1851 582 castitati
1883 538 2003 577 sum
2034 537 2128 592 pa-
2154 521 2206 587 Α
2240 518 2446 590 Igitur,
2479 516 2528 573 si
2551 520 2782 572 tantum
2806 517 3050 570 terrena
3077 511 3273 585 glorias
3323 510 3458 566 licet
3504 511 3576 565 de
3621 506 3884 580 corporis

490 616 644 666 reret
673 610 1036 682 (13),Mutius
1067 612 1202 681 (14),
1223 611 1321 683 qui
1356 629 1596 666 manum
1631 627 1801 667 suam
1833 613 2128 666 dexteram

492 699 551 753 in
584 715 684 753 ara
714 699 1016 766 cremavit,
1053 707 1116 754 ut
1147 699 1254 755 hoc
1287 699 1502 755 factum
1539 703 1666 770 ejus
1686 701 1841 756 fama
1869 699 2127 754 haberet.

489 788 682 843 Minus
715 789 979 842 fecerunt
1007 787 1379 859 philosophi;
1415 789 1740 844 Heraclitus
1771 790 1903 860 (15),
1936 788 2038 859 qui
2069 803 2132 842 se

488 875 712 932 bubulo
744 882 999 932 stercore
1018 877 1263 932 oblitum
1283 879 1508 934 exussit
1531 898 1550 944 ,-
1572 879 1710 934 item
1729 877 2130 949 Empedocles,

487 964 590 1035 qui
615 964 672 1019 in
701 966 866 1036 ignes
901 965 1098 1021 Etntsi
1131 967 1349 1022 montis
1405 967 1720 1032 dissilivit;
1781 971 1839 1023 et
1869 966 2132 1037 Peregri-

488 1052 744 1122 nus,qui
776 1069 891 1107 non
924 1053 1062 1108 olim
1089 1071 1153 1109 se
1183 1070 1322 1126 rogo
1371 1054 1662 1124 immisit;
1716 1072 1851 1111 cum
1905 1055 2132 1110 feminas

492 1157 725 1213 quoque
755 1143 1215 1214 contempserint
1237 1143 1437 1212 ignes:
1475 1145 1617 1199 Dido
1651 1144 1698 1179 ²²
1746 1161 1818 1200 ne
1868 1147 2002 1214 post
2055 1141 2136 1197 vi-

496 1246 623 1284 ram
657 1228 1112 1286 dilectissimum
1144 1233 1361 1287 nubere
1378 1237 1708 1302 cogeretur;
1743 1233 1884 1288 item
1914 1248 2048 1288 cum
2092 1231 2136 1269 ³³

493 1317 837 1371 Asdrubalis
869 1335 1031 1383 uxor,
1068 1336 1194 1391 quas
1209 1321 1332 1390 jam
1365 1321 1604 1376 ardente
1634 1319 1982 1393 Carthagine
2011 1337 2134 1376 ma-

501 1406 686 1460 ritum
728 1422 905 1462 suum
981 1407 1308 1480 supplicem
1360 1410 1646 1482 Scipionis
1702 1410 1941 1478 videret,
2000 1426 2131 1465 cum

496 1492 636 1549 filiis
663 1494 790 1550 suis
819 1495 879 1549 in
912 1495 1250 1552 incendium
1273 1498 1471 1570 patriae
1499 1497 1811 1556 devolavit.
1852 1499 2132 1570 Regulus,

499 1582 618 1638 dux
645 1583 1068 1658 Romanorum,
1100 1591 1305 1659 raptus
1336 1605 1370 1644 a
1398 1587 1978 1660 Carthaginiensibus
2001 1605 2134 1644 cum

505 1687 570 1727 se
613 1688 797 1730 unum
855 1691 960 1746 pro
1017 1676 1220 1732 multis
1268 1678 1512 1748 captivis
1562 1677 2138 1750 Carthaginiensibus

504 1762 871 1833 compensari
902 1762 1440 1832 noluisset,maluit
1471 1767 1740 1822 hostibus
1770 1767 1932 1822 reddi
1965 1771 2022 1821 et
2077 1767 2136 1822 in

499 1863 646 1904 arcis
677 1865 863 1955 genus
897 1852 1153 1923 stipatus
1205 1855 1464 1925 undique
1508 1856 1902 1911 exstrinsecus
1959 1854 2137 1910 clavis
2167 1889 2216 1955 B

503 1938 847 2006 transﬁxus,
881 1944 966 1996 tot
987 1956 1189 1998 cruces
1217 1944 1423 1998 sensit.
1448 1944 1674 2000 Bestiae
1707 1943 1923 2000 femina
1950 1943 2140 2000 libens

507 2026 774 2096 appetiit,
806 2033 863 2082 et
912 2029 1118 2101 utique
1172 2032 1424 2103 aspides,
1471 2037 1774 2104 serpentes
1827 2040 1995 2088 tauro
2053 2033 2141 2088 vel

509 2129 649 2169 urso
678 2115 1105 2187 horribiliores,
1137 2135 1284 2190 quas
1315 2120 1884 2193 Cicopatraimmisit
1905 2121 2038 2187 sibi,
2071 2137 2142 2178 ne

504 2201 568 2257 in
600 2218 814 2260 manus
845 2205 1068 2262 inimici
1115 2210 1461 2279 perveniret.
1524 2211 1634 2266 Sed
1692 2211 1902 2266 mortis
1951 2215 2144 2267 metus

511 2308 625 2348 non
657 2295 858 2349 tantus
889 2301 996 2361 est,
1020 2301 1275 2367 quantus
1315 2305 1740 2355 tormentorum
1792 2301 1858 2356 9‘.
1920 2304 2142 2372 Itaque,

513 2380 691 2436 cessit
711 2383 971 2439 carnifici
997 2385 1040 2420 ’5
1072 2387 1346 2442 meretrix
1362 2389 1514 2444 626
1552 2388 1924 2444 Atheniensis
1945 2389 1972 2442 ?
2019 2405 2145 2460 quis

512 2471 746 2526 conscia
767 2473 1208 2545 conjurationis,
1242 2493 1374 2532 cum
1416 2483 1721 2549 propterea
1776 2481 2149 2549 torqueretur

508 2575 542 2613 a
570 2564 922 2631 tyranno,et
953 2579 1067 2618 non
1100 2565 1356 2635 prodidit
1404 2569 1762 2637 conjuratos,
1823 2572 1879 2621 et
1953 2567 2148 2622 novis-

509 2647 657 2703 sime
686 2648 950 2721 linguam
977 2668 1144 2707 suam
1176 2663 1493 2710 comestam
1535 2655 1595 2710 in
1651 2655 1856 2710 faciem
1913 2655 2148 2728 tyranni

507 2736 762 2808 exspuit,
798 2743 864 2793 ut
892 2739 1038 2794 nihil
1069 2756 1240 2812 agere
1285 2758 1347 2797 se
1396 2743 1613 2798 scirent
1667 2747 1977 2814 tormenta,
2036 2745 2147 2800 etsi

509 2823 663 2880 ultra
695 2834 1156 2896 perseverarent.
1189 2829 1332 2885 Nam
1368 2831 1523 2902 quod
1563 2831 1735 2887 hodie
1769 2832 1922 2904 apud
1975 2832 2143 2889 Lace-

504 2914 806 2970 daemonas
840 2915 1183 2975 solemnitas
1227 2920 1486 2976 maxima
1530 2925 1637 2990 est,
1695 2915 2143 2995 διαμαστίγωσις,

504 2998 565 3053 id
599 3005 690 3056 est
737 3002 1044 3074 ﬂagellatio
1103 3007 1237 3077 (16),
1299 3023 1412 3062 non
1470 3007 1630 3063 latet.
1679 3013 1745 3063 In
1812 3025 1925 3081 quo
1980 3027 2146 3067 sacro

505 3094 640 3143 ante
672 3107 834 3145 aram
887 3093 1112 3149 uobiles
1170 3095 1381 3167 quique
1439 3098 1838 3154 adolescentes
1900 3099 2147 3173 ﬂagellis

508 3177 872 3249 afﬂiguntur,
908 3183 1236 3240 astantibus
1270 3186 1609 3257 parentibus
1655 3192 1712 3242 et
1769 3188 2138 3261 propinquis,

2241 615 2297 663 et
2323 607 2500 662 animi
2535 607 2746 676 vigore,
2784 609 2846 658 ut
2887 602 3171 675 gladium,
3232 601 3448 673 ignem,
3495 615 3750 668 crucem,
3785 597 3882 653 be-

2241 697 2411 764 stias,
2444 700 2734 752 tormenta
2776 696 3178 761 contemnant,
3232 691 3342 746 sub
3393 689 3630 762 praemio
3685 685 3881 743 laudis

2241 786 2536 854 humanae,
2571 799 2806 856 possum
2839 782 3057 849 dicere,
3091 780 3330 836 modicae
3369 783 3509 834 sunt
3563 779 3688 833 ista:
3747 793 3880 848 pas-

2245 874 2443 931 siones
2473 875 2543 929 ad
2576 872 3048 928 consecutionem
3071 868 3267 942 gloriae
3298 866 3554 924 caelestis
3568 873 3626 923 et
3673 865 3883 921 divinas

2245 963 2556 1020 mercedis.
2589 961 2645 1017 Si
2676 961 2828 1016 tanti
2859 961 3096 1030 vitrum,
3141 956 3346 1031 quanti
3399 955 3787 1029 margaritum
3837 954 3882 988 ³⁷

2242 1055 2358 1123 (17)
2383 1051 2405 1106 ?
2431 1053 2570 1119 Quis
2601 1067 2737 1122 ergo
2768 1067 2884 1105 non
2916 1047 3304 1104 libentissime
3333 1049 3565 1101 tantum
3590 1060 3695 1118 pro
3753 1059 3883 1100 vero

2242 1141 2457 1198 habeat
2485 1156 2741 1212 erogare,
2769 1142 3060 1211 quantum
3093 1135 3190 1192 alii
3221 1151 3326 1209 pro
3347 1133 3494 1191 falso
3520 1133 3550 1189 ?

2935 1252 3168 1310 CAPUT
3199 1251 3264 1306 V.

2317 1363 2535 1420 Omitto
2561 1379 2717 1417 nunc
2746 1360 2947 1434 gloriae
2976 1375 3236 1416 causam.
3269 1357 3476 1414 Eadem
3492 1357 3692 1413 omnia
3722 1355 3886 1411 savi-

2246 1462 2339 1518 tiae
2387 1465 2446 1518 et
2500 1460 2798 1517 cruciatus
2855 1459 3173 1515 certamina
3223 1458 3345 1527 jam
3414 1455 3569 1528 apud
3619 1453 3890 1510 homines

2247 1549 2536 1606 affectatio
2567 1548 2681 1622 (18)
2714 1562 2947 1620 quoque
2985 1551 3043 1602 et
3100 1546 3345 1601 morbus
3400 1544 3643 1616 quidam
3703 1540 3886 1598 animi

2247 1638 2628 1695 conculcavit.
2673 1640 2823 1703 Quot
2842 1636 3060 1692 otiosos
3113 1633 3401 1690 affectatio
3457 1647 3757 1689 armorum
3812 1631 3884 1685 ad

2248 1728 2510 1801 gladium
2545 1727 2695 1783 locat
2715 1725 2799 1780 ’3?
2829 1725 2992 1780 Certe
3040 1723 3111 1779 ad
3157 1723 3308 1778 feras
3367 1721 3528 1792 ipsas
3581 1719 3889 1776 affectione

2247 1817 2634 1887 descendunt,
2666 1820 2722 1872 et
2742 1816 2813 1870 de
2843 1812 3140 1869 morsibus
3163 1815 3220 1867 et
3250 1812 3321 1867 de
3351 1809 3724 1866 cicatricibus
3772 1809 3887 1863 for-

2251 1905 2532 1961 mosiores
2563 1905 2675 1961 sibi
2705 1903 2993 1959 videntur.
3018 1903 3145 1957 lam
3177 1904 3235 1956 et
3258 1901 3330 1956 ad
3362 1899 3528 1971 ignes
3557 1897 3796 1970 quidam
3827 1913 3890 1953 se

2256 1997 2694 2059 autoraverunt,
2734 1997 2798 2047 ut
2846 1993 3070 2045 certum
3119 1989 3376 2062 spatium
3426 1988 3485 2042 in
3543 1985 3742 2043 tunica
3797 2002 3890 2041 ar-

2253 2085 2424 2139 dente
2454 2082 2563 2154 (19)
2597 2081 2969 2137 conficerent.
3000 2077 3112 2133 Alii
3160 2077 3314 2133 inter
3357 2080 3709 2132 venatorum
3766 2078 3891 2129 tau-

2253 2189 2383 2229 reas
2413 2170 2673 2244 scapulis
2697 2166 3144 2242 patientissimis
3174 2165 3708 2222 inambulaverunt.
3738 2163 3892 2231 Haec,

2253 2261 2573 2327 benedicti,
2606 2276 2719 2315 non
2751 2257 2879 2314 sine
2935 2273 3113 2313 causa
3161 2255 3444 2311 Dominus
3492 2254 3552 2310 in
3611 2251 3890 2310 sasculum

2256 2350 2517 2420 admisit,
2547 2349 2647 2405 sed
2680 2348 2748 2402 ad
2786 2363 2891 2402 nos
2920 2349 2978 2402 et
3007 2361 3164 2400 nunc
3191 2345 3236 2380 ¹⁹
3275 2343 3690 2414 exhortandos,
3733 2345 3792 2397 et
3831 2341 3889 2395 in

2254 2439 2355 2495 illo
2399 2440 2491 2496 die
2538 2436 3001 2505 confundendos,
3043 2434 3090 2489 si
3148 2431 3720 2490 reformidaverimus
3773 2429 3896 2503 pati

2255 2545 2358 2601 pro
2391 2526 2628 2583 veritate
2659 2526 2718 2580 in
2751 2524 3020 2592 salutem,
3049 2539 3176 2595 quae
3207 2521 3306 2578 alii
3335 2521 3751 2578 affectaverunt
3789 2536 3893 2592 pro

2256 2617 2510 2674 vanitate
2538 2616 2597 2671 in
2629 2614 3036 2688 perditionem.

2928 2724 3158 2782 CAPUT
3187 2723 3283 2779 VI.

2327 2835 2436 2892 Sed
2459 2835 2581 2889 haec
2611 2832 2877 2905 exempla
2901 2831 3243 2887 constantiae
3269 2829 3615 2885 omittamus
3644 2828 3717 2884 de
3752 2827 3894 2883 afte-

2257 2924 2511 2980 ctatione
2537 2921 2849 2978 venientis.
2882 2921 3301 2976 Convertamur
3330 2918 3401 2974 ad
3452 2917 3643 2989 ipsam
3701 2915 3896 2972 condi-

2257 3013 2437 3069 tionis
2469 3012 2741 3067 humanzs
2791 3007 3368 3081 contemplationem,
3400 3011 3468 3062 ut
3522 3009 3579 3063 et
3633 3005 3735 3060 illa
3789 3021 3898 3060 nos

2259 3103 2579 3168 instruant,
2611 3101 2659 3156 si
2687 3117 2803 3172 qua
2832 3103 3168 3154 constanter
3189 3097 3461 3153 adeunda
3489 3095 3630 3165 sint,
3663 3111 3792 3166 quis
3841 3099 3901 3148 et

2258 3190 2456 3246 invitis
2487 3191 2634 3246 627
2669 3188 2896 3243 evenire
2928 3189 3372 3242 consueverunt.
3424 3183 3701 3248 Quotiens
3741 3181 3898 3237 enim

505 3268 564 3318 et
613 3266 696 3321 uti
765 3275 1135 3340 perseverent
1191 3274 1661 3332 adhortantibus.
1723 3275 2144 3334 Ornamentum
2177 3254 2220 3322 Ο
2259 3279 2528 3335 incendia
2557 3277 2716 3332 vivos
2747 3279 3149 3353 cremaverunt
3170 3273 3280 3345 {20)
3317 3271 3330 3327 Ι
3365 3271 3634 3345 quotiens
3666 3272 3819 3341 ferai,
3843 3275 3902 3325 et

507 3354 664 3452 enim
688 3360 746 3453 et
765 3356 1360 3453 gloria-deputabitur
1391 3367 1610 3436 majore
1649 3366 1886 3437 quidem
1955 3367 2145 3436 titulo,

508 3446 556 3496 si
612 3446 809 3501 anima
860 3446 1057 3517 potius
1113 3451 1352 3506 cesserit
1431 3454 1641 3526 plagis,
1685 3471 1855 3525 quam
1915 3472 2147 3529 corpus.

2260 3367 2514 3422 intilvis
2545 3367 2669 3422 suis
2699 3371 2751 3420 el
2785 3366 2843 3419 in
2875 3363 3086 3419 mediis
3141 3361 3477 3418 civitatibus
3534 3360 3746 3432 elapsae
3803 3375 3897 3416 ca-

2258 3457 2382 3512 veis
2431 3456 2570 3528 (21),
2597 3453 2862 3510 homines
2893 3452 3342 3508 devoraveruntl
3396 3455 3538 3524 quot
3588 3467 3622 3505 a
3659 3447 3898 3504 latroni-

1909 3603 2112 3663 Variee
2160 3601 2482 3664 lectiones.

582 3713 627 3747 ²²
651 3715 986 3795 Cumewn.
1063 3718 1277 3795 ’{CuAm
1309 3723 1458 3795 abest
1485 3729 1642 3778 Pam.
1719 3726 1764 3759 "
1794 3728 2084 3791 Quantum
2119 3726 2415 3782 tormenti.
2451 3725 2573 3781 Non
2607 3725 2801 3795 itaque
2831 3721 3006 3778 cessit
3036 3719 3318 3795 carnifici,
3369 3724 3480 3775 etc.
3537 3719 3666 3795 Jun.
3699 3717 3898 3795 itaque

513 3799 618 3838 nec
651 3786 827 3841 cessit
854 3790 1039 3843 Latin.
1118 3792 1164 3824 ³⁵
1194 3792 1497 3850 Carnificis
1526 3796 1692 3850 Semt.

509 3855 550 3888 ³⁸
580 3856 836 3915 Fortasse
857 3865 1021 3916 vocat
1047 3863 1175 3919 Jun.
1253 3864 1300 3899 ²⁰
1327 3865 1488 3923 Tunc
1517 3867 1647 3924 alii.

1769 3798 1812 3832 ³⁸
1842 3803 1974 3866 Quae
2000 3801 2164 3854 fv‘ran.
2241 3799 2282 3832 ³⁷
2314 3797 2482 3853 Tanti
2513 3791 2764 3854 vitreum
2795 3795 2816 3850 ?
2845 3793 3048 3866 quanti
3075 3809 3274 3847 verum
3304 3791 3690 3864 margaritum
3719 3791 3897 3846 Rhen.

1924 3983 2449 4048 Commentarius.

583 4083 791 4172 (ξβψι
821 4088 1058 4172 gloriam
1100 4093 1344 4172 castitati
1387 4108 1513 4172 sita:-
1555 4102 1795 4172 pareret.
1859 4096 1981 4172 Non
2035 4096 2147 4172 fuit

512 4157 1069 4240 pudicitizacaritas,
1095 4164 1468 4240 sed__pudoris
1500 4157 1835 4224 infirmitas.
1869 4169 2144 4240 Augusti-

516 4244 630 4282 nus
660 4227 760 4284 lib.
792 4229 856 4286 (ιθ
885 4233 998 4288 Civ.
1033 4227 1150 4289 Dei.
1188 4227 1311 4291 Hic.

587 4300 930 4384 (f4)._ll.lutias
953 4306 1251 4384 dexteram
1278 4323 1459 4364 suam.
1497 4308 1704 4384 Procul
1742 4311 1919 4366 dubio
1977 4310 2154 4366 sentit

517 4371 920 4455 Tertullianus
949 4377 1194 4455 Matium
1227 4395 1294 4433 ex
1324 4396 1390 4455 eo
1416 4379 1942 4455 vulnerecremataa
1962 4388 2153 4437 dexte-

518 4450 875 4528 raa‘an'i‘ma'm
911 4450 1379 4528 amisisselquod
1412 4451 1470 4506 in
1513 4452 1745 4509 nemine
1789 4455 2152 4528 scriptorum

518 4515 657 4598 vidi.
692 4515 861 4598 Ponit
889 4519 1053 4598 enim
1075 4522 1134 4574 in
1167 4515 1438 4598 Catalogo
1469 4539 1672 4580 eorum
1705 4526 1801 4595 qui
1835 4515 2152 4583 se.volun-

513 4589 664 4640 taria
698 4595 882 4644 morte
915 4593 1289 4648 confecerint.
1309 4589 1439 4650 [εἷς.

587 4657 697 4734 (15)
723 4661 1044 4734 Heraclitus.
1081 4665 1156 4730 ls,
1194 4665 1274 4719 uti
1308 4665 1607 4721 adnotavit
1654 4667 1863 4734 Rhen.,
1921 4667 2152 4724 labora-

516 4727 616 4783 bat
648 4727 846 4810 morbo
879 4749 1041 4803 aqua;
1072 4727 1404 4810 intercutis,
1437 4745 1495 4793 et
1529 4755 1664 4795 cum
1697 4727 1963 4796 obscuris
2021 4757 2147 4796 ser-

517 4802 792 4894 monibus
830 4802 1102 4890 assuetus
1150 4807 1330 4894 homo
1383 4802 1764 4894 querendum
1814 4828 1846 4868 e
1903 4812 2146 4868 medicis

507 4878 1058 4962 jussissetmum‘ex
1073 4878 1261 4962 imbre
1284 4878 1645 4962 siccilitatem
1668 4883 1856 4940 facere
1887 4889 2145 4957 possent,

517 4947 575 5033 et
605 4944 682 5033 alb
710 4944 826 5028 illis
883 4949 1008 5033 ludi
1039 4967 1127 5033 _se
1152 4953 1511 5033 putantibus
1563 4955 1774 5033 fuisset
1821 4944 2146 5033 neglectus,

517 5016 750 5102 tandem
785 5017 910 5102 ipse
932 5021 1050 5102 sibi
1076 5016 1387 5080 subvenire
1405 5026 1634 5102 _vo_lens,
1671 5016 1932 5102 bubulis"
1955 5016 2147 5084 exere:

520 5090 737 5173 mentis
763 5090 942 5173 oblini
974 5110 1185 5166 corpus
1209 5097 1671 5154 suuminﬂatum
1703 5099 1964 5156 fecit.Est
1994 5101 2150 5173 apud

518 5161 836 5227 Laertium,
871 5169 1018 5219 PAM.

730 5235 1187 5318 ᾼιεξμαςτίχωσις,
1304 5245 1385 5318 est
1413 5241 1745 5318 ﬂagellatio.
1788 5243 1974 5314 Hujus
2003 5259 2147 5299 ‘me-

517 5310 689 5380 minit
719 5310 862 5380 etin
897 5311 1123 5380 Apotog.
1161 5311 1272 5366 sub
1302 5310 1500 5366 finem.
1534 5312 1710 5367 BHEN.

589 5375 704 5459 (17).
751 5379 908 5462 ’ζειριί
939 5375 1202 5462 mitram,
1233 5385 1432 5462 gilanti
1482 5383 1889 5462 Margarttum}
1942 5389 2151 5462 Forma

517 5447 728 5518 adagii.
765 5449 1098 5525 Hieronym.
1132 5447 1205 5508 ad
1232 5447 1483 5510 Laetam:
1521 5475 1542 5505 ι
1597 5447 1656 5510 Si
1706 5457 1853 5510 tanti
1911 5457 2147 5522 vitrum,

518 5535 845 5604 quarenon
878 5525 1119 5604 majoris
1151 5526 1328 5604 pretii
1349 5529 1427 5604 sit
1449 5525 1875 5604 margaritum?
1906 5549 1939 5604 ῃ
1962 5528 2030 5582 Et
2077 5529 2148 5604 ad

521 5589 990 5672 Demetriadem;
1023 5589 1212 5653 adhuc
1259 5599 1330 5653 ad
1387 5589 1698 5672 Salvinam.
1759 5598 2024 5672 sumitur
2077 5601 2148 5654 ad

520 5661 1272 5745 eaplicandamuingentem
1329 5686 1545 5745 rerum_
1579 5668 2029 5745 inaaqualitatem
2095 5676 2152 5726 et

517 5736 879 5818 distantiam.
917 5736 1067 5796 Nam
1093 5742 1226 5818 quis
1257 5743 1556 5812 comparat
1582 5736 1800 5795 vitrum
1832 5755 1966 5796 cum
1993 5757 2150 5797 mar-

517 5811 729 5879 garito,
761 5811 875 5868 nisi
904 5811 1163 5868 amens?
1193 5813 1320 5868 Lac.

2326 4095 2438 4173 (f8)
2487 4092 2645 4173 Apud
2697 4089 3279 4173 hominesOaﬁect‘atiol.
3337 4088 3472 4152 Qum
3523 4088 3622 4173 abm
3641 4086 3904 4173 Ethnicis

2257 4158 2431 4237 paulo
2464 4158 2798 4237 religiosius
2847 4161 2971 4237 fieri
3000 4158 3370 4237 videbantur,
3418 4177 3488 4215 ea
3513 4158 3895 4237 _af1‘ectati_oni

2259 4231 2542 4308 tanquam
2574 4231 2776 4291 inorbo
2791 4235 3025 4308 cuidam
3057 4231 3486 4308 tribuebantur,
3510 4231 3592 4286 ita
3625 4231 3902 4286 utfictum

2253 4303 2572 4380 judicetur,
2608 4314 2666 4363 et
2693 4307 3010 4363 tantumad
3059 4303 3534 4371 ostentationem,
3594 4319 3709 4357 non
3766 4319 3903 4358 vera

2259 4382 2471 4437 virtus.
2507 4381 2632 4435 Lac.

2331 4453 2444 4523 (49)
2475 4453 2539 4507 In
2570 4451 2760 4523 tanien
2787 4449 3030 4523 ardente.
3062 4445 3286 4523 Tunica
3335 4444 3437 4523 illa
3491 4448 3617 4500 erat
3667 4444 3794 4523 pice
3843 4449 3900 4498 et

2261 4517 2550 4602 bitumine
2579 4522 2748 4588 illita,
2783 4519 3310 4602 quainduebantur
3335 4517 3474 4572 olim
3498 4517 3896 4602 ‘sanctinmar-

2260 4600 2416 4672 tyres
2446 4587 2854 4672 antequam_i_n
2904 4591 3121 4672 _i.gn_em_
3167 4589 3612 4672 projiceren‘tur.
3677 4587 3904 4672 Tunica

2182 4699 2228 4764 D
2261 4659 2743 4764 ampliata
2773 4659 3046 4731 Martiali,
3080 4659 3277 4733 Epigr.
3309 4662 3402 4716 25.
3437 4659 3538 4716 lib.
3581 4677 3637 4725 x,
3687 4665 3745 4715 et
3798 4662 3900 4715 Ju-

2261 4738 2453 4797 venali
2485 4739 2607 4794 Sat.
2634 4738 2668 4791 8
2693 4753 2708 4792 :

2567 4843 2718 4903 Quod
2747 4842 2905 4893 liceat
2934 4841 3114 4893 tunica
3141 4839 3336 4904 punire
3379 4837 3624 4889 molesta.
3724 4837 3836 4888 Βία.

2331 4953 2445 5024 (μο)
2479 4953 2735 5022 Quotiens
2775 4952 2923 5008 enim
2965 4948 3226 5024 incendia
3283 4949 3432 5024 vivos
3485 4949 3890 5024 cremaverunt.

2260 5018 2470 5082 omisit
2496 5018 2836 5081 morborum
2871 5020 3260 5094 quorumdam
3275 5018 3658 5094 acutissimas
3672 5018 3897 5073 crucia-

2258 5103 2377 5162 tus,
2411 5106 2465 5153 et
2497 5097 2771 5164 febrium,
2805 5089 3355 5167 quarum__incendia
3410 5089 3758 5167 plerumque
3814 5094 3901 5161 ty-

2260 5161 2520 5225 rannicis
2549 5161 3001 5236 terrior’afcerte
3031 5162 3430 5219 diuturniora:
3457 5163 3622 5236 quod
3663 5161 3900 5236 elegan-

2259 5247 2361 5310 ter‘
2377 5239 2704 5310 observavit
2722 5231 3145 5310 ad'Epictetum
3165 5251 3341 5310 suum
3374 5231 3644 5310 Arianus.
3672 5231 3779 5310 lib:
3802 5249 3860 5287 χι
3883 5247 3895 5287 :

2260 5296 2534 5368 Οὐδίποτε
2563 5306 2741 5372 οὐδεὶς
2766 5296 3024 5382 τύρῖιννος
3053 5305 3128 5432 ἓξλ
3170 5305 3304 5377 μησί
3359 5323 3482 5358 τινα
3534 5296 3740 5380 ἔσφαξε,
3798 5323 3897 5356 πυ-

2262 5383 2412 5432 me:
2453 5379 2509 5432 δὲ
2563 5381 2653 5432 καὶ
2711 5381 2934 5432 ἐνιαυτῶ
2980 5375 3088 5432 πολ
3134 5377 3270 5432 άκις.
3332 5376 3554 5431 Ibidem
3614 5375 3695 5432 ait
3743 5375 3896 5430 nihil

2261 5383 2412 5456 ρετὸς
2453 5379 2509 5436 δὲ
2563 5381 2653 5435 καὶ
2693 5375 2934 5456 suam
2980 5375 3270 5456 πολλάκις.
3332 5376 3554 5456 Ibidem
3607 5375 3695 5456 ait
3743 5375 3896 5456 nihil

2261 5446 2473 5511 referre
2503 5471 2622 5526 qua
2649 5455 2743 5508 via
2774 5446 3146 5525 perveniatur
3192 5451 3263 5526 ad
3325 5452 3591 5526 mortem.
3645 5451 3796 5526 Imo,
3850 5446 3898 5526 si

2258 5544 2462 5583 verum
2488 5519 2792 5592 amamus;
2814 5541 2947 5579 eum
3006 5539 3135 5578 esse
3191 5520 3540 5587 breviorem,
3595 5535 3712 5589 qua
3763 5519 3897 5573 duci

2251 5600 2421 5671 jubet
2435 5603 2741 5670 tyrannus.
2775 5597 2898 5671 Bia.

2330 5659 2536 5742 (21)"Et
2563 5672 2624 5742 in
2673 5669 2871 5724 mediis
2925 5663 3237 5742 ciuitatibus
3291 5662 3498 5730 elapsa
3550 5661 3744 5716 caveis.
3793 5659 3893 5715 Hic

2257 5737 2577 5796 venit'rnihi
2607 5739 2665 5793 in
2700 5743 2954 5796 mentem
2982 5737 3232 5792 duarum
3270 5748 3549 5789 saevarum
3597 5748 3890 5801 ursarum,

2261 5827 2408 5884 quas
2433 5809 2880 5868 Valentinianus
2898 5809 3198 5881 Augustus
3228 5801 3439 5873 alebat,
3455 5816 3658 5861 earum
3687 5817 3893 5860 caveas
