4262 6364
451 397 559 455 701
1820 402 1921 460 DE
1965 401 2517 464 SPECTACULIS.
3730 399 3865 458 ‘702

452 530 563 585 bus
585 530 757 596 ferro,
789 530 859 585 ab
891 530 1161 588 hostibus
1219 534 1396 589 etiam
1447 550 1619 589 cruce
1662 534 1900 589 extincti
1941 540 2098 602 sunt,
2131 539 2183 603 Α
2217 539 2446 606 quantae
2479 534 2796 606 qualesque
2827 548 3086 605 personas
3144 530 3497 603 inepinatos,
3546 529 3866 590 natalibus,

455 619 591 675 torti
620 619 931 690 prius,imo
963 624 1019 675 et
1052 622 1211 677 omni
1271 623 1625 677 contumelia
1654 624 2100 694 expuncti(23;3)l
2216 629 2271 679 et
2304 624 2711 695 dignitatibus,
2773 627 2829 679 et
2880 622 3238 693 corporibus,
3300 625 3356 675 et
3407 620 3678 674 aetatibus
3717 619 3863 687 suis,

453 712 634 763 Nemo
667 725 784 763 non
808 709 982 764 etiam
1018 709 1276 766 hominis
1309 728 1489 766 causa
1540 712 1691 767 628
1743 715 1861 783 pati
1893 718 2103 782 potest,
2215 713 2407 768 exitus
2459 716 2735 779 referunt,
2796 712 3052 767 hominis
3102 726 3316 766 causa:
3374 715 3475 764 aut
3515 709 3587 763 ab
3633 708 3781 779 ipso,
3818 707 3866 761 si

454 798 690 869 quodin
721 813 900 853 causa
929 797 1030 853 Dei
1090 799 1209 870 pati
1262 799 1512 854 dubitat.
1572 801 1651 854 Ad
1705 800 1813 855 hoc
1864 801 2104 872 quidem
2214 808 2417 857 contra
2446 818 2580 857 eum
2619 802 2893 857 fecerint:
2929 804 3031 855 aut
3088 800 3159 855 ab
3221 799 3571 855 adversariis
3630 798 3779 867 ejus,
3814 797 3863 852 si

450 886 541 943 vel
591 887 901 959 praesentia
981 887 1151 944 nobis
1225 892 1490 960 tempora
1546 890 1898 945 documenta
1963 890 2102 957 sint,
2216 907 2319 963 pro
2352 907 2418 946 eo
2451 892 2740 946 steterint.

1822 1016 2338 1079 Commentarius.

447 1120 618 1189 juxta
649 1118 983 1173 cubiculum
1018 1135 1191 1173 suum
1226 1119 1418 1177 locare
1475 1120 1705 1176 solitus.
1738 1120 1907 1176 Alteri
1943 1123 2105 1179 Minas
2282 1141 2474 1180 χχχιι.
2510 1124 2689 1179 RnaN.

454 1208 885 1272 aureas‘nomen
935 1196 1079 1272 erat,
1114 1192 1275 1272 alteri
1338 1193 1706 1272 Innocentius.
1742 1194 2099 1272 Multosillai
2280 1196 2394 1272 _(_'3_2)
2428 1196 2591 1272 Omni
2632 1195 2964 1272 contumelia
3005 1194 3283 1272 expuncli.
3348 1190 3447 1272 llic
3495 1190 3665 1272 audis
3714 1190 3858 1272 Ter-

454 1262 733 1319 mortales
763 1262 1086 1337 laniarunt,
1134 1264 1358 1320 ridente
1411 1270 1468 1319 et
1527 1266 1635 1321 hac
1693 1266 1910 1321 saevitia
1939 1266 2097 1322 dele-
2210 1262 2441 1322 tul'lia'ni
2471 1269 2711 1322 verbum
2738 1284 2751 1334 ;
2776 1266 3069 1337 signiticet
3100 1263 3241 1319 nihil
3285 1262 3648 1337 contumeliae
3680 1262 3856 1316 omis-

456 1340 608 1392 ctato
664 1335 948 1408 principe.
1007 1341 1226 1391 Auctor
1284 1338 1629 1394 Ammianus
1686 1336 1936 1394 Marcell.
1995 1338 2096 1394 lib.
2210 1339 2801 1410 sum,quodillinon
2834 1335 2951 1394 sint
2980 1338 3265 1409 perpessi.
3300 1336 3482 1390 RHEN.

632 1651 818 1851 Ο.
954 1652 1508 1818 SEPT.
1638 1655 2217 1823 FLOR.
2346 1650 3692 1822 TERTULLIANI

1436 1935 1651 2056 DE
1765 1934 2879 2061 SPECTAGULIS

1953 2156 2173 2213 LIBER.

523 2430 659 2480 Cum
694 2442 811 2482 non
844 2427 1031 2484 Romae
1062 2428 1268 2499 solum,
1297 2430 1393 2484 sed
1428 2445 1525 2498 per
1580 2428 1895 2498 provincias
1934 2429 2108 2484 etiam
2159 2436 2383 2499 propter
2430 2428 2616 2484 Severi
2658 2428 2899 2483 reditum
2950 2425 3354 2493 victoriamque
3402 2422 3472 2479 de
3519 2420 3721 2477 Albino
3768 2435 3856 2476 re-

452 2523 725 2585 portatam
775 2517 1073 2573 ederentur
1120 2517 1462 2588 spectacula,
1511 2517 1685 2573 libros
1732 2517 1798 2571 de
1851 2518 2185 2588 Spectaculis
2235 2525 2287 2572 et
2331 2518 2396 2573 de
2443 2517 2760 2572 Idololatria
2810 2532 2874 2572 ea
2903 2514 3202 2572 occasione
3231 2511 3525 2581 scripsisse
3553 2507 3856 2564 Tertullia-

450 2619 587 2659 num
614 2606 697 2661 Cl.
746 2606 1052 2662 Naasseltus
1100 2607 1529 2664 demonstravit.
1590 2606 1865 2675 Nonnulli
1919 2606 2181 2677 equidem
2225 2610 2547 2676 conjectant
2588 2606 2796 2661 librum
2846 2605 2910 2661 de
2962 2603 3300 2675 Spectaculis
3347 2601 3448 2655 abs
3510 2597 3859 2654 Tertulliano

451 2695 829 2764 compositum
859 2696 1032 2751 fuisse
1064 2698 1119 2752 in
1155 2697 1560 2767 Montanismo,
1596 2699 1725 2766 quia
1754 2697 1811 2751 in
1853 2695 1953 2750 illo
1985 2697 2055 2751 iis
2103 2696 2395 2759 suffragari
2448 2697 2682 2761 videtur,
2735 2697 2832 2764 qui
2883 2694 3254 2750 revelationes
3305 2691 3570 2760 petebant
3602 2685 3858 2755 (Tertull.

453 2782 549 2838 lib.
580 2782 644 2838 de
672 2783 845 2855 Spect.
878 2801 1002 2856 cap.
1058 2785 1171 2856 29).
1227 2786 1436 2841 Verum
1487 2786 1611 2856 quis
1669 2787 1869 2848 nescit,
1902 2794 1955 2841 et
1983 2786 2140 2855 ipsos
2168 2785 2431 2842 Ecclesiae
2464 2785 2761 2842 catholicae
2794 2793 3069 2857 martyres
3097 2781 3466 2838 revelationes
3505 2794 3537 2832 a
3592 2776 3706 2831 Deo
3735 2790 3862 2844 pos-

452 2871 678 2941 tulasse,
738 2880 797 2927 ut
844 2874 1038 2929 videre
1085 2880 1168 2929 est
1216 2874 1275 2928 in
1329 2874 1473 2929 actis
1518 2879 1845 2929 sanctarum
1896 2874 2182 2944 Perpetua:
2231 2883 2284 2929 et
2315 2875 2619 2930 Felicitatis
2650 2874 2835 2946 (XXXV
2863 2877 2994 2929 Acta.
3022 2873 3268 2934 sincera,
3303 2867 3556 2935 Ruinari,
3590 2882 3714 2935 pag.
3746 2863 3859 2935 87),

451 2976 576 3029 qua
636 2960 861 3029 publica
907 2963 967 3017 in
1014 2963 1270 3017 collectis
1330 2962 1658 3017 legebantur
1708 2963 2056 3032 temporibus
2118 2965 2179 3019 D.
2233 2964 2538 3030 Augustini
2587 2966 2783 3030 (Serm.
2836 2962 3009 3030 280)?
3041 2963 3214 3026 Adde,
3248 2959 3391 3029 quod
3424 2962 3479 3010 S.
3538 2954 3858 3024 Cyprianus

449 3064 712 3117 expresse
768 3056 998 3114 asserat,
1052 3050 1407 3106 confessores
1457 3052 1527 3106 de
1576 3051 1899 3106 imminenti
1940 3067 2139 3106 eorum
2188 3052 2455 3120 martyrio
2504 3068 2599 3121 per
2649 3052 2920 3105 visionem
2977 3066 3126 3119 saepe
3173 3046 3496 3103 admonitos
3526 3042 3699 3096 fuisse
3730 3040 3859 3109 (Cy-

449 3136 631 3205 prian.
667 3137 827 3206 epist.
864 3138 927 3192 41
964 3146 1016 3193 et
1048 3138 1155 3209 16).
1189 3142 1322 3193 Utnt
1352 3146 1540 3194 autem
1598 3139 1715 3194 haec
1745 3140 1881 3206 sint,
1928 3147 2083 3195 certe
2124 3155 2326 3209 scepus
2378 3140 2545 3209 hujus
2594 3147 2861 3195 tractatus
2894 3138 2995 3192 fuit
3024 3138 3173 3206 apud
3206 3132 3646 3195 Tertullianum,
3696 3127 3861 3183 Chri-

447 3222 663 3280 stianos
716 3225 980 3296 ipsosque
1009 3227 1447 3283 catechumenos
1478 3245 1512 3283 a
1554 3229 1898 3297 spectaculis
1946 3244 2200 3293 avocare,
2252 3228 2694 3283 demonstrando
2747 3243 2917 3297 quam
2966 3224 3350 3281 inverecunda
3382 3221 3494 3275 sint
3538 3215 3863 3287 hujusmodi

445 3311 880 3382 oblectamenta,
913 3332 1057 3371 veras
1090 3316 1282 3385 pietati
1313 3316 1604 3386 cultuiqne
1638 3316 1863 3372 sincero
1896 3332 2065 3387 quem
2119 3318 2229 3372 Deo
2281 3315 2573 3385 debemus,
2625 3317 2926 3381 contraria,
2977 3321 3143 3383 atque
3192 3312 3261 3366 iis
3303 3310 3469 3365 etiam
3502 3306 3708 3361 infesta
3765 3303 3865 3373 qui

447 3400 625 3457 fastus
652 3405 870 3471 mundi,
903 3405 1217 3475 VOIUptates
1264 3421 1330 3461 ac
1376 3404 1754 3461 idololatriam
1807 3408 2118 3475 ejurarunt.
2174 3406 2357 3462 Primo
2388 3408 2500 3463 duo
2530 3404 2851 3476 plausibilia
2894 3403 3253 3461 ethnicorum
3285 3402 3621 3469 argumenta
3674 3409 3864 3450 remo-

445 3497 555 3557 vet,
585 3508 822 3561 quorum
854 3494 1104 3564 primum
1130 3509 1144 3551 :
1178 3494 1334 3550 Nihil
1365 3495 1676 3566 obstrepere
1705 3494 1973 3563 religioni
2002 3497 2062 3550 in
2091 3498 2281 3551 animo
2311 3499 2364 3550 et
2395 3497 2455 3550 in
2483 3496 2821 3551 conscientia
2865 3496 3020 3549 tanta
3065 3491 3267 3546 solatia
3315 3489 3683 3544 exstrinseous
3736 3497 3868 3566 acu:

448 3580 648 3649 lorum,
680 3583 767 3638 vel
795 3584 1048 3651 aurium,
1079 3600 1177 3640 nec
1200 3600 1325 3641 vero
1355 3587 1524 3641 Deum
1553 3585 1755 3657 o/fendz
1785 3584 2145 3642 oblectatione
2187 3585 2464 3654 hominis;
2512 3586 2828 3641 secundum
2863 3601 2876 3639 :
2928 3583 3285 3647 Christianos,
3344 3576 3670 3646 expeditum
3696 3555 3870 3671 mort;

447 3684 637 3740 genus,
671 3672 745 3727 ad
773 3673 923 3729 hanc
950 3675 1381 3730 obstinationem
1412 3675 1628 3730 erudiri
1668 3676 2023 3730 abdicatione
2070 3674 2429 3747 voluptatum,
2476 3688 2579 3746 quo
2625 3673 2855 3745 facilius
2906 3674 3078 3727 vitam
3124 3672 3507 3736 contemnant,
3561 3661 3842 3734 amputati

450 3760 611 3828 quasi
636 3763 962 3817 retinaculis
1007 3764 1144 3835 ejus.
1188 3764 1434 3834 Explosa
1480 3765 1613 3819 dein
1670 3762 1780 3820 alio
1822 3762 2059 3820 ridicula
2107 3764 2424 3834 objections
2454 3778 2822 3834 paganorum,
2855 3760 3003 3832 quod
3037 3760 3232 3817 omnia
3260 3772 3381 3828 quae
3416 3756 3629 3811 theatro
3686 3751 3866 3807 inser-

452 3846 629 3917 viunt,
656 3853 826 3919 terra,
855 3867 1014 3919 saxa,
1048 3852 1251 3919 leo-nes,
1284 3852 1428 3907 vires
1457 3853 1719 3924 corporis,
1748 3854 1895 3908 vocis
1942 3853 2241 3909 suavitates
2296 3855 2408 3908 sint
2460 3868 2547 3908 res
2594 3870 2631 3908 a
2674 3852 2779 3907 Deo
2825 3855 3053 3917 creatae,
3102 3858 3269 3918 atque
3300 3852 3592 3917 propterea
3630 3856 3745 3896 non
3778 3854 3861 3895 re-

452 3937 781 4006 pudiandae,
832 3940 1156 4009 exceptioni
1205 3940 1580 4011 quorumdam
1652 3939 2103 3997 Christianorum
2148 3942 2547 4007 asserentium,
2600 3940 2662 3996 in
2706 3940 2993 4010 Scriptura
3039 3952 3199 3994 sacra
3258 3933 3466 3991 nullibi
3522 3927 3863 4001 spectaculis

448 4027 648 4083 adesse
698 4044 960 4100 expresse
1014 4028 1325 4101 prohiberi,
1357 4030 1596 4103 opponit
1626 4028 1725 4085 illa
1776 4030 1914 4102 regii
1943 4031 2272 4102 Prophetas:
2322 4034 2522 4088 Beatus
2549 4032 2655 4099 vir,
2687 4032 2786 4103 qui
2808 4045 2919 4086 non
2948 4030 3092 4085 abiit
3121 4029 3179 4084 in
3211 4024 3506 4082 concilium
3536 4020 3861 4091 impiorum,

451 4123 503 4171 et
531 4117 593 4172 in
615 4117 708 4173 via
731 4122 1081 4190 peccatorum
1110 4135 1221 4175 non
1249 4121 1415 4189 stetit,
1447 4126 1501 4175 et
1531 4120 1594 4175 in
1622 4120 1887 4177 cathedra
1910 4119 2258 4192 pestilentia
2286 4138 2394 4178 non
2421 4121 2560 4178 sedit
2590 4121 2760 4189 (Psal.
2796 4137 2834 4183 1,
2870 4119 2943 4191 1).
2984 4117 3153 4174 Addit
3182 4116 3314 4172 dein
3353 4112 3422 4168 ad
3474 4111 3621 4166 hanc
3667 4108 3862 4179 fugam

451 4206 629 4263 teneri
662 4207 877 4279 fideles,
911 4208 1046 4280 quia
1091 4224 1295 4280 aquam
1342 4210 1587 4282 ingressi
1633 4208 1803 4266 ﬁdem
1858 4210 2097 4281 professi
2149 4216 2303 4277 sunt,
2348 4217 2401 4268 et
2462 4211 2816 4266 renuntiasse
2860 4206 3086 4263 diabolo
3145 4211 3196 4261 et
3253 4219 3479 4275 pompae
3534 4208 3591 4257 et
3643 4195 3862 4268 angelis

452 4294 575 4364 ejus
621 4311 716 4351 ore
748 4311 849 4352 suo
880 4297 1178 4354 contestati
1209 4300 1364 4364 sunt,
1396 4303 1451 4354 ct
1482 4297 1645 4354 ludos
1672 4312 1737 4354 ac
1768 4298 2089 4369 spectacula
2132 4299 2199 4354 ad
2242 4299 2619 4356 idololatriam
2677 4297 2961 4369 pertinere
3010 4294 3277 4360 afﬁrmat,
3333 4308 3366 4347 a
3424 4306 3533 4361 qua
3582 4286 3861 4357 originem

452 4398 612 4439 suam
647 4385 883 4441 traxisse
920 4387 1288 4455 demonstrat,
1322 4390 1492 4457 atque
1519 4387 1785 4444 ludorum
1837 4388 2091 4455 nomine,
2143 4389 2472 4444 eorumdem
2523 4392 2855 4458 apparatum
2909 4383 3347 4447 idololatricum,
3409 4381 3535 4436 loca
3588 4373 3861 4446 supersti-

450 4471 595 4528 tiosa
631 4478 689 4528 et
731 4482 880 4530 artes
929 4482 1202 4531 recenset.
1255 4476 1335 4532 De
1381 4477 1532 4532 circo
1579 4477 1862 4532 disserens
1918 4477 2028 4533 ait:
2080 4478 2335 4548 quamvis
2383 4480 2568 4533 circus
2610 4476 2773 4532 idolis
2804 4483 2857 4529 et
2888 4474 3068 4546 signis
3098 4469 3497 4541 snperstiliosis
3550 4472 3696 4522 esset
3751 4463 3859 4517 im-

452 4562 658 4632 pletus,
691 4563 1070 4621 nihilominus
1109 4566 1459 4622 Christianos
1483 4574 1637 4622 extra
1691 4566 2140 4636 spectaculorum
2193 4574 2415 4639 tempus
2474 4568 2598 4622 sine
2644 4564 2884 4622 crimine
2919 4580 3082 4635 posse
3137 4563 3371 4627 intrare,
3434 4559 3580 4614 sicut
3635 4557 3696 4610 in
3740 4553 3862 4624 ipsa

451 4652 659 4723 templa
686 4653 986 4722 intrarent,
1021 4655 1069 4710 si
1108 4670 1276 4711 causa
1326 4654 1579 4711 intrandi
1629 4655 1797 4726 culpa
1844 4662 2027 4712 vacet.
2079 4656 2161 4713 De
2206 4656 2356 4714 circo
2401 4656 2603 4712 transit
2649 4655 2719 4711 ad
2768 4654 3044 4710 theatrum
3093 4648 3504 4722 particulariler
3559 4642 3765 4700 Veneri
3809 4646 3863 4697 et

452 4740 670 4799 Baccho
700 4750 1138 4813 consecratum;
1170 4744 1304 4800 inde
1358 4745 1430 4800 ad
1467 4745 1811 4801 athletarum
1860 4745 2171 4802 certamina
2216 4761 2318 4802 suo
2367 4760 2601 4817 quaeque
2632 4744 2857 4799 numini
2900 4748 3137 4808 sacrata,
3172 4746 3226 4796 et
3255 4739 3500 4807 denique
3529 4734 3599 4791 ad
3644 4730 3863 4804 gladia-

450 4836 617 4899 tores,
651 4832 745 4901 qui
775 4848 935 4889 suam
966 4833 1190 4903 pompis
1239 4832 1491 4889 tunereis
1530 4833 1807 4904 originem
1859 4832 2180 4903 debebant;
2235 4834 2433 4889 ultima
2480 4834 2599 4890 haec
2628 4832 2949 4903 spectacula
2978 4831 3046 4886 ad
3078 4828 3559 4898 amphitheatrum
3615 4822 3864 4894 pertine-

449 4918 599 4976 bant.
641 4920 749 4977 Sed
782 4929 986 4993 praster
1014 4921 1414 4989 idololatriam,
1467 4937 1697 4979 causam
1746 4922 2143 4995 principalem,
2192 4923 2334 4978 alias
2376 4923 2567 4979 adhuc
2609 4928 3016 4979 commemorat
3051 4919 3318 4983 rationes,
3350 4916 3421 4973 ob
3452 4930 3590 4987 quas
3647 4916 3861 4983 specta-

448 5008 576 5064 cula
605 5025 638 5064 a
666 5009 1000 5067 Christianis
1030 5010 1259 5067 vitanda
1289 5010 1422 5078 sint,
1451 5011 1767 5082 periculum
1797 5010 2016 5069 scilicet
2044 5010 2345 5068 amittendi
2372 5011 2646 5083 Spiritum
2673 5017 2934 5068 sanctum
2986 5008 3047 5064 in
3095 5006 3482 5064 commotione
3528 5001 3857 5073 passionum

444 5103 806 5168 nostrarum;
839 5100 1106 5156 damnum
1133 5101 1395 5173 temporis
1441 5101 1765 5158 Christiano
1812 5102 1951 5158 adeo
2000 5101 2251 5172 pretiosi,
2301 5101 2559 5173 injurias,
2606 5100 2929 5165 maledicta,
2979 5097 3297 5155 calumnias
3345 5104 3399 5151 et
3446 5090 3721 5150 convicia.
3773 5085 3857 5141 Ibi

444 5190 653 5263 quippe
680 5190 912 5263 publice
944 5192 1137 5249 omnia
1167 5192 1414 5249 nefanda
1445 5191 1922 5265 producebantur,
1983 5209 2109 5264 quas
2157 5192 2293 5249 alibi
2376 5209 2600 5250 summa
2630 5208 2765 5249 cura
2820 5191 3231 5248 ccultabantur.
3291 5190 3577 5254 Quantum
3634 5198 3665 5235 a
3722 5193 3857 5265 sana

442 5280 660 5337 ratione
687 5281 1006 5351 abhorreat,
1038 5283 1306 5351 ostendit,
1340 5298 1404 5339 ea
1435 5264 1497 5338 in
1529 5282 1863 5353 tpectacnlis
1891 5282 2098 5355 cupide
2128 5298 2399 5355 quaerere.
2446 5298 2571 5353 quas
2610 5283 2670 5338 in
2714 5281 2933 5352 reliquo
2980 5281 3105 5336 vitae
3150 5274 3494 5335 commercio
3521 5270 3713 5328 videre
3768 5264 3856 5321 vel

441 5370 795 5427 committere
825 5370 1008 5440 pudor
1037 5374 1094 5427 et
1123 5370 1323 5428 horror
1360 5377 1576 5427 vetant.
1632 5370 1775 5426 Tum
1808 5371 1960 5428 629
2012 5372 2232 5443 pergit:
2278 5377 2482 5428 Rerum
2525 5388 2719 5428 earum
2768 5372 3103 5443 imaginem,
3155 5383 3290 5440 quas
3333 5370 3519 5437 facere
3564 5374 3676 5414 non
3728 5356 3855 5410 licet

438 5458 629 5514 videre
655 5475 766 5516 non
794 5459 1039 5530 expedit:
1081 5464 1243 5531 atque
1274 5460 1555 5532 Tragaedia
1584 5459 1858 5515 horrenda
1908 5462 2170 5530 crimina,
2206 5463 2263 5517 in
2297 5461 2574 5519 Comazdia
2605 5462 2889 5516 lasciviam
2912 5464 3279 5529 spectatorum
3325 5454 3501 5510 oculis
3557 5446 3848 5503 exhibetis.

443 5550 729 5605 Hominem
760 5551 975 5604 ratione
1000 5549 1325 5619 praeditum,
1357 5550 1633 5606 crudelem
1662 5557 1713 5604 et
1757 5566 1953 5605 savum
1986 5566 2102 5606 esse
2146 5568 2258 5607 non
2308 5553 2473 5621 decet,
2520 5567 2652 5623 ergo
2694 5552 2861 5605 etiam
2906 5550 3126 5619 aspectu
3172 5543 3416 5608 horrido,
3462 5540 3559 5595 ubi
3600 5536 3849 5591 homines

444 5640 793 5694 trucidantur
822 5638 1086 5694 delectari
1111 5654 1223 5694 non
1252 5638 1417 5707 decet,
1450 5640 1700 5710 quamvis
1729 5641 1899 5695 etiam
1927 5642 2117 5696 necati
2158 5644 2369 5713 fuerint
2424 5646 2598 5697 morte
2653 5641 2720 5695 ob
2765 5639 2971 5693 scelera
3017 5638 3193 5709 digni.
3227 5637 3490 5690 Insanum
3517 5637 3621 5697 est,
3669 5629 3847 5682 artem

444 5728 603 5783 illam
630 5730 825 5799 magni
850 5730 1055 5800 facere,
1086 5730 1244 5801 cujus
1267 5730 1439 5801 periti
1463 5729 1526 5785 ob
1557 5729 1819 5799 infamiae
1846 5737 2045 5786 notam
2074 5730 2423 5786 honestorum
2453 5730 2738 5784 hominum
2768 5727 3028 5782 societate
3056 5725 3452 5782 excluduntur.
3486 5722 3625 5778 Exin
3662 5718 3844 5773 larva-

445 5821 632 5875 tornm
658 5818 997 5891 proterviam
1026 5816 1301 5890 increpat,
1333 5817 1600 5891 virisque,
1630 5818 1728 5890 qui
1760 5826 1941 5877 vestes
1991 5816 2298 5878 muliebres
2341 5822 2718 5886 assumerent,
2772 5811 3109 5873 intentatam
3164 5832 3198 5874 a
3229 5821 3339 5874 Deo
3383 5811 3845 5872 maledictioncm
