4262 6416
303 383 425 442 ’103
825 383 1352 446 TERTULLIANI
1396 382 1719 445 OPERUM
1763 381 1961 442 PARS
2005 381 2052 442 l.
2088 413 2166 425 —
2198 381 2472 443 SERIES
2517 382 2566 454 l,
2611 381 3179 442 APOLOGETICA.
3582 379 3702 439 704

307 515 630 578 memorat;
665 509 871 580 quippe
903 510 1002 565 viri
1033 509 1295 566 muliebri
1327 509 1518 566 habitu
1568 509 1876 566 mulierum
1931 523 2231 579 personam
2288 509 2347 564 in
2398 523 2568 566 scena
2621 508 2880 581 agebant.
2939 509 3140 566 Postea
3195 507 3440 565 ostendit
3495 505 3702 563 iterum

307 600 758 671 spectaculorum
791 616 954 655 usum
988 616 1109 657 esse
1167 601 1446 672 baptismo
1477 600 1844 668 contrarium,
1878 600 2145 671 ipsosque
2175 601 2414 669 gentiles
2458 599 2807 657 Christianos
2862 617 2895 656 a
2951 601 3185 671 repudio
3244 596 3703 672 spectaculorum

310 689 659 758 distinguere
723 689 1101 746 consuevisse.
1157 691 1405 747 Tandem
1465 691 1724 761 exempla
1764 691 1875 746 duo
1921 689 2149 746 adducit
2193 689 2641 746 Christianorum
2691 697 2917 761 propter
2974 692 3327 762 frequentata
3377 689 3702 760 spectacula

311 779 663 848 punitorum.
730 779 870 834 Dein
923 779 1249 834 exhortatur
1295 779 1665 846 Christianos,
1716 786 1774 834 ut
1817 779 1878 834 in
1924 779 2226 849 gemitibus
2267 779 2360 836 hic
2391 780 2562 836 vitam
2592 780 2818 850 degant,
2850 781 2986 836 dum
3013 780 3258 852 gentiles
3314 778 3704 849 voluptatibus

320 883 445 924 sese
476 868 839 938 immergunt,
865 867 1122 939 nihilque
1153 869 1330 939 magis
1359 869 1420 923 in
1467 869 1607 924 votis
1655 867 1917 934 habeant,
1969 883 2135 939 quam
2183 869 2333 924 exire
2379 869 2448 924 de
2507 868 2612 925 hoc
2642 869 2871 938 saeculo,
2904 876 2962 924 ut
2993 869 3064 924 ad
3094 868 3278 925 Deum
3328 867 3689 939 perveniant.

311 957 524 1013 Volens
553 963 741 1012 autem
773 959 1068 1014 ostendere
1126 957 1507 1013 Tertullianus
1564 973 1823 1028 quaenam
1880 957 1996 1013 sint
2058 957 2372 1028 voluptates
2424 965 2477 1014 et
2532 957 2967 1024 oblectamenta,
3027 973 3152 1029 quae
3199 956 3549 1013 Christianos
3608 957 3706 1012 de-

311 1053 461 1114 cent,
514 1045 744 1102 scribit:
780 1069 807 1097 «
841 1048 974 1113 Qua
1005 1047 1182 1117 major
1212 1047 1490 1118 voluptas,
1525 1063 1694 1117 quam
1727 1046 2016 1102 fastidium
2050 1046 2228 1118 ipsius
2274 1045 2598 1119 voluptatis,
2645 1063 2816 1118 quam
2859 1047 3052 1104 saeculi
3097 1047 3268 1104 totius
3322 1051 3709 1116 contemptus,

314 1151 484 1206 quam
512 1151 642 1191 vera
674 1135 926 1205 libertas,
959 1151 1126 1207 quam
1158 1137 1506 1194 conscientia
1533 1136 1835 1208 integra...
1901 1135 2049 1207 quod
2106 1136 2290 1192 calcas
2336 1137 2472 1193 deos
2519 1137 2840 1207 nationum,
2896 1137 3045 1208 quod
3104 1135 3387 1192 daemonia
3446 1133 3708 1206 expellis,

314 1225 461 1292 quod
492 1225 804 1280 medicinas
833 1224 995 1292 facis,
1050 1226 1196 1295 quod
1259 1224 1626 1281 revelationes
1681 1224 1845 1295 petis,
1905 1225 2059 1280 690
2100 1226 2248 1296 quod
2296 1225 2410 1282 Deo
2458 1224 2644 1281 vivis?
2692 1226 2786 1281 Hae
2825 1224 3160 1298 voluptates,
3209 1225 3332 1282 haec
3386 1224 3714 1296 spectacula

311 1311 780 1381 Christianorum,
814 1320 1029 1382 sancta,
1063 1320 1350 1384 perpetua,
1382 1313 1640 1384 gratuita.
1673 1334 1701 1364 »
1735 1313 1990 1370 Tandem
2020 1330 2228 1384 agones
2261 1323 2590 1387 martyrum,
2623 1315 2946 1386 passionem
2978 1315 3042 1369 D.
3076 1314 3145 1373 N.
3193 1314 3242 1370 Ι.
3298 1314 3524 1381 Christi,
3587 1329 3712 1384 pro-

311 1401 588 1471 pinquum
618 1401 779 1458 illius
807 1403 1130 1471 adventum,
1158 1402 1439 1473 judicium
1469 1412 1807 1472 extremum,
1841 1419 2038 1475 poenas
2068 1403 2372 1475 impiorum
2396 1411 2654 1476 aeternas,
2686 1405 3028 1476 praemiaque
3056 1403 3358 1474 bonorum,
3393 1409 3454 1460 ut
3509 1401 3708 1459 sedulo

313 1491 790 1564 contemplentur,
825 1491 1094 1550 hortatur.
1130 1491 1336 1550 LUMP.

1913 1612 1984 1624 -α

854 1737 1084 1793 CAPUT
1120 1736 1418 1794 PRIMUM.

387 1824 494 1888 Qui
536 1828 725 1881 status
775 1825 907 1880 fidei
942 1827 1040 1898 (1),
1101 1843 1226 1897 quae
1275 1827 1420 1882 ratio
1466 1826 1747 1895 veritatis,
1805 1827 1958 1896 quod

1987 1739 2042 1806 Α
2075 1736 2277 1794 niones
2305 1737 2671 1793 ethnicorum
2705 1737 3244 1808 blandiuntur,quas
3269 1739 3286 1774 ί
3309 1737 3367 1792 in
3399 1736 3513 1792 ista
3534 1751 3714 1793 causa

2069 1825 2350 1882 adversus
2381 1843 2487 1881 nos
2519 1827 2599 1882 ita
2630 1829 3023 1896 argumentari
3057 1831 3520 1884 consueverunt:
3563 1825 3711 1880 nihil

318 1914 723 1985 praascriptum
774 1914 1115 1985 disciplinae.
1150 1915 1301 1971 inter
1355 1920 1560 1971 caatera
1589 1914 1957 1970 saecularium

318 2018 606 2067 errorum,
639 2002 814 2057 etiam
873 2001 1338 2074 spectaculorum
1395 2003 1720 2075 voluptates
1743 2003 1821 2075 (2)
1854 2003 1956 2059 ad-

317 2089 483 2157 imat,
523 2093 621 2146 Dei
653 2091 802 2146 servi
834 2092 1183 2163 cognoscite,
1231 2092 1331 2164 qui
1388 2109 1521 2148 cum
1583 2093 1834 2148 maxime
1887 2093 1955 2146 ad

315 2185 500 2236 Deum
533 2179 1279 2253 acceditis;recognoscite,
1331 2181 1429 2254 qui
1484 2182 1611 2252 jam
1642 2181 1960 2237 accessisse

319 2285 420 2324 vos
445 2269 736 2324 testificati
769 2274 826 2324 et
854 2271 1100 2326 confessi
1135 2271 1299 2338 estis,
1353 2286 1424 2325 ne
1480 2277 1582 2326 aut
1636 2269 1959 2342 ignorando

321 2363 422 2414 aut
451 2358 875 2415 dissimulando
907 2359 1040 2429 quis
1059 2364 1271 2431 peccet.
1290 2360 1476 2414 Tanta
1497 2359 1652 2414 enim
1686 2360 1773 2415 vis
1802 2358 1962 2414 volu-

323 2453 570 2519 ptatum,
613 2452 677 2502 ut
725 2455 780 2502 et
833 2447 1220 2520 ignorantiam
1263 2448 1510 2520 protelet
1566 2449 1625 2502 in
1703 2448 1960 2504 occasio-

323 2553 454 2592 nem
488 2537 589 2607 (3),
620 2541 677 2592 et
707 2537 1123 2592 conscientiam
1157 2541 1494 2609 corrumpat
1523 2537 1584 2591 in
1617 2535 1962 2592 dissimula-

322 2624 563 2681 tionem.
610 2625 694 2680 Ad
752 2630 1088 2698 utrumque,
1149 2625 1340 2681 adhuc
1399 2626 1594 2682 forsan
1643 2625 1816 2682 alicui
1847 2625 1968 2697 opi-

2069 1915 2402 1986 obstrepers
2433 1914 2696 1985 religioni
2733 1915 2810 1987 (4)
2879 1916 2939 1970 in
2971 1915 3167 1971 animo
3198 1919 3254 1972 et
3302 1915 3662 1972 conscientia
3690 1916 3712 1950 ³

2066 2007 2229 2058 tanta
2267 2001 2472 2059 solatia
2515 2005 2879 2060 extrinsecus
2930 2004 3234 2060 oculorum
3291 2004 3380 2060 vel
3438 2004 3709 2060 aurium:

2068 2107 2172 2147 nec
2201 2108 2331 2146 vero
2367 2093 2540 2147 Deum
2571 2093 2786 2148 offendi
2837 2092 3225 2150 oblectatione
3259 2093 3539 2163 hominis,
3570 2109 3708 2164 qua,

2069 2182 2227 2236 salvo
2254 2196 2391 2253 erga
2421 2181 2602 2236 Deum
2635 2187 2793 2239 metu
2825 2187 2882 2238 et
2906 2182 3267 2251 honore,suo
3289 2183 3349 2238 in
3382 2187 3634 2255 tempore
3654 2185 3713 2238 et

2070 2286 2174 2325 suo
2205 2269 2264 2324 in
2298 2269 2422 2326 loco
2456 2270 2589 2340 frui,
2623 2271 2816 2328 scelus
2845 2289 2959 2328 non
2993 2272 3092 2328 sit.
3154 2271 3367 2344 Atquin
3425 2272 3532 2328 hoc
3575 2287 3709 2327 cum

2071 2359 2324 2414 maxime
2381 2376 2657 2430 paramus
2717 2361 3139 2430 demonstrare,
3217 2360 3712 2433 quemadmodum

2072 2446 2272 2502 isthaeo
2303 2449 2323 2480 ³
2349 2464 2464 2503 non
2487 2454 2824 2521 competant
2855 2467 2995 2506 verae
3029 2450 3293 2523 religioni
3346 2454 3403 2506 et
3449 2465 3584 2505 vero
3615 2449 3718 2504 ob-

2074 2536 2277 2607 sequio
2309 2553 2443 2608 erga
2482 2538 2661 2593 Deum
2695 2556 2922 2606 verum,
2975 2539 3125 2594 Sunt
3178 2540 3277 2610 qui
3337 2537 3724 2594 existiment‘

2073 2624 2433 2681 Christianos
2462 2626 2501 2696 ⁵,
2535 2627 2869 2698 expeditum
2900 2628 3048 2683 (ΠΙ
3087 2627 3263 2683 morti
3293 2643 3478 2700 genus
3510 2627 3607 2699 (5),
3643 2625 3717 2681 ad

1646 2743 1849 2806 Variae
1887 2741 2201 2804 lectiones.

436 2850 449 2884 ¹
485 2845 592 2911 Qui
611 2844 672 2901 in
702 2845 875 2902 Seml.
908 2846 929 2882 ³
955 2846 1079 2903 Tua
1106 2846 1230 2902 add.
1265 2847 1435 2905 Fran.
1457 2848 1479 2884 ⁸
1508 2848 1626 2905 Ista
1656 2846 1864 2919 Rigalt.
1894 2849 1917 2883 ι
1947 2846 2297 2903 Existimant
2324 2848 2524 2917 Rigalt.
2558 2849 2578 2883 ⁸
2608 2847 3004 2906 Christianum
3035 2849 3203 2906 Seml.

1691 2966 2204 3028 Commentarius.

396 3072 471 3146 (i)
508 3071 808 3146 Quinctius
831 3072 984 3142 ﬁdei.
1017 3073 1306 3145 Scriptum
1367 3073 1524 3130 hunc
1581 3073 1795 3129 librum
1857 3091 1971 3130 non

2083 3071 2142 3146 ἂν
2199 3092 2281 3134 τις
2353 3070 2482 3134 τοὺς
2563 3072 2668 3128 ἀπὸ
2697 3076 2932 3129 Μωυσοῦ
2987 3074 3077 3128 καὶ
3133 3075 3375 3146 Χριστοῦ
3434 3067 3725 3146 μεταδιδά-

331 3135 553 3214 ίιᾶ’,ῇὲῑὶι
586 3135 947 3220 Christianos
980 3135 1231 3220 tantum,
1271 3147 1368 3201 sed
1403 3152 1460 3202 et
1515 3147 1974 3202 Catechumenos
2004 3135 2051 3199 B
2080 3145 2233 3220 ξειεγ·
2264 3168 2290 3195 ‹‹
2324 3147 2506 3201 Citius
2564 3147 2857 3218 quispiam
2914 3163 3011 3220 eos
3043 3135 3276 3220 Moysen
3335 3135 3720 3220 etChristum

330 3232 474 3285 quos
506 3222 710 3290 auctor
728 3217 1011 3290 audientes
1035 3218 1183 3290 solet
1216 3234 1596 3290 nuncupare,
1655 3224 1815 3290 patet
1847 3223 1973 3273 tum

331 3303 397 3361 ex
419 3287 614 3361 verbis
644 3287 813 3344 istis:
868 3308 892 3339 α
947 3288 1047 3361 Dei
1079 3289 1249 3356 servi,
1307 3287 1673 3360 cognoscite;
1706 3291 1805 3361 q’ui
1858 3307 1976 3344 ma-

329 3360 485 3414 xime
515 3360 797 3432 adupeum
829 3360 1123 3432 acceditis,
1159 3382 1186 3410 ››
1218 3377 1344 3432 quae
1379 3362 1449 3416 ad
1475 3360 1972 3417 Catechumenos:

330 3436 460 3503 tum
483 3445 557 3503 ex
587 3429 733 3503 illis:
769 3453 797 3480 ‹‹
830 3429 1362 3503 Recognoscitequi
1388 3433 1512 3503 jam
1544 3433 1975 3488 accessissevos

330 3501 626 3575 testificati
649 3506 705 3556 et
720 3503 972 3575 confessi
992 3501 1362 3574 'estis,»quod
1391 3501 1472 3558 'ad
1486 3507 1610 3573 jam
1632 3506 1974 3575 baptizatos,

335 3573 435 3644 qui
462 3572 597 3646 fidei
628 3572 1097 3646 testiﬁcationem
1127 3575 1186 3630 in
1228 3572 1530 3646 baptismo
1578 3572 1972 3644 reddiderant,

333 3643 607 3717 pertinet.
632 3643 777 3699 PAM.

409 3715 489 3796 (2)_
528 3714 973 3796 ξρείιςεᾳραζᾳζωη
1019 3717 1339 3796 voluptates.
1392 3716 1554 3796 illud
1606 3723 1694 3796 est
1725 3718 1976 3796 profecto

337 3789 497 3864 quod
520 3785 667 3864 dixit
783 3785 1325 3864 Athanasius—hom.
1376 3789 1446 3844 de
1473 3789 1628 3847 Sem.
1662 3785 1754 3844 Θεᾶ
1772 3791 1978 3864 τροτία-

335 3855 446 3917 νέἶς
474 3855 696 3925 ἡδονάς.
725 3859 800 3912 LE
819 3859 917 3913 PR.

409 3931 572 4014 (31m
599 3932 975 4014 ignorantiam
1023 3930 1272 4014 protelet.
1304 3932 1371 4014 in
1400 3935 1758 4014 occasionem.
1792 3935 1980 4014 Tanta

335 4001 445 4073 est,
476 4001 1060 4074 inquit,voluptatum
1090 4002 1197 4070 vis,
1218 4008 1280 4058 ut
1304 4002 1600 4061 hominem
1625 4023 1798 4062 suum
1829 4011 1980 4062 tam-

338 4073 436 4128 diu
471 4073 663 4150 do_ceri
693 4074 837 4130 nolit
859 4075 1094 4150 vitanda
1123 4091 1252 4150 esse
1291 4075 1617 4150 Christiano
1648 4077 1984 4150 spectacula

343 4146 954 4218 quamdiuspectandi
977 4147 1202 4218 occasio
1234 4149 1581 4218 sperabitur.
1616 4146 1733 4206 Hac
1754 4150 1985 4206 insania

338 4215 513 4294 etiam
546 4215 648 4294 invi
678 4215 771 4294 sui
803 4217 1162 4294 Christianos
1182 4215 1764 4294 lahorassequeritur
1781 4228 1984 4294 Angu-

344 4289 538 4345 stinus
576 4292 634 4345 in
692 4291 842 4346 Psal.
901 4307 1044 4346 Lxxv
1077 4308 1090 4348 :
1127 4312 1155 4339 α
1210 4296 1357 4348 Sunt
1411 4289 1606 4350 autem
1638 4294 1808 4350 multi
1868 4289 1984 4350 non

345 4361 518 4438 digne
547 4361 806 4438 viventes
835 4363 1127 4438 baptismo
1159 4379 1328 4438 quem
1363 4370 1765 4438 perceperunt.
1798 4366 1985 4432 Quam

345 4433 512 4511 multi
546 4433 1011 4511 enim_baptiiati
1070 4433 1512 4511 hodis_circum
1530 4433 1772 4511 implere
1803 4453 1979 4510 quam

345 4505 520 4562 istam
555 4504 857 4562 basilicam
892 4504 1264 4562 maluerunt!
1297 4526 1325 4559 ιι
1376 4509 1452 4564 Ls
1484 4509 1586 4566 Ρη.

417 4577 493 4649 (4)
527 4577 841 4654 Qbslrepgre
867 4579 1145 4654 religioni.
1186 4577 1440 4654 Verbum
1483 4597 1586 4653 pro
1617 4581 1900 4654 impedire
1923 4585 1983 4637 et

347 4664 475 4726 esse
501 4649 826 4726 obstaculo.
858 4649 1107 4726 omnino
1153 4651 1318 4726 quod
1348 4649 1564 4726 Seneca
1609 4649 1859 4726 ep.'115,
1888 4653 1980 4726 ab-

345 4721 688 4795 strigillant;
711 4725 766 4777 et
795 4723 948 4795 quod
980 4721 1246 4795 Synodus
1290 4724 1615 4784 Tricastina
1643 4721 1742 4782 _ad
1798 4724 1981 4781 Nicol.

346 4791 463 4871 PP,
485 4792 732 4871 abdicem
764 4809 778 4849 :
813 4791 939 4866 quae
970 4791 1084 4850 duo
1115 4795 1294 4852 verba
1350 4802 1553 4856 notare
1581 4797 1756 4869 volui,
1791 4802 1855 4854 ut
1884 4813 1982 4871 pe-

348 4861 610 4920 ouliaria.
637 4864 769 4920 Lac.

418 4936 494 5009 (5)
543 4935 898 5011 Qhr'éstianos,
956 4937 1268 5011 expeditum
1323 4944 1489 4997 morti
1543 4957 1730 5010 genus.
1789 4940 1985 4996 Arria-

346 5007 589 5094 nus'oad
630 5007 995 5096 ‘Epict‘etum,
1024 5007 1157 5096 :lib.
1211 5028 1496 5096 1v,mcap.”
1522 5007 1577 5082 7,
1618 5012 1984 5096 Christiano-

345 5097 476 5138 rum
501 5080 562 5138 in
593 5081 863 5138 obeunda
892 5087 1078 5140 morte
1133 5099 1236 5155 pro
1273 5080 1500 5142 Christi
1540 5080 1777 5142 nomine
1805 5085 1986 5142 obsti-

342 5155 665 5218 nationem,
702 5170 815 5209 non
857 5155 1035 5209 furori
1068 5155 1292 5216 tribuit,
1349 5159 1444 5212 sed
1503 5158 1640 5213 ritui
1700 5162 1755 5212 et
1785 5173 1985 5213 assue-

347 5226 573 5282 tudini:
633 5224 744 5299 Υπὸ
806 5224 998 5298 μανίας
1061 5226 1152 5299 μὲν
1207 5225 1433 5299 δύναται
1492 5229 1588 5290 ’τις
1648 5229 1820 5299 οὕτως
1869 5225 1985 5281 δια-

341 5298 560 5371 τεθῆναι
609 5298 746 5371 πρὸς
803 5297 987 5365 ταῦτα,
1037 5297 1143 5371 aut
1197 5298 1299 5353 ὑπὸ
1353 5299 1503 5360 ἔθους
1559 5297 1984 5355 οἱΓαλιλαοῖοι.

343 5371 460 5445 Nos
488 5370 667 5428 talem
699 5373 878 5445 ritum
911 5370 1308 5445 agnoscimus,
1333 5377 1390 5428 et
1408 5374 1883 5430 constantissime
1900 5389 1988 5445 re-

346 5443 652 5500 tinendum
685 5444 908 5500 scimus
933 5443 1102 5513 {imo
1133 5445 1366 5501 furoren
1411 5459 1539 5501 esse
1577 5463 1694 5500 non
1748 5444 1987 5516 negabi-

348 5530 505 5589 mus,
537 5516 638 5572 sed
672 5518 1079 5588 sanctum,sed
1112 5516 1290 5572 divini
1314 5517 1568 5589 Spiritus
1600 5517 1863 5589 afﬂatum
1893 5531 1988 5570 vs-

348 5583 792 5660 hementiorem,
824 5589 923 5660 qui
949 5583 1094 5644 suos
1124 5593 1254 5659 agat
1284 5583 1576 5645 incitatos.
1600 5587 1788 5660 Hujus
1817 5602 1989 5660 cons-

347 5657 545 5731 tantiae
593 5657 858 5730 gloriam'
895 5661 1111 5716 ethnici
1139 5657 1554 5716 obstinationis
1603 5657 1990 5731 appellatione

349 5727 621 5784 deterere
670 5731 1074 5804 ‘oonabantur.
1138 5733 1436 5804 adeoque
1479 5727 1659 5804 inter'
1682 5727 1991 5802 proverbia

350 5814 546 5856 rerum
607 5799 848 5859 minime
900 5799 1342 5875 sperandarum'
1383 5799 1992 5861 dictitabantmaacov

2087 3219 2479 3292 dedocer_*e_t.__»
2509 3217 2669 3292 Quod
2706 3217 3323 3292 usurpavitﬂGalenusA,
3376 3217 3480 3292 lib.
3540 3235 3603 3292 ru
3658 3217 3724 3271 de

2083 3289 2380 3362 di/f._pulf.
2416 3289 2484 3343 Et
2513 3291 2587 3362 ab
2616 3289 2968 3362 Augustino,
3003 3291 3119 3362 lib.
3157 3290 3220 3346 de
3264 3289 3422 3362 Ciuit.
3457 3290 3578 3362 Dei,
3607 3303 3722 3362 nx,

2084 3306 2202 3360 at”.
2234 3306 2380 3414 fut].
2416 3306 2484 3343 nr
2513 3306 2585 3344 an
2616 3306 2968 3362 augustino,
3003 3306 3103 3344 nn.
3157 3306 3220 3346 ac
3264 3306 3422 3345 υιυιι.
3457 3306 3578 3358 νει,
3607 3306 3722 3357 xxx,

2084 3359 2228 3431 Apol
2259 3361 2370 3442 inis
2399 3361 2708 3442 oraculum
2733 3367 2986 3442 notatur,
3040 3361 3360 3442 sciscitanti
3407 3360 3726 3433 Porphyrio

2083 3449 2196 3502 qua
2227 3433 2451 3487 ratione
2479 3433 2549 3516 ab
2581 3433 3365 3516 Christianismomoonjugem
3423 3449 3591 3516 suam
3637 3447 3726 3485 re-

2083 3520 2286 3578 vocare
2316 3508 2530 3574 posset,
2561 3503 3468 3578 respondentis,Afacilius'ipsum
3499 3503 3726 3559 litteras

2083 3574 2511 3646 impressurum
2553 3574 2778 3633 ﬂumini
2835 3576 3230 3649 rapidissrmo,
3287 3574 3389 3632 aut
3436 3592 3540 3649 per
3592 3590 3730 3631 aera

2083 3646 2434 3702 volaturum.
2468 3650 2592 3702 Βία.

2179 3663 2434 3702 aturum.
2468 3663 2592 3702 111G.

2083 3663 2434 3703 voraturum.
2468 3663 2592 3702 rus.

2086 3799 2108 3810 Α
2156 3749 2222 3758 ——
2255 3719 2614 3810 'Chrt'stigrios,
2645 3718 2957 3810 cfpeditum
2993 3720 3376 3810 mqgtj‘gmm.
3410 3717 3584 3782 Quasi
3608 3715 3726 3810 ἐξει-

2085 3789 2387 3864 θανατίους,
2448 3783 2880 3864 ῥιψογήινδῦνους,
2910 3783 3282 3864 πᾳραϐόλδύς,
3329 3785 3723 3864 παρακεκςγδυ-

2085 3859 2391 3936 νευμένρυς.
2442 3859 2682 3936 Paulus,
2741 3864 2812 3936 ad
2869 3859 3121 3936 Philipp.
3178 3859 3306 3936 cap.
3366 3859 3546 3936 inde
3576 3863 3720 3936 Epa-

2087 3927 2358 4005 phrodito
2417 3932 2582 4008 μέχρι
2640 3927 2882 4008 θάνάτοψ
2951 3927 3164 4008 ἤγῖγῖκι,
3240 3927 3724 4008 ἕταραϐολευσάμε-

2087 4024 2177 4090 voc
2205 4008 2274 4089 ’γῇ
2307 4006 2645 4090 ψρχῇέΝᾳμη
2669 4007 2750 4062 ita
2776 4006 3079 4090 legitur'in
3109 4006 3508 4090 vetustissimo
3528 4022 3730 4090 exem-

2090 4077 2232 4149 plari
2252 4077 2361 4133 ubi
2388 4077 2451 4133 et
2483 4079 2682 4134 Latina
2711 4077 2900 4135 versio
2949 4077 3034 4135 sic
3065 4078 3243 4135 habet
3273 4095 3286 4134 :
3346 4077 3727 4134 Parabolatus

2091 4151 2161 4206 de
2191 4151 2388 4205 anima
2416 4165 2544 4205 sua.
2577 4149 2970 4206 Auctorillius
3011 4149 3299 4206 versionis
3337 4149 3729 4217 addubitavit,

2091 4222 2406 4278 dicendum
2437 4221 2548 4294 sibi
2581 4226 2756 4288 esset,
2784 4222 3136 4294 parabolatus
3161 4224 3411 4278 animam
3467 4237 3628 4278 suam
3657 4238 3730 4277 an

2089 4293 2444 4365 parabolatus
2472 4292 2540 4348 de
2567 4296 2756 4350 anima
2781 4292 2904 4350 sua.
2931 4294 3142 4350 Eodem
3198 4310 3332 4350 vero
3379 4309 3560 4351 sensu
3592 4308 3730 4350 aue-

2093 4371 2184 4421 tor
2212 4366 2474 4438 Historias
2502 4365 2734 4438 Triparl.
2768 4365 2914 4438 dixit
2941 4365 3223 4422 artiﬁcem
3255 4365 3728 4438 parabolum,l_ib.

2095 4448 2172 4504 x1,
2205 4437 2315 4494 sub
2345 4437 2520 4510 ﬁnem
2546 4453 2558 4493 :
2588 4436 2849 4494 Crudelis
2880 4437 3076 4493 bestiis
3133 4436 3358 4510 artifex,
3422 4436 3734 4510 parabolus

2009 4502 2052 4572 C
2087 4501 2329 4634 pugnet.
2359 4509 2519 4577 Quod
2551 4513 2834 4595 Socrates,
2868 4510 3007 4566 Hist.
3059 4525 3156 4574 vn,
3190 4501 3441 4592 dixerat;
3489 4501 3732 4592 παραεβο-

2129 4599 2437 4634 ιυσαιιενος.
2500 4580 2741 4634 Minime
2795 4584 2988 4634 autem
3045 4581 3479 4634 Enanhrodttus
3561 4581 3732 4634 aliive

2089 4580 2437 4652 λωξιάμενος.
2500 4580 2741 4638 Minime
2795 4584 2988 4636 autem
3045 4581 3479 4653 Epaphroditus
3561 4580 3733 4636 aliive

2089 4652 2403 4709 Christiani
2431 4651 2614 4709 vitam
2662 4668 2831 4709 suam
2886 4652 2969 4708 ita
2997 4653 3314 4725 sprevisse
3343 4651 3732 4725 existimandi

2091 4730 2253 4807 sunt,
2287 4725 2458 4807 quasi
2487 4725 2881 4807 obstinatione
2925 4723 3409 4807 sola—temerarii,
3433 4725 3642 4807 perditi
3665 4739 3733 4780 ac

2091 4793 2385 4871 desperati
2416 4801 2660 4871 mortem
2682 4800 3065 4871 oppeterent,
3119 4795 3254 4871 natat
3281 4793 3729 4871 tittl'hijtaps'trat—

2093 4866 2372 4939 ειν-Ὀυοὰ
2411 4870 2638 4940 putavit
2676 4866 3096 4926 MI'Antonius
3151 4867 3254 4926 lib.
3297 4866 3386 4925 'de
3436 4866 3572 4923 Vita
3626 4884 3735 4925 sua

2094 4941 2306 4997 undee.
2346 4940 2561 5012 Verum
2621 4941 3110 5012 summojudicio,
3147 4957 3382 4996 summa
3412 4941 3635 4997 ratione
3664 4955 3732 4996 ao

2093 5011 2398 5086 prudentia
2433 5011 3052 5086 paratissimisemper
3081 5018 3244 5086 erant
3265 5013 3335 5068 ad
3355 5016 3601 5086 mortem
3621 5013 3737 5067 for-

2092 5083 2232 5142 titer
2261 5083 2592 5157 obeundam
2624 5102 2726 5157 pro
2757 5083 2971 5157 Christi
3029 5084 3284 5157 nomine,
3353 5084 3462 5157 hoc
3517 5088 3606 5140 est
3632 5099 3736 5157 pro

2093 5157 2334 5232 yeritato
2365 5157 2496 5213 ﬁdei
2529 5151 2915 5232 ChristianasL
2950 5155 3056 5211 ἀπὸ
3105 5151 3285 5225 ἰδικῆξ
3343 5153 3589 5232 κρίσεως,
3633 5151 3740 5212 Ἄε-

2095 5225 2455 5302 λογισμὲνως,
2486 5228 2575 5281 καὶ
2617 5231 2846 5301 σεμνῶς.
2878 5225 3006 5285 R16.

2167 5297 2587 5372 é-rExpeditum
2615 5297 2783 5357 morti
2806 5315 2994 5372 genus.
3027 5297 3208 5372 Multa
3239 5299 3297 5354 in
3355 5299 3512 5354 hunc
3549 5298 3739 5372 locum

2098 5366 2399 5446 Rigaltitis
2420 5374 2491 5446 de
2519 5390 2655 5446 vorte
2681 5366 3299 5446 stupetGohuodLusyoc.,_
3340 5372 3571 5446 quibus_
3610 5370 3744 5446 addi

2097 5419 3747 5517 β’δῖξέίξῐῇᾷεῑῇιῑεξέίιῑῆῑξ⁷’έῑάράξελέςξέμῖςδξίξςξδᾷξ

2096 5512 2254 5588 mm
2287 5514 2471 5570 ἑαυτὸν
2506 5512 2716 5577 ἔκδούξ.
2754 5512 3060 5588 Legendus
3088 5518 3226 5573 item
3277 5513 3745 5588 Phrynichusﬁin

2097 5586 2293 5659 ecloge
2347 5588 2675 5644 dictionum
2730 5577 3052 5643 Atticarum
3111 5589 3182 5643 ad
3241 5577 3440 5659 vocem
3497 5577 3743 5659 παραϐότ

2099 5655 2395 5723 λιονΪΟιιο.
2419 5662 2490 5717 de
2516 5677 2576 5716 re
2607 5675 2714 5716 nos
2746 5659 3024 5716 nonnulla
3079 5660 3335 5715 diximus
3383 5658 3443 5714 in
3486 5655 3639 5713 notis
3670 5658 3742 5712 ad

2097 5730 2286 5804 gloss.
2319 5730 2680 5788 Graeco-Lat.
2713 5746 2848 5804 pag.
2911 5731 3034 5801 144,
3089 5733 3198 5788 col.
3255 5731 3306 5798 1,
3364 5727 3471 5786 lin.
3534 5729 3614 5785 19.
3667 5729 3743 5785 Ls:

2098 5801 2204 5860 Pa.
