4262 6362
432 349 552 412 705

436 482 587 539 hanc
617 481 1071 539 obstinationem
1104 482 1182 556 (6)
1214 482 1580 540 abdicatione
1599 483 1970 557 voluptatum
2002 483 2082 558 (7)

435 570 674 639 erudiri,
709 588 824 644 quo
856 572 1084 628 facilius
1110 573 1289 629 vitam
1323 577 1722 642 contemnant,
1763 575 2088 647 amputatis

438 662 605 734 quasi
631 661 971 718 retinaculis
1001 663 1153 733 ejus,
1212 680 1283 719 ne
1338 663 1688 730 desiderent,
1749 680 1924 735 quam
1962 664 2088 735 jam

436 766 858 823 supervacuam
898 752 919 789 ⁸
950 751 1058 807 sibi
1093 752 1335 808 fecerint
1364 754 1383 788 "
1418 771 1430 810 :
1466 757 1529 808 ut
1572 754 1680 809 hoc
1711 753 1954 809 consilio
1988 770 2090 825 po-

436 841 557 895 tius
585 846 642 896 et
672 840 930 897 humano
964 846 1296 913 prospectu,
1334 860 1449 899 non
1508 844 1703 899 divino
1749 844 2089 916 praescripto

441 930 749 985 definitum
782 931 1172 987 existimetur.
1203 932 1441 1003 Pigebat
1490 932 1711 989 scilicet
1746 932 1923 989 etiam
1955 949 2090 1005 per-

439 1024 773 1075 severantes
822 1021 881 1075 in
933 1021 1108 1076 tantis
1164 1020 1566 1094 voluptatibus
1624 1027 1860 1095 propter
1908 1028 2088 1079 Deum

443 1110 613 1165 mori.
648 1110 991 1181 Quanquam
1025 1111 1136 1167 etsi
1168 1110 1248 1167 ita
1277 1116 1451 1178 esset,
1488 1118 1604 1169 tam
1636 1114 1656 1148 ⁸
1687 1118 1820 1185 apto
1846 1113 2090 1170 consilio

439 1201 620 1255 tanta
641 1199 958 1256 obstinatio
991 1199 1311 1273 disciplina
1338 1202 1587 1259 debebat
1615 1203 1984 1275 obsequium.

1121 1344 1356 1403 CAPUT
1390 1346 1460 1402 II.

511 1469 645 1524 Jam
670 1485 805 1525 vero
837 1484 1010 1525 nemo
1040 1473 1148 1535 est,
1183 1471 1283 1543 qui
1342 1489 1457 1528 non
1513 1473 1621 1530 hoc
1678 1490 1911 1547 quoque
1947 1492 2091 1548 pra-

444 1560 646 1616 tendat
675 1558 827 1631 (Gen.
861 1559 921 1632 ι),
956 1560 1154 1616 omnia
1186 1578 1218 1616 a
1260 1566 1372 1618 Deo
1403 1562 1696 1632 instituta,
1757 1570 1813 1622 et
1868 1565 2093 1621 homini

443 1648 728 1704 attributa
757 1648 934 1720 (sicut
962 1650 1393 1723 praedicamus),
1418 1656 1474 1708 et
1504 1653 1709 1726 utique
1733 1655 2093 1711 bonaomnia

444 1741 510 1793 ut
540 1737 677 1793 boni
710 1738 967 1794 auctoris
998 1739 1056 1794 9:
1110 1738 1263 1796 inter
1320 1741 1439 1796 hac
1498 1743 1768 1814 deputari
1822 1744 2094 1800 universa

444 1828 575 1895 ista,
609 1843 677 1883 ex
702 1828 920 1899 quibus
950 1830 1286 1900 spectacula
1344 1831 1744 1903 instruuntur,
1796 1834 2017 1891 circum
2051 1835 2095 1871 ¹⁰

446 1917 607 1973 verbi
639 1917 846 1990 gratia,
882 1923 937 1975 et
965 1918 1217 1987 leonem,
1249 1926 1307 1977 et
1362 1921 1516 1978 vires
1546 1924 1824 1995 corporis,
1860 1928 1916 1979 et
1943 1924 2101 1980 vocis
2128 1886 2176 1951 Β

448 2008 785 2063 suavitates.
822 2006 1007 2079 Igitur
1035 2024 1224 2080 neque
1255 2008 1510 2067 alienum
1542 2012 1724 2068 videri
1780 2030 1972 2085 posse,
2008 2030 2101 2069 ne-

450 2113 564 2169 que
590 2096 899 2152 inimicum
932 2097 1031 2153 Dei
1092 2100 1159 2165 ‘1,
1193 2101 1346 2171 quod
1375 2102 1445 2156 de
1484 2102 1817 2157 conditione
1877 2106 2103 2161 constet

448 2187 639 2259 ipsius
670 2203 683 2242 :
712 2203 900 2260 neque
938 2186 1265 2245 cultoribus
1327 2190 1425 2246 Dei
1479 2191 1781 2247 vitandum
1816 2192 1881 2264 ¹²,
1944 2194 2099 2264 quod

451 2276 551 2333 Dei
584 2293 699 2333 non
723 2277 801 2333 sit
832 2276 1161 2346 inimicam,
1195 2280 1331 2351 quia
1363 2298 1467 2337 nec
1499 2281 1772 2339 alienum.
1821 2282 1997 2339 Plane
2044 2289 2102 2341 et

448 2367 592 2439 ipsa
624 2367 1051 2423 exstructiones
1098 2369 1383 2438 locorum,
1417 2372 1573 2444 quod
1606 2389 1764 2442 saxa,
1799 2374 1952 2444 quod
1986 2390 2099 2428 ca-

452 2460 669 2524 menta,
711 2457 867 2529 quod
902 2474 1217 2526 marmora,
1279 2462 1431 2533 quod
1491 2461 1797 2528 columna,
1856 2464 1954 2519 Dei
2010 2480 2100 2520 res

449 2551 606 2614 sunt,
640 2547 739 2619 qui
772 2563 839 2603 ea
881 2549 951 2603 ad
983 2548 1440 2606 instrumentum
1473 2555 1639 2607 terra
1671 2553 1833 2608 dedit
1867 2568 1879 2607 :
1916 2554 2017 2608 sed
2046 2558 2103 2609 et

448 2635 563 2708 ipsi
595 2641 762 2691 actus
795 2636 908 2691 sub
933 2637 1076 2693 ccclo
1140 2638 1235 2694 Dei
1291 2641 1721 2713 transiguntur.
1781 2645 1964 2706 Quam
2005 2659 2097 2697 sa-

450 2724 618 2796 piens
631 2726 1096 2797 argumentatrix
1109 2726 1220 2782 sibi
1238 2728 1809 2800 videturignorantia
1821 2730 1895 2785 hu
1909 2746 2100 2799 mana,

451 2814 774 2885 prasertim
806 2830 938 2871 cum
975 2814 1197 2886 aliquid
1230 2818 1520 2888 ejusmodi
1553 2819 1622 2874 de
1656 2820 1887 2891 gaudiis
1944 2825 2001 2875 et
2032 2821 2102 2876 de

452 2903 739 2959 fructibus
772 2902 968 2959 saculi
1002 2904 1209 2959 metuit
1241 2906 1507 2962 amittere
1540 2906 1553 2962 l
1587 2907 1790 2963 Plures
1848 2908 2101 2979 denique

454 2989 739 3059 invenias,
772 3007 920 3061 quos
950 2991 1141 3063 magis
1171 2993 1496 3064 periculum
1554 2994 1890 3067 voluptatis,
1925 3012 2102 3067 quam

452 3080 603 3148 vita,
638 3084 838 3135 avocet
866 3079 939 3136 ab
972 3080 1078 3136 hac
1100 3085 1275 3137 secta.
1307 3082 1452 3138 Nam
1483 3087 1730 3139 mortem
1753 3084 1930 3140 etiam
1957 3086 2104 3141 stul-

1797 350 1900 411 DE
1942 348 2494 413 SPEGTAGULIS.

3724 356 3845 417 706

2113 506 2168 575 Α
2198 484 2614 558 mancipatam.
2647 486 2757 543 Sed
2790 485 2926 557 quia
2955 500 3069 542 non
3102 484 3335 558 penitus
3387 485 3572 542 Deum
3629 492 3849 545 norunt

2203 576 2355 632 682
2390 575 2501 630 nisi
2534 574 2964 647 naturalijure,
3026 592 3140 631 non
3196 576 3371 631 etiam
3432 576 3727 649 familiari,
3777 580 3849 635 de

2200 663 2540 738 longinquo,
2575 682 2690 721 non
2724 666 2793 721 de
2826 665 3088 737 proximo
3116 685 3130 734 ;
3166 681 3403 722 necesse
3463 670 3551 722 est
3581 667 3852 739 ignorent

2200 754 2452 826 qualiter
2482 754 2884 811 administrari
2919 759 3019 809 aut
3040 755 3250 826 jubeat
3281 772 3355 810 au
3383 755 3689 827 prohibeat
3720 775 3848 830 qua

2198 845 2460 902 instituit
2496 845 2561 914 1‘,
2595 844 2773 900 simul
2806 844 2938 917 quis
2970 845 3046 900 sit
3101 845 3352 900 aemulus
3406 845 3447 880 ’⁸
3501 862 3569 901 ex
3598 846 3848 918 diverso,

2201 936 2599 992 adulterandis
2631 936 2838 991 usibus
2870 934 3077 991 divina
3109 935 3482 1003 conditionis,
3503 937 3643 1008 quia
3663 952 3852 1009 neque

2201 1010 2583 1094 voluntatem,
2618 1041 2805 1096 neque
2828 1025 3228 1081 adversarium
3258 1025 3489 1081 noveris
3518 1027 3851 1099 ejus,quem

2202 1114 2401 1171 minus
2432 1115 2681 1171 noveris.
2705 1114 2831 1171 Non
2863 1131 2999 1188 ergo
3032 1114 3140 1171 hoc
3188 1113 3380 1171 solum
3414 1116 3850 1188 respiciendum

2203 1208 2311 1275 est,
2345 1221 2461 1277 quo
2493 1205 2537 1242 ¹⁸
2567 1205 2766 1261 omnia
2797 1204 2916 1272 sint
2945 1203 3237 1271 instituta,
3302 1206 3402 1261 sed
3464 1223 3497 1261 a
3555 1222 3671 1278 quo
3715 1224 3854 1263 con-

2200 1311 2389 1350 versa.
2428 1295 2512 1351 Ita
2541 1294 2696 1350 enim
2729 1294 3033 1367 apparebit
3059 1294 3230 1364 cujus
3264 1296 3305 1333 1"
3336 1294 3389 1350 vi
3410 1294 3530 1352 sint
3561 1296 3857 1368 instituta,

2203 1385 2253 1441 si
2286 1388 2563 1457 appareat
2593 1385 2761 1456 cujus
2793 1384 2913 1440 sint
2969 1384 3031 1441 ιο.
3092 1383 3341 1439 Multum
3397 1384 3642 1441 interest
3702 1386 3857 1450 inter

2203 1473 2592 1546 corruptelam
2616 1478 2673 1529 et
2698 1473 3114 1546 integritatem,
3151 1472 3287 1545 quia
3309 1473 3559 1530 multum
3594 1479 3685 1530 est
3706 1474 3860 1532 inter

2203 1564 2597 1620 institutorem
2630 1568 2687 1619 et
2743 1562 3244 1635 interpolatorem.
3306 1564 3591 1619 Caterum
3650 1581 3857 1622 omnes

2204 1653 2429 1725 species
2461 1651 2772 1719 malorum,
2803 1669 2928 1723 qua
2952 1652 3031 1724 (8)
3060 1652 3235 1707 etiam
3266 1652 3478 1708 ethnici
3513 1657 3578 1708 ut
3610 1655 3655 1690 ιθ
3682 1654 3855 1709 indu-

2204 1743 2387 1798 bitata
2416 1747 2473 1798 et
2503 1741 2813 1815 prohibent
2840 1746 2896 1797 et
2945 1741 3287 1808 defendunt,
3348 1758 3418 1797 ex
3448 1742 3723 1815 operibus
3754 1743 3857 1799 Dei

2208 1836 2499 1889 constant.
2538 1831 2639 1887 Vis
2673 1832 2719 1867 9°
2774 1830 3159 1887 homicidium
3209 1830 3379 1898 ferro,
3439 1848 3677 1895 veneno,
3734 1850 3857 1888 ma-

2209 1922 2355 1994 gicis
2386 1920 2853 1977 devinctionibus
2883 1920 2960 1991 (9)
2995 1920 3190 1992 perlici
3226 1920 3298 1978 ²¹.
3329 1921 3470 1976 Tam
3505 1921 3721 1977 ferrum
3756 1922 3858 1979 Dei

2212 2026 2302 2067 res
2329 2015 2441 2075 est,
2473 2027 2650 2081 quam
2684 2009 2896 2078 herba,
2929 2026 3106 2081 quam
3142 2010 3366 2083 angeli:
3420 2011 3707 2083 numquid
3768 2016 3857 2067 ta-

2211 2117 2343 2156 men
2366 2100 2424 2155 in
2449 2100 2706 2156 hominis
2740 2115 2939 2156 necem
2959 2103 3161 2155 auctor
3177 2100 3291 2155 ista
3308 2102 3566 2172 providit
3585 2102 3611 2156 ?
3640 2103 3858 2174 Atquin

2211 2206 2443 2246 omnem
2474 2188 2777 2245 homicidii
2810 2188 3063 2260 speciem
3095 2206 3210 2244 uno
3269 2194 3326 2244 et
3369 2190 3679 2262 principali
3710 2209 3858 2263 pra-

2210 2283 2375 2349 cepto
2406 2278 2734 2334 interemit:
2765 2279 2880 2333 Non
2932 2278 3143 2333 occides
3193 2278 3385 2349 (Exod.
3444 2282 3559 2347 xx).
3614 2278 3863 2335 Proinde

2212 2382 2445 2436 aurum,
2479 2384 2581 2435 as,
2613 2372 2941 2438 argentum,
2976 2367 3139 2434 ebur,
3175 2366 3422 2437 lignum.
3476 2373 3531 2421 et
3588 2384 3861 2438 quacun-

2210 2473 2323 2527 que
2354 2456 2708 2511 fabricandis
2768 2456 2940 2511 idolis
2971 2456 3214 2511 materia
3271 2461 3558 2528 caplatur,
3619 2458 3751 2529 quis
3801 2459 3862 2513 in

2212 2545 2422 2602 saculo
2450 2545 2665 2616 posuit,
2714 2545 2826 2600 nisi
2858 2545 3056 2600 saculi
3089 2550 3292 2601 auctor
3322 2546 3524 2602 Deus?
3560 2547 3863 2618 Numquid

2210 2639 2403 2691 tamen
2433 2640 2496 2690 ut
2536 2633 2655 2690 hac
2685 2635 2965 2690 adversus
3010 2634 3205 2706 ipsum
3259 2635 3616 2691 adorentur?
3643 2637 3865 2709 Atquin

2212 2741 2446 2782 summa
2478 2725 2719 2780 oifensio
2764 2724 2811 2759 ²²
2869 2723 3200 2780 idolotatria
3258 2729 3366 2780 est.
3415 2726 3561 2791 Quid
3618 2743 3732 2782 non
3768 2728 3866 2782 Dei

2213 2819 2322 2881 est,
2347 2813 2501 2885 quod
2554 2818 2734 2868 Deum
2762 2812 3050 2867 offendit?
3109 2813 3218 2868 Sed
3265 2830 3397 2868 cum
3458 2815 3717 2881 offendit,
3767 2816 3866 2871 Dei

2212 2916 2338 2955 esse
2386 2898 2562 2955 desiit
2607 2904 2711 2966 ;et
2765 2914 2901 2953 cum
2953 2899 3148 2965 desiit,
3197 2899 3456 2955 offendit.
3518 2902 3644 2972 ipse
3692 2901 3866 2957 homo

2214 2988 2479 3044 omnium
2512 2986 2868 3058 ﬂagitiorum
2894 2991 3054 3043 actor
3077 2990 3143 3059 ³³,
3168 3005 3283 3043 non
3313 2992 3545 3044 tantum
3563 3006 3709 3061 opus
3740 2991 3867 3059 Dei,

2211 3093 2414 3133 verum
2446 3077 2623 3132 etiam
2655 3075 2849 3148 imago
2880 3080 2969 3132 est
2997 3077 3131 3149 (40),
3166 3081 3222 3132 et
3252 3082 3448 3132 tamen
3508 3094 3747 3150 corpore
3802 3082 3860 3134 et

453 3172 552 3224 tus
582 3172 644 3223 ut
673 3167 931 3224 debitam
962 3185 1079 3225 non
1112 3169 1456 3242 extimescit,
1514 3172 1883 3246 voluptatum
1925 3175 2104 3230 etiam
2214 3166 2421 3240 Spiritu
2456 3164 2698 3221 ἀθεοὶνὶῒ
2740 3166 2786 3200 ¹⁴
2814 3183 2848 3221 a
2904 3181 3010 3221 8110
3069 3166 3424 3224 institutore.
3454 3171 3653 3238 Neque
3709 3167 3865 3227 enim

457 3257 693 3330 sapiens
721 3260 787 3312 ut
814 3261 1040 3314 tantam
1074 3258 1118 3294 ¹³
1148 3276 1263 3316 non
1297 3262 1633 3333 contemnit,
1666 3280 1798 3318 cum
1844 3262 1961 3320 alia
1991 3281 2101 3322 non

2221 3256 2420 3312 oculos
2451 3256 2521 3311 ad
2555 3254 3057 3326 concupiscentias
3088 3255 3133 3290 ²⁵
3164 3255 3550 3327 sumpsimus,
3610 3273 3798 3326 neque
3826 3259 3869 3293 ²⁶

450 3347 529 3403 sit
571 3352 628 3403 et
657 3347 839 3404 stulto
870 3352 927 3403 et
957 3348 1207 3421 sapienti
1260 3351 1386 3405 vita
1426 3353 1634 3424 gratia,
1668 3352 1780 3408 nisi
1811 3353 2100 3426 voluptas.
2214 3347 2475 3419 linguam
2502 3347 2573 3401 ad
2608 3344 3044 3417 maliloquium.
3073 3354 3313 3401 Olaures
3330 3346 3401 3400 ad
3428 3346 3869 3417 εκοθριειευὶυω

450 3436 633 3492 Nemo
666 3440 858 3509 negat,
895 3437 1035 3510 quia
1068 3454 1238 3494 nemo
1269 3439 1497 3510 ignorat
1527 3442 1682 3513 quod
1716 3441 1867 3498 ultro
1890 3449 2103 3500 natura
2214 3436 2560 3509 maliloquii,
2593 3441 2650 3492 et
2681 3434 2878 3507 gulam
2912 3436 2982 3490 ad
3006 3434 3155 3507 gula
3186 3436 3407 3491 crimen
3452 3436 3587 3507 (11),
3620 3440 3677 3491 et
3732 3451 3869 3491 ven-

449 3527 735 3599 suggerit,
788 3531 971 3582 Deum
1040 3543 1169 3584 esse
1259 3530 1655 3588 universitatis
1713 3533 2101 3606 conditorem,
2211 3533 2359 3585 trem
2387 3528 2455 3583 ad
2490 3526 2641 3599 80118
2668 3526 3000 3581 satietatem
3035 3526 3099 3595 ³⁷,
3135 3530 3190 3581 et
3222 3525 3500 3597 genitalia
3548 3528 3619 3581 ad
3673 3542 3872 3581 exces-

447 3631 696 3688 eamque
728 3615 1169 3674 universitatem
1199 3621 1321 3675 tam
1378 3619 1617 3691 bonam,
1662 3637 1843 3694 quam
1875 3621 2102 3679 homini
2213 3635 2315 3677 sus
2345 3616 2752 3690 impudicitia,
2785 3619 2842 3671 et
2872 3631 3085 3672 manus
3136 3614 3205 3671 ad
3238 3615 3378 3687 vim,
3439 3618 3496 3671 et
3527 3631 3769 3693 gressus
3801 3615 3873 3671 ad

1834 3775 2040 3840 Varia
2070 3775 2387 3837 lectiones.

521 3904 551 3989 °_
569 3904 1017 3989 Supervacuum
1041 3906 1173 3962 Jun.
1215 3909 1402 3989 Paris.
1486 3909 1763 3989 Eecerant
1792 3911 1919 3989 Jun.
1980 3912 2243 3989 fecerunt
2270 3908 2498 3989 __Rigalt
2518 3908 2538 3943 ⁸
2567 3906 2964 3989 “Quamquam
3023 3910 3134 3989 et,“
3153 3904 3230 3989 si.
3255 3905 3870 3989 itamesset."nl‘a‘m_etc.

446 3973 895 4061 distinguit-Jun.
928 3978 949 4013 ⁹
979 3978 1157 4061 Bona,
1190 3985 1255 4035 ut
1284 3981 1483 4061 omnia
1508 3983 1640 4061 boni
1674 3986 1932 4061 auctoris
1965 3986 2112 4061 θέᾳ.
2169 3984 2219 4061 ιο,
2270 3973 2499 4061 Equum
2560 3980 2757 4061 Rigalt.
2802 3973 2857 4061 1“
2914 3979 3034 4061 Deo
3086 3973 3274 4061 Paris.
3326 3980 3533 4061 Rigalt.
3575 3979 3631 4061 η.
3654 3980 3874 4061 Putaui-

443 4048 801 4133 dum_Parii.
836 4066 1026 4133 neque
1056 4051 1239 4133 culpa
1292 4053 1925 4133 deputandumRigatt:
1961 4056 2006 4133 f3
2037 4048 2345 4133 Utendam'
2381 4055 2508 4133 Jun.
2553 4048 3108 4133 1"“.‘tdmi.n‘i_str‘ari
3147 4051 3562 4133 jubeat,‘_qua
3592 4050 3878 4133 instituit

443 4120 649 4204 Rigalt.
684 4121 724 4155 ¹⁸
755 4121 891 4204 Qua
913 4120 998 4177 vis
1026 4120 1612 4204 amulaexedversn
1640 4120 1847 4204 Rigalt.
1883 4128 2136 4204 'fAquuo
2176 4128 2370 4204 Wo_uw.
2410 4130 2482 4204 Mn.
2634 4123 2839 4204 _Rig_a_lt,
3156 4120 3332 4204 usuin
3350 4122 3633 4204 _Iligglt.__’°
3663 4122 3723 4204 Si
3779 4139 3876 4204 ap-

445 4193 961 4267 pareat_cuihnon
1019 4195 1133 4265 Rig.
1190 4196 1608 4267 1“Indubitate,
1667 4193 1839 4253 semt.
1902 4199 1946 4233 ²⁰
2004 4193 2181 4254 Vides
2238 4200 2365 4253 Jun.
2446 4194 2815 4267 PerticigRig
2897 4194 2941 4227 ²²
2984 4194 3236 4267 (Offensa
3294 4193 3496 4267 Rigalt.
3557 4193 3603 4227 ³⁸
3658 4196 3876 4249 Auctor

444 4264 847 4392 Patiasﬂiﬂ.“
876 4266 947 4321 Et
988 4264 1177 4324 tamen
1201 4284 1441 4341 corpore
1462 4275 1519 4325 et
1551 4264 1763 4342 spiritu
1787 4271 1965 4327 desiit
1996 4271 2119 4339 Rig.
2169 4271 2214 4305 ³⁵
2241 4264 2796 4340 Concupiscentiam
2826 4267 2953 4339 Rig.
2979 4266 3023 4300 ’⁵
3052 4266 3117 4320 Et
3152 4266 3335 4335 Itig.27
3366 4265 3711 4323 Societatem
3744 4267 3873 4322 Jun.

445 4350 513 4392 ex
590 4377 602 4389 .
671 4379 682 4391 .
764 4354 840 4392 ta.

445 4350 513 4392 ex
534 4350 602 4392 Μ.
628 4350 682 4392 .5.
718 4350 840 4408 mg.

1869 4439 2390 4503 Commentarius.

515 4569 595 4641 (6)
616 4570 701 4625 Ad
729 4571 877 4627 hanc
904 4572 1374 4629 obstinationem.
1435 4573 1767 4631 Familiaris
1826 4580 1919 4632 est
1966 4592 2101 4631 auc-

445 4641 554 4718 tori
582 4658 693 4718 vox
711 4643 1005 4718 obstinatio
1037 4645 1092 4718 in
1126 4645 1339 4718 bonam
1374 4652 1621 4718 partem,
1655 4665 1756 4718 pro
1776 4649 2104 4718 constantia,

2259 4591 2320 4630 ro
2350 4573 2642 4645 ligaturis,
2673 4573 2743 4627 de
2767 4570 2979 4645 quibus
3029 4569 3207 4645 latius
3258 4571 3361 4627 lib.
3421 4572 3488 4627 de
3519 4574 3737 4629 Anima.
3801 4574 3872 4630 Et

2259 4591 2320 4630 ro
2350 4591 2642 4645 ligaturis,
2673 4591 2743 4627 oe
2767 4591 2979 4642 quibus
3030 4591 3207 4625 latius
3261 4591 3361 4627 uo.
3421 4591 3488 4627 ae
3519 4591 3737 4629 anima.
3801 4591 3869 4630 Μ

2216 4591 2311 4701 Eic
2343 4662 2474 4701 vero
2506 4644 2750 4717 pulchra
2783 4648 2871 4698 est
2903 4642 3121 4699 Genelli
3157 4645 3500 4716 castigatio:
3533 4649 3595 4701 In
3627 4645 3869 4702 hominis

446 4714 621 4792 sicuti
652 4719 709 4770 et
737 4717 892 4788 apud
944 4717 1231 4788 Tacitum,
1294 4711 1395 4773 lib'.
1454 4736 1532 4787 1x,
1594 4711 1897 4777 Obstinatio
1953 4711 2102 4792 ﬁdei:
2137 4711 2185 4774 Β
2215 4734 2400 4792 necem
2431 4711 2649 4785 auctor,
2685 4734 2786 4789 pro
2819 4718 2878 4771 in
2898 4732 3024 4770 nece
3056 4723 3134 4771 est
3183 4711 3393 4773 auctor.
3451 4719 3529 4773 Ex
3561 4721 3665 4774 Ms.
3701 4718 3879 4792 paulo

446 4786 589 4842 PAM.

521 4858 599 4929 (7)
656 4858 1031 4935 Abdicatione
1076 4861 1438 4935 voluptatum.
1500 4862 1839 4935 Vagabatur
1896 4865 2111 4935 dogma

449 4929 602 5009 inter
631 4931 881 5001 gentiles
914 4929 1319 5009 philosophos,
1352 4929 1867 5009 _ut_potef'magnos
1899 4929 2109 5009 procu-

449 5007 670 5081 ratores
702 5004 995 5081 avertendi
1029 5004 1266 5081 doldris,
1315 5006 1675 5081 abdicandae
1724 5004 1858 5064 'esse
1899 5004 2111 5081 'volup-

446 5078 599 5151 tates
627 5080 766 5151 ante
799 5080 1070 5151 mortem,
1108 5084 1173 5134 ut
1202 5078 1323 5133 hac
1357 5077 1553 5133 dolore
1586 5087 1827 5136 careret.
1890 5077 2112 5151 Dogma

448 5146 559 5201 hoc
584 5146 1062 5223 philosOphicum
1090 5156 1489 5223 repraesentat
1540 5158 1773 5218 Seneca,
1809 5146 2002 5223 epist:
2017 5155 2106 5207 27.

452 5219 911 5304 Putabantergo
944 5219 1215 5304 gentiles.
1242 5223 1385 5279 illud
1440 5228 1798 5304 praeceptum
1843 5219 2111 5304 exerceri

453 5290 804 5367 Christianis
846 5290 907 5347 in
950 5290 1332 5351 abdicatione
1384 5290 1876 5367 spectaculorum,
1938 5302 2003 5352 ut
2031 5297 2112 5353 ita

454 5363 776 5489 paratiores
808 5371 1007 5420 essent
1040 5368 1110 5422 ad
1144 5363 1441 5425 ferendam
1467 5372 1714 5424 mortem
1748 5369 1873 5425 sine
1891 5369 2108 5425 dolore.

510 5452 592 5489 ac.

510 5452 592 5490 AC.

526 5506 603 5583 (_8)
636 5507 763 5583 Qua
795 5509 969 5583 e_tia_m
997 5509 1204 5583 ethnici
1233 5521 1295 5567 ut
1322 5511 1634 5568 indubitata
1667 5516 1718 5567 et
1745 5512 2032 5583 prohibent
2060 5526 2112 5568 et

457 5578 780 5656 defendunt.
819 5580 1163 5656 Defendunt,
1224 5583 1337 5656 hoc
1378 5589 1502 5656 est,
1559 5578 1855 5653 asserunt,
1904 5600 2112 5656 nempe

457 5667 586 5728 esse
618 5651 794 5721 mala,
826 5660 879 5707 et
909 5654 1514 5728 quidemindubitata
1543 5673 1555 5722 ;
1592 5674 1718 5728 qua
1744 5651 1965 5713 scilicet
1989 5651 2110 5712 m‘a-

461 5724 867 5803 lae‘s‘sennemo
898 5727 1073 5803 etiam
1097 5726 1465 5803 ethnicorum
1495 5724 1757 5803 ambigit.
1796 5736 1917 5786 DIG.

535 5795 611 5868 (9)
652 5796 873 5869 Magicis
919 5798 1373 5858 devinctionibus.
1435 5795 1844 5860 Devinctiones
1902 5800 2115 5875 accipit

2261 4796 2353 4846 ost
2380 4790 2528 4862 lego,
2561 4792 2908 4863 ﬂagitiorum
2933 4792 3087 4842 actor
3118 4805 3218 4863 pro
3242 4794 3477 4863 auctor:
3500 4807 3692 4863 neque
3720 4791 3878 4847 enim

2261 4809 2353 4846 osr.
2380 4809 2528 4862 rego,
2561 4809 2905 4861 [azymorum
2933 4809 3087 4842 acwr
3118 4809 3218 4858 pro
3242 4809 3477 4846 auctor:
3500 4809 3692 4863 neque
3720 4809 3875 4847 enim

2219 4809 2417 4933 Bome,
2453 4863 2552 4918 sed
2592 4861 2864 4917 Diabolus
2895 4860 3279 4932 interpolator
3335 4861 3571 4918 illorum
3618 4868 3707 4919 est
3738 4881 3875 4920 auc-

2219 4941 2327 4991 tor.
2364 4936 2503 4991 PAM.

2291 5007 2402 5079 (10)
2433 5009 2616 5074 Imago
2637 5006 2733 5060 Dei
2761 5008 2856 5060 est.
2919 5001 3185 5079 Intelligo
3242 5008 3501 5079 (mentem
3534 5004 3836 5079 scriptoris
3862 5023 3874 5062 :

2222 5076 2306 5133 ait
2332 5078 2631 5133 hominem
2666 5094 2794 5132 esse
2848 5081 2904 5132 et
2934 5094 3106 5150 Aopus‘
3150 5076 3251 5131 Dei
3284 5083 3340 5132 et
3371 5076 3687 5150 imaginem
3732 5078 3872 5133 Dei:

2221 5168 2366 5222 opus
2398 5156 2634 5223 propter
2665 5166 2895 5223 corpus,
2928 5147 3545 5223 imaginempropter
3570 5150 3871 5223 spiritum.

2221 5219 2425 5293 Itaque
2459 5219 2572 5278 non
2606 5222 2820 5278 debent
2850 5219 3129 5276 confundi
3158 5219 3512 5277 verba.Nam
3534 5219 3707 5276 homo
3727 5221 3875 5276 ima-

2221 5311 2293 5367 go
2329 5295 2423 5350 Dei
2456 5300 2685 5350 tantum
2718 5294 2933 5367 dicitur
2962 5296 3199 5367 propter
3239 5293 3534 5364 spiritum.
3586 5294 3735 5348 Zeno
3760 5296 3871 5348 Ve-

2221 5365 2425 5424 ronen.
2458 5384 2634 5423 serm.
2667 5368 2780 5421 2in
2813 5365 2939 5420 Gen.
2978 5366 3111 5419 Lac.

2292 5440 2407 5511 (11)
2438 5440 2501 5494 Et
2530 5440 2719 5511 gulam
2747 5438 2819 5491 ait
2843 5436 2999 5511 gulae
3027 5436 3257 5489 crimen.
3317 5435 3500 5511 Gu1a_
3534 5434 3753 5511 crimen
3781 5450 3875 5490 so-

2222 5506 2973 5567 lummodo—ecclesiasticis
3011 5512 3214 5561 notum
3274 5524 3375 5576 pro
3404 5506 3552 5578 gula
3587 5508 3876 5578 intempe-

2222 5585 2550 5656 rantiaseu
2583 5582 2893 5656 gulositate
2926 5595 2938 5631 :
2977 5578 3238 5656 profanis
3257 5595 3370 5656 non
3404 5581 3562 5635 item.
3587 5578 3882 5656 Similiter

2222 5655 2366 5711 dixit
2397 5655 2499 5711 lib.
2532 5649 2884 5725 deVJejuniis;
2918 5673 2944 5699 ‹‹
2976 5649 3161 5705 Adam
3214 5650 3460 5725 salutem
3503 5651 3643 5725 gula
3674 5653 3880 5725 vendi-

2222 5729 2344 5796 dit;
2378 5750 2405 5778 ››
2441 5727 2619 5783 etlib.
2658 5723 2694 5791 ι’,
2726 5726 2853 5798 adv).
2888 5727 3058 5798 Marc.
3094 5744 3123 5773 ‹‹
3183 5723 3710 5798 gemitibus—gula,
3744 5724 3878 5783 libi-

2222 5793 2341 5857 dini
2378 5800 2602 5857 scilicet
2633 5803 2808 5870 atque
2832 5793 3094 5851 luxuria.
3132 5817 3160 5845 ››
3191 5796 3336 5853 ΡΑΜ.
