4262 6356
388 324 504 385 709

1740 325 1845 385 DE
1888 324 2443 390 SPECTAGULIS.

3679 338 3801 398 Ἠο

382 459 590 513 statur.
614 455 751 511 Vias
768 454 923 510 enim
944 459 1154 511 vocant
1180 460 1236 511 et
1257 456 1528 512 cardines
1556 456 1885 512 balteorum
1910 458 2025 527 (10)
2063 459 2114 526 Α
2145 457 2457 516 lolatriam.
2491 464 3092 521 Commemorabimus
3121 465 3374 535 origines
3403 466 3796 541 singulorum,

384 563 486 619 per
515 545 803 601 ambitum
850 546 998 602 685
1048 552 1100 600 et
1132 545 1477 602 discrimina
1521 546 1889 619 popularium
1934 562 2033 619 per

385 634 724 709 proclivum.
780 633 1067 689 Cathedra
1132 650 1363 705 quoque
1414 635 1755 690 nominatur
1801 636 1926 708 ipse
1971 635 2029 691 in

385 724 648 780 anfractu
694 723 765 778 ad
812 739 1155 777 consessum
1205 723 1375 779 situs.
1422 722 1625 795 Itaque
1669 739 1699 779 e
1742 724 2032 780 contrario

384 812 585 869 infelix
637 812 737 884 qui
788 810 843 865 in
904 812 1292 883 quodcunque
1349 812 1659 867 consilium
1715 812 2030 885 impiorum

386 902 613 966 abierit,
645 906 702 957 et
725 900 782 955 in
818 916 1168 973 quacunque
1197 900 1476 956 cathedra
1506 901 1760 973 pestium
1796 902 2029 957 sederit.

384 990 740 1048 Generaliter
783 990 1004 1044 dictum
1038 989 1463 1062 intelligamus,
1515 1007 1651 1046 cum
1684 990 1822 1063 quid
1857 991 2031 1045 etiam

385 1079 713 1153 specialiter
756 1078 1125 1151 interpretari
1177 1079 1351 1150 capit.
1400 1079 1545 1134 Nam
1600 1085 1656 1134 et
1704 1079 2036 1151 specialiter

385 1169 654 1241 quaedam
744 1167 1122 1241 pronuntiata
1170 1168 1280 1239 (20)
1356 1168 1705 1239 generaliter
1776 1168 2031 1240 sapiunt.

384 1258 531 1314 Cum
584 1260 734 1314 Deus
775 1256 1071 1313 lsraelitas
1116 1258 1393 1314 admonet
1436 1257 1763 1330 disciplinas
1804 1258 1893 1314 vel
1928 1257 2032 1314 ob-

375 1351 600 1421 jurgat,
651 1349 852 1419 utique
892 1348 964 1403 ad
1008 1364 1212 1403 omnes
1260 1347 1435 1403 habet
1482 1348 1675 1418 (Exod.
1709 1349 1845 1420 xu):
1896 1365 2029 1403 cum

384 1439 619 1510 {Egypto
650 1442 705 1492 et
734 1436 1037 1507 ZEtbiopiaa
1086 1436 1326 1492 exitium
1356 1438 1770 1506 comminatur,
1814 1438 1871 1491 in
1904 1454 2029 1493 om-

382 1544 515 1583 nem
547 1530 779 1599 gentem
812 1526 1193 1598 pcccatricem
1244 1528 1587 1599 praeiudicat
1616 1528 1749 1598 (21).
1783 1528 1877 1582 Sic
1906 1543 2030 1581 om-

383 1618 474 1672 nis
526 1633 669 1689 gens
710 1615 1002 1687 peccatrix
1052 1621 1290 1670 vocatur
1332 1617 1612 1688 IEgyptus
1657 1620 1714 1671 et
1746 1616 2032 1689 xEtbiopia

384 1710 519 1779 (ιω.
552 1723 645 1760 xiv
673 1709 724 1761 et
770 1706 953 1775 alibi),
978 1722 1010 1760 a
1048 1705 1241 1776 specie
1272 1706 1339 1759 ad
1392 1722 1599 1777 genus.
1641 1707 2029 1771 Quemadmo-

385 1796 523 1851 dum
573 1794 752 1849 etiam
810 1794 880 1849 de
929 1794 1153 1865 origine
1202 1794 1666 1863 spectaculorum
1714 1794 2027 1849 concilium
2061 1834 2109 1899 Β

385 1888 553 1942 vocat
583 1884 923 1956 impiorum,
954 1900 985 1937 a
1018 1898 1229 1954 genere
1260 1885 1329 1937 ad
1363 1884 1636 1954 speciem.

1034 1980 1261 2036 CAPUT
1303 1981 1390 2037 IV.

456 2064 538 2122 Ne
569 2062 701 2134 quis
733 2062 1129 2134 argumentari
1180 2079 1288 2117 nos
1328 2067 1510 2135 putet,
1542 2063 1611 2117 ad
1646 2062 2027 2136 principalem

384 2152 793 2210 auctoritatem
861 2156 1165 2207 convertar
1221 2152 1409 2223 ipsius
1474 2152 1763 2224 signaculi
1821 2155 2029 2209 nostri.

383 2244 529 2299 Cum
574 2258 787 2313 aquam
836 2240 1087 2313 ingressi
1141 2240 1529 2296 Christianam
1564 2242 1736 2297 fidem
1792 2242 1849 2297 in
1886 2242 2031 2314 legis

382 2350 499 2389 suae
530 2332 705 2387 verba
751 2330 1113 2403 proﬁtemur,
1156 2330 1526 2385 renuntiasse
1576 2347 1682 2385 nos
1713 2331 1943 2387 diabolo
1975 2336 2033 2387 et

382 2439 601 2496 pompa:
623 2426 678 2477 et
702 2419 925 2489 angelis
949 2421 1077 2491 ejus
1099 2436 1196 2475 ore
1224 2425 1423 2475 nostro
1448 2426 1867 2475 contestamur.
1884 2422 2031 2485 Quid

382 2512 783 2570 eritsummun
804 2510 847 2544 ⁸⁸
876 2510 1254 2580 praecipuum,
1280 2510 1336 2563 in
1361 2525 1476 2579 quo
1503 2509 1771 2565 diabolus
1793 2515 1851 2565 et
1870 2528 2031 2581 pom-

384 2619 467 2675 pis
525 2605 580 2656 et
664 2597 855 2670 angeli
914 2599 1044 2668 ejus
1104 2601 1476 2664 censeantur,
1556 2615 1733 2669 quam
1793 2599 2033 2655 idolola-

382 2691 494 2745 tria
515 2689 543 2743 ?
563 2705 631 2744 ex
659 2703 776 2759 qua
805 2686 997 2741 omnis
1029 2686 1373 2741 immundus
1402 2690 1459 2741 et
1490 2704 1739 2758 nequam
1767 2688 2033 2760 spiritus,

388 2784 453 2835 ut
484 2779 564 2833 ita
595 2776 864 2845 dixerim,
920 2775 1059 2846 quia
1092 2792 1197 2831 nec
1246 2775 1469 2830 diutius
1503 2776 1571 2830 de
1612 2776 1740 2832 hoc.
1776 2778 1957 2847 Igitur
1987 2777 2035 2832 si

382 2885 451 2925 ex
472 2863 805 2923 idololatria
834 2865 1167 2919 universam
1201 2864 1663 2934 spectaculorum
1700 2871 2033 2936 paraturam

381 2962 650 3015 constare
687 2952 1035 3020 constiterit,
1069 2952 1397 3007 indubitate
1443 2954 1885 3024 prmjudicatum
1928 2954 2039 3010 erit

382 3048 559 3103 etiam
606 3044 676 3097 ad
718 3040 1052 3112 spectacula
1092 3043 1384 3112 pertinere
1424 3041 1878 3097 renuntiationis
1928 3060 2033 3097 no-

381 3140 515 3192 stris
549 3128 952 3187 testimonium
984 3128 1043 3183 in
1068 3128 1316 3193 lavacro,
1353 3145 1479 3200 quae
1511 3129 1742 3184 diabolo
1783 3134 1836 3185 et
1870 3148 2033 3201 pom-

2142 549 2361 620 quibus
2408 551 2449 584 ‘7
2495 551 2648 605 636
2686 551 2745 606 in
2794 553 3103 610 cunabulis
3133 555 3175 588 ‘3
3227 554 3286 609 in
3336 556 3547 612 saeculo
3596 558 3797 614 adole-

2142 638 2332 693 verint
2364 656 2375 693 :
2408 639 2614 695 exinde
2663 640 2863 697 titulos
2902 643 3321 713 quorumdam,
3355 644 3571 715 quibus
3604 646 3792 701 nomi-

2143 726 2319 782 nibus
2395 734 2852 801 nuncupentur:
2913 731 3119 785 exinde
3176 737 3516 803 apparatus,
3579 736 3794 806 quibus

2141 816 2663 887 superstitionibus
2712 818 3110 874 instruantur:
3146 825 3272 874 tum
3320 822 3364 855 ⁴⁹
3394 820 3539 889 loca,
3574 824 3792 894 quibus

2143 904 2490 975 praesidibus
2520 906 2789 961 dicentur
2822 922 2836 963 :
2871 911 2995 962 tum
3028 908 3069 943 ⁵ο
3093 912 3265 977 artes,
3298 909 3513 979 quibus
3545 913 3794 967 auctori-

2141 994 2251 1049 bus
2275 996 2645 1067 deputentur.
2680 998 2736 1052 Si
2769 998 2909 1068 quid
2942 1014 3009 1053 ex
3026 998 3117 1052 his
3150 1016 3266 1053 non
3298 1000 3367 1053 ad
3399 999 3623 1056 idolum
3658 1019 3793 1073 per-

2142 1084 2404 1151 tinuerit,
2436 1085 2492 1139 id
2545 1101 2734 1157 neque
2779 1087 2846 1141 ad
2892 1086 3305 1156 idololatriam,
3357 1106 3547 1161 neque
3578 1091 3647 1145 ad
3683 1108 3793 1147 no-

2142 1182 2322 1233 stram
2356 1175 2731 1246 cierationem
2764 1175 3097 1246 pertinebit.

2784 1273 3014 1328 CAPUT
3054 1274 3123 1327 V.

2213 1355 2290 1409 De
2316 1352 2642 1425 originibus
2674 1353 2912 1425 quidem
2954 1359 3016 1409 ut
3045 1354 3457 1410 secretioribus
3489 1360 3545 1411 et
3575 1356 3793 1428 ignotis

2140 1461 2318 1516 penes
2354 1443 2548 1513 plures
2598 1446 2931 1499 nostrorum
2983 1443 3179 1513 altius,
3227 1462 3331 1499 nec
3364 1444 3599 1501 aliunde
3629 1446 3793 1503 inve-

2140 1532 2481 1602 stigandum
2524 1532 2629 1585 fuit
2658 1532 2790 1603 (2‘3),
2824 1548 2998 1603 quam
3051 1533 3121 1587 de
3159 1532 3565 1589 instrumentis
3596 1534 3792 1589 ethni-

2139 1638 2339 1676 carum
2374 1622 2413 1655 ⁵¹
2458 1620 2805 1675 litterarum.
2850 1622 3093 1676 Exstant
3142 1626 3410 1677 auctores
3451 1623 3638 1694 multi,
3690 1624 3792 1695 qui

2141 1728 2317 1783 super
2346 1711 2462 1765 ista
2494 1726 2553 1765 re
2603 1710 3055 1765 commentarios
3087 1710 3416 1766 ediderunt.
3450 1712 3532 1766 Ab
3575 1711 3665 1767 his
3698 1712 3793 1767 lu-

2140 1801 2347 1856 dorum
2381 1798 2542 1871 origo
2584 1798 2667 1854 sic
2708 1798 2997 1855 traditur:
3036 1800 3217 1871 Lydos
3249 1817 3315 1855 ex
3364 1801 3500 1854 Asia
3530 1805 3792 1858 transve-

2143 1907 2248 1945 nas
2280 1889 2338 1943 in
2370 1889 2599 1943 Etruria
2630 1888 2986 1951 consedisse.
3023 1892 3085 1942 ut
3132 1889 3383 1943 Timaeus
3414 1889 3609 1958 refert,
3643 1891 3790 1947 duce

2142 1978 2463 2050 Tyrrheno,
2487 1976 2583 2048 qui
2611 1976 2770 2032 fratri
2794 1994 2902 2031 suo
2925 1981 3179 2031 cesserat
3200 1977 3359 2048 regni
3383 1980 3791 2035 contentione:

2142 2066 2325 2138 igitur
2371 2066 2427 2120 in
2500 2065 2748 2126 Etruria.
2810 2066 2962 2120 inter
3009 2071 3246 2121 caeteros
3310 2067 3456 2121 ritus
3502 2068 3792 2139 supersti-

2142 2157 2369 2210 tionum
2404 2171 2667 2216 suarum,
2718 2154 3050 2225 spectacula
3094 2172 3327 2225 quoque
3359 2155 3656 2227 religionis
3688 2174 3791 2213 no-

2140 2245 2295 2298 mine
2325 2244 2645 2297 instituunt
2677 2258 2689 2296 :
2725 2243 2860 2297 inde
2893 2244 3137 2297 Romani
3177 2244 3489 2298 accersitos
3541 2246 3791 2301 artifices

2141 2336 2505 2399 mutuantur,
2534 2335 2787 2401 tempus,
2813 2332 3298 2399 enuntiationem,
3324 2337 3388 2386 ut
3416 2332 3593 2387 ludia
3616 2334 3791 2405 Lydis

2139 2425 2423 2476 vocantur
2470 2421 2600 2488 (25).
2656 2420 2763 2474 Sed
2815 2420 2922 2475 etsi
2970 2420 3153 2475 Varro
3211 2421 3382 2475 ludos
3442 2440 3474 2476 a
3528 2422 3674 2489 ludo,
3728 2423 3785 2478 id

2144 2514 2230 2564 est
2265 2526 2295 2563 a
2333 2508 2467 2564 lusu
2520 2511 2962 2579 interpretatur,
3009 2510 3162 2563 sicut
3194 2515 3250 2564 et
3285 2511 3575 2580 Lupercos
3619 2510 3791 2567 ludos

2146 2596 2461 2669 appellant,
2496 2598 2648 2668 quod
2711 2596 2960 2652 ludendo
2997 2598 3369 2664 discurrant;
3404 2604 3600 2653 tamen
3656 2616 3788 2656 eum

2145 2687 2343 2742 lusum
2401 2687 2683 2756 juvenum
2745 2691 2800 2741 et
2847 2686 3054 2741 diebus
3096 2687 3279 2756 festis,
3332 2692 3388 2742 et
3434 2687 3688 2759 templis,
3736 2694 3793 2744 et

2146 2776 2529 2847 religionibus
2564 2780 2816 2847 reputat.
2840 2775 2997 2830 Nihil
3031 2777 3157 2847 jam
3192 2777 3262 2831 de
3293 2793 3471 2831 causa
3500 2776 3788 2843 vocabuli,

2145 2880 2277 2920 cum
2311 2864 2355 2897 ⁵³
2386 2864 2463 2917 rei
2499 2880 2677 2919 causa
2706 2862 3033 2918 idololatria
3078 2864 3171 2918 sit.
3204 2869 3349 2919 Nam
3383 2871 3440 2919 et
3483 2881 3616 2920 cum
3654 2883 3788 2937 pro-

2146 2952 2368 3006 miscue
2420 2952 2542 3005 ludi
2600 2951 2883 3006 Liberalia
2926 2958 3271 3007 vocarentur
3316 2953 3451 3023 (24).
3510 2955 3785 3009 honorem

2147 3042 2332 3095 Liberi
2388 3040 2570 3112 patris
2623 3040 2933 3095 manifeste
2973 3041 3277 3095 sonabant.
3314 3041 3517 3095 Libero
3567 3043 3723 3097 enim
3757 3060 3791 3097 a

2146 3128 2382 3184 rusticis
2413 3128 2600 3200 primo
2651 3128 2865 3182 licbant
2922 3130 2993 3183 ob
3040 3128 3385 3183 beneﬁcium
3420 3131 3572 3200 quod
3608 3131 3658 3185 ei
3691 3131 3790 3186 ad-

380 3241 465 3295 pze
507 3226 568 3277 et
598 3216 820 3292 angelis
843 3218 970 3289 ejus
1002 3218 1123 3273 sint
1154 3217 1506 3289 mancipata,
1533 3217 1754 3273 scillcet
1777 3236 1877 3290 per
1907 3219 2031 3274 ido-
2063 3202 2105 3268 C
2148 3219 2412 3274 scribunt
2444 3234 2546 3289 pro
2606 3217 2648 3251 ⁸³
2706 3218 3105 3272 demonstrata
3156 3218 3344 3289 gratia
3400 3219 3539 3273 vini.
3568 3219 3789 3275 Exinde

1815 3338 2010 3400 Variae
2041 3337 2361 3398 lectiones.

450 3454 496 3491 ⁴⁶
525 3457 719 3525 Atque
752 3452 957 3525 Rigalt.
1035 3450 1079 3485 ‘7
1100 3453 1155 3525 7A
1185 3448 1396 3525 quibus
1424 3452 1555 3525 Jun.
1633 3450 1677 3485 ⁴⁸
1726 3452 2107 3509 Incunabulis
2136 3453 2337 3523 Rigalt.
2414 3455 2458 3491 ιθ
2476 3451 2641 3507 Tunc
2668 3453 2789 3522 Rig.

381 3526 597 3584 calium
619 3523 754 3595 'Rig.
831 3526 876 3564 ⁸⁵⁸
909 3524 1061 3580 Dum
1088 3524 1212 3594 Βία.
1288 3523 1332 3558 ⁸⁸
1362 3523 1469 3579 Pro
1500 3523 1652 3579 abes!
1692 3525 1811 3597 Rig.

2865 3451 2908 3487 ⁵ο
2939 3451 3088 3507 Tum
3137 3451 3291 3507 abest
3322 3452 3443 3522 Rig.
3518 3452 3559 3487 ⁶¹
3587 3452 3791 3509 Ethni-

1834 3644 2356 3707 Commentarius.

458 3754 569 3825 (19)
606 3754 731 3810 Viae
777 3754 924 3808 enim
968 3756 1159 3808 vocant
1204 3755 1255 3808 et
1309 3752 1564 3825 cardine;
1596 3752 1922 3810 balteorum.
1958 3754 2037 3808 De

386 3825 477 3881 his
525 3826 803 3880 omnibus
850 3841 977 3896 qua
1025 3826 1096 3879 ad
1144 3825 1365 3879 circum
1418 3824 1711 3896 pertinent
1757 3826 2040 3881 notabilia

387 3898 574 3952 multa
612 3897 846 3967 collegit
892 3896 1273 3951 doctissimus
1303 3896 1624 3951 Salmasius
1655 3896 1936 3953 Plinianis
1964 3898 2035 3953 ad

386 3970 650 4025 Solinum
673 3968 1214 4023 Exercitationibus.
1246 3985 1372 4038 pag.
1407 3970 1530 4022 895.
1556 3968 1678 4022 R10.

454 4073 507 4081 —
550 4045 612 4097 Et
663 4042 913 4095 cardines
946 4041 1267 4095 balteorum.
1312 4039 1491 4094 Baltei
1539 4039 1815 4111 repagula
1850 4045 2035 4105 erant,

386 4129 485 4167 seu
533 4112 771 4184 cingula
830 4112 1089 4166 coriacea
1140 4110 1316 4166 bullis
1366 4110 1858 4184 ornata,’quibus
1906 4128 2038 4166 con-

386 4183 827 4253 stringebantur
855 4184 1122 4253 equitum
1174 4184 1569 4238 Romanorum
1622 4183 1904 4238 subsellia
1934 4184 2035 4253 qui

381 4255 440 4311 in
490 4273 665 4312 cavea
703 4257 1003 4325 sedebant,
1058 4255 1181 4310 loco
1221 4260 1421 4326 operto
1455 4271 1469 4310 :
1503 4255 1677 4309 baltei
1709 4260 1902 4309 autem
1935 4255 2033 4310 isti

381 4327 573 4383 hamis
595 4344 697 4384 seu
714 4326 911 4383 ﬁbulis
924 4327 1276 4397 quibusdam
1297 4332 1463 4382 erant
1484 4326 1715 4394 annexi,
1735 4343 1910 4398 quam
1934 4328 2035 4382 ob-

381 4416 503 4455 rem
554 4399 763 4455 theatri
809 4399 1008 4454 luxum
1060 4398 1331 4453 indicans
1364 4398 1729 4453 Themistius
1769 4403 1913 4453 orat.
1947 4398 2035 4453 di-

378 4472 495 4530 xit:
527 4472 585 4527 '0
616 4469 843 4544 nosnos
867 4472 976 4523 τῶν
1008 4469 1344 4543 περιπόλων
1392 4470 1768 4544 tabiﬁcis-pou,
1804 4470 2037 4544 Mundus

376 4541 769 4616 peristi/lorum
799 4543 1044 4605 theatri;
1077 4541 1188 4615 quo
1239 4559 1414 4598 sensu
1458 4541 1672 4597 dicitur
1705 4541 2029 4609 muliebris,

383 4617 525 4671 Enn.

450 4686 560 4813 $20)
591 4685 733 4741 Nam
760 4692 811 4741 et
849 4684 1171 4756 specialiter
1220 4686 1471 4757 quaedam
1514 4686 1892 4757 pronuntiata.
1931 4684 2033 4738 Re-

450 4778 457 4813 l
487 4778 519 4813 a
549 4759 621 4813 ad
664 4755 1023 4812 intellectum
1054 4758 1364 4813 Scriptura;
1413 4775 1589 4813 sacrae
1623 4757 1885 4813 annrime
1916 4757 2030 4811 uti-

424 4755 519 4814 ula
545 4755 621 4813 ad
664 4755 1023 4812 intellectum
1054 4755 1364 4827 Scriptura;
1413 4755 1589 4813 sacrae
1623 4757 1885 4829 apprime
1916 4757 2030 4811 uti-

405 4829 472 4887 is.
518 4830 1073 4913 atqui‘guod‘dicit
1132 4830 1245 4898 hic,
1299 4833 1574 4913 omnibus
1622 4831 1844 4913 dictum
1878 4829 2027 4913 quod

380 4901 659 4959 Israelitis
701 4901 1022 4968 dicebatur,
1057 4918 1172 4956 non
1207 4918 1323 4957 uno
1372 4902 1429 4957 in
1474 4904 1598 4958 loco
1632 4902 1931 4972 annotavit
1969 4902 2028 4955 Β.

381 4976 769 5047 Hieronymus
800 4973 857 5027 in
894 4974 1100 5045 proph.
1136 4978 1281 5028 PAM.

450 5047 571 5119 (21)
603 5045 674 5101 *1η
722 5061 940 5101 omnem
984 5054 1195 5119 gentem
1248 5048 1605 5119 peccatricem
1652 5045 2022 5119 prmjudicat.

377 5117 756 5175 llunc‘locum
780 5121 986 5173 tractat
1008 5117 1185 5173 etiam
1220 5118 1498 5173 adversus
1524 5118 1777 5172 Judaeos.
1804 5140 1829 5165 ‹‹
1864 5117 1956 5172 Sic
1979 5120 2035 5170 et

375 5194 680 5263 Egyptus,
732 5189 942 5260 inquit,
978 5206 1394 5260 nonnunquam
1440 5194 1595 5246 totus
1628 5189 1786 5245 orbis
1816 5187 2031 5243 intelli-

379 5263 562 5333 gitur,
585 5284 613 5311 ››
657 5265 768 5316 etc.
803 5265 927 5316 Βία.

448 5334 557 5404 (22)
612 5334 794 5388 Allius
846 5351 943 5388 nec
989 5332 1223 5387 aliunde
1281 5333 1727 5404 investigandum
1765 5331 1892 5402 fuit.
1941 5328 2033 5404 Sic

375 5401 505 5460 libri
539 5401 824 5460 hactenus
855 5404 1072 5470 excusi,
1102 5425 1130 5453 α
1158 5405 1340 5459 Penes
1360 5401 1554 5474 plures
1577 5401 1913 5459 nostrOrum
1947 5401 2032 5456 al-

376 5477 579 5532 tius.»
629 5483 693 5531 In
748 5475 1061 5547 exemplari
1114 5476 1401 5545 Agobardi
1452 5475 1699 5548 legitur:
1734 5475 1805 5530 Ut
1844 5489 2028 5548 secre~

375 5549 627 5604 tioribus
659 5554 716 5604 et
748 5550 964 5620 ignotis
1000 5564 1178 5618 penes
1208 5548 1403 5619 plures
1444 5546 1777 5603 nostrorum
1806 5546 1963 5601 artis.
2006 5571 2024 5594 ι,

374 5622 563 5687 Forte,
598 5622 741 5676 aclis
780 5627 843 5676 ut
896 5622 1295 5692 Romanorum
1344 5620 1465 5676 sive
1496 5620 1800 5692 gentilium
1837 5634 2031 5692 rerum

375 5693 654 5763 origines,
688 5698 816 5749 acta
864 5709 992 5749 esse
1022 5691 1231 5764 dixerit
1261 5690 1598 5759 secretio—ra,
1648 5698 1704 5748 et
1738 5690 2035 5764 plerisque

377 5764 843 5823 Christianorum
860 5766 1079 5839 ignota.
1104 5763 1215 5821 Sed
1238 5764 1481 5822 minime
1504 5765 1776 5838 displicet
1796 5765 2036 5835 vulgata

2146 3753 2340 3819 lectio,
2374 3751 2550 3806 Altius
2580 3766 2677 3805 nec
2705 3751 2953 3806 aliunde.

2219 3826 2330 3896 (25)
2361 3826 2423 3882 Ut
2456 3823 2579 3877 ludi
2616 3840 2652 3877 a
2690 3824 2853 3893 Lydis
2902 3831 3249 3878 vocarentur.
3285 3823 3460 3878 Varia
3490 3822 3584 3896 hic
3616 3823 3789 3896 ludo-

2148 3914 2277 3951 rum
2310 3912 2521 3967 genera
2561 3899 2867 3949 enumerat
2897 3912 3023 3967 quae
3062 3896 3187 3967 fuse
3218 3912 3251 3947 a
3282 3896 3427 3949 bene
3462 3895 3663 3949 multis
3694 3911 3789 3967 ex-

2148 3966 2359 4039 plicata
2380 3974 2537 4022 sunt.
2566 3966 2913 4037 Lupercales
2945 3966 3064 4020 ludi
3088 3968 3143 4020 in
3160 3966 3436 4021 honorem
3465 3968 3638 4039 Panis
3672 3966 3789 4039 pri-

2149 4037 2336 4104 mum,
2361 4057 2424 4094 ac
2447 4040 2656 4092 deinde
2688 4040 2743 4092 in
2780 4040 3053 4093 honorem
3086 4039 3255 4107 Lupa:
3282 4038 3510 4092 Romuli
3543 4037 3788 4092 nutricis

2146 4112 2393 4165 instituti
2427 4114 2586 4178 sunt,
2608 4110 2890 4164 Liberalia
2910 4112 2967 4163 in
2995 4109 3271 4163 honorem
3290 4110 3477 4163 Liberi
3513 4127 3612 4163 seu
3651 4110 3788 4164 Bac-

2144 4184 2261 4250 chi,
2294 4182 2622 4247 Consualia,
2658 4186 2729 4236 ab
2762 4182 2892 4235 aliis
2926 4181 3046 4234 ludi
3071 4182 3382 4248 circenses,
3415 4181 3471 4234 in
3506 4190 3787 4235 honorem

2145 4254 2421 4325 Neptuni,
2454 4252 2713 4308 Cerealia
2758 4256 2815 4307 in
2862 4253 3139 4325 honorem
3180 4254 3428 4325 Cereris,
3464 4252 3697 4322 Equiria
3728 4253 3786 4306 in

2145 4323 2427 4381 honorem
2460 4325 2683 4389 Martis,
2717 4325 2800 4378 sic
2832 4323 2966 4378 dicii
3001 4328 3139 4378 sunt
3179 4324 3216 4377 li
3246 4324 3369 4378 ludi
3402 4326 3473 4379 ab
3504 4340 3789 4395 equorum

2145 4415 2346 4465 cursu,
2409 4396 2510 4467 qui
2572 4398 2629 4451 in
2688 4412 2894 4467 campo
2950 4396 3154 4449 Martio
3212 4398 3651 4451 exercebantur.
3715 4401 3789 4450 Ls:

2143 4470 2247 4524 Ps.
2592 4504 2601 4513 -

2218 4541 2326 4611 (211)
2362 4542 2669 4611 Promiscue
2703 4536 2827 4611 ludi
2857 4536 3108 4611 liberalia
3139 4553 3249 4593 voc.
3283 4537 3402 4593 Non
3452 4536 3787 4611 intellexere

2145 4608 2521 4667 hunclocum
2553 4610 2651 4682 qui
2683 4608 2877 4662 dixere
2909 4609 3077 4663 ludos
3110 4625 3311 4664 omnes
3339 4610 3667 4682 promiscue
3700 4608 3786 4663 di-

2145 4691 2268 4739 ctos
2302 4681 2589 4738 Liberalia
2616 4700 2628 4748 ;
2660 4682 2875 4735 multos
2922 4684 3079 4753 noto,
3136 4682 3188 4733 in
3236 4681 3440 4753 primis
3474 4681 3787 4735 Heraldum

2143 4756 2274 4811 libr.
2309 4773 2326 4809 1
2362 4758 2593 4825 Digrcss.
2630 4770 2756 4821 cap.
2791 4754 2877 4825 ‘38.
2914 4752 3065 4807 Nihil
3102 4752 3440 4809 absurdius.
3486 4758 3591 4817 An,
3627 4756 3789 4825 obse;

2144 4845 2260 4895 cro,
2304 4823 2630 4893 Consualia,
2685 4824 2939 4949 Equiria,
2987 4825 3254 4896 Tarpeia,
3301 4827 3624 4897 Robigalia,
3677 4823 3791 4879 dici

2144 4906 2410 4949 poterant
2446 4897 2730 4949 Liberalia
2810 4904 3025 4949 Apage.
3061 4897 3177 4949 Hoc
3220 4900 3374 4949 enim
3422 4915 3591 4949 nemo
3623 4898 3791 4949 dixit.

2144 4906 2410 4972 poterant
2446 4897 2776 4972 Liberalia?
2810 4904 3025 4972 Apage.
3061 4897 3177 4952 Hoc
3220 4900 3374 4953 enim
3422 4915 3591 4972 nemo
3623 4898 3791 4972 dixit,

2144 4968 2314 5027 nemo
2347 4970 2587 5025 audivit.
2612 4970 2716 5033 Qui
2753 4968 2901 5022 istud
2930 4969 3246 5039 imponunt
3271 4969 3655 5031 Tcrtulliano,
3698 4969 3791 5022 in-

2134 5045 2356 5115 juriam
2397 5044 2611 5097 faciunt
2658 5040 2904 5115 homini,
2929 5042 3341 5097 scientissimo.
3375 5047 3623 5115 Tantum
3657 5056 3787 5115 pro-

2143 5112 2427 5171 miscuam
2461 5116 2611 5169 hanc
2646 5112 3084 5183 usurpationem
3131 5114 3384 5169 nominis
3411 5114 3469 5168 in
3501 5130 3567 5167 eo
3604 5112 3791 5183 ponit,

2145 5188 2297 5259 quod
2332 5186 2639 5252 Liberalia,
2694 5181 3025 5259 Consualia,
3072 5190 3129 5259 et
3167 5187 3392 5257 reliqua
3426 5181 3787 5259 hujusmodi,

2143 5253 2420 5315 dicuntur
2452 5259 2626 5313 etiam
2677 5256 2943 5310 absolute
2991 5257 3130 5329 ludi.
3168 5253 3369 5329 Itaque
3401 5253 3672 5329 νομί-ἰδίει..
3706 5253 3788 5329 lu-

2142 5332 2265 5399 dus,
2312 5332 2594 5387 miscetur
2615 5329 2890 5383 omnibus
2914 5325 3331 5384 festivitatibus
3370 5325 3788 5399 idololatricis:

2144 5396 2277 5459 nam
2313 5421 2516 5459 omnes
2548 5402 2644 5457 isti
2677 5402 2956 5454 dicuntur
2988 5399 3129 5453 ludi.
3182 5401 3249 5455 Et
3290 5402 3417 5454 ideo
3450 5398 3648 5453 statim
3684 5396 3791 5449 ad-

2144 5477 2265 5530 dit:
2302 5500 2325 5525 ‹‹
2363 5472 2718 5530 Exindeludi
2754 5469 3064 5526 Consualia
3091 5471 3267 5538 dicti;
3297 5494 3324 5520 ››
3354 5476 3411 5525 et
3445 5471 3577 5524 inde
3608 5468 3792 5539 liquet

2146 5566 2260 5603 non
2313 5565 2523 5605 nomen
2558 5545 2747 5602 solum
2784 5542 2921 5605 ludi,
2964 5543 3060 5595 sed
3111 5560 3229 5597 rem
3264 5543 3649 5613 signiﬁcatam
3693 5555 3792 5608 per

2143 5621 2751 5691 ludummancipntam
2786 5630 2913 5691 esse
2936 5615 3324 5671 daemonibus:
3347 5615 3455 5669 hoc
3487 5613 3640 5669 enim
3666 5629 3793 5685 pro-

2146 5693 2285 5749 bare
2313 5686 2718 5750 Tertulli—anus
2748 5686 2887 5742 vult.
2923 5701 3041 5740 ωε.
