4262 6396
479 406 590 466 7H

994 407 1518 470 TERTULLIANI
1561 409 1883 470 OPERUM
1931 410 2130 472 PARS
2172 410 2223 472 Ῑ.
2251 442 2326 456 -—
2354 411 2630 474 SERIES
2673 414 2720 486 Ι,
2769 414 3340 480 APOLOGETICA.

3747 420 3871 482 ’112

475 539 601 594 ludi
634 535 942 594 Consualia
962 537 1123 609 dicti,
1157 537 1257 610 qui
1288 539 1333 574 ⁸⁸
1359 537 1526 594 initio
1555 539 1892 612 Neptunum
1924 540 2108 596 hono-
2140 543 2189 608 A
2229 541 2564 613 posteritas,
2585 542 2840 600 formam
2864 545 3111 618 originis
3140 548 3210 602 de
3229 548 3419 604 titulis
3435 548 3612 621 hujus
3641 566 3876 623 quoque

475 628 698 682 rabant.
761 626 1043 681 Eumdem
1100 626 1254 681 enim
1300 633 1354 682 et
1408 627 1664 683 Consum
1712 628 1998 684 vocabant
2044 629 2106 684 ³⁵.

473 716 689 772 Dehinc
746 714 982 786 Equiria
1036 715 1080 750 ⁸⁵
1129 715 1295 771 Marti
1355 718 1502 772 637
1569 717 1851 772 Romulus
1909 717 2105 773 dixit:

468 820 802 877 quanquam
861 808 917 858 et
981 803 1291 858 Consualia
1359 804 1604 860 Romulo
1663 805 1706 838 ⁸⁷
1763 805 2108 874 defendunt,

467 895 621 965 quod
653 909 720 947 ea
763 892 948 948 Conso
991 892 1268 948 dicaverit
1299 893 1426 962 deo,
1478 898 1542 947 ut
1576 893 1796 964 volunt,
1830 893 2102 950 consilii:

466 984 592 1052 ejus
657 979 897 1048 scilicet,
957 996 1071 1052 quo
1122 981 1166 1016 ³⁸
1217 985 1356 1037 tunc
1411 981 1755 1037 Sabinarum
1808 982 2105 1054 virginum

464 1070 729 1142 rapinam
762 1069 1048 1124 militibus
1080 1069 1204 1125 suis
1235 1069 1293 1124 in
1327 1070 1704 1126 matrimonia
1733 1071 2100 1143 excogitavit.

463 1159 719 1214 Probum
769 1157 938 1230 plane
975 1157 1306 1225 consilium,
1340 1163 1395 1213 et
1427 1175 1581 1214 nunc
1612 1175 1844 1232 quoque
1875 1160 2029 1232 apud
2060 1160 2106 1200 δ’

462 1248 624 1319 ipsos
655 1248 944 1302 Romanos
975 1245 1207 1316 justum
1239 1251 1296 1302 et
1324 1245 1574 1316 licitum,
1607 1264 1679 1304 ne
1711 1247 1978 1315 dixerim,
2003 1265 2102 1320 pe-

462 1351 566 1391 nes
597 1335 802 1390 Deum.
837 1334 996 1389 Facit
1051 1334 1268 1390 etenim
1299 1335 1344 1370 ⁸ο
1397 1335 1467 1391 ad
1499 1336 1742 1408 originis
1783 1336 2097 1409 maculam,

457 1441 529 1481 ne
559 1425 778 1481 bonum
801 1422 1118 1492 existimes,
1152 1425 1307 1495 quod
1346 1423 1582 1479 initium
1603 1442 1636 1480 a
1669 1424 1823 1481 malo
1851 1428 2094 1498 accepit,

458 1514 530 1570 ab
560 1512 948 1585 impudentia,
997 1529 1030 1567 a
1061 1511 1358 1581 violentia,
1393 1513 1464 1568 ab
1515 1513 1646 1570 odio
1678 1515 1789 1585 (26)
1819 1515 1884 1582 ⁶¹,
1918 1531 1951 1570 a
1981 1516 2097 1570 fra-

455 1603 666 1660 tricida
723 1602 1077 1669 institutore,
1144 1618 1177 1656 a
1227 1601 1342 1657 tilio
1396 1603 1638 1658 Martis:
1694 1608 1752 1658 et
1796 1620 1949 1659 nunc
1996 1621 2096 1658 ara

454 1692 640 1748 Conso
671 1690 756 1746 illi
787 1691 845 1745 in
902 1690 1060 1746 Circo
1100 1691 1332 1746 defossa
1379 1696 1468 1746 est
1515 1693 1586 1746 ad
1634 1692 1857 1763 primas
1908 1698 2094 1749 metas

454 1782 565 1838 sub
589 1785 761 1851 terra,
779 1795 912 1836 cum
931 1779 1310 1852 inscriptione
1331 1780 1690 1851 bujusmodi,
1714 1797 1924 1837 cessus
1953 1799 2091 1837 con-

2219 632 2498 703 temporis
2539 633 2873 705 praeferens,
2934 652 3038 706 per
3094 652 3243 708 quos
3301 638 3600 709 signatum
3642 644 3750 708 est,
3775 642 3872 696 cui

2219 721 2370 776 638
2402 720 2556 776 idolo
2574 727 2629 777 et
2659 722 2753 777 cui
2784 723 3190 794 superstitioni
3215 725 3524 797 utriusque
3554 728 3597 761 ‘7
3628 729 3868 800 generis

2217 810 2340 865 ludi
2373 810 2480 883 (20)
2525 815 2891 878 notarentur,
2939 812 3298 883 Megalenses
3327 815 3372 852 ³⁸
3405 814 3513 887 (30)
3547 821 3604 870 et
3634 817 3865 889 Apolli-

2216 916 2406 970 nares,
2430 900 2565 955 item
2587 900 2848 957 Cereales
2870 905 2928 956 et
2954 893 3336 974 Neptunales,
3361 909 3418 959 et
3440 905 3698 963 Latiares
3726 906 3866 978 (34),

2215 992 2272 1044 et
2301 987 2555 1044 Florales
2585 988 2645 1044 in
2677 1006 2990 1046 commune
3020 991 3420 1050 celebrantur:
3454 993 3665 1066 reliqui
3695 993 3866 1052 ludo-

2214 1094 2367 1145 rum,
2414 1078 2484 1134 de
2535 1077 2829 1135 natalibus
2876 1086 2934 1135 et
2981 1079 3456 1138 solemnitatibus
3492 1083 3538 1118 5°
3566 1099 3770 1154 regum
3805 1089 3864 1141 et

2213 1166 2466 1239 publicis
2497 1168 2981 1240 prosperitatibus
3023 1174 3081 1226 et
3121 1170 3582 1243 municipalibus
3612 1172 3784 1230 fastis
3814 1175 3862 1210 ’⁷ο

2211 1255 2647 1329 superstitionis
2694 1258 2736 1294 ⁷³
2791 1273 3000 1314 causas
3041 1257 3284 1331 originis
3343 1259 3387 1294 ⁷³
3419 1259 3657 1320 habent.
3701 1262 3862 1320 Inter

2210 1361 2356 1416 quos
2387 1345 2561 1400 etiam
2595 1345 2956 1417 privatorum
2985 1347 3284 1404 memoriis
3314 1347 3605 1421 legatariae
3639 1351 3857 1407 editio-

2209 1451 2312 1490 nes
2342 1438 2674 1506 parentant,
2712 1435 2769 1489 id
2819 1451 3051 1508 quoque
3099 1437 3426 1493 secundum
3457 1437 3854 1496 institutionis

2207 1514 2637 1586 antiquitatem.
2671 1518 2817 1571 Nam
2867 1521 2924 1572 et
2967 1532 3000 1572 a
3050 1516 3370 1588 primordio
3422 1517 3697 1575 bifariam
3728 1519 3856 1576 ludi

2205 1604 2613 1674 censebantur,
2673 1604 2822 1658 sacri
2871 1608 2927 1660 et
2983 1605 3259 1661 funebres
3289 1607 3422 1678 (32),
3472 1605 3529 1662 id
3591 1612 3699 1676 est,
3733 1609 3852 1665 diis

2203 1693 2506 1750 nationum
2539 1699 2595 1748 et
2611 1693 2881 1748 mortuis.
2915 1694 3024 1749 Sed
3049 1696 3116 1750 de
3140 1694 3469 1751 idololatria
3486 1696 3632 1752 nihil
3657 1697 3855 1754 differt

2201 1782 2352 1854 apud
2413 1797 2540 1846 nos,
2598 1781 2710 1837 sub
2769 1799 2882 1853 quo
2950 1783 3188 1839 nomine
3245 1788 3301 1839 et
3358 1783 3529 1839 titulo
3589 1785 3730 1841 dum
3775 1788 3850 1842 ad

453 1887 618 1938 SILIO,
652 1887 805 1925 maas
836 1886 1073 1940 DUELLO,
1107 1887 1277 1924 LARES
1306 1885 1536 1924 com'rio
1565 1870 1611 1904 δε
1643 1885 1921 1925 percurras
1949 1871 2086 1940 (27).
2117 1913 2165 1978 B
2199 1872 2434 1927 eosdem
2464 1871 2709 1942 spiritus
2741 1871 3057 1942 perveniat,
3092 1871 3308 1944 quibus
3336 1873 3744 1930 renuntiamus
3775 1876 3845 1946 ⁷³,

453 1959 784 1978 n__,!n__,a
821 1958 966 1978 Am”)
1025 1975 1134 1978 _-___
1197 1958 1361 1978 __.-!_
1420 1957 1583 1978 1,,133-
1624 1959 1939 1978 ___-_,_I_A--
1980 1975 2049 1978 Α--
2196 1959 2321 1978 _!_,n
2370 1959 2610 1978 ,A,_,a,,!_
2688 1958 2816 1978 I!_x4
2871 1960 2915 1978 Ἰι
2974 1961 3067 1978 jFP,
3213 1960 3257 1978 εγ
3320 1959 3337 1978 ι
3396 1960 3455 1978 ,0,
3520 1965 3532 1978 ι
3594 1967 3635 1978 λ
3711 1963 3722 1974 ο
3792 1965 3804 1978 ι

449 1959 788 2030 Sacrificant
816 1958 970 2030 apud
1016 1975 1143 2013 eam
1196 1958 1365 2013 nonis
1410 1957 1586 2014 Juliis
1619 1959 1947 2015 sacerdotes
1978 1975 2084 2031 pu-

448 2047 608 2118 blici,
635 2063 715 2102 xu
761 2045 1002 2102 Kalend.
1035 2047 1402 2117 Septembres
1431 2048 1475 2082 ⁸³
1507 2047 1716 2103 ﬂamen
1748 2046 2087 2116 Quirinalis,

448 2140 504 2192 et
533 2135 804 2205 virgines.
857 2134 1076 2190 Dehinc
1137 2135 1295 2190 idem
1354 2135 1640 2190 Romulus
1676 2136 1800 2192 Jovi
1834 2136 2085 2192 Feretrio

445 2223 618 2280 ludos
648 2223 904 2278 instituit
932 2222 990 2278 in
1025 2223 1290 2295 Tarpeio,
1324 2239 1472 2294 quos
1512 2223 1788 2296 Tarpeios
1815 2224 2000 2281 dictos
2031 2230 2088 2281 et

445 2311 803 2384 Capitolinos
831 2311 964 2368 Piso
986 2312 1246 2368 tradidit.
1280 2317 1413 2368 Post
1443 2312 1599 2368 hunc
1629 2313 1820 2369 Numa
1850 2314 2082 2386 Pompi-

442 2401 557 2457 lius
581 2403 770 2472 (Marti
808 2405 864 2456 et
896 2400 1163 2472 Robigini
1204 2401 1419 2469 fecit“.
1447 2402 1592 2456 Nam
1624 2406 1680 2458 et
1708 2403 2012 2476 Robiginis
2040 2404 2086 2438 ⁸⁸

439 2506 567 2546 eam
598 2491 710 2562 (t8)
745 2491 1054 2545 ﬁnxerunt.
1093 2490 1309 2562 thinc
1369 2490 1575 2546 Tullus
1627 2490 1940 2548 Hostilius.
1973 2496 2084 2548 De-

439 2579 577 2635 hinc
617 2582 810 2634 Ancus
869 2578 1132 2643 Martius,
1173 2585 1229 2635 et
1272 2581 1487 2635 caeteri.
1520 2580 1625 2647 Qui
1677 2588 1935 2652 quotque
1983 2596 2086 2652 per

441 2676 704 2733 ordinem
752 2677 816 2747 ⁸⁸,
863 2681 921 2731 et
971 2676 1188 2748 quibus
1236 2675 1410 2731 idolis
1458 2675 1627 2732 ludos
1672 2676 2080 2745 instituerunt,

441 2765 696 2837 positum
729 2771 818 2820 est
870 2765 1023 2835 apud
1082 2764 1424 2820 Suetonium
1468 2764 1896 2836 Tranquillum,
1929 2765 2016 2821 vel
2050 2783 2084 2821 a

442 2854 657 2925 quibus
711 2852 1091 2925 Tranquillus
1141 2853 1379 2925 accepit.
1412 2855 1519 2909 Sed
1570 2854 1692 2910 hac
1738 2854 1882 2911 satis
1911 2859 2082 2910 erunt

441 2943 513 2997 ad
544 2941 786 3015 originis
816 2941 886 2998 de
915 2940 1241 2998 idololatria
1273 2945 1522 2998 reatum.

1069 3085 1300 3141 CAPUT
1338 3085 1433 3140 VI.

503 3211 742 3268 Accedit
779 3209 852 3266 ad
882 3209 1286 3266 testimonium
1340 3209 1706 3284 antiquitatis
1762 3213 2077 3269 subsecuta

2193 1959 2328 2030 licet
2367 1959 2634 2029 mortuis,
2686 1958 2822 2014 licet
2871 1960 2918 1994 7‘
2963 1961 3078 2015 diis
3136 1960 3262 2016 suis
3319 1959 3560 2018 iaciant.
3594 1963 3846 2019 Proinde

2196 2049 2446 2104 mortuis
2501 2048 2626 2104 suis
2690 2053 2754 2103 ut
2827 2047 2942 2104 diis
2998 2049 3215 2104 faciant
3268 2050 3333 2120 7‘,
3407 2066 3528 2105 una
3583 2051 3844 2108 conditio

2195 2138 2377 2211 partis
2407 2138 2713 2208 utriusque
2741 2140 2850 2206 est,
2876 2153 2993 2192 una
3014 2136 3366 2206 idololatria,
3391 2155 3509 2195 una
3532 2139 3844 2196 renuntia-

2194 2229 2275 2284 tio
2307 2233 2508 2284 nostra
2538 2227 2818 2282 adversus
2859 2225 3273 2282 idololatriam.

2804 2368 3036 2425 CAPUT
3075 2369 3197 2426 VII.
3244 2409 3250 2417 .

2263 2495 2602 2550 Communis
2661 2493 2840 2566 igitur
2869 2493 2916 2532 ⁷⁸
2973 2492 3132 2566 origo
3190 2493 3465 2549 ludorum
3523 2493 3840 2567 utriusque

2193 2584 2442 2658 generis,
2499 2599 2838 2639 communes
2895 2587 2950 2638 et
3007 2581 3161 2638 tituli
3215 2589 3279 2638 ut
3309 2585 3381 2639 de
3415 2586 3836 2644 communibus

2192 2674 2405 2741 causis,
2441 2673 2684 2745 proinde
2729 2674 2772 2707 ἰτ
2820 2676 3138 2744 apparatus
3187 2688 3532 2730 communes
3577 2674 3837 2732 habeant

2192 2780 2425 2819 necesse
2455 2767 2543 2818 est
2574 2763 2644 2817 de
2691 2767 2852 2816 reatu
2884 2761 3144 2832 generali
3173 2763 3216 2796 ⁷⁸
3250 2761 3593 2819 idololatria:
3625 2765 3832 2820 condi-

2189 2853 2349 2908 tricis
2380 2869 2516 2908 suaa.
2551 2851 2661 2906 Sed
2712 2849 3069 2905 Circensium
3121 2850 3294 2923 paulo
3327 2853 3661 2924 pompatior
3689 2870 3832 2926 sug-

2187 2947 2409 3014 gestus,
2456 2939 2671 3012 quibus
2727 2939 2958 3011 proprie
2999 2939 3100 2995 hoc
3145 2957 3377 3010 nomen,
3425 2957 3646 3014 pompa,
3677 2959 3832 3015 prae-

2188 3030 2339 3086 cedit
2367 3030 2430 3098 7°,
2483 3044 2732 3099 quorum
2775 3028 2853 3084 sit
2890 3027 2949 3083 in
3005 3031 3322 3102 semetipsa
3361 3030 3616 3102 probans
3653 3031 3720 3102 ⁸ο,
3752 3033 3826 3088 de

2188 3117 2641 3175 simulacrorum
2702 3115 2872 3184 serie,
2944 3117 3014 3172 de
3045 3116 3369 3190 imaginum
3437 3119 3695 3191 agmine,
3753 3121 3829 3176 de

2185 3207 2475 3274 curribus,
2499 3206 2570 3261 de
2601 3204 2827 3261 thensis
2857 3205 2994 3278 (33),
3025 3205 3096 3261 de
3120 3206 3475 3262 armamaxis
3509 3207 3639 3280 (34),
3673 3209 3828 3265 689

1851 3319 2055 3381 Varia
2083 3316 2450 3377 lectionnes.

503 3423 556 3456 ιι
608 3412 785 3477 Queis
812 3415 940 3469 Jun.
1051 3414 1094 3448 ⁸⁸
1126 3415 1342 3470 Vocant
1374 3417 1491 3484 Rig.

441 3487 486 3522 5°
516 3484 683 3539 Enim
741 3490 798 3540 et
825 3486 933 3540 hoc
964 3486 1085 3554 Rig.

1603 3415 1647 3449 '°
1678 3415 1817 3479 Quis
1849 3415 1972 3470 add.
2035 3414 2158 3481 Rig.

1162 3489 1202 3559 σέ
1236 3488 1319 3541 Ab
1351 3483 1708 3559 impudentis
1739 3487 2028 3542 violentiae
2059 3485 2172 3540 alio
2212 3484 2340 3559 deq
2365 3483 2534 3559 Ρνςζηι

2258 3413 2301 3494 ετ
2329 3407 2657 3494 Αηινιοωυιρ,
2693 3410 2823 3466 ιαηο
2898 3415 2958 3494 ,ῗῖ
2982 3411 3332 3494 Quare.
3494 3411 3653 3494 Inter
3677 3412 3822 3494 ,πίει

2614 3482 2657 3515 ¹²
2690 3497 2856 3555 θοι.ῃο
2889 3481 3012 3550 Rig.
3089 3483 3134 3519 ⁸³
3161 3480 3260 3537 XV
3295 3482 3531 3555 Kalend.
3565 3480 3823 3555 septem-

441 3557 569 3631 br_i_s
598 3557 816 3631 Junius.
892 3557 936 3591 “
966 3552 1452 3631 Fe'citabcstRig;
1507 3561 1548 3594 ⁵⁵
1580 3558 1925 3631 Robiginem
1965 3559 2175 3631 Wou_w._
2205 3557 2271 3610 Μ.
2305 3554 2361 3631 S_.
2439 3554 2483 3590 ⁸⁸
2511 3552 2580 3631 Et
2627 3553 2816 3631 centeri
2846 3568 3079 3631 quoque
3111 3552 3819 3631 per_ord_iner_n._Et'Fraa.

427 3633 474 3708 ἢ
509 3625 984 3708 Ηρὶυεουμξᾳυρ
1029 3629 1162 3708 alii.
1315 3624 1556 3708 illiditur
1609 3624 1763 3708 enim
1799 3631 1927 3708 βίῃ.
1986 3626 2455 3708 _{°_Solem_nibus
2505 3625 2660 3708 Βία...
2701 3626 2744 3661 7°
2776 3624 2962 3708 Fastis
3000 3624 3186 3708 W_o_u_u3
3448 3626 3821 3708 i‘_Super;sti-

423 3698 803 3773 tionibusque
827 3700 1008 3753 Paris.
1039 3700 1166 3773 Jun.
1243 3701 1287 3734 τί
1315 3700 1583 3773 Originis
1614 3701 1761 3756 abest
1791 3698 1909 3773 mg.

1986 3701 2030 3734 τ³
2054 3699 2538 3755 Renuntiavimus
2575 3694 2789 3752 ’Wouw
2818 3695 2884 3750 Μ.
2918 3695 2972 3752 S.

3050 3703 3100 3771 ff
3126 3697 3392 3771 Mortuis.
3451 3697 3668 3771 Licebit
3691 3700 3812 3771 Rig.

425 3776 468 3810 τι
500 3766 899 3844 lfaciun'tjun.
927 3769 1169 3844 proinde
1197 3766 1445 3827 mortuis
1478 3771 1699 3844 faciunt
1727 3766 1876 3844 [ἐιρῘ
1926 3771 1970 3805 ἰδ
2000 3766 2186 3843 Igitur
2230 3772 2380 3826 abest
2409 3766 2621 3840 Rigalt.
2696 3767 2737 3802 77
2771 3766 3014 3824 Perinde
3034 3768 3238 3838 Rigalt.
3314 3771 3359 3807 ⁷⁸
3387 3769 3636 3826 Genitali
3680 3766 3813 3828 Juh.

418 3855 489 3895 ex
514 3840 582 3896 Μ.
612 3841 669 3897 S.
748 3841 793 3877 ⁷⁸
820 3840 1157 3898 Praécedens
1186 3844 1305 3913 Κίρ.
1383 3847 1426 3882 ⁸ο
1450 3842 1663 3898 Probat
1692 3840 1818 3913 Big'.

1870 3929 2390 3993 Commentarius.

485 4045 666 4120 (26_)__A
715 4047 996 4112 violentia,
1029 4046 1095 4102 ab
1141 4046 1282 4120 odio,
1333 4045 1424 4101 Sic
1455 4046 1888 4120 emendandum
1921 4063 2054 4120 ceng
2087 4055 2129 4120 (ζ
2167 4045 2239 4120 de
2270 4043 2410 4120 ling.
2445 4041 2578 4120 lat.)
2599 4043 2754 4120 dicta
2778 4060 2846 4120 pa
2873 4043 3104 4120 Graecis,
3137 4042 3292 4120 quod
3333 4057 3401 4120 ex
3431 4041 3599 4120 libris
3631 4043 3812 4117 sibyl-

416 4117 532 4172 suit
560 4114 992 4200 Wowerenius,
1045 4135 1150 4174 nec
1189 4118 1556 4200 babeooquod
1589 4119 1844 4200 auctoris
1867 4119 2055 4200 _m_enti
2094 4114 2129 4120 “
2167 4115 2346 4200 lineis.
2363 4114 2644 4200 accersita
2667 4115 2737 4200 ab
2759 4116 2951 4200 Attalo
2984 4131 3114 4194 rege
3135 4114 3402 4200 Pergami
3437 4114 3806 4198 Pessinunte,

415 4189 606 4273 magis
662 4192 986 4273 conveniat,
1048 4196 1182 4273 aut”
1225 4189 1755 4273 propiusaccedat
1813 4191 1880 4273 ad
1935 4191 2057 4273 haec

411 4263 624 4316 veteris
673 4265 977 4336 scriptura:
1037 4263 1305 4333 vestigia,
1359 4279 1391 4316 a
1447 4263 1722 4318 violentia:
1770 4263 1889 4318 alio
1935 4263 2050 4319 deo.

411 4337 596 4476 LA(62.7)
631 4405 796 4460 Lares
841 4405 1010 4476 coillo,
1039 4408 1284 4470 potentes
1330 4403 1507 4476 habet
1536 4409 1699 4476 vetus
1731 4404 2048 4476 exemplar.

409 4473 798 4548 Griecum,est
817 4473 1018 4548 Koth),
1053 4477 1218 4541 Cavo,
1251 4475 1552 4547 penetrali.
1586 4475 1806 4531 leum
1831 4473 2050 4532 veteres

407 4547 627 4604 dixisse
683 4550 882 4617 Coum,
929 4547 1132 4604 auctor
1177 4556 1267 4602 est
1311 4548 1537 4604 Festus.
1581 4549 1666 4602 Ad
1724 4565 1859 4603 eum
1917 4565 2049 4604 vero

405 4618 664 4690 Scaliger
693 4637 753 4676 se
785 4622 840 4675 in
894 4621 1071 4675 veteri
1133 4621 1473 4675 membrana
1522 4619 1732 4690 legisse
1780 4622 1953 4674 refert
1983 4637 2051 4674 ex

404 4689 611 4756 Ennio,
644 4722 713 4731 —
743 4693 1008 4761 complere
1063 4707 1230 4761 eoum
1275 4689 1597 4746 terroribus
1621 4691 1759 4746 Caeli.
1786 4691 2045 4747 Primum

404 4761 588 4832 igitur
627 4761 811 4832 Coum,
861 4758 1070 4819 cavum
1126 4758 1337 4830 κοῖλον,
1397 4763 1626 4828 deinde,
1683 4764 1885 4818 coilum
1947 4770 2049 4818 aut

401 4834 671 4904 coillum,
703 4834 914 4890 domus
974 4833 1286 4904 penetrale,
1323 4834 1421 4889 ubi
1478 4836 1654 4889 Lares
1684 4833 2041 4892 colebantur.

403 4904 489 4958 Ab
521 4905 630 4959 hoc
660 4903 843 4975 igitur
869 4903 1035 4961 Coilli
1059 4904 1358 4972 vocabulo,
1384 4907 1645 4961 coillinus
1677 4911 1732 4961 et
1758 4907 1993 4961 coilinus
2024 4927 2044 4962 .-

404 4977 556 5032 unde
590 4978 904 5044 incoilinu-s,
939 4978 1037 5048 qui
1085 4982 1141 5031 et
1171 4978 1498 5049 inquilinus.
1536 4978 1667 5032 Lac.

475 5049 588 5117 (28)
619 5049 756 5103 Nam
802 5055 852 5103 el
926 5049 1239 5119 Ilobigz'nem
1296 5049 1471 5103 deum.
1537 5049 2043 5112 Quemadmodum

398 5121 543 5176 deus
599 5126 722 5176 erat
751 5120 1028 5193 Robigus,
1063 5121 1145 5174 ita
1175 5124 1284 5193 Aet,
1307 5121 1414 5175 dea
1448 5120 1690 5190 Robigo,
1720 5137 1845 5191 qua:
1881 5121 2040 5175 rubi-

392 5193 588 5264 ginem
619 5191 939 5260 averteret;
973 5193 1057 5248 sic
1085 5197 1143 5248 et
1173 5191 1455 5248 Pallorem
1497 5193 1688 5264 deam,
1720 5197 1776 5247 et
1806 5193 2040 5247 Febrim

391 5263 664 5320 fecerant.
709 5265 852 5320 Huic
884 5266 1002 5320 dea:
1045 5281 1210 5320 sacra
1233 5264 1369 5318 'ﬁeri
1425 5263 1598 5319 solita
1627 5267 1813 5333 erant,
1839 5281 1910 5318 ne
1939 5281 2035 5319 ru-

392 5337 526 5407 bigo
558 5343 782 5402 segetes
823 5341 1240 5408 corrumperet.
1279 5337 1478 5408 le’a.

460 5403 568 5492 (29)
606 5410 910 5492 Utriusque
930 5403 1145 5492 gena—ris
1191 5408 1327 5492 ludi.
1362 5403 2035 5492 Leguntnaliquaiuunius-
2071 5427 2116 5491 Ι)

388 5475 686 5551 cujuscue:
723 5475 834 5536 non
857 5475 1124 5553 placent:
1153 5475 1561 5553 praestatcerte
1592 5475 1830 5532 Pamelii
1859 5475 2036 5553 expli-

389 5554 562 5612 catio.
597 5554 696 5623 qui
745 5553 827 5608 ait
859 5551 1231 5624 scriptorem
1288 5551 1547 5606 locutum
1589 5565 1716 5624 cum
1767 5551 2032 5624 respectu

390 5624 456 5694 ad
515 5619 631 5678 duo
689 5628 916 5679 tantum
975 5619 1248 5679 ludorum
1311 5638 1523 5694 genera
1576 5619 1934 5694 Circensium
1980 5623 2036 5672 et

386 5693 802 5752 'l‘beatralium.
836 5697 967 5752 Haec
1011 5697 1170 5753 enim
1215 5690 1406 5752 solum
1461 5690 1905 5764 comprehendit
1936 5708 2031 5744 su-

390 5764 615 5838 periore
639 5781 764 5838 cap.
800 5771 928 5823 Lac.

454 5836 565 5907 (30)
612 5831 952 5909 Megalenses.
1009 5836 1342 5911 Megalesia,
1395 5834 1612 5910 (inquit
1661 5837 1843 5893 Varro
1871 5831 2035 5892 lib.5

2168 4188 2264 4243 ubi
2297 4186 2645 4269 Megalesion
2666 4185 2950 4252 templum
2980 4185 3107 4257 ejus
3138 4187 3278 4256 dem,
3310 4202 3534 4312 magicas
3567 4187 3810 4258 inquam

2168 4264 2369 4312 matris
2395 4260 2590 4312 deum.
2631 4259 2783 4312 unde
2820 4258 3062 4312 addecto
3106 4263 3372 4312 Romam.
3470 4274 3563 4312 ll‘lC
3593 4265 3650 4312 et
3681 4258 3809 4312 ludi

2167 4259 2369 4314 matris
2395 4260 2590 4324 deum,
2631 4259 2783 4312 unde
2820 4258 3062 4314 addecto
3106 4263 3372 4312 Romam.
3417 4258 3563 4313 Hinc
3593 4265 3650 4314 et
3681 4258 3809 4316 ludi

2195 4331 2546 4386 legalenses.
2581 4330 2725 4386 ΡΑΜ.

2231 4349 2253 4386 e
2299 4347 2546 4386 aienses.
2582 4347 2725 4386 EAM.

2231 4347 2344 4474 (gi)
2379 4403 2638 4457 Latiares.
2672 4399 3007 4474 Sacri_Jovi
3069 4399 3286 4474 Latiari
3318 4399 3512 4474 cujus
3561 4399 3806 4474 in_Cali-

2164 4331 2196 4386 lt

2159 4471 2299 4544 gnla
2330 4474 2599 4528 meminit
2624 4471 2959 4545 Suetonius,
2982 4475 3039 4527 et
3058 4471 3155 4545 alii
3175 4471 3417 4545 passim.
3445 4473 3584 4526 Puto
3613 4472 3807 4545 decipi

2159 4545 2481 4600 Pamelium
2531 4545 2628 4614 qui
2685 4545 2791 4599 hos
2837 4543 3006 4598 ludos
3056 4544 3126 4598 ad
3178 4543 3528 4613 gladiatores
3579 4543 3801 4601 refert:

2158 4618 2507 4672 exorbitaret
2536 4617 2620 4670 sic
2651 4633 2684 4670 a
2713 4632 2819 4671 suo
2851 4619 3214 4688 argumento,
3242 4615 3664 4688 Tertullianus,
3700 4618 3800 4688 qui

2156 4689 2325 4744 ludos
2347 4688 2801 4760 comprehensos
2818 4686 3116 4760 superiore
3132 4691 3187 4741 et
3206 4686 3315 4742 isto
3338 4687 3546 4756 capite,
3567 4686 3800 4742 tantum

2157 4759 2508 4816 determinat
2558 4760 2628 4814 ad
2675 4766 2919 4832 Scenam
2951 4764 3007 4814 et
3053 4759 3308 4828 Circum,
3350 4765 3415 4815 ut
3461 4764 3701 4832 apparet
3731 4775 3801 4816 ex

2157 4849 2284 4902 cap.
2322 4835 2387 4888 10
2417 4832 2596 4901 hujus
2617 4831 2830 4902 cperis.
2867 4831 3002 4886 Lac.

2272 4874 2284 4886 .
2322 4850 2387 4888 1U
2417 4850 2596 4901 DUJUS
2617 4850 2830 4902 operis.
2867 4850 3002 4886 ωε.

2227 4850 2338 4976 F32)
2370 4903 2528 4959 Sacri
2557 4906 2606 4958 et
2634 4903 2908 4976 funebres.
2943 4901 3102 4976 Sacri
3121 4903 3297 4976 _erant
3330 4899 3452 4976 ludi
3479 4899 3796 4976 degquibus

2154 4972 2274 5046 egit
2322 4972 2519 5041 antea,
2580 4972 2858 5032 nimirum
2955 4973 3336 5046 Megalenses,
3409 4972 3797 5046 Apollinares,

2154 5045 2288 5116 etc.,
2321 5048 2595 5103 funebres
2614 5063 2751 5102 vero
2783 5050 2852 5102 de
2875 5045 3090 5118 quibus
3114 5051 3352 5118 acturus
3383 5050 3490 5112 est,
3516 5045 3796 5118 quoniam

2153 5121 2404 5245 Imorftuis
2462 5118 2520 5174 in
2570 5117 2861 5190 ejusmodi
2898 5117 3299 5174 conventibus
3356 5117 3794 5188 parentabatur.

2200 5208 2230 5244 ε
2316 5208 2372 5245 a.

2200 5208 2230 5244 Ε
2270 5195 2372 5246 Pa.

2219 5262 2336 5330 (33)
2386 5263 2453 5317 De
2509 5262 2784 5328 curribus,
2840 5261 2906 5315 de
2961 5263 3188 5317 thensis.
3250 5260 3467 5315 Currus
3525 5259 3792 5331 profana,

2149 5335 2369 5388 tnensaa
2388 5349 2553 5389 sacra
2569 5339 2734 5389 erant
2749 5332 3039 5389 vehicula:
3066 5357 3092 5383 «
3117 5333 3410 5388 Thensam
3425 5331 3580 5388 enim
3602 5332 3619 5402 [
3645 5336 3793 5388 teste

2148 5403 2470 5475 Festo]ait
2501 5405 2690 5461 vocari
2747 5405 2989 5460 Sinnius
3043 5405 3168 5476 (seu
3223 5405 3306 5458 uti
3353 5403 3664 5476 legendum
3723 5419 3793 5459 ex

2147 5474 2445 5531 Lactantio
2505 5482 2664 5548 patet
2737 5474 3085 5548 SisinnicuS)
3143 5475 3363 5548 Capito,
3416 5474 3787 5548 ’vehiculum,

2143 5562 2256 5616 quo
2283 5546 2768 5604 exuvias'deorum
2802 5547 3043 5605 ludicris
3075 5546 3436 5604 circensibus
3459 5547 3518 5602 in
3552 5547 3784 5602 Circum

2142 5619 2211 5691 ad
2267 5619 2537 5691 pulvinar
2565 5621 2879 5687 vehuntur,
2915 5625 2973 5677 et
3003 5637 3072 5677 ex
3128 5621 3319 5683 ebore,
3369 5625 3432 5674 ut
3462 5619 3617 5690 apud
3649 5619 3785 5674 Liti-

2141 5690 2317 5766 nium
2340 5693 2396 5766 in
2439 5691 2711 5764 Barbato,
2745 5697 2813 5766 et,
2831 5711 2898 5749 ex
2930 5697 3190 5766 argento.
3227 5714 3253 5742 ››
3287 5691 3430 5745 ΡΑΜ.

2213 5764 2326 5834 (34)
2357 5760 2726 5822 Αντηατηαωίέ.
2753 5760 3127 5822 Discriminat
3158 5764 3599 5820 harmamaxam
3640 5760 3784 5834 (sive

2142 5833 2565 5906 armamaxam,
2599 5842 2667 5899 ut
2709 5836 2809 5897 alii
2862 5837 3149 5910 scribunt)
3176 5835 3390 5894 Junius
3446 5835 3519 5892 ab
3550 5833 3781 5903 essedo,
