4262 6360
277 355 394 418 713

1629 360 1730 426 DE
1775 356 2324 428 SPECTACULIS.

3571 368 3686 430 714

275 490 345 545 de
376 489 634 557 sedibus,
670 491 739 546 de
760 493 1010 562 coronis,
1035 496 1106 551 de
1135 497 1380 564 exuviis,
1403 503 1618 569 quanta
1642 503 1916 570 praetcrea
1945 501 1999 566 Α
2029 513 2062 552 a
2091 498 2376 564 messibus,
2410 497 2686 553 tutelinas
2710 515 2741 552 a
2772 498 2959 554 tutetis
2975 498 3017 534 ⁸⁸
3069 499 3324 554 fructum
3370 502 3689 562 sustinent.

271 594 455 643 sacra,
511 585 733 651 quanta
777 582 1065 640 sacriﬁcia
1117 587 1467 656 pra-cedunt,
1532 589 1917 654 intercedant,

272 669 612 738 succedant,
657 675 798 740 quot
852 671 1117 745 collegia,
1175 681 1316 745 quot
1373 677 1717 744 sacerdotia,
1781 682 1922 750 quot

275 758 470 814 ofﬁcia
507 764 870 827 moveantur,
904 761 1104 818 sciunt
1138 764 1404 820 homines
1452 765 1610 821 illius
1651 767 1812 822 urbis
1860 767 1918 820 in

272 864 389 920 qua
421 848 838 904 daemoniorum
869 857 1187 908 conventus
1238 855 1501 910 consedit
1542 857 1674 926 (55).
1734 862 1808 909 Ea
1870 857 1916 910 si

273 937 498 992 minore
527 954 667 994 cura
698 955 800 1010 per
832 939 1158 1012 provincias
1181 960 1280 1012 pro
1318 944 1644 1001 minoribus
1693 944 1918 1000 viribus

273 1025 786 1096 administrantur,
833 1033 1030 1085 tamen
1081 1047 1286 1087 omnes
1336 1033 1557 1106 ubique
1620 1034 1919 1089 Circenses

272 1113 411 1170 illuc
443 1115 788 1188 deputandi,
823 1118 976 1173 unde
1009 1123 1065 1174 et
1098 1124 1415 1192 petuntur;
1445 1123 1577 1178 inde
1610 1123 1913 1195 inquinan-

272 1209 387 1276 tur,
422 1205 577 1260 unde
608 1209 944 1261 sumuntur.
980 1207 1125 1263 Nam
1185 1214 1241 1264 et
1299 1210 1525 1265 rivulus
1587 1212 1779 1266 tenuis
1853 1229 1920 1266 ex

273 1311 382 1349 suo
417 1293 592 1365 fonte,
625 1299 682 1350 et
709 1295 984 1352 surculus
1011 1297 1276 1354 modicus
1307 1315 1375 1355 ex
1409 1317 1517 1356 sua
1549 1302 1921 1374 fronde,qua-

274 1381 497 1439 litatem
530 1383 774 1456 originis
807 1385 1086 1442 continet.
1120 1387 1343 1443 Viderit
1374 1389 1616 1445 ambitio
1643 1392 1760 1446 sive
1801 1392 1920 1445 fru-

274 1471 484 1544 galitas
515 1474 642 1543 ejus
677 1490 790 1544 quo
811 1475 855 1510 ⁸¹
908 1475 1092 1529 Deum
1153 1477 1433 1534 oll‘endit:
1494 1479 1920 1552 qualiscunque

277 1578 492 1633 pompa
523 1562 693 1630 Circi,
727 1565 834 1618 etsi
870 1581 1057 1635 pauca
1087 1565 1404 1622 simulacra
1434 1569 1826 1639 circumferat,
1862 1571 1918 1624 in

276 1668 390 1705 uno
425 1650 752 1707 idololatria
781 1658 900 1708 est:
937 1659 992 1707 et
1023 1655 1069 1708 si
1101 1673 1271 1710 unam
1305 1657 1569 1713 thensam
1607 1659 1920 1724 trahat,Jo-

273 1740 358 1794 vis
383 1744 573 1796 tamen
606 1740 932 1813 plaustrum
965 1745 1305 1815 estzqurevis
1338 1746 1665 1802 idololatria
1688 1750 1922 1802 sordide

275 1827 584 1899 instructa,
669 1832 757 1885 vel
817 1833 1041 1887 modice
1085 1833 1341 1906 locuples
1369 1836 1414 1868 ⁸²
1471 1837 1783 1908 splendida
1833 1845 1921 1892 est

279 1935 454 1974 censu
490 1918 759 1974 criminis
791 1921 905 1975 sui.

903 2065 1137 2120 CAPUT
1172 2066 1311 2122 Vill.

356 2190 423 2247 Ut
448 2194 503 2245 et
534 2191 603 2244 de
634 2189 797 2256 locis,
831 2191 1154 2246 secundum
1203 2195 1564 2264 propositum
1617 2213 1920 2266 exsequar,

281 2277 598 2334 circusSoli
634 2278 1031 2350 principaliter
1081 2286 1490 2336 consecratur:
1543 2284 1714 2353 cujus
1773 2285 1923 2338 mdes

281 2367 470 2422 medio
503 2367 712 2438 spatio,
739 2372 796 2422 et
826 2369 1053 2438 effigies
1085 2369 1155 2424 de
1195 2369 1427 2442 fastigio
1485 2372 1626 2426 tedis
1685 2372 1919 2438 emicat,

278 2456 432 2527 quod
468 2473 580 2511 non
615 2455 1011 2528 putaverint“3
1070 2458 1181 2512 sub
1233 2463 1380 2513 tecto
1434 2451 1920 2527 consecrandum,

278 2561 450 2616 quem
467 2544 524 2599 in
542 2549 742 2616 aperta
757 2544 1168 2611 babent.Quod
1185 2547 1230 2581 3‘
1249 2547 1647 2618 spectaculum
1670 2552 1923 2621 primum

279 2635 491 2690 aCirce
519 2635 757 2690 habent.
783 2634 898 2689 Soli
922 2635 1072 2706 patri
1107 2653 1234 2706 suo,
1269 2641 1331 2691 ut
1362 2637 1647 2706 volunt”,
1699 2640 1922 2695 editum

275 2724 574 2779 aftirmant
604 2741 617 2779 :
652 2724 724 2778 ab
751 2741 817 2779 ea
855 2728 912 2779 et
943 2723 1091 2778 Circi
1119 2725 1571 2797 appellationem
1608 2745 1924 2800 argumen-

276 2818 504 2870 tantur.
549 2813 725 2868 Plane
741 2814 785 2848 ⁸⁸
815 2813 1070 2868 veneﬁca
1099 2813 1182 2869 eis
1198 2815 1400 2886 utique
1425 2817 1718 2888 negotium
1745 2817 1927 2889 gessit

277 2902 406 2970 hoc,
435 2901 670 2957 nomine
703 2917 951 2971 quorum
985 2903 1260 2958 sacerdos
1300 2909 1444 2971 erat,
1507 2906 1813 2960 daemoniis
1870 2911 1926 2961 et

276 2991 502 3063 angelis
533 2989 773 3046 scilicet.
808 2991 957 3054 Quot
993 2991 1173 3062 igitur
1212 2990 1271 3044 in
1313 2992 1516 3046 habitu
1577 2993 1686 3048 loci
1738 2993 1924 3064 ipsius

276 3079 640 3136 idololatrias
672 3079 1042 3150 recognoscis
1071 3079 1083 3132 l
1118 3079 1353 3157 singula
1386 3088 1733 3138 ornamenta
1753 3083 1924 3150 Circi,

278 3166 517 3238 singula
554 3165 770 3237 templa
818 3171 974 3221 sunt.
1025 3173 1140 3222 Uva
1195 3167 1399 3223 honori
1459 3173 1760 3225 Castorum
1814 3172 1923 3243 (36)

2033 590 2178 639 Ante
2221 587 2326 640 has
2361 592 2478 640 tres
2512 603 2644 654 εγω,
2676 586 2848 642 trinis
2880 587 3035 641 640
3051 587 3165 642 diis
3190 591 3689 661 parent,magnis,

2033 675 2395 744 potentibus,
2427 674 2776 729 valentibus.
2812 676 3055 730 Eosdem
3089 676 3503 733 Samothracas
3543 679 3694 735 exis-

2031 762 2264 818 timant.
2313 763 2560 818 Obelisci
2623 765 2942 818 enormitas
3001 765 3134 835 (39),
3187 770 3250 820 ut
3322 765 3688 824 Hermateles

2031 852 2308 907 afﬁrmat.
2347 852 2460 906 Soli
2497 853 2846 922 prostituta:
2891 852 3181 924 scriptura
3241 855 3369 925 ejus
3420 856 3576 911 unde
3633 860 3693 912 et

2032 956 2268 1010 census,
2299 942 2370 996 de
2401 946 2642 1012 Aﬂgj'pto
2665 941 3004 1012 superstitio
3036 946 3142 996 est.
3169 941 3440 1014 Frigebat
3471 943 3687 1000 daemo-

2031 1045 2273 1084 monum
2351 1030 2661 1085 concilium
2721 1030 2848 1085 sine
2907 1047 3014 1085 sua
3072 1035 3258 1086 matre
3317 1047 3562 1104 magna;
3615 1049 3686 1089 ea

2029 1119 2227 1190 itaque
2259 1117 2375 1174 illic
2408 1119 2679 1191 praesidet
2700 1119 2934 1191 Euripo.
2967 1119 3192 1175 Consus
3241 1123 3328 1188 (ut
3385 1121 3672 1194 diximus)

2031 1208 2184 1279 apud
2220 1212 2409 1263 metas
2445 1209 2730 1263 subterra
2765 1209 3082 1264 delitescit.
3142 1208 3386 1264 Murtias
3436 1226 3680 1281 quoque

2030 1295 2248 1352 idolum
2280 1296 2496 1353 fecit”.
2529 1297 2803 1352 Murtiam
2863 1298 3016 1351 enim
3082 1298 3249 1352 deam
3309 1299 3526 1355 amoris
3575 1301 3687 1371 (40)

2031 1385 2231 1451 voluit,
2265 1385 2355 1440 cui
2389 1385 2445 1440 in
2501 1384 2601 1440 illa
2659 1389 2822 1457 parte
2879 1389 3058 1440 aedem
3117 1402 3343 1441 vovere.
3401 1388 3684 1444 Animad-

2031 1481 2206 1543 verte,
2241 1474 2581 1540 cbristiane,
2615 1478 2755 1544 quot
2787 1474 3086 1528 nominaoo
3118 1473 3425 1530 immunda
3483 1492 3680 1546 posse-

2032 1565 2218 1617 derint
2253 1564 2504 1617 Circum.
2540 1562 2744 1617 Aliena
2787 1567 2873 1617 est
2917 1563 3016 1616 tibi
3079 1563 3301 1634 religio,
3362 1581 3535 1635 quam
3594 1570 3682 1621 tot

2033 1653 2249 1706 diaboli
2282 1654 2529 1723 Spiritus
2589 1657 3040 1722 occupaverunt.
3106 1660 3179 1705 tie
3236 1652 3380 1708 locis
3438 1656 3676 1725 quidem

2035 1743 2299 1797 locusest
2326 1743 2676 1798 retractandi
2703 1743 2772 1795 ad
2799 1742 3261 1812 praeveniendam
3285 1747 3688 1813 quorumdam

2034 1833 2570 1905 interrogationem.
2606 1831 2754 1899 Quid
2787 1831 2966 1895 enim,
3004 1833 3280 1904 inquis,si
3313 1834 3428 1888 alio
3458 1834 3518 1890 in
3539 1841 3683 1891 tem-

2037 1939 2174 1994 pore
2203 1923 2431 1977 Circum
2455 1923 2671 1983 adiero,
2706 1921 3078 1992 periclitabor
3101 1923 3171 1975 de
3196 1922 3640 1992 inquinamento
3661 1924 3689 1979 ‘I

2036 2011 2208 2066 Nulla
2237 2016 2326 2066 est
2352 2011 2709 2082 praescriptio
2742 2011 2814 2064 de
2839 2009 3000 2065 locis.
3037 2014 3181 2064 Nam
3219 2028 3332 2066 non
3385 2011 3510 2066 sola
3574 2012 3689 2069 ista

2033 2098 2422 2155 conciliabula
2452 2098 2946 2171 spectaculorum,
2977 2099 3074 2153 sed
3099 2099 3272 2154 etiam
3307 2101 3530 2172 templa
3561 2101 3688 2173 ipsa

2034 2190 2160 2244 sine
2191 2188 2448 2260 periculo
2479 2187 2800 2258 disciplina:
2834 2187 2992 2242 adire
3053 2205 3252 2244 servus
3317 2188 3413 2244 Dei
3471 2194 3684 2262 potest,

2034 2283 2278 2349 urgente
2308 2293 2486 2332 causa
2512 2275 2767 2348 simplici
2801 2277 3108 2341 duntaxat,
3160 2293 3287 2348 qua;
3338 2295 3451 2332 non
3500 2279 3685 2349 perti-

2036 2372 2170 2421 neat
2199 2367 2269 2420 ad
2301 2368 2603 2437 preprium
2634 2366 2762 2434 ejus
2785 2363 2892 2420 loci
2927 2365 3224 2436 negotium
3261 2366 3346 2420 vel
3397 2367 3683 2424 ofﬁcium.

2033 2461 2310 2510 Caeterum
2344 2459 2402 2509 et
2434 2454 2658 2525 plateae,
2691 2457 2749 2508 et
2780 2454 3056 2519 forum,et
3079 2454 3319 2520 balneae,
3345 2459 3402 2509 et
3428 2456 3687 2524 stabula,

2034 2553 2088 2600 et
2123 2547 2261 2617 ipsa:
2295 2546 2505 2600 domus
2541 2549 2749 2598 nostra:
2780 2544 2903 2598 sine
2927 2544 3354 2600 idolisomnino
3373 2562 3485 2600 non
3511 2549 3682 2613 sunt;

2034 2640 2223 2691 totum
2259 2633 2538 2689 saeculum
2572 2633 2818 2687 Satanas
2839 2637 2895 2686 et
2915 2633 3105 2703 angeli
3136 2635 3262 2703 ejus
3294 2633 3685 2705 repleverunt.

2037 2725 2160 2781 Non
2191 2730 2379 2778 tamen
2409 2722 2562 2793 quod
2593 2721 2652 2774 in
2675 2722 2888 2775 saeculo
2921 2737 3152 2790 sumus,
3204 2738 3237 2776 a
3293 2721 3413 2776 Deo
3471 2721 3688 2779 excidi-

2035 2813 2308 2880 mus,sed
2346 2811 2394 2866 si
2429 2811 2568 2883 quid
2589 2811 2660 2865 de
2692 2809 2886 2865 saeculi
2919 2810 3261 2865 criminibus
3294 2811 3686 2883 attigerimus.

2037 2902 2282 2957 Proinde
2314 2901 2363 2954 si
2393 2898 2766 2970 Capitolium,
2828 2898 2875 2952 si
2937 2899 3258 2970 Serapeum
3317 2898 3679 2955 sacriﬁcator

2035 2998 2092 3045 et
2121 2991 2394 3044 adorator
2424 2989 2737 3056 intravero,
2767 3005 2801 3042 a
2834 2992 2944 3042 Deo
2975 2988 3258 3054 excidam,
3293 2989 3678 3058 quemadmo-

2035 3081 2175 3133 dum
2209 3079 2430 3133 circum
2463 3075 2550 3131 vel
2585 3077 2876 3130 tbeatrum
2911 3080 3222 3146 spectator.
3258 3083 3403 3131 Loca
3435 3092 3538 3131 nos
3560 3093 3678 3132 non

2038 3167 2442 3223 contaminant
2486 3182 2588 3236 per
2625 3181 2708 3234 se,
2769 3164 2870 3219 sed
2925 3181 3051 3235 quae
3112 3163 3169 3219 in
3232 3165 3372 3219 locis
3424 3165 3593 3236 ﬁunt,
3651 3181 3686 3221 a

279 3235 642 3325 adscribunt,
666 3235 766 3325 qui
800 3255 930 3310 illos
962 3272 1065 3311 ovo
1105 3259 1291 3312 editos
1321 3260 1608 3313 credendo
1641 3260 1711 3314 de
1741 3235 1924 3332 cygno
1955 3235 1998 3300 C
2038 3258 2255 3330 quibus
2288 3259 2345 3310 et
2373 3235 2502 3326 ipsa
2535 3253 2659 3308 loca
2689 3251 3077 3307 contaminari
3125 3253 3384 3308 altercati
3434 3235 3680 3310 sumus:

273 3349 416 3401 Jove
435 3362 548 3399 non
569 3343 1385 3417 crubescunt(37).Delpbinos
1405 3347 1672 3418 Neptuno
1695 3356 1918 3419 vovent,

277 3433 586 3490 columnas
607 3433 650 3468 εἴ
673 3433 786 3505 (38)
813 3434 1031 3490 sessias
1063 3452 1097 3488 a
1125 3438 1630 3505 sementationibus,
1673 3439 1921 3494 messias

2031 3350 2102 3403 de
2191 3343 2608 3399 contaminatis
2700 3341 3174 3396 contaminamur
3214 3344 3280 3396 οι.
3366 3346 3683 3414 Propterea

2033 3440 2227 3492 autem
2294 3447 2844 3500 commemoramus,
2931 3431 3149 3501 quibus
3199 3431 3491 3501 ejusmodi
3551 3430 3682 3488 loca

1774 3556 1923 3616 arias
1971 3553 2291 3615 lectiones.

1774 3558 1923 3616 arias
1971 3558 2291 3615 lectiones.

345 3647 385 3681 ⁸¹
419 3646 578 3722 Quod
613 3648 794 3722 Paris.
820 3650 1113 3722 utrumque
1141 3651 1291 3705 abest
1321 3652 1443 3720 Rig.
1519 3652 1565 3685 ⁸³
1599 3655 1663 3704 Et
1695 3558 2004 3722 leendida
2037 3652 2217 3704 Latin.
2279 3647 2377 3702 sed
2413 3645 2721 3722 splendida
2772 3645 3505 3722 _Pari{}‘__Putaveruut.
3561 3644 3680 3715 Rig.

379 3720 594 3799 utpctii
619 3720 854 3799 Cilica-n._
916 3720 960 3753 ⁸⁸
1125 3723 1242 3799 Rig.
1322 3723 1366 3757 ⁸⁵
1393 3719 1469 3777 Ut
1498 3719 1874 3799 voluntabest
1899 3725 1921 3777 1

2069 3723 2134 3799 (³ο
2165 3719 2726 3799 argutantur'piane
2755 3719 2886 3772 Jun.
2961 3719 3032 3799 ⁸]
3064 3719 3324 3799 Veniunt
3379 3734 3418 3799 ei

473 3791 515 3823 ³⁸
546 3790 754 3864 Tutela
785 3792 933 3864 Rig.
985 3792 1030 3826 ⁸ο
1055 3793 1270 3849 Murtia
1291 3811 1520 3864 quoque
1551 3796 1604 3850 id
1642 3796 1781 3850 olim
1816 3789 2161 3852 fecit'Latin.
2199 3789 2464 3847 Murtias.
2501 3790 2615 3846 Has
2669 3805 2904 3860 quoque
2962 3791 3085 3860 Rig.
3163 3790 3208 3824 ⁹⁰
3245 3790 3502 3843 Numina
3543 3789 3674 3844 Jun.

335 3793 344 3802 -
473 3791 515 3823 ss
546 3791 560 3812 ν
845 3792 854 3802 ’
985 3794 989 3823 ³

271 3791 989 3931 ἔιὲοηὶαῐξῗῐξὲξιᾶιιξῗῆξιᾩο

2091 3716 2726 3791 “Argutant'urpiane
2755 3719 2886 3772 Jun.
2961 3717 3004 3751 ⁸⁷
3064 3716 3324 3791 Vomunt
3379 3717 3671 3791 columna:

1713 3955 2238 4019 Commentarius.

276 4056 521 4140 pilento,
555 4056 828 4140 petorito,
860 4057 1008 4140 quia.
1030 4057 1127 4112 alii
1187 4060 1559 4140 confundunt
1588 4078 1718 4140 eum
1775 4063 1917 4130 illis,

2025 4059 2341 4132 Septimius
2365 4057 2666 4132 columnas
2698 4058 2838 4132 dicit
2865 4074 3097 4114 vomere
3130 4058 3460 4132 delphinos,
3518 4076 3668 4132 quas

277 4130 456 4206 atque
477 4144 606 4183 esse
629 4130 866 4206 proprie
891 4134 1118 4206 vectem
1146 4133 1554 4206 gestariorum;
1591 4137 1688 4205 qui
1740 4152 1919 4206 opera
2027 4135 2098 4206 de
2130 4131 2537 4206 columnarum
2561 4130 2702 4185 alvis
2723 4130 2969 4186 emissos
3002 4136 3068 4185 ut
3098 4148 3198 4202 per
3223 4131 3397 4187 tubos
3426 4137 3483 4187 et
3503 4130 3674 4188 cana-

279 4201 586 4256 hominum
620 4199 924 4255 tolleretur
944 4199 1218 4257 manibus
1248 4199 1622 4271 bumerisve;
1655 4207 1725 4260 ad
1780 4199 1916 4261 eum

279 4272 545 4348 modum,
578 4287 693 4348 quo
725 4271 878 4327 sella:
908 4276 1414 4348 gestatorizeiapud
1448 4278 1817 4343 Suetonium,
1865 4281 1922 4332 et

275 4345 495 4400 lecticae
529 4345 683 4414 apud
714 4349 1011 4399 Senecam.
1047 4345 1194 4416 Ergo
1216 4345 1612 4404 Tertullianus
1652 4367 1685 4403 a
1733 4350 1920 4404 curri-

280 4421 412 4482 bus,
437 4416 532 4485 qui
559 4416 848 4490 jumentis
879 4418 1223 4487 agebantur,
1253 4436 1285 4474 a
1314 4420 1542 4475 thensis
1588 4437 1714 4490 quae
1767 4420 1917 4475 funi-

278 4491 412 4556 bus,
445 4489 658 4561 transit
689 4487 760 4542 ad
786 4488 1218 4561 barmamaxas,
1262 4507 1389 4561 quas
1440 4487 1704 4548 humeris
1757 4492 1920 4546 tolle-

279 4561 498 4615 bantur
525 4559 596 4614 ab
644 4559 1002 4626 hominibus,
1061 4560 1144 4616 ita
1191 4559 1606 4618 attestantibus
1658 4565 1920 4619 studium

282 4648 460 4686 suum
494 4647 631 4702 erga
661 4631 1155 4687 sacraCircensia.
1191 4632 1317 4688 Lac.

353 4704 465 4774 (35)
496 4703 652 4756 Illius
681 4705 840 4758 urbis
887 4704 946 4757 in
995 4719 1103 4774 qua
1158 4703 1557 4760 daemoniorum
1626 4710 1924 4761 conventus

284 4775 543 4848 consedit.
576 4775 814 4848 Romam
847 4779 902 4829 et
930 4774 1275 4845 Capitolium
1305 4777 1599 4847 signiﬁcat
1650 4783 1716 4832 Et
1763 4777 1924 4848 Capi-

285 4846 493 4901 tolium
527 4846 842 4917 quidemin
886 4848 1102 4917 ApotOg.
1134 4864 1264 4918 pag.
1319 4846 1380 4901 7.
1417 4848 1648 4904 Curiam
1683 4846 1922 4905 deorum

285 4934 417 4992 esse
443 4917 689 4992 ait,_ubi
743 4918 964 4992 scilicet
1019 4917 1258 4974 deorum
1319 4921 1598 4992 synodus,
1660 4923 1922 4992 ejusdem

283 4990 618 5061 Apotogetici
648 5006 774 5061 cap.
807 4991 862 5043 6.
899 4989 1024 5044 Rm.

362 5061 468 5131 (36)
505 5059 614 5116 00a
643 5059 841 5116 honori
873 5061 1208 5116 Castrorum.
1246 5063 1446 5132 Spatia
1502 5065 1924 5119 curriculorum

286 5131 346 5184 in
381 5136 530 5187 circo
562 5133 683 5187 ovis
716 5137 912 5188 notata
944 5133 1126 5188 fuisse
1157 5149 1222 5187 ex
1246 5131 1424 5198 Livio,
1461 5135 1660 5201 Dione,
1696 5143 1750 5190 et
1788 5138 1928 5192 Cas-

289 5203 520 5280 siodoro
555 5205 1118 5280 primusannotavit
1142 5205 1417 5280 A_l_cianus
1440 5205 1539 5261 lib.
1574 5209 1601 5260 4
1643 5209 1929 5280 Parcrgun

289 5291 416 5346 cap.
454 5275 555 5329 ult.
583 5276 703 5340 Quo
736 5276 907 5332 etiam
942 5277 1148 5331 alludit
1179 5277 1357 5332 Varro
1388 5279 1457 5332 de
1487 5283 1562 5333 Re
1579 5280 1798 5334 rustica
1820 5275 1928 5335 lib.

297 5349 348 5400 1.
388 5348 522 5402 ΡΑιιι.

361 5419 473 5484 (37)
506 5420 620 5490 Qui
651 5419 914 5492 ittosiovo
943 5418 1112 5492 editos
1141 5419 1429 5488 credendo,
1461 5420 1527 5474 de
1580 5421 1747 5492 cy'cno
1804 5427 1936 5478 Jove

291 5504 406 5564 non
434 5491 880 5564 cruvescuntSic
904 5490 1268 5564 habetvetus
1298 5490 1933 5564 exemptar‘Agobardi,

297 5561 410 5616 nisi
441 5563 598 5637 quod
630 5562 914 5637 syllabam
947 5561 1282 5637 geminavit,
1312 5561 1482 5619 decus
1527 5561 1717 5634 cygno,
1779 5567 1934 5637 quod

300 5639 389 5687 est
418 5633 483 5688 de
505 5649 692 5702 cucno,
715 5634 836 5689 sive
867 5636 932 5688 de
964 5648 1148 5704 cycno.
1183 5633 1304 5688 Βία.

369 5704 482 5776 (38)
502 5705 788 5775 Delphinos
809 5705 1056 5772 Neptuno
1083 5708 1304 5761 vomunt
1325 5706 1469 5762 δοίη]
1479 5707 1737 5765 uvenalis
1757 5714 1865 5766 sat.
1880 5710 1934 5765 6:

387 5783 630 5837 Consulit
662 5791 786 5836 ante
833 5786 964 5837 falas
1011 5785 1498 5854 delphinorumque
1552 5789 1846 5841 columnas.

579 5904 841 5973 Ριςιοι.
889 5905 940 5971 Ι.

2030 4205 2134 4258 les.
2170 4203 2297 4257 RIG.

2101 4275 2212 4345 (39)
2245 4272 2821 4345 Obeliscienormitas.
2859 4273 2932 4326 De
2980 4271 3087 4345 boc
3145 4273 3368 4328 Plinius
3426 4273 3525 4329 tib.
3583 4274 3673 4328 36.

2031 4342 2156 4416 cap.
2196 4342 2250 4398 9.
2289 4346 2341 4398 ls
2365 4348 2559 4416 autem
2606 4342 2932 4409 Obeliscus,
2990 4343 3202 4415 inquit,
3263 4361 3439 4415 quem
3499 4346 3678 4400 Divus

2028 4415 2332 4486 Augustus
2364 4416 2422 4468 in
2454 4415 2618 4470 Circo
2650 4429 2863 4485 magno
2897 4417 3130 4490 statuit.
3180 4418 3410 4490 excisus
3464 4433 3495 4470 a
3545 4433 3679 4490 rege

2029 4492 2450 4568 Semneserteo,
2483 4502 2599 4568 quo
2623 4490 2913 4568 regnante
2951 4487 3315 4568 Pythagoras
3335 4489 3406 4568 in_
3434 4487 3680 4568 Aigypio

2032 4560 2166 4640 fuit,
2195 4563 2428 4640 centum
2457 4556 2960 4640 vigintiquinque
3002 4556 3217 4640 padum
3268 4564 3325 4615 et
3375 4556 3682 4640 dodrantis

2034 4637 2242 4702 praiter
2270 4629 2458 4702 basim
2492 4628 2754 4699 ejusdem
2784 4628 3018 4702 lapidis:
3054 4631 3106 4685 Is
3135 4647 3270 4686 vero
3314 4632 3413 4702 qui
3475 4636 3564 4686 est
3617 4631 3680 4686 in

2034 4701 2238 4773 eampo
2271 4701 2474 4756 Martis
2508 4715 2711 4755 novem
2749 4701 2992 4771 pedibus
3025 4701 3218 4757 minor
3245 4720 3278 4757 a
3329 4701 3678 4760 Sesostride.

2035 4779 2182 4830 PAM.

2105 4862 2217 4932 (40)
2249 4861 2509 4916 Murciam
2538 4861 2693 4933 enim
2725 4858 2914 4933 idea-mi
2959 4864 3244 4917 marcoris.
3305 4864 3410 4933 leg.
3476 4863 3680 4933 Rigalt.

2039 4929 2398 5005 Augustinus
2429 4949 2502 4986 1v.
2529 4931 2598 4985 de
2621 4929 2784 4986 Civit.
2820 4931 2943 5000 Dei,
2983 4950 3110 5005 cap.
3145 4936 3230 4990 16.
3292 4929 3464 4990 Deam
3522 4929 3682 4990 Mur-

2039 5006 2189 5061 ciam
2238 5007 2611 5068 vocaverunt,
2673 5019 2798 5073 quas
2861 5012 3069 5074 praeter
3114 5007 3355 5061 modum
3390 5023 3502 5061 non
3558 5023 3684 5061 mo-

2039 5083 2216 5140 veret,
2277 5093 2342 5130 ac
2405 5077 2616 5149 faceret
2675 5074 2993 5149 hominem,
3048 5081 3111 5130 ut
3167 5077 3247 5132 ait
3298 5078 3679 5149 Pomponius,

2041 5150 2396 5214 murcidum,
2428 5147 2608 5213 idest,
2672 5147 2848 5200 nimis
2905 5149 3288 5217 desidiosum,
3324 5155 3379 5204 et
3427 5147 3685 5203 inactuo-

2041 5238 2196 5284 sum,
2262 5221 2480 5274 RIG.-—-—
2524 5219 2784 5272 Murciam
2841 5220 3007 5273 Deum
3057 5223 3280 5274 amoris.
3370 5219 3684 5290 Insigniter

2041 5295 2322 5362 deceptus
2353 5291 2658 5345 Turnebus
2693 5290 2796 5343 lib.
2830 5291 2916 5342 22.
2953 5291 3079 5344 adv.
3109 5308 3158 5346 c.
3221 5293 3306 5357 17,
3356 5291 3454 5362 qui
3495 5290 3638 5360 legit
3668 5306 3682 5345 :

2043 5367 2304 5419 Martium
2337 5364 2486 5416 enim
2515 5363 2678 5416 Deam
2710 5363 3020 5426 marmoris,
3043 5363 3196 5431 quod
3231 5379 3361 5417 cum
3424 5362 3684 5417 insolens

2043 5436 2125 5490 illi
2160 5436 2472 5496 videretur,
2497 5433 2738 5505 corrigit
2768 5433 2933 5505 Deam
2960 5436 3243 5501 marcoris,
3279 5433 3476 5505 aitque
3520 5449 3686 5503 spec-

2045 5512 2232 5562 tatum
2275 5507 2344 5559 ad
2379 5506 2548 5558 deam
2583 5502 2847 5572 srgnium
2884 5503 3154 5558 Murtiam
3189 5506 3356 5575 cujus
3382 5502 3686 5559 'meminit

2050 5578 2358 5633 Arnobius.
2392 5576 2534 5630 Vere
2567 5575 2877 5642 legendum
2909 5577 3114 5630 amori:
3162 5592 3296 5630 cum
3357 5575 3572 5631 Pamel.
3629 5580 3688 5632 et

2049 5668 2140 5706 res
2163 5644 2943 5720 illustrandaaPlinioJlib:
3008 5662 3096 5715 xv;
3137 5662 3264 5720 cap.
3314 5648 3404 5717 29,
3460 5649 3559 5703 ubi
3617 5649 3689 5706 de

2046 5723 2268 5779 Venere
2293 5722 2510 5794 Myrtea
2539 5722 2641 5773 aut
2667 5715 2895 5772 Murtia.
2922 5715 3050 5772 Lac.

3339 5917 3421 6002 23
