4262 6416
471 401 589 463 715

1018 399 1541 463 TERTULLIANI
1586 399 1908 462 OPERUM
1956 398 2153 460 PARS
2199 398 2243 458 Ι.
2277 431 2354 443 -
2383 397 2658 459 SERIES
2703 399 2750 468 l,
2796 397 3362 462 APOLOGETICA.

3755 401 3875 462 716

475 537 761 593 dicentur.
795 541 860 591 ut
887 551 1087 591 eorum
1146 535 1615 589 demonstremus
1657 550 1804 601 esse,
1867 549 1994 600 quae
2047 532 2105 586 in
2134 537 2188 603 Α
2220 532 2434 597 Martii,
2459 530 2556 587 alii
2588 531 2786 588 album
2828 533 3107 605 Zephyris
3153 540 3642 591 consecraverunt
3736 535 3878 591 Pra-

470 626 560 682 his
581 625 723 682 locis
736 625 903 694 tlunt,
935 623 1150 695 quibus
1172 623 1296 678 loca
1327 623 1617 678 dicantur.

1021 765 1164 819 641
1206 764 1431 821 CAPUT
1467 765 1556 818 IX.

543 891 706 946 Nunc
738 891 807 945 de
848 888 1090 945 artilicio
1135 905 1249 959 quo
1299 889 1588 943 circenses
1635 888 1956 942 exibentur.
2000 887 2110 941 Res

475 979 763 1052 equestris
793 983 945 1034 retro
974 977 1222 1049 simplex
1244 979 1314 1032 de
1371 978 1544 1032 dorso
1563 978 1605 1011 ⁹²
1659 977 1937 1048 agebatur
1975 974 2109 1046 (41),

476 1075 532 1126 et
555 1069 750 1139 utique
769 1067 1098 1124 communis
1132 1083 1274 1122 usus
1306 1083 1440 1122 reus
1471 1083 1584 1121 non
1639 1068 1782 1120 erat.
1817 1064 1928 1118 Sed
1978 1080 2112 1118 cum

476 1158 734 1215 adludos
763 1162 999 1212 coactus
1028 1160 1137 1225 est,
1195 1155 1429 1210 transiit
1481 1172 1514 1209 a
1570 1154 1669 1209 Dei
1725 1169 1966 1208 munere
2040 1153 2112 1207 ad

477 1247 895 1303 damoniorum
927 1245 1136 1301 efﬁcia.
1173 1245 1376 1315 Itaque
1407 1243 1630 1299 Castori
1662 1247 1720 1297 et
1751 1241 1966 1297 Polluci
2015 1241 2109 1296 de-

478 1339 717 1406 putatur
744 1335 867 1390 haec
925 1334 1170 1404 species,
1227 1333 1449 1401 quibus
1502 1348 1684 1401 equos
1737 1347 1769 1383 ει
1827 1329 2114 1385 Mercurio

473 1425 824 1480 distributos
874 1422 1245 1478 Stesichorus
1298 1423 1484 1476 docet.
1541 1421 1646 1474 Sed
1707 1426 1764 1474 et
1811 1419 2117 1489 Neptunus

474 1513 758 1583 equestris
798 1518 908 1577 est,
943 1528 1118 1581 quem
1178 1510 1358 1564 Graeci
1411 1506 1604 1560 'imuov
1663 1507 1978 1579 appellant.
2039 1508 2118 1561 De

469 1604 612 1674 jugo
642 1618 774 1657 vero
805 1602 849 1634 ⁹³
881 1591 1198 1671 quadrigas
1229 1599 1362 1666 soli,
1393 1599 1561 1668 Ligus
1594 1597 1742 1651 lunai
1775 1601 2116 1652 sanxerunt.

472 1692 582 1748 Sed
615 1692 660 1726 9‘
689 1696 766 1746 et.

623 1797 834 1845 Primus
862 1794 1202 1843 Erichtonius
1239 1807 1430 1841 currus
1463 1798 1513 1842 et
1542 1796 1774 1855 quatuor
1806 1805 1970 1840 ausus

629 1860 860 1920 .luugere
883 1871 1068 1919 equos,
1091 1857 1421 1918 rapidusque
1445 1858 1577 1904 rods
1599 1857 1842 1904 insistere
1868 1856 2054 1903 victor.

475 1955 889 2012 Erichthonius
919 1955 1184 2009 Minerva}
1206 1959 1264 2008 et
1285 1952 1525 2007 Vulcani
1560 1952 1736 2018 illius,
1789 1957 1846 2006 et
1875 1951 2110 2022 quidem

477 2047 549 2101 de
579 2047 798 2102 caduca
828 2044 886 2098 in
919 2049 1132 2098 terram
1164 2043 1427 2108 libidine,
1487 2046 1788 2111 potentum
1850 2045 1939 2094 est
1993 2040 2112 2095 da:-

478 2135 797 2203 monicum,
833 2132 948 2186 imo
980 2130 1249 2185 diabolus
1279 2130 1423 2200 ipse,
1458 2146 1570 2184 non
1603 2129 1856 2184 coluber.
1891 2129 1948 2183 Si
1978 2145 2112 2183 vero

476 2222 781 2279 Trocuilus
810 2222 854 2255 95
885 2220 1131 2290 Argivus
1160 2223 1362 2273 auctor
1409 2223 1497 2272 cst
1561 2234 1789 2283 currus,
1852 2217 2038 2287 primo
2069 2217 2112 2249 ⁰⁶

474 2313 713 2378 Junoni,
749 2311 804 2365 id
836 2326 981 2380 opus
1014 2309 1123 2378 (42)
1156 2323 1329 2362 suum
1354 2307 1658 2361 dedicavit.
1693 2307 1747 2359 Si
1780 2305 1971 2359 Roma:
2000 2310 2108 2359 Ro-

474 2401 670 2457 mulus
698 2399 1041 2471 quadrigam
1075 2396 1300 2466 primus
1353 2394 1628 2461 ostendit,
1691 2398 1830 2466 puto
1875 2399 1932 2448 et
1986 2393 2112 2464 ipse

472 2490 624 2545 inter
650 2486 804 2542 idola
833 2484 1220 2556 conscriptus,
1252 2484 1298 2538 si
1333 2483 1485 2537 idem
1525 2489 1612 2537 est
1642 2481 1938 2548 Quirinus.
1998 2483 2110 2537 Ta-

476 2579 629 2634 libus
660 2575 999 2631 auctoribus
1059 2572 1351 2643 quadrigee
1420 2573 1734 2643 productae,
1794 2571 2001 2625 merito
2059 2574 2114 2624 et

479 2665 702 2736 aurigis
757 2662 1049 2718 coloribus
1107 2659 1434 2714 idolatriam
1492 2660 1814 2715 vestierunt
1866 2661 1998 2726 (43),
2057 2663 2115 2712 et

477 2756 547 2811 ad
583 2753 746 2809 initio
767 2752 880 2807 duo
911 2750 1019 2805 soli
1053 2750 1286 2803 fuerunt
1305 2749 1347 2782 ⁹⁷
1378 2748 1546 2802 albus
1578 2753 1634 2803 et
1673 2765 1915 2803 russens
1959 2748 2108 2818 (44):

481 2843 651 2899 albus
681 2841 881 2908 hiemi,
915 2839 986 2894 ob
1021 2837 1182 2892 nives
1229 2837 1547 2891 candidas:
1610 2833 1850 2892 russeus
1903 2837 2110 2905 aestati,

483 2933 555 2988 ob
578 2930 720 2988 solis
749 2929 1044 2995 ruborem,
1067 2926 1180 2980 voti
1213 2930 1399 2980 erant.
1434 2926 1544 2980 Sed
1596 2930 1796 2996 postea
1851 2930 1966 2998 tam
2016 2942 2109 2980 vo-

480 3021 725 3091 luptatc,
752 3031 926 3089 quam
959 3012 1373 3084 superstitione
1399 3017 1668 3085 provecta
1697 3030 1965 3069 russeum
2012 3014 2112 3068 alii

2217 621 2414 676 sinum
2449 637 2578 677 vero
2601 622 2644 655 ⁹⁸
2673 627 2846 676 terra:
2872 623 3059 690 Matri,
3086 622 3170 678 vel
3194 639 3369 679 verno
3400 623 3535 696 (45),
3587 623 3875 680 Venetum

2217 709 2357 764 coelo
2405 714 2462 764 et
2499 709 2667 776 mari,
2716 712 2808 765 vel
2862 716 3170 767 autumno.
3233 716 3374 768 Cum
3419 717 3614 768 autem
3672 713 3868 769 omnis

2218 797 2444 868 species
2467 797 2809 852 idololatriae
2841 799 3121 855 damnata
3151 800 3303 856 042
3354 801 3433 857 sit
3495 818 3530 856 a
3584 806 3725 868 Deo,
3781 805 3871 871 uti

2218 902 2328 956 que
2359 886 2532 942 etiam
2559 885 2656 941 illa
2689 887 3024 956 damnatur,
3059 906 3184 960 quae
3213 889 3518 946 elementis
3547 889 3867 945 mundiali-

2221 975 2330 1030 bus
2353 977 2397 1009 ”
2429 977 2788 1046 profanatur.

2872 1100 3108 1157 CAPUT
3147 1101 3212 1157 Χ.

2294 1242 2688 1298 Transeamus
2719 1242 2789 1296 ad
2822 1242 3084 1298 scenicas
3113 1260 3226 1310 res,
3278 1259 3529 1315 quarum
3579 1249 3636 1299 et
3693 1242 3874 1315 origi-

2225 1346 2358 1384 nem
2390 1346 2785 1393 communem,
2816 1336 2872 1386 et
2892 1331 3098 1387 titulos
3119 1349 3290 1403 pares
3320 1336 3648 1388 secundum
3681 1332 3875 1403 ipsam

2226 1420 2296 1471 ab
2331 1417 2493 1473 initio
2523 1418 2795 1473 ludorum
2829 1420 3275 1490 appellationem
3319 1425 3376 1475 et
3409 1415 3874 1476 administratio-

2227 1523 2358 1560 nem
2390 1509 2761 1576 conjunctam
2795 1525 2929 1563 cum
2959 1525 3021 1564 re
3037 1509 3439 1581 equestrijam
3471 1510 3868 1564 ostendimus.

2224 1597 2552 1666 Apparatus
2580 1596 2756 1650 etiam
2796 1613 2864 1652 ex
2901 1613 2969 1652 ea
3021 1604 3184 1669 parte
3238 1603 3558 1666 consortes,
3617 1615 3746 1670 quea
3795 1599 3870 1653 ad

2226 1700 2461 1738 scenam
2495 1689 2718 1754 spectat
2746 1702 2758 1740 :
2785 1703 2915 1740 nam
2951 1703 2983 1741 a
3011 1686 3246 1758 templis
3266 1691 3324 1742 et
3351 1688 3489 1754 aris,
3524 1692 3581 1742 et
3621 1685 3722 1741 illa
3777 1685 3870 1742 in-

2229 1771 2499 1826 felicitate
2528 1772 2720 1826 thuris
2757 1777 2814 1828 et
2860 1774 3168 1846 sanguinis
3222 1775 3332 1846 (46)
3389 1774 3546 1830 inter
3584 1773 3756 1830 tibias
3815 1778 3878 1830 et

2229 1862 2402 1914 tubas
2432 1860 2568 1927 itur,
2601 1862 2830 1918 duobus
2861 1862 3357 1932 inquinatissimis
3402 1864 3656 1932 arbitris,
3703 1863 3874 1918 fune-

2223 1965 2352 2002 rum
2380 1955 2436 2003 et
2466 1950 3163 2022 sacrorum,designatore
3182 1957 3238 2007 et
3268 1951 3602 2023 haruspice.
3623 1957 3706 2007 lta
3732 1967 3875 2008 cum

2223 2038 2292 2091 de
2323 2037 2647 2108 originibus
2669 2037 2937 2094 ludorum
2963 2041 3034 2094 ad
3055 2040 3346 2097 circenses
3362 2040 3709 2109 transimus,
3731 2041 3874 2095 inde

2224 2142 2379 2182 nunc
2410 2128 2481 2181 ad
2529 2128 2790 2183 scenicos
2833 2127 3001 2185 ludos
3031 2129 3364 2201 dirigimus,
3425 2147 3459 2184 a
3507 2129 3614 2186 loci
3665 2129 3872 2186 vitio‘.

2221 2215 2532 2270 Theatrum
2593 2217 2824 2288 proprie
2882 2219 3204 2274 sacrarium
3262 2218 3504 2274 Veneris
3581 2222 3691 2275 est.
3749 2222 3875 2274 Hoc

2222 2303 2469 2375 denique
2503 2305 2670 2360 modo
2703 2305 2756 2359 id
2792 2322 2980 2377 genus
3037 2308 3230 2379 operis
3282 2307 3338 2362 in
3391 2307 3602 2364 saaculo
3660 2308 3871 2364 evasit.

2223 2392 2366 2449 Nam
2424 2410 2573 2464 saepe
2631 2409 2898 2450 censores
2942 2396 3355 2452 renascentia2
3418 2413 3550 2451 cum
3613 2397 3870 2452 maxime

2222 2481 2449 2534 theatra
2505 2482 2884 2538 destruebant
2939 2485 3073 2554 (47),
3146 2484 3408 2540 moribus
3467 2483 3866 2553 consulentes,

2221 2586 2469 2640 quorum
2503 2570 2723 2624 scilicet
2752 2570 3076 2641 periculurn
3108 2573 3313 2643 ingens
3347 2573 3416 2627 de
3447 2572 3685 2628 lascivia
3729 2589 3865 2644 pro-

2220 2658 2514 2723 videbant,
2569 2663 2630 2712 ut
2678 2659 2803 2729 jam
2857 2660 2996 2714 hinc
3036 2660 3285 2716 ethnicis
3335 2662 3392 2714 in
3448 2660 3858 2716 testimonium

2221 2748 2389 2802 cedat
2444 2747 2731 2802 sententia
2801 2748 3061 2820 ipsorum
3146 2750 3454 2806 nobiscum
3512 2750 3753 2818 faciens,
3805 2753 3867 2804 et

2223 2835 2468 2890 nobisin
2490 2837 2991 2907 exaggerationem
3049 2837 3368 2910 disciplina:
3416 2838 3592 2894 etiam
3643 2837 3859 2893 huma-

2223 2942 2307 2979 nae
2353 2924 2748 2996 prmrogativa.
2811 2927 3012 2996 Itaque
3073 2927 3386 2999 Pompeius
3442 2925 3690 2998 Magnus
3748 2926 3866 2998 (48)

2223 3014 2345 3069 solo
2377 3013 2602 3068 theatro
2633 3029 2739 3068 suo
2771 3014 2983 3084 minor,
3015 3031 3148 3071 cum
3182 3015 3343 3070 illam
3375 3030 3569 3072 arcem
3603 3014 3870 3070 omnium

1915 3132 2114 3192 Variae
2137 3131 2455 3192 lectiones.

547 3245 594 3279 9³
626 3243 707 3298 De
736 3241 910 3295 dorso
939 3238 1256 3309 abest.Rig.
1333 3236 1377 3270 οδ
1406 3235 1486 3291 De
1509 3236 1652 3306 jugo
1677 3251 1810 3309 vero
1841 3237 1993 3309 abest
2025 3237 2244 3309 Rigalt.
2298 3237 2524 3309 “(Sane
2557 3236 2754 3308 Rigalt.
2831 3238 2875 3272 9‘
2901 3236 3248 3309 Acrophilus
3294 3239 3481 3294 Paris.
3557 3235 3602 3269 ⁹⁶
3655 3234 3866 3309 Patria

475 3314 695 3372 Junoni
730 3318 941 3370 Wouw.
976 3314 1056 3364 Μ.
1092 3308 1147 3362 S.
1177 3309 1354 3362 Latin.
1402 3309 1474 3380 (9"
1504 3313 1574 3380 ω.
1603 3308 1834 3380 aurigas
1865 3306 2104 3364 colorib.
2136 3307 2414 3363 idolatriae
2447 3306 2786 3364 vestierunt.
2818 3313 2888 3363 Et
2919 3312 2990 3364 ab
3030 3306 3197 3364 initio
3234 3310 3366 3380 equi
3415 3310 3528 3364 duo
3585 3306 3699 3380 soli
3747 3307 3872 3380 fue-

479 3391 619 3443 runt
649 3386 915 3442 Wouwer.
953 3397 1086 3435 nam
1121 3381 1255 3450 equi
1287 3378 1452 3451 initio
1484 3379 1600 3433 duo
1631 3378 1750 3434 soli
1771 3380 2008 3434 fuerunt
2039 3381 2234 3451 Rigalt.
2312 3381 2356 3414 ⁸⁸
2406 3380 2528 3436 Veri
2589 3381 2781 3436 Latin.
2857 3381 2901 3416 9°
2955 3378 3328 3437 Mundalibus
3381 3385 3518 3438 Jun.
3599 3381 3614 3414 ¹
3687 3378 3864 3434 Initio

476 3460 660 3514 Lutiu.
694 3457 816 3524 Rig.
894 3454 914 3487 ²
945 3451 1288 3507 Enascentia
1309 3450 1335 3504 ?
1362 3454 1501 3506 Jun.
1537 3452 1836 3506 nascentia
1852 3452 1970 3522 Ilig.

1919 3567 2436 3628 Commentarios.

550 3678 664 3748 (41)
695 3677 820 3748 ,Βενε
878 3674 1333 3748 είιαεδιγξξδλνεᾷνε
1414 3673 1652 3748 simplex
1705 3673 1987 3748 agebatur.
2049 3675 2112 3728 In
2145 3675 2188 3741 C
2226 3690 2507 3748 equorum
2559 3675 2712 3746 apud
2773 3675 2932 3730 Ovid.

484 3744 801 3819 exemplari
835 3744 1120 3817 Agebardi
1155 3745 1365 3819 legitur
1396 3761 1408 3798 :
1436 3745 1596 3819 «_Res
1634 3746 1923 3819 equestris
1963 3751 2114 3819 retro

485 3816 734 3891 simplex
763 3819 843 3891 de
865 3816 1036 3891 dorso
1067 3817 1367 3891 agebatur.
1395 3816 1620 3891 »_Re_tro
1679 3817 1946 3891 simplex,
2010 3817 2117 3891 hoc

487 3887 766 3958 est,'olim
800 3889 1046 3958 simplex
1072 3887 1667 3955 agebatur,nimirum
1728 3889 1905 3958 perite
1955 3889 2117 3958 cqui-

375 3981 384 3991 '
489 3963 652 4019 tandi
677 3960 871 4018 studio
893 3958 1433 4034 simplici,_nondum
1457 3965 1791 4034 consecrata
1817 3961 2120 4034 daemoniis
2229 3958 2933 4034 G‘rrmcamder’ivationem
2965 3968 3316 4034 spectemus.
3351 3961 3493 4016 PAM.

486 4035 603 4091 ulla
627 4034 900 4088 ludorum
931 4028 1292 4100 equestrium
1315 4028 1703 4083 solemnitate.
1726 4030 2119 4086 Stultissimus

485 4107 694 4177 aliquis
726 4103 1016 4230 apposuit,
1049 4101 1117 4155 de
1143 4101 1319 4181 dorso,
1352 4117 1482 4154 cum
1518 4102 1597 4181 ita
1619 4100 1765 4155 belle
1797 4102 1908 4156 sibi
1941 4103 2116 4158 inter~

485 4177 700 4230 pretari
729 4177 782 4230 vi
829 4179 1024 4230 eretur
1054 4173 1475 4230 Septimianum
1531 4171 1670 4226 Illud
1701 4181 1866 4228 retro.
1898 4178 1967 4228 At
2024 4176 2116 4230 hic

829 4188 1024 4230 eretur
1054 4188 1503 4243 Septimianumg
1531 4188 1670 4226 Iuno
1701 4188 1866 4228 retro.
1898 4188 1967 4228 At
2024 4188 2117 4230 hic

483 4177 700 4250 pretari
729 4177 782 4232 vi

481 4241 632 4305 certe
662 4247 884 4304 cautior
915 4246 1025 4300 fuit
1065 4241 1362 4298 Isidorus:
1408 4241 1603 4296 «Nam
1657 4260 1749 4299 res
1807 4247 2115 4314 equestris,

479 4321 693 4387 inquit,
726 4325 898 4375 antea
926 4315 1172 4386 simplex
1203 4316 1555 4387 agebalur,»
1584 4314 1709 4370 Rio.

572 4385 660 4463 42)
690 4390 897 4463 Iunoni
918 4387 978 4463 id
1007 4385 1138 4463 opus
1176 4385 1354 4463 suurn.
1390 4385 1554 4463 Legit
1600 4386 1888 4442 Pamclius
1911 4390 2116 4463 primo

475 4455 715 4532 Junoni,
750 4461 846 4517 alii
869 4455 1062 4530 primae
1091 4460 1333 4532 Junoni,
1358 4455 1771 4514 sed—Joannes
1827 4475 1861 4532 a
1907 4455 2111 4515 Wouv.

3023 3675 3240 3748 Pyrois,
3296 3675 3468 3748 Eous,
3515 3673 3869 3748 _{Ethonuet

2227 3744 2503 3816 Phlegon,
2537 3744 2738 3817 etquae
2769 3752 2908 3801 sunt
2939 3744 3092 3818 apud
3115 3747 3478 3816 Fulgentium
3513 3744 3864 3818 Methollib.

2228 3820 2277 3890 1.
2303 3818 2624 3890 ΕῙῪΗΠΙΞΠΒ,
2654 3821 2904 3885 Actteon,
2933 3817 3182 3890 Lampos
3211 3824 3266 3874 et
3323 3818 3655 3889 Philogeus.
3717 3817 3869 3890 Nam

2230 3889 2426 3960 Pyrois
2457 3894 2513 3943 et
2544 3889 2866 3960 Erythrwus
2901 3889 3168 3946 russeum
3199 3889 3375 3944 etiam
3434 3890 3750 3961 signiﬁcat,
3814 3889 3868 3943 si

2295 4033 2406 4101 (45)
2471 4031 2656 4104 Verno.
2706 4033 2843 4087 Cod.
2893 4030 3217 4104 Agdbardi,
3279 4030 3866 4104 Vero.rCassiodorus

2227 4104 2444 4156 Variar.
2483 4103 2604 4167 111,
2636 4104 2740 4159 51ε
2785 4123 2804 4150 ι
2837 4101 3115 4160 Prasibus
3171 4103 3378 4158 virenti
3437 4103 3646 4158 Verno.
3681 4123 3708 4150 »
3733 4101 3866 4157 Rio.

2295 4175 2407 4242 (46)
2433 4175 2622 4228 Thuris
2668 4180 2722 4229 et
2767 4178 3073 4246 sanguinis.
3134 4175 3312 4230 Tibiae
3369 4191 3629 4230 sconam.
3685 4174 3865 4246 Tuba

2225 4245 2295 4298 ad
2327 4246 2545 4318 circum
2581 4243 2966 4316 pertinebant,
2994 4246 3206 4318 pariter
3234 4247 3305 4300 ad
3333 4262 3566 4302 scenam
3600 4243 3866 4317 respicit,

2224 4321 2281 4370 et
2311 4317 2553 4387 sanguis
2583 4317 2720 4372 circi
2754 4317 3058 4373 feritatem.
3093 4319 3170 4373 La
3201 4318 3300 4372 Pa.

2295 4388 2405 4513 (472
2431 4386 2686 4442 Censores
2723 4392 3006 4471 pascentia
3054 4406 3178 4472 cum
3222 4389 3463 4444 maxime
3505 4386 3722 4443 theatra
3767 4386 3864 4441 de-

2295 4474 2370 4513 'ue
2411 4465 2528 4513 ant.
2556 4460 2683 4513 lose
2729 4475 2788 4513 1n
2845 4462 3200 4513 Anoloaetwo.
3251 4477 3377 4513 can.
3431 4460 3502 4513 6:
3535 4479 3564 4511 ι
3615 4459 3864 4513 Theatra

2221 4459 2683 4533 struebanthse
2729 4459 2788 4515 in
2845 4462 3200 4533 Apologetico,
3251 4477 3377 4533 cap.
3431 4460 3502 4533 βε
3535 4479 3564 4511 ι
3615 4459 3868 4533 Theatra

477 4550 544 4588 ex
572 4529 980 4589 ms.'correxit
1019 4531 1241 4598 patrum.
1294 4529 1460 4584 Forte
1516 4533 1710 4584 autem
1766 4530 1904 4600 quia
1959 4532 2112 4588 Juno
2221 4531 2560 4600 stuprandis
2584 4529 2851 4587 moribus
2891 4529 3142 4588 orientia
3178 4529 3375 4586 statim
3422 4529 3802 4587 destruebant
3835 4553 3857 4582 ι

473 4606 704 4676 Argiva.
727 4603 1029 4658 Trochilus
1059 4599 1639 4676 Argivasopusillud
1701 4599 1954 4676 primum
2009 4621 2109 4674 po-

516 4671 667 4730 utari
697 4677 815 4730 deaa
847 4674 1224 4729 concecravit.
1261 4671 1543 4744 Memoria
1569 4673 1764 4727 forsan
1798 4671 2111 4744 lapsus'est

502 4747 756 4828 sidorus,
789 4745 896 4828 qui
919 4745 1039 4828 11th
1065 4760 1185 4828 non
1216 4744 1286 4798 de
1318 4741 1607 4810 Trochilo,
1637 4745 1736 4798 sed
1785 4741 1875 4799 de'
1910 4745 2109 4801 Erich-

470 4817 673 4872 thonio
695 4815 924 4886 accipit.
961 4816 1034 4869 LE
1065 4815 1161 4886 Pa.

541 4890 654 4960 (43)
746 4885 1021 4960 Coloribus
1074 4885 1433 4960 _idololatrize
1483 4886 1838 4960 _ueslierunt.
1877 4885 2109 4942 Colores

541 4891 654 5014 (43)
746 4891 1021 4943 Coloribus
1101 4891 1433 4940 idololatriae
1498 4891 1816 4939 vestierunt.
1877 4891 2104 4942 Colores

470 4957 627 5015 idolo
655 4962 812 5014 atriaa
839 4958 977 5013 dicit
1000 4958 1219 5011 colores
1250 4956 1421 5028 idolis
1464 4957 1707 5010 dicatos.
1741 4959 2104 5028 Agitalorum

2223 4599 2346 4655 ltro.

2217 4673 2636 4743 —Namsacpes
2686 4689 2955 4728 censores.
3002 4670 3412 4728 Tumultuaria
3469 4672 3658 4726 Romae
3720 4671 3862 4727 olim

2221 4743 2400 4799 fuisse
2423 4743 2648 4800 theatra
2677 4746 3072 4800 certissimum
3105 4749 3224 4800 est:
3258 4744 3384 4815 lege
3414 4758 3667 4814 namque
3715 4759 3861 4799 can-

2217 4818 2340 4869 tum
2375 4821 2520 4881 erat,
2553 4831 2622 4869 ne
2655 4823 2934 4887 perpetua
2962 4821 3181 4884 essent,
3215 4823 3445 4886 propter
3475 4830 3704 4869 morum
3738 4831 3863 4887 cor-

2218 4887 2526 4958 ruptelam.
2561 4886 2808 4942 Theatra
2832 4888 3050 4958 quippe
3074 4887 3430 4958 Tertulliano
3464 4890 3663 4958 nostro
3687 4886 3854 4958 _Apo-

2218 4957 2319 5027 log.
2356 4975 2405 5012 c.
2437 4959 2506 5012 6:
2542 4982 2568 5007 «
2594 4956 2950 5029 Stuprandis‘
2974 4956 3235 5014 moribus
3293 4957 3586 5012 orientia»
3643 4956 3856 5012 dicun-

467 5032 750 5087 factiones
781 5036 1030 5101 quatuor
1054 5029 1296 5102 totidem
1342 5027 1631 5082 coloribus
1661 5027 2108 5102 distingueban-
2140 5039 2185 5102 D
2216 5033 2328 5082 tur.
2385 5030 2539 5102 Idem
2600 5027 2752 5100 apud
2828 5031 3204 5085 Athenienses
3249 5031 3619 5102 observatum
3671 5029 3856 5102 fuisse

465 5099 874 5159 turzrufatam
901 5101 1064 5155 Marti
1121 5105 1634 5154 consecraverant:
1693 5099 1945 5155 albatam
2006 5106 2104 5156 Ze-

462 5173 700 5300 phyris;
747 5173 1042 5247 prasinam
1103 5173 1293 5226 Terrae
1351 5171 1560 5225 matri:
1606 5175 1868 5226 venetam
1944 5172 2101 5229 caelo.

513 5263 587 5300 rc.

481 5247 587 5302 11C.

531 5319 642 5389 (44)
671 5319 834 5373 Albus
873 5321 927 5372 el
956 5330 1230 5389 (russeus;
1261 5316 1368 5366 Pro
1419 5327 1514 5389 eo_
1545 5313 1717 5389 quod
1760 5312 1852 5366 hic
1891 5312 2102 5389 ‘etubis

458 5382 660 5460 postea
681 5405 920 5444 russeus
951 5383 1472 5460 legitumgagnaaus
1502 5382 1749 5454 legebat,
1771 5389 1827 5460 et
1855 5382 2101 5460 similis-

456 5455 545 5514 ter
596 5462 873 5526 Isidorus,
933 5455 1140 5514 ros—eus.
1195 5457 1407 5510 Verum
1472 5461 1730 5509 nostram
1791 5455 2096 5509 lectionem

454 5546 650 5604 veram
681 5549 810 5588 esse
843 5536 1000 5604 patet
1026 5528 1109 5604 vel
1141 5545 1207 5582 cx
1239 5526 1331 5604 his
1379 5526 1594 5604 verbis,
1638 5542 1894 5604 russeus“
1922 5527 2100 5604 aestati

455 5605 519 5656 ob
553 5602 692 5657 Solis
724 5595 1156 5659 ruborcmCum
1192 5597 1344 5652 enim
1397 5597 1510 5651 duo
1563 5595 1675 5650 Soli
1729 5597 2097 5652 ascribamur

455 5673 590 5741 equi
646 5693 680 5728 a
737 5674 1004 5739 Martiali,
1060 5671 1324 5724 Xanthus
1391 5671 1448 5722 et
1493 5668 1748 5741 [Ethont
1808 5672 1863 5741 et
1912 5666 2094 5741 ξαγθός

456 5737 647 5796 Graece
674 5747 900 5801 rufeum
935 5737 1222 5816 signiticet
1249 5742 1489 5816 ﬂavum,
1515 5743 1571 5794 et
1625 5737 1869 5816 proinde
1914 5740 2089 5816 etiam

2215 5116 2387 5174 nemo
2419 5101 2712 5174 ambigere
2740 5107 2967 5174 potest;
3018 5107 3324 5174 antequam
3376 5101 3532 5174 enim
3569 5100 3857 5174 _stabilita

2215 5172 2430 5226 fuerint
2459 5168 2846 5228 tumultuaria
2874 5168 3236 5240 dicebantur,
3259 5172 3318 5227 id
3351 5172 3508 5228 enim
3567 5168 3717 5242 ἴκρια
3771 5172 3852 5228 si-

2211 5243 2468 5312 gniﬁcat.
2502 5244 2594 5298 Sic
2629 5262 2641 5300 :

2349 5347 2686 5422 j'Qc't’heuobc
2713 5348 2994 5416 εἷ’σιόντες,
3026 5348 3132 5402 ἀπὸ
3160 5351 3266 5402 τῶν
3297 5346 3481 5422 ἷκρίων
3559 5357 3568 5364 “

2349 5412 2738 5474 Ὑποϐλεπουσ’
2769 5423 2935 5494 ἡμᾶς.

2274 5524 2563 5599 Aristoph.
2597 5526 2654 5582 in
2686 5534 2849 5599 Θεσμ.
2893 5529 2968 5583 La
3000 5527 3098 5582 Pa.

2248 5598 2386 5678 .(48)
2411 5597 2977 5681 Pompeiusﬁlagnus.
3012 5598 3172 5681 ῃυῇξ⁸
3204 5597 3340 5681 ⁸ιοειο
3395 5597 3673 5681 assimilis
3712 5615 3843 5681 om-

2204 5669 2342 5741 nino
2373 5669 2518 5724 alter
2540 5669 2638 5726 ille
2665 5670 2764 5726 lib.
2797 5689 2852 5726 v1
2880 5673 2948 5728 de
2978 5672 3074 5725 alt.
3110 5669 3217 5725 Ubi
3272 5669 3533 5741 loquitur
3591 5672 3660 5725 de
3708 5670 3842 5725 Ale-

2201 5740 2676 5814 itandroMagno,
2708 5747 2764 5799 et
2794 5747 2956 5801 vocat
2987 5742 3178 5814 illum,
3205 5743 3322 5814 sala
3347 5740 3528 5814 gloria
3547 5745 3840 5814 minorem.

453 5826 747 5892 russeum.
784 5809 1326 5890 Eadem'pertinent
1375 5809 1492 5868 fere
1546 5812 1802 5886 quatuor
1855 5811 2093 5872 nomina
2200 5812 2285 5870 En
2335 5811 2442 5870 tibi
2495 5809 2810 5892 Pompeius
2865 5819 2924 5878 et
2967 5809 3293 5877 Alexander
3348 5809 3620 5894 (uterque
3677 5813 3839 5874 enim
