4262 6340
299 339 416 401 717

1657 339 1759 401 DE
1803 337 2358 401 SPECTACULIS.

3597 346 3714 407 718

295 469 741 543 turpitudinum
775 469 1183 535 exstruxisset,
1226 469 1445 525 veritus
1469 470 1953 541 quandoquome-
1985 481 2035 546 Α
2067 469 2137 522 ad
2171 473 2325 524 artes
2370 472 2638 543 pertinet,
2695 474 2870 530 altius
2927 474 3360 546 pris-scripsisse
3405 476 3712 541 debemus,

297 560 494 617 morizn
526 577 646 616 suae
687 558 1013 615 censoriam
1079 558 1670 622 animadversionem,
1708 559 1946 614 Veneris

299 650 481 706 aedem
515 648 915 721 superposuit,
967 652 1024 703 et
1073 648 1143 702 ad
1178 646 1588 703 delicationem
1622 649 1812 703 edicto
1846 664 1946 718 po-

298 739 506 812 pulum
538 755 772 805 vocans,
826 753 940 792 non
983 735 1302 805 theatrum,
1357 738 1458 792 sed
1507 737 1750 792 Veneris
1800 742 1946 791 tem-

301 829 466 902 plum
498 827 889 899 nuncupavit:
923 825 1028 880 Cui
1062 826 1447 895 subiecimus,
1483 825 1694 897 inquit,
1729 826 1946 897 gradus

301 917 770 991 spectaculorum
807 935 820 972 :
854 916 1007 970 043
1033 915 1110 970 ita
1141 916 1486 969 damnatum
1546 921 1602 970 et
1665 916 1948 969 damnan-

299 1009 440 1063 dum
463 1024 612 1079 opus
646 1005 846 1078 templi
887 1004 1057 1060 titulo
1103 1005 1409 1076 praetexuit
1466 1010 1522 1058 et
1575 1003 1943 1075 disciplinam

300 1096 721 1169 superstitione
778 1093 1015 1149 delusit.
1073 1093 1181 1148 Sed
1217 1093 1422 1148 Veneri
1482 1098 1539 1147 et
1571 1093 1774 1148 Libero
1807 1108 1943 1147 eon-

299 1186 477 1241 venit.
508 1191 625 1240 Duo
657 1184 771 1240 ista
829 1182 1111 1239 daemonia
1161 1183 1494 1254 conspirata
1539 1187 1596 1236 et
1643 1183 1947 1253 conjurata

300 1275 458 1331 inter
485 1292 547 1331 se
576 1279 737 1344 sunt,
772 1272 1071 1329 ebrietatis
1103 1275 1159 1328 et
1216 1271 1498 1328 libidinis.
1549 1273 1748 1342 Itaque
1781 1271 1942 1326 thea-

307 1368 465 1419 trum
498 1363 758 1430 Veneris,
795 1361 984 1418 Liberi
1050 1377 1283 1432 quoque
1313 1361 1524 1416 domus
1581 1365 1686 1415 est.
1721 1361 1861 1414 Nam
1891 1363 1946 1415 et

296 1453 443 1508 alios
478 1451 648 1507 ludos
689 1451 955 1506 scenicos
1012 1449 1302 1505 Liberalia
1351 1450 1581 1521 proprie
1635 1450 1942 1514 vocabant,

301 1546 689 1613 praeterquam
729 1541 933 1595 Libero
984 1539 1242 1605 devotos,
1302 1540 1456 1610 quod
1503 1544 1641 1594 sunt
1673 1539 1946 1609 Dionysia

301 1647 477 1702 penes
508 1631 756 1699 Graecos,
788 1629 966 1684 etiam
1019 1645 1051 1681 a
1107 1628 1310 1682 Libero
1369 1627 1688 1684 institutos.
1742 1629 1810 1682 Et
1856 1633 1947 1682 est

303 1719 471 1790 plane
504 1719 560 1774 in
597 1719 823 1774 artibus
854 1731 1088 1788 quoque
1119 1716 1364 1772 scenicis
1400 1717 1585 1770 Liberi
1618 1720 1675 1770 et
1704 1715 1944 1770 Veneris

302 1808 721 1880 patrocinium,
761 1824 888 1879 quae
920 1806 1147 1878 privata
1177 1809 1236 1860 et
1266 1805 1499 1877 propria
1529 1811 1670 1860 sunt

306 1897 376 1952 de
403 1901 572 1968 gestu
607 1904 660 1952 et
693 1895 956 1968 corporis
988 1895 1168 1949 fluxu.
1202 1894 1347 1949 Nam
1400 1893 1708 1950 mollitiam
1738 1894 1948 1949 Veneri

304 1990 358 2042 et
394 1986 604 2042 Libero
637 1984 1025 2042 immolabant
1059 1986 1116 2038 δε
1150 1983 1231 2037 illi
1267 2001 1368 2054 per
1423 2000 1648 2053 sexum,
1710 1983 1791 2037 illi
1852 2000 1954 2054 per

303 2076 530 2131 ﬂuxum
564 2075 583 2109 ⁴
614 2074 888 2131 dissoluti
922 2075 942 2106 ⁵
973 2075 1099 2144 (49).
1142 2076 1275 2138 Quae
1310 2089 1441 2127 vero
1473 2089 1610 2126 voce
1654 2077 1710 2127 et
1760 2073 1951 2128 modis

308 2171 363 2219 et
393 2165 631 2237 organis
687 2169 743 2219 et
799 2163 992 2236 lyris6
1052 2163 1484 2234 transiguntur,
1539 2161 1838 2233 Apollines
1895 2167 1954 2217 et

309 2254 506 2310 Musas
535 2254 649 2326 (50)
681 2258 738 2308 et
796 2253 1086 2309 Minervas
1143 2256 1202 2307 et
1269 2251 1589 2306 Mercurios
1652 2252 1952 2322 mancipes

299 2342 540 2399 habent.
577 2342 801 2412 Oderis,
837 2341 1190 2407 Christiane,
1242 2357 1492 2411 quorum
1527 2346 1798 2394 auctores
1837 2357 1951 2395 non

307 2437 470 2504 potes
503 2449 616 2488 non
649 2432 863 2488 odisse.
895 2432 1026 2486 Jam
1061 2446 1216 2485 nunc
1247 2429 1516 2484 volumus
1549 2445 1862 2500 suggerere
1882 2429 1954 2485 de

304 2521 553 2586 artibus,
586 2527 644 2577 et
672 2522 743 2576 de
775 2519 889 2587 his,
915 2536 1164 2590 quorum
1195 2519 1214 2552 ’¹
1258 2523 1527 2574 auctores
1580 2517 1639 2571 in
1701 2517 1952 2572 nomini-

306 2610 418 2666 bus
445 2627 839 2666 exsecramur.
886 2609 1119 2665 Scimus
1172 2607 1317 2664 nihil
1364 2624 1492 2663 esse
1526 2607 1765 2662 nomina
1795 2624 1954 2662 mor-

309 2702 568 2767 tuorum,
604 2699 760 2754 sicut
801 2714 906 2754 nec
937 2697 958 2731 δ
1002 2697 1130 2769 ipsa
1180 2697 1499 2751 simulacra
1555 2713 1778 2751 eorum.
1844 2697 1953 2751 Sed

309 2802 423 2843 non
456 2788 820 2858 ignoramus,
856 2786 956 2858 qui
988 2788 1098 2842 sub
1124 2787 1254 2841 istis
1285 2785 1622 2840 nominibus
1643 2790 1699 2840 et
1728 2786 1958 2840 institu-

307 2875 383 2931 tis
414 2875 748 2932 simulacris
778 2880 1096 2946 operentur
1119 2879 1173 2930 et
1202 2874 1518 2946 gaudeant,
1567 2879 1623 2927 et
1681 2873 1955 2928 divinita-

308 2969 425 3020 tem
457 2965 835 3034 mentiantur,
879 2979 1136 3034 nequam
1196 2961 1440 3032 spiritus
1499 2961 1720 3016 scilicet
1749 2962 1957 3016 dieme-

303 3069 427 3107 nes.
463 3051 745 3106 Videmus
793 3051 972 3122 igitur
1002 3050 1177 3105 etiam
1211 3054 1367 3104 artes
1399 3065 1598 3103 eorum
1633 3048 1957 3103 honoribus

295 3141 524 3195 dicatas
558 3156 708 3209 esse,
743 3140 844 3210 qui
879 3139 1118 3194 nomina
1176 3137 1442 3192 incolunt
1499 3141 1806 3192 auctorum
1857 3153 1955 3192 ea-

303 3245 436 3283 rum
468 3229 509 3293 “,
535 3246 637 3284 nec
669 3229 742 3284 ab
773 3227 1106 3283 idololatria
1165 3243 1390 3293 vacare,
1424 3242 1674 3296 quarum
1713 3225 1946 3280 institu-
1984 3210 2026 3276 C

304 3324 460 3374 tores
494 3319 538 3353 ¹⁰
559 3320 733 3375 etiam
769 3322 1074 3390 propterea
1125 3316 1206 3371 dii
1260 3315 1570 3370 habentur.
1633 3315 1754 3370 imo
1795 3316 1950 3386 quod

2054 559 2350 614 daemonas
2372 561 2444 615 ab
2477 561 2643 616 initio
2673 563 3095 634 prospicientes
3129 563 3241 617 sibi
3305 564 3454 619 inter
3505 569 3713 620 caetera

2055 645 2395 701 idololatria:
2455 650 2630 704 etiam
2703 651 3172 722 spectaculorum
3234 653 3709 723 inquinamenta,

2057 736 2273 806 quibus
2305 737 2602 792 hominem
2638 756 2671 793 a
2702 739 2815 795 Deo
2868 745 3198 808 avocarent,
3248 747 3305 797 et
3363 759 3468 797 suo
3501 741 3709 798 honori

2056 823 2405 895 obligarent,
2438 827 2728 896 ejusmodi
2762 845 2994 900 quoque
3026 829 3236 884 artium
3264 830 3497 902 ingenia
3520 831 3706 902 inspi-

2057 929 2236 968 rasse.
2268 913 2466 984 Neque
2499 917 2651 970 (δρα
2684 918 2838 970 enim
2875 918 2946 972 ab
2990 917 3122 972 aliis
3153 923 3623 990 prmoccupatum
3657 922 3699 956 “

2057 1001 2287 1066 fuisset,
2320 1003 2474 1072 quod
2509 1005 2576 1058 ad
2616 1005 2745 1060 illos
2778 1011 3194 1078 perventurum
3233 1012 3404 1062 esset.
3456 1008 3571 1062 Nec
3598 1025 3702 1080 per

2055 1089 2199 1145 alios
2233 1094 2372 1145 tunc
2407 1091 2674 1148 homines
2713 1095 3060 1160 edidissent,
3089 1110 3266 1164 quam
3293 1112 3393 1166 per
3423 1095 3604 1166 ipsos,
3638 1097 3697 1152 in

2055 1194 2303 1248 quorum
2336 1180 2674 1237 nominibus
2700 1188 2756 1237 et
2789 1182 3146 1253 imaginibus
3199 1189 3255 1238 et
3299 1184 3559 1240 historiis
3590 1185 3697 1240 fal-

2054 1266 2260 1322 laciam
2294 1271 2751 1328 consecrationis
2773 1272 2883 1327 sibi
2922 1272 3218 1345 negotium
3254 1279 3469 1330 actura:
3501 1276 3545 1310 ¹⁸
3570 1291 3701 1330 con-

2055 1357 2370 1413 stituerant
2403 1360 2466 1413 ³³.

2703 1467 2931 1522 CAPUT
2963 1467 3057 1524 XI.

2126 1579 2195 1633 Ut
2216 1581 2356 1634 ordo
2389 1586 2723 1653 peragatur,
2759 1582 3029 1639 ineamus
3091 1585 3267 1640 etiam
3329 1601 3583 1658 agonum
3624 1604 3702 1643 re-

2054 1673 2388 1724 tractatum.
2420 1671 2593 1741 Origo
2647 1671 2778 1728 istis
2813 1673 2882 1727 de
2939 1672 3213 1728 ludorum
3266 1676 3704 1748 propinquitate

2055 1763 2163 1813 est.
2200 1757 2338 1813 Inde
2366 1765 2423 1814 et
2451 1759 2560 1830 ipsi
2603 1761 2751 1815 sacri
2785 1761 2871 1814 vel
2932 1762 3208 1818 funebres
3262 1763 3541 1836 instituti,
3605 1769 3708 1822 aut

1735 1821 1944 1915 ῗῗῗῗῗζ
1979 1850 2023 1915 Β
2055 1845 2167 1901 diis
2201 1847 2505 1903 nationum
2537 1853 2637 1904 aut
2663 1849 2910 1905 mortuis
2943 1851 3374 1909 fiunt.Proinde
3399 1821 3584 1910 Tituli
3620 1856 3703 1912 ¹⁸ε

2059 1935 2324 2007 Olympia
2352 1937 2478 1992 Jovi
2511 1938 2788 2010 (5|),quze
2813 1945 2950 1994 sunt
2978 1941 3171 1996 Roma:
3194 1941 3519 2013 Capitolina
3549 1943 3705 2016 (52);

2059 2025 2198 2080 item
2233 2025 2463 2081 Herculi
2495 2027 2746 2096 Nemeae,
2785 2029 2826 2063 ¹⁵
2858 2029 3125 2100 Neptuno
3196 2030 3458 2104 Isthmia,
3518 2033 3710 2089 caeteri

2061 2115 2366 2169 mortuarii
2395 2117 2436 2151 ¹⁶
2461 2133 2698 2187 agones.
2733 2117 2881 2182 Quid
2915 2135 3051 2191 ergo
3079 2120 3320 2185 mirum,
3371 2122 3420 2177 si
3460 2138 3711 2194 appara-

2060 2207 2156 2258 tus
2188 2220 2442 2276 agonum
2476 2205 2810 2262 idololatria
2839 2215 3191 2279 conspurcat
3221 2209 3292 2264 de
3323 2211 3550 2266 coronis
3573 2228 3712 2284 pro-

2062 2293 2234 2361 fanis,
2267 2295 2336 2349 de
2368 2295 2832 2351 sacerdotalibus
2865 2297 3236 2368 praesidibus,
3265 2301 3335 2355 de
3359 2301 3712 2374 collegiariis

2063 2381 2372 2454 ministris,
2407 2385 2476 2438 de
2509 2385 2636 2455 ipso
2659 2390 2956 2456 postremo
2977 2387 3150 2442 boum
3177 2389 3468 2461 sanguine
3489 2390 3517 2445 ?
3554 2391 3619 2447 Ut
3639 2393 3712 2448 de

2064 2471 2188 2526 loco
2220 2471 2552 2543 suppleam,
2593 2490 2658 2528 ac
2690 2474 2760 2529 de
2793 2473 2916 2530 loco
2949 2478 3250 2532 communi
3311 2495 3414 2550 pro
3473 2479 3716 2552 collegio

2063 2561 2276 2615 artium
2313 2561 2669 2616 Musicarum
2711 2569 2767 2618 et
2817 2563 3248 2633 Minervalium,
3308 2573 3364 2622 et
3419 2568 3718 2639 Apollina-

2066 2649 2243 2718 rium,
2269 2649 2445 2704 etiam
2479 2651 2856 2717 Martialium,
2891 2669 2992 2724 per
3017 2654 3304 2723 duellum,
3361 2673 3465 2728 per
3495 2658 3718 2729 tubam,

2068 2739 2258 2793 stadio
2291 2737 2508 2793 circum
2544 2739 2898 2796 aemulantur
2929 2743 2992 2810 ‘7,
3026 2744 3181 2813 quod
3205 2744 3408 2816 utique
3441 2745 3716 2818 templum

2068 2832 2178 2894 est,
2211 2831 2268 2881 et
2315 2827 2508 2898 ipsum
2541 2830 2669 2899 ejus
2728 2829 2866 2885 idoli
2925 2833 3096 2902 cujus
3156 2831 3529 2891 solemnitate
3577 2835 3718 2909 agit.

2072 2915 2178 2969 Sed
2216 2920 2271 2970 et
2292 2915 2597 2987 gymnicas
2625 2923 2778 2973 artes
2810 2921 3117 2974 Castorum
3180 2927 3236 2975 et
3290 2922 3606 2980 Herculum
3662 2928 3721 2981 et

2068 3003 2488 3059 Mercuriorum
2522 3005 2840 3076 disciplinae
2880 3008 3286 3079 prodiderunt.

2698 3120 2933 3177 CAPUT
2965 3123 3085 3180 XII.

2139 3225 2416 3296 Superest
2457 3225 2620 3280 illius
2667 3226 3057 3297 insignissimi
3115 3233 3432 3303 spectaculi
3467 3234 3509 3268 ¹⁸
3559 3251 3722 3292 acce-

2064 3314 2320 3387 ptissimi
2356 3316 2676 3386 recognitio
2715 3317 2759 3352 ¹⁹
2790 3317 2924 3389 (53).
2965 3319 3178 3376 Munus
3239 3321 3462 3378 dictum
3522 3329 3614 3380 est
3647 3326 3721 3383 ab

1738 3458 1936 3519 Variae
1968 3457 2286 3520 lectiones.

372 3589 508 3663 {De
532 3590 698 3663 gestu
732 3589 796 3663 et.
817 3584 1075 3663 corporis
1109 3583 1256 3663 flexu
1294 3582 1597 3663 mollitiam
1624 3582 1831 3663 Veneri
1863 3587 1917 3636 et
1949 3579 2531 3663 Libero'immolanlt‘:
2565 3584 2743 3663 Paris.
2779 3583 2849 3663 de
2907 3593 3076 3663 gestu
3136 3594 3192 3663 et
3249 3589 3396 3644 flexu
3459 3591 3718 3663 corporis

304 3654 561 3714 mollitiis
595 3658 833 3713 Veneris
862 3654 934 3712 et
953 3657 1138 3711 Liberi
1167 3655 1488 3730 imgmoilant
1518 3656 1718 3730 Rigalt.
1761 3656 1782 3688 ‘
1811 3655 2034 3730 Luxum
2104 3655 2314 3730 l-Yquzv._
2362 3654 2427 3708 M.
2469 3654 2584 3730 S._5
2636 3654 2952 3730 Dissolutis
3014 3662 3194 3715 Paris.
3257 3667 3378 3730 llt‘g.
3413 3663 3434 3696 °
3481 3654 3715 3721 Litteris

301 3734 490 3787 Paris.
523 3733 649 3786 Jun.
684 3732 702 3764 τ
734 3731 990 3794 Quarum
1022 3730 1149 3782 Jun.
1182 3729 1202 3760 ε
1235 3728 1495 3801 Epignmi?
1527 3729 1737 3801 Earum
1765 3727 2055 3801 (illeslllig.
2093 3726 2140 3801 "0
2174 3724 2642 3801 Institores__J_m_z.
2679 3727 2741 3801 _“
2782 3729 3174 3801 _Brocurrtum
3234 3724 3352 3801 Rz'g'.
3418 3735 3462 3769 ”
3511 3737 3711 3791 Acturi

299 3808 424 3871 lily].
454 3805 496 3839 ¹³
527 3805 967 3856 Constituerunt
1010 3802 1200 3871 Paris._
1231 3800 1274 3834 “
1303 3799 1478 3852 Tituli
1508 3801 1650 3852 abest
1684 3800 1859 3851 Puris.
1898 3799 1937 3831 ¹⁵
1968 3797 2313 3871 Capitolina,
2335 3869 2340 3871 _
2364 3797 2611 3868 Apollini
2677 3797 2897 3871 Pythia,
2950 3801 3180 3856 Herculi
3235 3797 3478 3871 Nemzea,
3499 3809 3628 3862 Jun.
3670 3809 3712 3843 ¹⁶

305 3869 668 3947 Mortuorum
700 3873 863 3941 varii,
898 3875 1052 3947 Pani.
1088 3872 1128 3905 ⁸⁷
1162 3869 1230 3924 Ut
1249 3887 1293 3947 s.
1320 3887 1366 3924 c.
1395 3871 1918 3947 mmulepturSeml.
1957 3870 1997 3902 ¹⁸
2032 3869 2431 3940 lndignissimi
2455 3869 2794 3940 spectaculi,
2828 3872 2926 3926 sed
2958 3874 3086 3928 Jun.
3123 3869 3514 3947 Insignissimi
3538 3879 3704 3934 Seml.

301 3947 344 3980 ¹⁰
376 3946 711 4017 Recognitio
739 3961 956 3999 munus
987 3944 1207 3997 dictum
1239 3943 1367 3997 Jun.
1401 3958 1472 3996 ex
1503 3942 1645 3997 111.3.

1750 4054 2267 4119 Commentarios.

304 4185 499 4269 dictus
540 4188 639 4269 'est
671 4184 934 4256 Magnus)
995 4183 1085 4239 hic
1138 4182 1331 4239 minor
1389 4181 1613 4237 theatro
1668 4199 1794 4251 suo,
1851 4182 1950 4237 ille

307 4257 508 4330 gloria.
538 4257 670 4312 Lac.

378 4329 604 4400 (119)1lli
632 4344 729 4398 per
747 4343 960 4394 sex-um,
998 4327 1088 4382 illi
1114 4341 1212 4400 per
1247 4324 1798 4400 ﬂuxum,gl_lissoluli.
1834 4325 1950 4400 Hoc

306 4397 415 4465 est,
449 4397 652 4455 Veneri
687 4416 786 4470 per
835 4415 1038 4453 sexum
1088 4398 1691 4470 dissolutaa.__l.ibero
1725 4414 1825 4467 per
1871 4397 1955 4450 lu-

307 4489 447 4528 xum
479 4468 787 4528 dissoluto.
814 4471 998 4525 Ambo
1041 4469 1350 4525 dissoluti:
1413 4468 1512 4522 illa
1565 4485 1666 4538 per
1724 4486 1950 4538 sexum,

308 4544 408 4599 ille
441 4560 540 4614 per
572 4543 790 4597 ﬂuxum
850 4542 978 4596 Rm.

2060 4179 2382 4262 celebratos
2406 4180 2659 4262 primum
2685 4181 2870 4262 fuisse
2900 4184 3009 4262 sub
3027 4185 3295 4262 [Esehylo
3317 4186 3519 4257 judice
3540 4189 3713 4246 Athe-

2062 4254 2379 4319 niensium,
2414 4254 2472 4304 in
2509 4254 2697 4319 iisque
2739 4254 3084 4312 Chorcebum
3146 4254 3474 4314 Heliensem
3535 4263 3714 4318 victo-

2064 4340 2183 4378 rem
2217 4322 2534 4378 exstitisse.
2564 4322 2794 4380 Nemsea
2827 4326 2974 4380 fiunt
3005 4329 3062 4383 in
3113 4327 3385 4386 honorem
3439 4331 3710 4388 Herculis

2036 4397 2161 4465 ,qui
2191 4395 2410 4449 leonem
2439 4395 2650 4449 occidit
2680 4398 2737 4451 in
2791 4397 2938 4453 silva
2968 4399 3216 4454 Nemzea.
3277 4402 3521 4458 Isthmia
3567 4405 3711 4460 dicti

2065 4472 2204 4522 sunt
2235 4466 2354 4549 ludi
2378 4466 2656 4549 gymnici,
2691 4468 2788 4549 qui
2815 4474 2984 4549 prius
3034 4471 3090 4525 in
3126 4474 3372 4528 Arcadia
3405 4475 3705 4549 celebrati,

2065 4556 2131 4593 ac
2165 4543 2363 4610 postea
2384 4537 2443 4610 in
2477 4537 3524 4610 Isthmo'Corintbiacomrantautem
3551 4537 3708 4604 sacri

311 4647 380 4657 ——
410 4609 506 4670 Illi
533 4631 633 4686 per
660 4630 895 4686 sextam,
912 4613 1001 4686 illi
1046 4629 1144 4686 per
1171 4614 1407 4686 ﬂuxum,
1450 4610 1956 4686 ‘Suntu‘nimirum
1991 4622 2035 4686 Ι)
2069 4611 2357 4686 Neptuno.
2393 4609 2471 4663 Ls
2497 4609 2611 4686 APn.

314 4680 585 4742 dissoluti
666 4691 724 4741 et
791 4680 1198 4755 διαλελυμένοι.
1258 4682 1537 4754 Apuleius
1613 4681 1800 4755 Milesi
1869 4683 1954 4755 ll.

318 4789 383 4800 --
440 4761 653 4813 lncessu
681 4753 1242 4828 perﬂuo/cmineum
1289 4753 1717 4828 mentiebantur.
1773 4753 1961 4827 Ὑγρὸν

317 4835 406 4886 est
439 4826 860 4902 βάδισμαίξιρυά
892 4826 1067 4902 Clem.
1105 4827 1493 4902 Alexa_u(_i._LE
1525 4826 1624 4881 PR.

387 4897 498 4973 (50)
559 4897 837 4972 Apollines
894 4906 946 4973 et
991 4901 1185 4953 Musas.
1249 4897 1345 4952 Vel
1398 4897 1541 4973 hinc
1578 4899 1964 4973 confirmatur

319 4968 650 5044 prazcedens
675 4973 862 5044 lectio,
901 4971 1095 5040 Lyris;
1128 4986 1281 5044 nam,
1315 4974 1368 5044 et
1405 4969 1688 5044 Apollinis
1721 4968 1961 5044 simula-

321 5041 416 5100 cro
447 5045 571 5114 lyra
596 5043 1041 5114 adjungebatur,
1075 5045 1133 5096 et
1178 5041 1362 5096 Musis
1384 5113 1394 5114 ί
1417 5041 1800 5114 ᾑνὶὴυοὺθὶυιῄ
1844 5041 1965 5112 lyra

324 5112 732 5188 septi‘chordis,
765 5112 1262 5188 quemadmodum
1295 5117 1351 5188 et
1382 5113 1600 5188 Musica
1634 5114 1704 5168 ab
1753 5112 1836 5167 eis
1888 5115 1966 5166 ita

321 5185 750 5258 cognominata,
785 5185 960 5256 atque
991 5187 1134 5240 adeo
1175 5187 1367 5240 omnis
1399 5185 1650 5258 generis,
1681 5191 1735 5238 et
1759 5201 1964 5239 vocum

326 5255 620 5341 modi,_et
684 5255 1401 5341 organatz‘itinstrument‘a
1462 5255 1707 5341 reliqua.
1757 5259 1969 5341 ‘Recte

324 5327 499 5388 etiam
532 5327 806 5386 Minervis
836 5335 892 5384 et
936 5329 1241 5383 Mercuriis
1273 5329 1471 5383 eadem
1507 5327 1867 5389 tribuuntur,
1903 5343 1968 5380 eo

369 5405 478 5459 und
538 5403 754 5458 artium
832 5401 1096 5455 omnium
1161 5401 1243 5454 illi
1307 5404 1576 5459 parentes
1638 5400 1966 5452 tradantur.

328 5469 502 5603 glura
529 5476 658 5531 vide
685 5474 838 5546 apud
871 5473 1075 5542 Georg.
1110 5469 1430 5544 Gyraldum
1447 5471 1516 5526 de
1539 5471 1652 5525 diis
1684 5469 1968 5541 gentium.

373 5566 474 5603 AM.

373 5566 474 5603 AM.

401 5617 514 5690 (5t)
560 5617 842 5690 Olympia
879 5614 1020 5690 levi.
1085 5614 1432 5690 Quanquam
1492 5611 1790 5690 nonnullis
1858 5611 1973 5669 otio

331 5684 506 5746 abuti
521 5684 812 5749 videatur.
844 5685 891 5740 si
927 5687 1210 5740 horumce
1239 5684 1515 5740 ludorum
1569 5684 1856 5749 originem
1889 5700 1973 5740 re-

334 5766 705 5840 peteremus;
738 5763 926 5818 dicam
961 5763 1156 5816 tamen
1189 5757 1397 5830 obiter,
1433 5757 1602 5815 ludos
1643 5756 1975 5834 Olympicos

2141 4683 2248 4756 (52)
2282 4683 2462 4756 Romae
2485 4680 3091 4756 ϐαρίιριίηαεξίροιιὶηἱ
3119 4686 3408 4756 Pythio.In
3440 4689 3717 4746 omnibus

2071 4751 2244 4828 libris
2272 4752 2550 4828 scribitur
2577 4769 2588 4807 :
2625 4751 2956 4828 Capitolina,
2989 4757 3118 4810 item
3149 4751 3368 4813 Herculi
3401 4764 3652 4828 Nemeen,
3689 4783 3718 4813 ι)

2072 4833 2177 4880 etc.
2218 4824 2494 4906 Itestituit
2523 4824 2756 4906 iunius,
2794 4825 3175 4898 interponens
3203 4830 3449 4906 Apollini
3491 4824 3717 4906 Pythia,

2073 4913 2195 4976 qum
2227 4897 2487 4950 deerant.
2521 4899 2664 4976 Nam
2699 4913 2895 4976 cure;
2948 4897 3202 4969 quatuor
3235 4897 3416 4976 A—ludis
3448 4897 3725 4976 principi-

2077 4970 2186 5042 bus
2231 4983 2414 5042 unum
2472 4967 2810 5042 omitteret?
2862 4967 3062 5042 Itaque
3118 4973 3396 5029 credibile
3449 4967 3541 5032 est
3598 4967 3720 5032 haec

2073 5039 2246 5117 verba
2271 5039 2480 5117 abrasa
2537 5039 2610 5117 ab
2667 5039 3380 5117 inscientibus“librariis,
3443 5048 3717 5117 quicum

2079 5129 2191 5165 non
2225 5111 2638 5181 intelligerent,
2669 5127 2786 5180 qua
2822 5119 3016 5169 mente
3045 5111 3720 5174 Tertullinus-dixisset

2080 5184 2410 5258 Capitolino,
2499 5183 2839 5258 deleverunt
2904 5188 3168 5256 Apollini.
3230 5193 3502 5258 putantes
3553 5207 3721 5245 sacra

2079 5254 2378 5328 Apollinea
2413 5271 2538 5306 esse
2571 5255 2772 5328 eadem
2802 5272 2927 5325 qua}
2948 5254 3306 5328 Capitolina,
3344 5260 3474 5314 LAC.

2150 5327 2262 5402 (53)
2295 5326 2550 5402 Superest
2582 5325 2734 5402 illius
2752 5325 3121 5394 insignissihn'
3139 5333 3433 5398 spectaculi
3456 5333 3721 5402 acceptis-

2077 5399 2208 5474 simi
2238 5396 2717 5474 recogniliOLl—Imc
2750 5402 3108 5474 omninoest
3156 5396 3380 5474 antiqui
3427 5396 3718 5474 exempla-

2082 5470 2163 5545 ris
2195 5469 2515 5545 scriptura.
2542 5467 2915 5545 Dicturusgde
2957 5471 3131 5533 circo,
3191 5467 3312 5525 boot
3347 5479 3454 5539 est,
3504 5475 3574 5530 de
3603 5467 3722 5545 gla-

2083 5541 2410 5617 diatoribus
2469 5539 2959 5617 et.a_gita_t_oribus
3016 5558 3300 5617 equorum
3346 5560 3359 5598 :
3421 5539 3720 5617 Superﬁst,

2083 5607 2835 5684 inquit,irecognitioillius
2875 5607 3212 5684 spectaculi,
3267 5617 3423 5684 quod
3472 5607 3598 5673 esse
3629 5607 3725 5673 ac;

2087 5681 2493 5758 ceptissimum
2527 5681 2672 5758 solet
2718 5681 3089 5758 vi_ris_r'etiam
3149 5681 3592 5758 inisig—nissimis.
3639 5693 3724 5746 An

2085 5754 2220 5814 vero
2254 5757 2337 5814 sic
2359 5754 2744 5812 emendamus
2765 5754 2837 5811 ‘I«
2865 5754 3316 5832 Superestilliu's
3339 5760 3734 5841 insignissimi
