4262 6350
349 435 460 495 ’121

1714 438 1815 496 DE
1861 436 2411 499 SPECTACULIS.

3655 426 3771 486 722

342 569 571 641 species
606 570 695 639 (ut
725 570 953 639 putant)
986 568 1254 624 deorum.
1290 570 1599 640 Propterea
1631 570 1832 641 igitur,
1866 588 2011 642 quo-
2042 576 2096 641 Α
2126 575 2326 625 contra
2354 570 2452 623 Dei
2485 570 2552 636 ³³,
2585 584 2790 623 omnes
2822 568 3083 621 feramus
3115 564 3245 633 (65).
3292 562 3448 618 Deus
3499 557 3774 632 praecepit

344 658 503 712 niam
540 661 788 727 utraque
817 656 1109 713 idolorum
1141 659 1495 713 conditionis
1520 660 1695 714 unius
1715 664 1823 725 est,
1858 660 1999 713 dum

343 746 559 802 mortui
590 752 646 801 et
676 747 754 801 dii
794 764 976 802 unum
1002 753 1160 818 sunt,
1186 752 1434 819 utraque
1463 748 1790 803 idololatria
1821 748 2000 803 absti-

346 850 576 905 nemus,
610 851 716 891 nec
748 837 949 891 minus
983 836 1220 908 templa,
1255 855 1432 908 quam
1466 841 1848 893 monumenta
1900 839 2000 893 de-

344 925 656 997 spuimus:
694 929 962 980 neutram
990 943 1151 981 aram
1195 926 1465 982 novimus
1509 928 1619 997 (62)
1666 929 1801 998 (Act.
1853 945 1943 994 xx,
1982 928 1997 981 Ι

350 1013 471 1068 Cor.
500 1014 579 1084 x),
614 1019 883 1069 neutram
916 1015 1166 1086 efﬁgiem
1203 1016 1556 1071 adoramus:
1614 1033 1724 1070 non
1778 1016 1999 1070 sacriﬁ-

349 1118 577 1173 camus,
612 1120 727 1158 non
762 1108 1165 1175 parentamus,
1199 1106 1297 1159 sed
1334 1122 1525 1177 neque
1556 1107 1626 1161 de
1675 1106 2000 1160 sacriﬁcate

348 1202 406 1251 et
438 1200 743 1266 parentato
775 1196 1029 1263 edimus,
1065 1196 1204 1268 quia
1252 1213 1365 1251 non
1407 1214 1718 1268 possumus
1777 1212 1999 1250 cuinam

350 1287 446 1340 Dei
481 1286 672 1349 edere,
706 1289 761 1339 et
791 1301 1013 1340 omnem
1045 1286 1489 1341 daamoniorum.
1523 1287 1578 1342 Si
1612 1303 1747 1357 ergo
1802 1284 1999 1356 gulam

347 1378 403 1428 et
437 1379 703 1429 ventrem
755 1376 828 1429 ab
880 1374 1347 1446 inquinamentis
1394 1375 1731 1439 liberamus,
1782 1380 1999 1446 quanto

348 1461 537 1533 magis
571 1463 913 1534 augustiora
937 1469 1159 1529 nostra,
1183 1464 1383 1519 oculos
1406 1470 1461 1519 et
1482 1480 1673 1532 aures,
1713 1464 1785 1517 ab
1817 1462 1998 1517 idolo-

348 1550 529 1622 thytis
561 1557 617 1607 et
650 1551 1012 1624 necrothytis
1044 1552 1442 1624 voluptatibus
1466 1552 1851 1621 abstinemus,
1873 1569 1996 1622 quis

349 1656 465 1695 non
494 1640 787 1696 intestinis
816 1642 1242 1713 transiguntur,
1278 1644 1376 1697 sed
1413 1643 1468 1696 in
1504 1642 1629 1713 ipso
1684 1640 1893 1712 spiritu
1942 1644 1999 1695 et

348 1728 546 1784 anima
604 1729 994 1801 digeruntur:
1045 1747 1293 1801 quorum
1346 1731 1639 1786 munditia
1688 1728 1875 1801 magis
1924 1730 1993 1783 ad

348 1818 533 1875 Deum
565 1819 834 1890 pertinet,
864 1836 1040 1889 quam
1073 1820 1507 1875 intestinorum.

879 1963 1025 2017 647
1065 1961 1294 2019 CAPUT
1330 1962 1473 2018 XIV.

421 2090 588 2141 Nunc
633 2086 978 2157 interposito
1040 2086 1278 2141 nomine
1328 2087 1609 2142 idolatria:
1670 2089 1780 2159 (63)
1840 2087 1994 2158 quod

345 2176 536 2233 solum
569 2175 901 2245 subjectum
932 2176 1200 2231 sufﬁcere
1231 2178 1401 2231 debet
1448 2178 1517 2232 ad
1568 2178 1995 2233 abdicationem

2111 660 2390 731 Spiritum
2426 663 2693 713 sanctum
2727 658 2863 726 (66),
2900 660 3095 725 utpote
3130 670 3230 725 pro
3266 656 3490 705 naturas
3521 666 3639 703 sua:
3663 648 3768 701 bo-

2113 767 2185 803 no
2222 755 2483 802 tenerum
2516 750 2572 807 et
2604 745 2915 800 delicatum
2955 742 3170 815 (Ep/tes.
3210 740 3311 810 1v),
3342 735 3771 808 tranquillitate

2110 842 2167 893 et
2196 840 2385 908 quiete
2415 840 2470 890 et
2512 852 2651 907 pace
2703 838 2973 901 tractare,
3027 848 3139 885 non
3193 830 3407 897 furore,
3459 842 3575 880 non
3623 824 3762 893 bile,

2112 945 2225 983 non
2254 928 2358 987 ira,
2380 943 2492 980 non
2518 925 2714 979 dolore
2740 922 3092 993 inquietare.
3118 918 3265 973 Huic
3302 915 3594 987 quomodo
3626 929 3759 967 cum

2109 1016 2458 1087 spectaculis
2494 1016 2703 1085 poterit
2735 1011 3041 1067 convenire
3064 1010 3089 1062 ?
3124 1008 3308 1063 Omne
3342 1005 3499 1060 enim
3525 1007 3760 1075 specta»

2110 1106 2307 1161 culum
2338 1105 2462 1159 sine
2485 1105 2866 1158 concussione
2892 1099 3138 1171 spiritus
3162 1114 3276 1151 non
3300 1100 3408 1150 est.
3444 1092 3551 1149 Ubi
3600 1091 3755 1146 enim

2109 1194 2399 1265 voluptas,
2429 1193 2579 1247 ibiet
2603 1191 2889 1255 studium,
2922 1205 3022 1260 per
3044 1187 3195 1257 quod
3231 1184 3453 1239 scilicet
3489 1180 3757 1252 voluptas

2110 1286 2283 1357 sapit.
2320 1284 2422 1339 Ubi
2448 1283 2735 1351 studium,
2762 1287 2817 1335 et
2839 1278 3151 1347 aemulatio,
3178 1292 3278 1348 per
3297 1290 3469 1345 quam
3494 1270 3755 1327 studium

2110 1376 2281 1446 sapit,
2315 1380 2487 1427 Porro
2512 1378 2567 1427 et
2590 1372 2687 1426 ubi
2713 1369 3029 1435 aemulatio,
3058 1367 3135 1421 ibi
3165 1372 3221 1420 et
3246 1366 3405 1419 furor
3442 1366 3498 1417 et
3537 1359 3672 1416 bilis
3701 1363 3759 1414 et

2106 1464 2195 1519 ira
2214 1470 2269 1519 et
2290 1464 2453 1518 dolor
2476 1464 2609 1532 (67),
2632 1466 2689 1515 et
2736 1464 2943 1514 caitera
2973 1475 3040 1512 ex
3071 1456 3161 1511 his
3185 1472 3308 1525 quze
3350 1469 3484 1507 cum
3517 1450 3608 1505 his
3641 1464 3754 1504 non

2108 1557 2451 1623 competunt
2482 1549 2823 1620 disciplinas.
2854 1547 3005 1601 648
3034 1546 3176 1599 Nam
3211 1545 3317 1598 etsi
3353 1542 3450 1613 qui
3492 1540 3756 1594 modeste

2106 1646 2163 1697 et
2210 1643 2386 1714 probe
2442 1637 2794 1712 spectaculis
2854 1636 3088 1704 fruitur,
3151 1650 3253 1705 pro
3306 1628 3608 1701 dignitatis
3666 1625 3753 1682 vel

2104 1732 2312 1801 aetatis,
2345 1731 2428 1786 vel
2460 1729 2634 1785 etiam
2672 1733 2891 1783 natura:
2924 1742 3044 1781 sua:
3075 1720 3409 1778 conditione
3437 1736 3449 1773 :
3484 1735 3600 1775 non
3658 1721 3754 1771 ta-

2104 1838 2237 1877 men
2270 1819 2589 1875 immobilis
2619 1817 2800 1873 animi
2833 1821 2922 1870 est
2944 1818 2990 1849 3‘
3009 1814 3135 1870 sine
3158 1811 3331 1867 tacita
3351 1808 3594 1881 spiritus
3617 1824 3752 1879 pas-

2104 1910 2288 1965 sione.
2335 1910 2516 1965 Nemo
2574 1909 2645 1962 ad
2706 1906 3065 1977 voluptatem
3124 1900 3281 1957 venit
3330 1900 3457 1955 sine
3515 1897 3749 1964 ali'ectu,

2106 2016 2276 2054 nemo
2334 2000 2607 2054 aﬁectum
2668 1998 2796 2052 sine
2854 1992 3090 2049 casibus
3149 1989 3271 2047 suis
3330 1988 3572 2061 patitur.
3636 1986 3751 2058 Ipsi

2104 2105 2279 2143 casus
2338 2087 2720 2143 incitamenta
2796 2088 2934 2139 sunt
3007 2082 3271 2137 aii'ectns.
3346 2081 3626 2132 Caeterum
3703 2074 3752 2130 si

2104 2182 2296 2233 cessat
2325 2179 2587 2241 affectus,
2646 2174 2805 2229 nulla
2870 2160 2958 2228 est
3012 2170 3300 2242 voluptas,
3360 2172 3417 2222 et
3471 2171 3561 2221 est
3618 2181 3752 2220 rcus

348 2264 843 2337 spectaculorum,
891 2264 1003 2320 alia
1051 2266 1176 2336 jam
1247 2265 1467 2321 ratione
1534 2271 1856 2321 tractemus
1928 2282 1996 2320 ex
2095 2267 2221 2337 jam
2252 2266 2347 2320 ille
2378 2265 2651 2320 vanitatis
2680 2280 2745 2319 eo
2777 2260 3149 2327 conveniens,
3202 2257 3301 2312 ubi
3352 2254 3498 2309 nihil
3549 2269 3749 2308 conse-

348 2354 672 2410 abundanti
704 2370 716 2407 :
754 2358 992 2425 propter
1012 2371 1111 2409 eos
1134 2356 1385 2409 maxime
1408 2356 1504 2426 qui
1530 2355 1639 2411 sibi
1681 2355 1995 2410 blandiun-

348 2448 463 2510 tur,
488 2445 639 2514 quod
678 2460 791 2497 non
819 2443 1164 2498 nominatim
1199 2444 1570 2511 abstinentia,
1595 2445 1705 2501 ista
1732 2445 1996 2516 praescri-

348 2537 468 2605 pta,
500 2532 601 2599 sit,
633 2532 800 2602 quasi
833 2548 1039 2603 parum
1072 2534 1249 2587 etiam
1295 2534 1364 2587 de
1413 2534 1761 2604 spectaculis
1792 2535 1834 2568 ’⁷
1867 2552 1995 2605 pro-

351 2621 657 2676 nuntietur
720 2622 761 2687 ⁸,
798 2638 931 2675 cum
965 2621 1450 2693 concupiscentia}
1482 2624 1679 2679 saeculi
1714 2625 2001 2679 damnan-

351 2716 462 2765 tur.
491 2710 635 2765 Nam
657 2710 811 2764 sicut
840 2710 1120 2781 pecuniis,
1145 2711 1232 2765 vel
1263 2711 1588 2783 dignitatis,
1612 2712 1696 2767 vel
1722 2713 1892 2785 gulae,
1916 2706 2000 2769 vel

351 2798 636 2865 libidinis,
662 2796 749 2852 vel
772 2798 998 2869 gloriae;
1024 2802 1104 2854 ita
1126 2804 1182 2854 et
1201 2799 1515 2870 voluptatis
1533 2803 2007 2873 concupiscentia

350 2894 464 2943 est:
491 2888 717 2959 species
740 2894 935 2942 autem
958 2887 1272 2959 voluptatis
1294 2889 1467 2943 etiam
1492 2892 1841 2961 spectacula.
1866 2893 2002 2964 Opi-

356 2994 464 3034 nor
493 2976 847 3048 generaliter
877 2977 1189 3032 nominataa
1231 2979 1277 3012 ²⁹
1306 2980 1791 3049 concupiscentiae
1823 2983 2004 3036 conti-

350 3071 487 3121 nent
520 3067 577 3119 in
612 3081 672 3120 se
704 3070 761 3119 et
789 3063 1115 3136 voluptates
1148 3082 1309 3137 aeque
1340 3067 2005 3138 generaliterintellectm

346 3154 678 3225 voluptates
708 3152 1041 3225 specialiter
1064 3158 1122 3209 et
1153 3155 1210 3209 in
1244 3155 1581 3226 spectacula
1613 3156 2003 3213 disseruntur.

347 3243 626 3298 Caeterum
663 3242 973 3298 retulimus
1003 3259 1182 3315 supra
1213 3244 1283 3299 de
1332 3242 1593 3299 locorum
1648 3246 2001 3316 conditione,

2105 2356 2325 2426 quitur.
2376 2356 2520 2409 Puto
2565 2358 2781 2418 autem,
2833 2352 3010 2406 etiam
3061 2347 3287 2403 vanitas
3330 2348 3606 2399 extranea
3663 2344 3753 2396 est

2105 2446 2295 2500 nobis.
2330 2444 2473 2508 Quid
2509 2443 2664 2514 quod
2696 2446 2752 2497 et
2784 2442 2907 2513 ipse
2938 2455 3001 2494 se
3022 2437 3251 2509 judicat
3281 2436 3430 2488 inter
3458 2449 3555 2487 eos
3589 2430 3747 2502 posi-

2107 2538 2225 2603 tus,
2262 2550 2509 2605 quorum
2544 2550 2600 2587 se
2631 2530 2882 2587 similem
2936 2528 3139 2583 nolens
3189 2525 3390 2595 utique
3440 2523 3751 2576 detestato-

2109 2640 2229 2677 rem
2265 2621 2608 2678 conﬁtetur?
2638 2620 2814 2676 Nobis
2845 2618 2988 2673 satis
3021 2632 3137 2671 non
3177 2618 3285 2681 est,
3336 2613 3384 2666 si
3435 2610 3547 2681 ipsi
3601 2608 3747 2663 nihil

2108 2712 2225 2767 tale
2258 2712 2564 2778 faciamus,
2597 2710 2713 2765 nisi
2743 2714 2798 2764 et
2829 2708 2965 2762 talia
3006 2704 3351 2760 facientibus
3400 2717 3514 2754 non
3560 2698 3752 2753 confe-

2112 2819 2334 2857 ramur.
2367 2800 2424 2855 Si
2445 2802 2651 2870 furem,
2677 2798 2868 2870 inquit
2911 2794 3089 2867 (Psal.
3125 2793 3297 2863 xux),
3331 2790 3589 2856 videbas,
3622 2804 3757 2843 con-

2114 2892 2393 2948 currebas
2424 2907 2555 2944 cum
2584 2906 2670 2943 eo.
2706 2888 2937 2942 Utinam
2975 2902 3043 2939 ne
3076 2884 3133 2937 in
3167 2880 3378 2937 szeculo
3412 2878 3650 2949 quidem
3683 2876 3761 2931 si-

2116 2980 2237 3035 mul
2270 2996 2404 3034 cum
2438 2979 2553 3033 illis
2587 2992 2986 3032 moraremur:
3022 2974 3121 3028 sed
3157 2977 3351 3026 tamen
3384 2969 3441 3022 in
3467 2965 3762 3022 saeculari-

2116 3073 2226 3127 bus
2259 3085 2620 3143 separamur,
2674 3067 2774 3139 qui
2825 3064 3102 3122 sweulum
3158 3062 3255 3117 Dei
3302 3064 3410 3129 est,
3461 3055 3766 3114 saecularia

2116 3165 2311 3216 autem
2347 3158 2578 3213 diaboli.

2733 3244 2965 3299 CAPUT
3004 3242 3145 3297 XVI.

348 3334 501 3404 quod
537 3349 650 3387 non
684 3348 787 3404 per
811 3332 1131 3406 semetipsa
1164 3350 1269 3389 nos
1302 3333 1629 3405 inquinent,
1662 3338 1761 3392 sed
1796 3353 1899 3408 per
1935 3354 2003 3393 ea
2033 3320 2075 3387 C
2186 3338 2330 3394 Cum
2375 3353 2510 3409 ergo
2562 3336 2722 3390 furor
2751 3334 2794 3368 ⁸⁵
2827 3330 3195 3387 interdicitur
3240 3327 3432 3395 nobis,
3484 3325 3553 3381 ab
3603 3324 3764 3380 omni

353 3439 481 3494 quas
513 3422 631 3477 illic
663 3426 967 3494 geruntur,
1002 3439 1104 3494 per
1134 3440 1259 3495 quea
1291 3423 1467 3479 simul
1493 3424 2000 3497 inquinamentum

355 3511 766 3581 combiberint,
801 3516 940 3568 tunc
971 3517 1028 3568 et
1055 3512 1114 3567 in
1147 3512 1362 3569 alteros
1391 3514 1436 3549 ⁸ο
1466 3521 1754 3587 respuunt
1780 3516 1914 3588 (64).

988 3655 1219 3712 CAPUT
1247 3657 1363 3712 XV.

428 3779 651 3835 Viderit
680 3796 837 3850 ergo,
872 3783 936 3835 ut
965 3779 1222 3836 diximus
1278 3782 1346 3851 εί,
1400 3780 1743 3854 principalis
1793 3784 2003 3841 titulus

345 3866 689 3923 idololatriae
721 3869 787 3934 ³³,
823 3867 1080 3940 reliquas
1131 3870 1392 3941 ipsarum
1445 3887 1641 3925 rerum
1693 3872 2003 3943 qualitates

2114 3427 2447 3501 spectaculo
2495 3425 2834 3491 auferimur,
2887 3422 3061 3477 etiam
3096 3438 3129 3475 a
3158 3418 3331 3486 circo,
3383 3416 3482 3472 ubi
3533 3413 3766 3487 proprie

2118 3518 2279 3573 furor
2310 3517 2601 3589 praesidet.
2634 3514 2841 3586 Aspice
2871 3510 3150 3584 populum
3185 3509 3253 3564 ad
3286 3508 3329 3542 ³⁸
3360 3504 3763 3578 spectaculum

2108 3609 2233 3680 jam
2259 3624 2390 3662 cum
2415 3608 2608 3661 furore
2635 3601 3127 3671 venientem,jam
3154 3596 3611 3661 tumultuosum,
3639 3594 3761 3664 jam

2117 3714 2358 3765 caecum,
2390 3699 2514 3767 jam
2547 3698 2615 3750 de
2649 3692 3068 3765 sponsionibus
3117 3687 3495 3744 concitatum.
3536 3684 3762 3740 Tardus

2116 3792 2202 3844 est
2224 3786 2306 3841 illi
2328 3788 2565 3854 Praetor,
2590 3800 2824 3854 semper
2844 3778 2998 3836 oculi
3021 3779 3079 3833 in
3108 3795 3253 3833 urna
3276 3777 3405 3846 ejus
3428 3791 3561 3829 cum
3593 3772 3765 3829 sorti-

2113 3878 2224 3931 bus
2254 3875 2610 3930 volutantur.
2649 3871 2863 3927 Dehinc
2896 3870 2967 3924 ad
2999 3868 3234 3940 signum
3288 3864 3442 3920 anxii
3484 3862 3759 3933 pendent,

1790 4010 1992 4070 Varia:
2025 4011 2321 4073 lectiones

418 4127 470 4204 "_
492 4126 573 4204 De
604 4126 825 4204 litteris
846 4127 1032 4204 Paris.
1089 4130 1157 4204 Α²⁸
1184 4130 1639 4186 Pronuntiemus
1674 4134 1799 4204 Dig.

1877 4135 1923 4169 ²⁹
1951 4135 2199 4190 Nomina
2230 4136 2442 4191 Pamet.

2521 4136 2564 4167 ³ο
2596 4132 2663 4185 Et
2696 4137 2833 4185 tunc
2864 4127 3042 4183 altero
3074 4126 3195 4193 Rig.
3273 4122 3311 4156 ³¹
3338 4121 3440 4176 Hic
3462 4119 3571 4175 erit
3591 4136 3750 4190 ergo,

349 4197 495 4279 ξμρρ
528 4200 655 4279 luit.
693 4200 777 4279 κθ*
810 4200 1141 4255 ldololatria
1172 4204 1293 4271 ltig.
1370 4204 1414 4237 ³³
1443 4194 1765 4261 Contrariis
1788 4222 1991 4262 omnes
2022 4210 2251 4279 Franeq.
2328 4207 2373 4241 ³⁸
2404 4204 2695 4260 [inmobili
2730 4201 2923 4258 animo
2950 4204 3039 4253 est
3067 4199 3193 4253 Jun.
3270 4196 3313 4228 ³⁵
3349 4195 3558 4248 Furore
3613 4194 3741 4248 Jun.

348 4269 393 4303 ³⁸
426 4268 490 4324 Id
521 4270 647 4326 add.
681 4272 847 4328 Fran.

1801 4386 2323 4447 Commentarius.

419 4504 815 4582 (62)_Neutram
859 4524 1017 4582 {iram
1045 4511 1321 4564 novimus.
1372 4510 1431 4563 In
1482 4510 1719 4582 templis
1771 4514 1995 4568 Grmco-

348 4591 479 4629 rum
508 4576 621 4651 duo
645 4579 1053 4651 erantaltaria.
1079 4582 1323 4636 alterum
1354 4582 1566 4651 majus,
1595 4576 1841 4639 alterum
1885 4586 1991 4639 mi-

351 4663 463 4727 nus
484 4663 496 4699 ε
520 4648 749 4727 i_llud_in
774 4654 964 4706 medio
988 4654 1178 4727 situm
1220 4652 1377 4727 ἀγαίᾳ
1406 4648 1641 4727 τρἀὲζα
1674 4656 1994 4720 dicebatur.

348 4718 457 4800 hoc
481 4722 549 4774 ad
571 4720 871 4800 sinistram
885 4718 1162 4800 npdosmc,
1184 4718 1619 4800 appellabatur,
1666 4734 1729 4782 ut
1758 4718 1995 4800 scripsit

2103 4517 2194 4569 est
2223 4522 2411 4568 contra
2439 4527 2657 4582 ponere,
2694 4523 3004 4580 opponere,
3039 4518 3407 4573 componere,
3433 4498 3752 4565 comittere,

2106 4585 2384 4639 conferre.
2421 4585 2543 4638 lim.

2177 4659 2288 4723 (66)
2349 4657 2484 4710 Deus
2534 4654 2785 4724 praerrpit
2836 4650 3106 4724 Spiritum
3174 4653 3446 4724 siparium.
3520 4641 3748 4724 Alludit

2105 4717 2468 4782 liaud'dubie
2503 4717 2571 4780 ad
2620 4717 2761 4779 illud
2806 4717 3015 4789 Ephes.
3064 4734 3150 4773 iv:
3199 4718 3372 4771 Nolite
3428 4717 3755 4789 contristare

347 4790 608 4870 Simeon,
642 4787 1726 4870 archiepiseOpus"l‘hessaloniceiisis,
1774 4787 1892 4856 lib:
1933 4802 1998 4856 de
2031 4789 2073 4852 Β
2106 4800 2375 4870 Spiritum
2405 4809 2650 4853 sanctum
2686 4799 2799 4859 Dei,
2834 4787 2892 4870 in
2923 4808 3025 4870 quo
3054 4790 3259 4870 signati
3287 4787 3623 4870 estisinndie
3661 4803 3746 4870 re-

353 4862 559 4939 Teinpl.
591 4866 797 4920 δασεῖ-(1.
830 4862 1092 4939 ἐιτηῃὲια.
1122 4869 1252 4923 ωε.

416 4935 527 5010 (63)
563 4939 726 5010 Nunc;
749 4935 1067 5010 interposito
1099 4943 1320 4995 nomine
1352 4940 1704 4997 idololatriae.
1743 4944 1859 4999 Iloc
1913 4950 2001 4999 est

349 5007 955 5132 ﬁOIﬂitttBidOlOlﬂtt‘ltﬁ
1003 5012 1292 5084 tantisper
1344 5014 1586 5078 omisso,
1639 5015 1997 5072 intermisso.

401 5094 477 5132 ια.

401 5094 477 5132 IG.

422 5150 532 5227 (64)
572 5152 902 5227 Τανη-ηιίθνο
935 5161 1216 5226 respuunt.
1262 5156 1387 5210 Rio.
1441 5156 1629 5211 Codex
1675 5158 1995 5227 Agobardi:

355 5239 376 5299 ir
406 5222 471 5275 Et
505 5228 626 5277 tum
664 5222 844 5299 altero
873 5222 1203 5299 respuunt»
1230 5229 1242 5283 l
1282 5229 1462 5283 Altero
1494 5228 1637 5283 dixit
1660 5222 2001 5285 adverbiali-

347 5294 456 5369 ter,
490 5294 987 5369 quemadmodum
1020 5301 1139 5353 Alio
1171 5304 1226 5352 et
1258 5300 1367 5353 sub
1403 5300 1573 5354 ﬁnem
1618 5300 1750 5354 llliPl
1805 5320 1881 5369 χι,
1932 5304 2002 5357 ad

353 5365 541 5446 Ufrorq
575 5367 855 5446 alterutro.
890 5373 982 5425 Sic
1011 5378 1066 5426 et
1100 5374 1301 5425 alteras
1336 5372 1587 5443 positum
1625 5374 1763 5427 olim
1821 5365 2001 5429 fuisse

350 5438 432 5518 ait
466 5437 689 5518 Festus.
724 5458 827 5518 pro
859 5459 925 5496 eo
968 5445 1119 5518 quod
1181 5451 1268 5518 est
1316 5437 1654 5498 adverbium
1711 5448 1871 5500 alius.
1929 5451 2001 5501 lie

347 5507 505 5633 Riese
534 5507 737 5565 autem
764 5507 1022 5569 locorum
1056 5516 1541 5585 inquinamentis,
1576 5534 1774 5587 supra,
1797 5535 1922 5587 cap.
1943 5520 1996 5573 3.

407 5595 478 5633 ια.

407 5595 478 5633 IG.

420 5652 540 5726 (65),
560 5652 758 5709 Contra
793 5657 888 5710 Dei
933 5673 1116 5713 omnes
1164 5658 1430 5726 feramus.
1486 5659 1579 5713 Sic
1636 5659 2000 5714 restituimus

349 5737 414 5801 ex
443 5725 640 5801 codice
671 5728 997 5796 Agobardi:
1038 5749 1063 5779 «ι
1098 5725 1392 5789 [ἛΓΒΠἩΙΒ.
1439 5730 1650 5801 inquit,
1699 5750 1789 5785 res
1836 5748 1997 5801 epoc-

348 5794 679 5872 taculorum
712 5794 912 5857 contra
944 5819 1036 5857 res
1067 5801 1187 5861 Dei.
1224 5824 1249 5849 ‹‹
1287 5801 1433 5857 Nota
1482 5794 1710 5872 locatio,
1760 5822 1843 5859 res
1874 5794 1999 5871 Dei,

352 5881 455 5937 pro
487 5868 685 5929 divina
715 5889 817 5933 seu
850 5874 1181 5936 Christiana
1210 5869 1536 5949 disciplina.
1572 5879 1786 5940 Contra
1832 5868 2001 5950 ferre,

2109 4859 2455 4942 deﬁnitionis.
2491 4872 2675 4927 Omnis
2710 4859 3052 4942 amaritudo,
3075 4866 3121 4917 et
3156 4864 3263 4925 ira,
3291 4866 3361 4942 et
3414 4859 3754 4939 indignatio,

2109 4949 2159 4999 εἰ
2190 4933 2396 4998 clamor
2424 4953 2474 4998 et
2517 4941 2851 5012 blasphemia
2903 4938 3131 5012 tollatur
3159 4933 3401 5012 favebis,
3434 4948 3555 4985 cum
3590 4933 3752 5012 ‘omni

2112 5017 2351 5073 malitia.
2386 5003 2651 5069 indicans
2683 5029 2783 5083 per
2810 5008 3127 5083 posteriora
3157 5004 3260 5059 illa
3289 5004 3463 5060 verba
3479 5003 3752 5074 explicari

2111 5087 2517 5159 praecedentia.
2638 5157 2697 5159 _
2824 5154 2840 5159 _
2922 5152 2931 5159 _
3082 5149 3095 5159 ,
3173 5149 3184 5159 ,
3380 5145 3391 5156 .

2185 5160 2293 5227 (67)
2328 5162 2388 5213 Et
2420 5161 2505 5213 ira
2537 5167 2585 5213 et
2615 5157 2787 5211 dolor.
2823 5152 3061 5228 Insigne
3082 5149 3263 5228 hujus
3307 5145 3394 5228 .rei
3425 5142 3756 5228 eaemplum

2112 5221 2315 5285 recitat
2350 5230 2590 5295 Plinius,
2629 5230 2726 5283 lib.
2761 5244 2833 5280 vn
2875 5221 2999 5294 cap.
3029 5224 3097 5275 7:
3152 5243 3171 5268 α
3210 5221 3497 5295 Universi,
3544 5221 3757 5285 inquit,

2110 5303 2446 5373 Pompeiani
2507 5294 2798 5373 elephanti
2851 5296 3216 5373 eruptionem
3263 5294 3576 5373 tentavcre,
3646 5302 3761 5368 npn

2112 5375 2236 5428 sine
2263 5360 2563 5428 tet-unane
2598 5360 2817 5443 populi,
2866 5360 3205 5443 circumdati
3253 5360 3494 5443 clathris
3530 5360 3760 5439 terreis.

2109 5448 2219 5501 Sed
2257 5448 2473 5500 amissa
2510 5432 2653 5511 fuga:
2680 5432 2800 5513 spe,
2840 5436 3300 5513 misericordiam
3334 5432 3762 5513 vulgi‘inenar-

2113 5519 2279 5573 rabili
2316 5519 2514 5573 huliitu
2549 5502 2890 5585 quaerentes,
2917 5508 3337 5585 suiiplitzavcl‘es
3361 5502 3611 5585 ((μεξάξιιι]
3638 5517 3767 5585 595‘?

2109 5590 2531 5645 lamentatione
2563 5574 3184 5655 eninplorautes-tapto
3222 5574 3415 5655 populi
3450 5574 3669 5655 dolore,
3702 5578 3769 5627 ut

2112 5662 2332 5716 oblitus
2386 5646 2754 5730 imperatoris
2813 5670 2877 5709 ac
2942 5648 3350 5704 muniﬁcentiae
3400 5646 3606 5730 hon‘ori
3657 5660 3765 5699 suo

2111 5733 2430 5793 exquisitm.
2477 5718 2635 5785 'ﬁens
2687 5729 2994 5783 universus
3042 5728 3438 5787 consurgeret,
3490 5718 3765 5785 dirasque

2111 5806 2403 5873 Pompeio,
2437 5822 2585 5873 quas
2617 5803 2712 5857 ille
2742 5815 2871 5853 mox
2916 5794 3045 5861 luit,
3092 5810 3290 5865 pinnas
3321 5794 3759 5863 imprecaretur.

2110 5882 2257 5934 PAM.
