4262 6366
422 422 538 484 723

940 425 1465 487 TERTULLIANI
1508 427 1830 488 OPERUM
1877 426 2081 487 PARS
2126 425 2174 486 Ι.
2207 457 2285 468 -
2328 424 2601 486 SERIES
2644 425 2694 500 Ῑ,
2738 423 3307 486 APOLOGETICA.

3723 425 3844 487 724

428 556 609 614 unius
638 556 937 627 dementias
970 574 1085 613 una
1115 574 1223 613 vox
1271 563 1383 615 est.
1429 560 1787 631 Cognosce“
1839 559 2073 615 demen-
2107 560 2157 624 Α
2180 557 2478 627 jubemur.
2510 562 2630 612 Hoc
2662 558 2842 629 igitur
2885 559 3058 613 modo
3108 559 3285 613 etiam
3331 557 3618 613 atheatro
3670 555 3843 630 sepa'

429 646 575 702 tiam
605 647 675 702 de
706 646 978 703 vanitate.
1015 645 1175 702 Misit
1204 647 1408 703 dicunt
1440 649 1574 720 (68),
1599 653 1655 704 et
1695 648 1972 703 nuntiant
2000 646 2082 701 in-

430 735 634 806 vicem,
668 736 822 807 quod
856 734 1031 790 simul
1065 735 1137 791 ab
1168 736 1444 792 omnibus
1490 739 1681 793 visum
1729 742 1835 791 est.
1890 738 2081 792 Teneo

431 824 835 880 testimonium
866 823 1144 879 caecitatis
1174 825 1329 895 (69);
1361 842 1476 880 non
1529 826 1727 881 vident
1778 825 1917 897 quid
1967 825 2081 880 sit:

434 928 707 984 mappam
741 912 981 969 missam
1014 918 1260 983 putant:
1295 915 1395 969 sed
1447 920 1539 970 est
1584 914 1799 970 diaboli
1849 915 1921 968 ab
1967 912 2084 969 alto

434 1001 785 1074 praecipitati
813 1001 859 1036 ³⁸
889 1001 1029 1074 gula
1060 1002 1105 1037 ⁸⁸
1136 1003 1267 1073 (70).
1301 1006 1381 1058 Ex
1428 1019 1494 1058 eo
1539 1003 1735 1074 itaque
1780 1003 1896 1058 itur
1918 1002 1973 1057 in
1998 1003 2086 1057 fu-

431 1088 552 1145 rias
581 1094 639 1146 et
664 1088 891 1145 animos
920 1094 977 1145 et
1006 1091 1159 1145 649
1191 1096 1249 1146 et
1294 1090 1642 1157 discordias,
1694 1095 1752 1146 et
1799 1090 2085 1162 quidquid

430 1194 549 1234 non
581 1177 721 1233 licet
750 1178 1153 1233 sacerdotibus
1195 1180 1373 1249 pacis.
1408 1179 1550 1233 Inde
1592 1178 1925 1244 maledicta,
1956 1194 2088 1233 con-

430 1266 581 1323 vicia
635 1266 763 1321 sine
782 1266 1038 1337 justitia,
1069 1266 1185 1322 odii
1220 1266 1393 1321 etiam
1425 1268 1705 1339 suffragia
1736 1268 1781 1301 ‘°
1812 1266 1937 1322 sine
1965 1282 2087 1321 me-

439 1355 552 1410 rito
584 1354 823 1410 amoris.
856 1355 1005 1419 Quid
1057 1355 1214 1410 enim
1264 1355 1637 1411 consecuturi
1691 1371 1865 1411 suum
1896 1356 1938 1391 ἰι
1971 1353 2089 1409 illic

433 1446 637 1515 agunt,
671 1444 773 1514 qui
804 1444 899 1498 sui
929 1460 1045 1499 non
1080 1443 1265 1499 sunt?
1290 1444 1403 1499 nisi
1436 1444 1578 1499 forte
1608 1444 1717 1500 hoc
1747 1443 1960 1511 solum,
1989 1460 2092 1515 per

434 1532 590 1603 quod
626 1533 719 1587 sui
750 1549 864 1588 non
896 1537 1074 1587 sunt:
1109 1534 1179 1588 de
1206 1531 1400 1588 aliena
1447 1533 1790 1589 infelicitate
1845 1534 2092 1588 contris-

435 1624 663 1690 tantur,
694 1620 765 1675 de
797 1619 989 1676 aliena
1021 1620 1296 1676 felicitate
1325 1620 1611 1676 laetantur.
1664 1621 1956 1692 Quidquid
1990 1638 2090 1692 op-

439 1712 592 1775 tant,
616 1707 901 1779 quidquid
926 1708 1365 1777 abominantur,
1386 1715 1725 1766 extraneum
1750 1710 1821 1765 ab
1844 1709 1961 1765 illis
1981 1715 2090 1790 est,

439 1796 525 1853 ita
544 1800 601 1853 et
628 1812 792 1852 amor
819 1797 974 1868 apud
1009 1796 1140 1852 illos
1170 1796 1414 1861 otiosus.
1442 1803 1500 1854 et
1527 1797 1727 1854 odium
1780 1798 2091 1869 injustam.

437 1886 511 1940 At
536 1884 777 1940 forsitan
811 1884 938 1941 sine
969 1886 1015 1921 "
1045 1902 1223 1941 causa
1254 1902 1453 1942 amare
1504 1886 1694 1953 liceat,
1740 1902 1916 1958 quam
1966 1887 2092 1942 sine

439 1988 620 2028 causa
648 1972 860 2029 odisse.
898 1973 1052 2029 Deus
1083 1979 1236 2029 certe
1268 1973 1444 2030 etiam
1469 1991 1602 2030 cum
1627 1992 1805 2031 causa
1823 1973 2091 2046 prohibet

440 2060 657 2130 odisse,
689 2061 788 2133 qui
823 2060 1091 2117 inimicos
1124 2061 1288 2134 diligi
1312 2062 1503 2133 jubet,
1540 2063 1691 2119 Deus
1733 2063 1909 2119 etiam
1956 2080 2089 2119 cum

437 2162 620 2204 causa
651 2147 1000 2204 maledicere
1033 2167 1147 2205 non
1182 2150 1343 2219 sini't,
1377 2152 1475 2221 qui
1528 2151 1941 2208 maledicentes
1992 2152 2089 2208 be-

439 2234 631 2292 nedici
663 2237 928 2309 praecipit
982 2238 1193 2309 (Matth.
1248 2255 1301 2307 ν,
1362 2240 1527 2295 Marc.
1586 2257 1685 2309 vu,
1738 2245 1890 2297 Rom.
1942 2241 2087 2313 x111)-

440 2323 551 2381 Sed
583 2325 733 2381 circo
763 2326 904 2397 quid
936 2327 1218 2397 amarius,
1248 2327 1348 2383 ubi
1376 2345 1448 2384 ne
1470 2328 1834 2401 principibus
1853 2329 2089 2401 quidem

442 2416 544 2469 aut
572 2413 794 2469 civibus
826 2415 952 2470 suis
984 2416 1283 2487 parcunt?
1320 2416 1377 2471 Si
1428 2418 1569 2489 quid
1618 2418 1826 2474 horum
1876 2418 2089 2490 quibus

443 2503 634 2558 circus
691 2503 850 2571 furit,
907 2503 1123 2560 alicubi
1181 2507 1456 2577 competit
1495 2506 1737 2570 sanctis.
1795 2506 1969 2562 etiam
2029 2506 2090 2563 in

445 2590 599 2646 circo
655 2591 871 2647 licebit.
928 2593 985 2646 Si
1042 2609 1175 2649 vero
1256 2611 1572 2666 nusquam,
1647 2595 1775 2650 ideo
1854 2610 1959 2651 nec
2030 2596 2088 2651 in

447 2694 621 2734 OIPCO.

1045 2804 1275 2860 CAPUT
1312 2805 1483 2860 XVII.

512 2944 797 3001 Similiter
824 2944 1255 3018 impudicitiam
1302 2947 1346 2981 ‘3
1404 2963 1637 3003 omnem
1695 2947 1925 3003 amoliri
1972 2950 2085 3021 (71)

2191 662 2413 713 ramur,
2446 646 2601 716 quod
2649 652 2739 701 est
2788 645 3078 716 privatum
3125 646 3536 702 consistorium
3592 646 3847 718 impudi-

2191 733 2339 789 citia
2360 735 2459 789 ubi
2491 733 2637 789 nihil
2666 735 2969 806 probatur,
2992 751 3170 807 quam
3194 736 3350 807 quod
3388 734 3526 789 alibi
3559 752 3676 792 non
3712 752 3847 808 pro-

2193 823 2367 878 batur
2421 823 2505 878 Ita
2552 840 2787 878 summa
2831 823 3019 895 gratia
3066 825 3195 894 ejus
3244 824 3315 879 de
3364 822 3615 895 spuritia
3662 824 3847 897 pluri-

2195 928 2356 967 mum
2389 911 2736 967 concinnata
2791 916 2899 981 est,
2958 928 3134 984 quam
3180 910 3483 967 Atellanus
3530 912 3847 984 gesticula-

2193 1005 2285 1055 tor
2314 1000 2447 1071 (72),
2480 1017 2653 1070 quam
2688 1001 2905 1055 mimus
2935 1000 3113 1055 etiam
3142 1017 3246 1072 per
3289 999 3590 1069 mulieres,
3642 1018 3852 1074 reprae-

2197 1092 2411 1156 sentat,
2444 1105 2648 1144 sexum
2676 1089 2915 1160 pudoris
2946 1088 3345 1146 exterminans
3374 1089 3489 1161 (75)
3519 1094 3584 1145 ut
3618 1090 3851 1147 facilius

2196 1177 2354 1232 domi
2387 1194 2562 1248 quam
2597 1176 2655 1231 in
2708 1193 2883 1232 scena
2931 1179 3319 1246 erubescant;
3372 1194 3545 1250 quam
3600 1179 3856 1251 denique

2198 1265 2579 1335 pantomimus
2610 1281 2643 1318 a
2674 1265 2923 1335 pueritia
2955 1264 3173 1336 patitur
3208 1264 3266 1319 in
3316 1281 3580 1335 corpore,
3633 1269 3701 1320 ut
3757 1282 3853 1319 ar-

2198 1352 2335 1407 tifex
2362 1369 2490 1408 esse
2521 1352 2726 1424 possit.
2762 1354 2895 1424 Ipsa
2923 1353 3099 1409 etiam
3131 1352 3458 1425 prostibula
3489 1353 3732 1425 publica:
3775 1351 3856 1409 li-

2198 1441 2418 1497 bidinis
2447 1442 2653 1497 hostiae
2684 1442 2740 1497 in
2773 1458 2950 1498 scena
2980 1443 3377 1514 proferuntur,
3438 1442 3570 1514 plus
3628 1442 3856 1499 miseras

2201 1531 2258 1585 in
2304 1531 2614 1602 praesentia
2672 1530 3043 1597 feminarum,
3101 1518 3514 1601 quibus'solis
3571 1531 3857 1604 latebant,

2201 1635 2418 1690 perque
2447 1619 2639 1675 omnis
2670 1620 2881 1687 aetatis,
2913 1619 3105 1675 omnis
3122 1619 3430 1692 dignitatis
3456 1637 3558 1675 ora
3578 1621 3853 1677 transdu-

2201 1712 2449 1764 cuntur:
2483 1707 2667 1777 locus,
2699 1708 2905 1780 stipes.
2934 1706 3212 1781 elogium,
3247 1708 3425 1766 etiam
3457 1710 3676 1780 quibus
3695 1710 3854 1768 650

2204 1812 2351 1869 opus
2382 1814 2496 1851 non
2545 1802 2652 1865 est,
2704 1796 3073 1868 praadicatur.
3119 1798 3302 1854 Taceo
3354 1798 3424 1853 de
3471 1798 3735 1870 reliquis,
3784 1815 3856 1856 ea

2204 1901 2330 1957 quas
2356 1885 2415 1941 in
2438 1885 2693 1941 tenebris
2716 1891 2775 1941 et
2794 1886 2852 1940 in
2882 1885 3180 1957 speluncis
3203 1885 3328 1942 suis
3358 1885 3703 1943 delitescere
3746 1888 3856 1943 de-

2199 1973 2384 2042 cebat,
2406 1990 2478 2029 ne
2500 1973 2650 2028 diem
2694 1972 3181 2028 contaminarent.
3225 1973 3546 2029 Erubescat
3577 1977 3848 2042 senatus,

2197 2062 2545 2118 erubescant
2573 2060 2808 2117 ordines
2838 2076 3063 2117 omnes.
3099 2061 3243 2133 Ipsa:
3296 2060 3407 2117 illis
3455 2061 3699 2133 pudoris
3747 2062 3847 2119 sui

2197 2151 2688 2224 interemptrices,
2721 2152 2793 2207 de
2821 2150 3089 2223 gestibus
3120 2152 3247 2207 suis
3277 2151 3346 2207 ad
3398 2150 3588 2208 lucem
3635 2156 3694 2209 et
3741 2168 3847 2224 po-

2197 2238 2405 2312 pulum
2432 2243 2899 2311 expavescentes,
2932 2238 3113 2295 semel
3146 2256 3300 2295 anno
3331 2240 3676 2296 erubescant
3704 2241 3843 2313 (74).

2199 2328 2360 2395 Quod
2392 2327 2443 2383 ei
2475 2327 2641 2385 nobis
2680 2328 2876 2384 omnis
2920 2327 3289 2401 impudicitia
3333 2328 3688 2386 exsecranda
3737 2332 3852 2402 est,

2198 2434 2304 2473 cur
2333 2417 2505 2473 liceat
2534 2417 2736 2473 audire
2767 2434 2894 2488 quae
2925 2416 3080 2488 loqui
3113 2434 3226 2473 non
3259 2417 3443 2473 licet?
3471 2417 3616 2474 Cum
3673 2418 3853 2476 etiam

2199 2504 2611 2561 scurrilitatem
2644 2508 2701 2560 et
2729 2521 2901 2561 omne
2928 2520 3140 2560 vanum
3173 2505 3411 2560 verbum
3439 2504 3774 2575 judicatum
3822 2523 3859 2563 a

2198 2595 2313 2651 Deo
2344 2593 2625 2660 sciamus,
2653 2611 2755 2649 cur
2786 2610 2948 2666 eaque
2995 2593 3169 2649 liceat
3219 2594 3435 2661 videre,
3485 2610 3613 2666 quis
3662 2596 3856 2652 facere

2198 2682 2484 2755 ﬂagitium
2515 2681 2652 2738 est?
2680 2686 2794 2737 Cur
2822 2699 2949 2754 quas
2997 2699 3096 2738 ore
3139 2682 3364 2754 prolata
3411 2683 3852 2741 communicant

2196 2771 2514 2838 hominem,
2547 2788 2615 2828 ea
2642 2788 2745 2843 per
2774 2770 2974 2827 oculos
3002 2775 3059 2827 et
3088 2788 3260 2828 aures
3293 2772 3555 2828 admissa
3605 2789 3720 2829 non
3765 2772 3856 2828 vi-

2197 2862 2446 2916 deantur
2477 2859 2770 2914 hominem
2805 2859 3273 2916 communicare:
3308 2876 3438 2916 cum
3469 2860 3705 2933 spiritui
3738 2878 3848 2933 ap-

2197 2953 2439 3021 pareant
2468 2965 2639 3004 aures
2681 2947 2796 3020 (75)
2842 2951 2898 3003 et
2950 2947 3125 3018 oculi,
3174 2965 3278 3004 nec
3330 2948 3517 3021 possit
3585 2949 3851 3007 mundus

1890 3083 2093 3144 Variae
2122 3083 2421 3147 lectiones

510 3203 553 3279 ⁸]
583 3201 882 3279 Cognosce
913 3204 1034 3272 Rig.
1111 3204 1152 3241 ³⁸
1181 3202 1472 3279 Praecitati
1493 3206 1671 3260 Paris.
1703 3206 1832 3279 Jun.
1906 3207 1961 3279 7"
1992 3206 2223 3277 Figura,
2256 3206 2421 3262 Seml.
2499 3206 2543 3241 ‘0
2574 3206 2709 3279 Sine
2732 3205 2969 3275 justitia
3012 3205 3166 3275 odii;
3198 3205 3372 3279 etiam
3406 3206 3701 3279 sutl'ragia
3728 3207 3851 3278 Rig.

437 3274 496 3348 ﬁt
516 3274 685 3348 Quod
711 3277 865 3348 enim
898 3291 1069 3348 suum
1102 3276 1475 3331 consecuturi
1524 3281 1669 3348 (sunt
1699 3277 1799 3348 qui
1844 3278 1963 3348 Rig.
2041 3274 2086 3312 ’δῖ
2116 3274 2214 3334 Et
2248 3279 2490 3334 forsitan
2545 3278 2672 3333 sine
2730 3274 2890 3333 Fran.
2952 3280 3134 3333 Paris.
3193 3280 3279 3333 An
3341 3278 3459 3334 fors
3515 3274 3621 3334 sit:
3670 3274 3841 3334 Sami.

435 3345 655 3402 Oberth.
731 3346 776 3381 “
805 3346 1086 3403 Similiter
1116 3364 1221 3404 nec
1249 3347 1681 3419 impudicitiam
1714 3345 1947 3405 omnem
1980 3366 2173 3407 amare
2206 3351 2320 3421 Rig.

1878 3482 2397 3545 Commentarius.

510 3600 624 3677 (εξδ)
655 3601 818 3677 Misit,
877 3602 1089 3677 dicant.
1137 3604 1335 3677 Placet
1371 3604 1569 3659 Rudini
1612 3604 1924 3672 sententia,
1976 3605 2076 3675 qui
2111 3607 2153 3674 C
2190 3607 2365 3677 Epist.
2425 3611 2482 3661 et
2507 3604 2545 3660 Ι.
2579 3605 2644 3661 de
2672 3606 2874 3675 Spect.,
2906 3620 2955 3660 ο.
2987 3605 3077 3676 5);
3111 3604 3370 3661 Lactant.
3419 3604 3489 3673 (Ι.
3520 3621 3596 3670 v1,
3628 3620 3676 3659 c.
3708 3604 3839 3677 20);

439 3672 620 3747 tradit
649 3672 1103 3747 signumtuisse
1131 3675 1677 3731 committendorum
1720 3672 2079 3747 aurigarum.

440 3743 833 3829 9299511193":
859 3744 1121 3829 ﬁdit)st
1158 3764 1225 3829 ex
1281 3748 1725 3829 Suetoniott’it
1778 3743 1976 3829 Nerio!!-
2029 3765 2077 3829 ρ·

440 3815 553 3883 22),
579 3814 825 3871 Martiali
853 3814 914 3883 (l.
940 3814 1038 3890 im)
1076 3823 1131 3872 et
1161 3818 1428 3873 Juvenali
1473 3814 1685 3890 (Satir.
1715 3819 1875 3890 xxu).
1918 3819 2082 3875 Certe

441 3890 703 3941 nostram
753 3889 1105 3943 sententiam
1138 3906 1330 3944 veram
1367 3888 1495 3945 esse
1526 3888 1814 3944 convincit
1839 3888 2081 3945 Cassio-

442 3959 623 4033 dorus
655 3957 799 4033 (ναξ.
851 3958 1020 4033 l._m,
1079 3976 1170 4031 ep.
1202 3963 1292 4033 751
1355 3962 1736 4033 adrFaustum
1790 3963 2078 4033 praepes):

443 4051 473 4103 ᾳ
498 4032 725 4103 Mappa,
759 4030 971 4103 inquit,
1004 4030 1130 4102 quae
1164 4032 1394 4103 signum
1429 4032 1566 4088 dare
1619 4032 1765 4087 solet
1790 4030 2078 4088 circensi-

441 4099 576 4169 bus,
597 4099 700 4173 tali
724 4099 862 4157 casu
886 4099 1053 4158 ﬂuxit
1076 4106 1129 4158 in
1158 4099 1398 4173 morem,
1424 4104 1562 4160 Cum
1600 4103 1747 4159 Nero
1770 4106 2081 4171 prandium

441 4172 830 4247 protenderet,
866 4174 1322 4247 etﬂceleritatem,
1352 4172 1413 4231 ut
1433 4174 1650 4231 assolet
1688 4175 1890 4231 avidus
1918 4193 2079 4247 spec-

439 4243 604 4331 tandi
637 4243 889 4331 populus
915 4244 1253 4331 Sagittaret,
1278 4247 1373 4331 ille
1391 4264 1688 4331 mappam,
1716 4264 1833 4331 qua
1852 4243 2080 4331 tergen-

441 4314 839 4391 dishmanibus
871 4314 1161 4391 utebatur,
1186 4320 1370 4390 jussit
1394 4314 1567 4389 abjici
1601 4314 2080 4391 pen-fenestram,

443 4394 500 4441 ut
535 4384 859 4442 libertatem
893 4389 1056 4444 daret
1082 4384 1420 4447 certaminis
1455 4384 1752 4461 postulati.
1784 4393 1931 4446 Hinc
1961 4384 2081 4446 tra;

442 4462 734 4534 ctumest,
770 4463 854 4534 ut,
882 4466 1116 4534 ostensa
1156 4479 1386 4534 mappa,
1438 4460 1595 4516 certa
1636 4460 1903 4517 videatur
1954 4479 2081 4519 esse

446 4529 758 4600 promissio
789 4531 1137 4587 circensium
1169 4529 1456 4588 fur—orum.
1491 4552 1518 4584 ι)
1551 4534 1691 4589 ΡΑΜ.

518 4598 629 4669 (69)
659 4601 823 4656 Teneo
852 4604 1231 4659 testimonium
1251 4606 1534 4661 excitatis.
1567 4605 1684 4659 Hoc
1706 4608 1813 4659 est.
1856 4608 2080 4659 Accuso

443 4670 716 4746 caecitatis
752 4672 838 4746 _Et
867 4673 1179 4746 caecitatem
1211 4675 1457 4746 explicat
1486 4675 1778 4746 deinceps.
1814 4674 1937 4730 Pus.

517 4741 628 4818 (70)
658 4743 763 4797 Sed
792 4753 867 4798 est
895 4745 1103 4818 diaboli
1130 4747 1199 4800 ab
1230 4741 1342 4801 alto
1383 4741 1721 4818 pra’cipitat'i
1764 4748 1917 4815 gula.
1973 4747 2079 4800 Ex-

489 4812 772 4888 ressimus
803 4816 1020 4888 codicis
1054 4812 1435 4888 vetustissimi
1465 4812 1840 4888 scripturam.
1899 4820 2082 4873 Antea

467 4884 748 4961 agebatur
776 4901 791 4961 ξ
823 4907 851 4934 ‹‹
885 4885 1102 4961 Diaboli
1138 4890 1208 4961 ab
1259 4890 1375 4944 alto
1424 4884 1763 4961 praecipitati
1811 4887 2016 4954 ﬁgura,
2049 4911 2076 4939 »

2192 3676 2335 3748 Aug.
2368 3677 2429 3748 (l.
2473 3695 2534 3743 ιι,
2594 3677 2660 3732 de
2710 3678 2869 3748 Civit.
2922 3677 3037 3745 Dei,
3094 3692 3144 3730 c.
3179 3677 3231 3745 4,
3258 3678 3314 3747 5,
3344 3678 3398 3742 6,
3439 3678 3495 3746 7,
3535 3679 3588 3740 8,
3638 3676 3833 3748 9,(η10,

2193 3745 2381 3819 11,’”12
2412 3753 2467 3803 et
2505 3748 2615 3819 43).
2650 3747 3258 3819 ΑΙΙιιάἱιίεωιεῐιὶίὴὶο
3302 3745 3525 3804 Auctor
3570 3748 3667 3819 ad_
3692 3745 3838 3802 illud

2190 3817 2365 3875 Marci
2398 3820 2539 3892 (vn),
2570 3817 2796 3892 dequo
2828 3818 3054 3890 reliqua
3100 3818 3242 3875 citat
3270 3820 3381 3877 sub
3431 3821 3606 3875 tinem
3654 3817 3838 3892 hujus

2191 3892 2436 3972 capitis:
2474 3891 2607 3972 Quae
2636 3890 2950 3972 de'jtamina
2996 3892 3372 3972 examinata
3423 3890 3838 3972 communicant

2192 3962 2489 4045 hominem,
2522 3968 2628 4017 etc.
2656 3962 3262 4045 ;_fortassis_etjllud
3308 3963 3471 4018 Rom.
3525 3978 3669 4017 xm:
3720 3962 3839 4017 Non

2190 4036 2255 4091 in
2285 4034 2559 4089 cubilibus
2589 4043 2640 4088 et
2672 4034 3051 4106 impudicitiis.
3084 4037 3232 4090 PAM.
3822 4074 3829 4081 α

2264 4106 2370 4175 (72)
2430 4106 2713 4160 Atta-Ianus
2768 4105 3165 4177 gestz'culatur._
3202 4103 3489 4160 Ludiones
3562 4100 3835 4157 Attellani

2189 4177 2485 4233 notissimi
2518 4182 2659 4232 sunt
2707 4175 2784 4232 ab
2839 4178 2980 4231 urbe
3022 4175 3228 4241 Atella,
3278 4180 3510 4232 vetusto
3557 4178 3838 4229 Oscorum

2190 4249 2436 4320 oppido:
2469 4264 2537 4302 ea
2566 4248 2620 4302 in
2658 4250 2799 4303 urbe
2828 4248 3128 4319 egregium
3160 4252 3285 4302 erat
3310 4247 3449 4303 olim
3471 4245 3842 4318 amphithea-

2191 4325 2387 4375 trum:
2423 4320 2635 4374 videris
2664 4318 2723 4374 C.
2759 4320 3198 4375 Hieronvmum.
3231 4320 3403 4375 Epist.
3456 4318 3526 4373 ad
3567 4319 3837 4375 Sabinia-

2219 4337 2387 4386 rum;
2423 4334 2635 4374 Videris
2664 4334 2723 4374 υ.
2761 4334 3198 4390 meronymum,
3231 4334 3403 4390 aput.
3456 4334 3526 4373 aa
3567 4334 3837 4375 camma-

2187 4391 2604 4532 nugé)l‘§e£:in
2631 4459 2857 4532 pudoris
2885 4461 3281 4516 eaterminans.
3337 4458 3533 4515 Graeca
3576 4458 3833 4532 phrasis.

2191 4530 2399 4589 sexum
2437 4536 2603 4603 longe
2632 4530 2666 4586 a
2694 4532 2911 4603 pudore
2969 4532 3286 4587 abducens.
3332 4532 3529 4586 Grazca
3575 4530 3788 4603 locutio
3819 4547 3833 4585 :

2191 4611 2456 4660 statuens
2512 4602 3004 4660 eXtra'terminos
3048 4603 3309 4674 pudoris.
3359 4602 3480 4658 RIG.
3517 4631 3585 4644 -
3626 4602 3838 4658 Servum

2189 4679 2422 4746 pudoris
2471 4677 2865 4731 ealemninans.
2918 4674 3225 4746 Retuliiad
3278 4675 3833 4746 nudationemicor-

2234 4765 2420 4814 orum,
2458 4766 2587 4802 nam
2623 4747 2814 4802 mimae
2844 4747 2923 4799 ita
2938 4762 3100 4817 saepe
3120 4745 3176 4799 in
3202 4746 3445 4802 theatro.
3466 4744 3656 4802 Valer.
3681 4745 3831 4801 Max.

2213 4820 2291 4874 ib.
2320 4837 2401 4886 ll],
2428 4818 2672 4891 loquens
2695 4818 2765 4891 de
2789 4816 3088 4891 ﬂoralibus
3112 4819 3217 4891 ait.
3254 4817 3332 4891 M.
3368 4817 3574 4891 (Porcio
3615 4817 3832 4891 Catone

2192 4887 2628 4962 spectante'bos
2658 4889 2830 4944 ludos
2860 4888 3140 4960 populum
3172 4887 3479 4962 erubuisse
3514 4887 3831 4961 postulare,

441 4955 713 5043 acumine
733 4956 1223 5043 ‘obtuso.‘Allnudit
1252 4955 1509 5016 enim-ad
1539 4955 1962 5043 ea'_quzssacris
1986 4978 2077 5031 pa-
2108 4974 2153 5038 D
2186 4955 2473 5043 utamima:
2508 4955 2889 5043 nudarentur.
2923 4955 3082 5024 Quod
3116 4977 3246 5016 cum
3281 4961 3421 5043 Cata
3438 4955 3835 5043 cognosceret

437 5028 598 5104 ginis
622 5028 938 5104 traduntur
968 5030 1037 5084 de
1076 5035 1307 5104 satana,
1367 5050 1540 5104 quem
1600 5028 1671 5088 de
1725 5030 1866 5087 cmlo
1916 5028 2076 5104 (Deus
2108 5028 2149 5038 ”
2186 5052 2218 5089 a
2244 5034 2452 5089 Faenio
2484 5032 2847 5089 amicissimo
2875 5049 2991 5088 una
3022 5049 3215 5087 secum
3250 5034 3489 5088 sedente
3526 5028 3589 5087 in
3648 5031 3831 5104 ludis,

436 5096 917 5175 egit_in_Tartara
948 5096 1320 5175 principitem.
1358 5096 1555 5175 Itaque
1586 5120 1857 5174 mappam
1910 5102 2072 5158 illam

431 5170 768 5239 Septimius,
801 5170 976 5241 quam
1008 5170 1224 5229 Prae-tor
1253 5192 1355 5246 pro
1387 5170 1549 5241 signo
1581 5170 1810 5230 mittere
1831 5174 2073 5241 solebat,

431 5255 701 5319 mappam
737 5260 864 5319 esse
897 5252 1085 5315 negat.
1122 5246 1215 5301 Ait
1244 5264 1374 5302 vero
1396 5247 1588 5319 ipsum
1607 5263 1736 5302 esse
1752 5246 2073 5314 diabolum,

432 5312 528 5396 qui
565 5319 719 5396 totus
749 5315 914 5396 gula;
942 5312 1102 5396 totus
1129 5335 1339 5396 gurges
1362 5312 1518 5374 totus
1549 5335 1758 5396 vorago
1791 5312 2069 5396 expendi;

428 5387 546 5506 311;
581 5388 634 5439 et
667 5386 808 5442 furit
835 5387 1057 5444 effusus
1091 5386 1209 5444 toto
1242 5386 1416 5459 Eirco,
1449 5396 1505 5446 et
1534 5386 2072 5446 sasvit'immaniter.

481 5468 555 5507 IG.

497 5554 563 5563 -
595 5527 808 5600 Diabcli
850 5530 918 5583 ab
961 5531 1075 5584 alto
1121 5533 1477 5600 prwcipitati.
1519 5533 1611 5587 Sic
1642 5532 1791 5587 libro
1822 5534 1887 5585 de
1937 5532 2073 5586 Ani-

426 5608 702 5675 ma3‘pag.
735 5599 857 5675 31:3.
891 5599 1167 5657 Satanam
1201 5605 1585 5675 prospectarit
1616 5604 1686 5658 de
1741 5603 1884 5657 cmlo
1929 5620 2072 5674 pra:-

427 5668 748 5732 cipilatum.
780 5668 904 5723 Rm.

502 5732 1351 5811 (‘71)§imiliterimpudicitiam
1397 5759 1610 5801 omnem
1655 5744 1880 5799 amoliri
1911 5744 2071 5811 jube-

434 5814 578 5859 mur.
637 5806 703 5860 In
755 5823 869 5878 quo
927 5806 1091 5867 illum
1145 5813 1345 5870 diserti
1401 5815 1710 5872 imitantur
1768 5815 1827 5870 Β.
1901 5806 2068 5888 Cypr.

2184 5106 2457 5161 discessit
2508 5122 2538 5159 e
2590 5104 2835 5171 theatro,
2878 5119 2949 5176 ne
3000 5104 3310 5175 praesentia
3357 5121 3466 5160 sua
3513 5102 3829 5176 spectaculi

2183 5177 2668 5254 consuetudinem
2697 5174 3025 5254 impediret.
3061 5176 3245 5254 an.“
3547 5174 3565 5176 “

2255 5250 2364 5319 (74)
2421 5250 2598 5303 Semel
2641 5244 2800 5302 anno
2832 5248 3145 5319 erubescant
3172 5244 3517 5319 Floralibus
3546 5316 3556 5319 _
3581 5244 3831 5319 scilicet,

2183 5315 2551 5390 qu'os'ludos
2608 5336 2642 5373 a
2699 5318 3024 5390 meretricia
3072 5317 3245 5390 turba
3283 5316 3562 5390 celebrari
3620 5315 3827 5390 solitos

2182 5388 2383 5447 narrat
2413 5391 2674 5457 Ovidius,
2706 5392 2913 5446 Fastor.
2950 5389 3011 5443 V.
3050 5390 3109 5444 In
3141 5388 3214 5444 iis
3240 5388 3395 5444 enim
3430 5388 3828 5457 meretricum,

2182 5478 2414 5535 semper
2447 5462 2592 5518 alias
2619 5460 3049 5535 impudentiam
3082 5460 3327 5535 lascivia
3360 5461 3567 5535 major,
3601 5463 3658 5514 et
3688 5458 3829 5535 libe-

2180 5528 2364 5591 riores
2386 5535 2523 5604 joci.
2557 5535 2662 5589 Sed
2700 5528 2838 5604 ipsae
2871 5532 3014 5588 alias
3044 5533 3279 5603 quidem
3315 5532 3374 5604 ip
3407 5528 3571 5588 cellis
3602 5536 3659 5586 et
3705 5528 3826 5604 fer-

2180 5601 2412 5662 nicibus
2445 5601 2735 5677 pudorem
2763 5611 3005 5669 exuunt,
3042 5601 3143 5677 hic
3187 5620 3320 5659 vero
3343 5601 3427 5677 in
3474 5601 3824 5677 propatulo:

2179 5700 2207 5727 «
2241 5671 2654 5750 Expavéscant,
2688 5676 2899 5750 inquit,
2932 5676 3003 5732 ad
3038 5676 3228 5750 lucem
3256 5671 3559 5749 populum,
3585 5671 3657 5731 'et
3709 5671 3825 5730 sal-

2177 5753 2294 5806 tem
2326 5747 2501 5805 semel
2534 5764 2686 5805 anno
2716 5748 3083 5805 erubescant.
3114 5766 3141 5799 ιι
3180 5747 3309 5803 Rm.

2252 5821 2363 5894 (75)
2395 5819 2528 5876 Cum
2558 5819 2786 5893 spiritui
2811 5825 3112 5894 appareant
3140 5835 3320 5875 aures.
3354 5816 3450 5877 Sic
3478 5821 3537 5877 et
3590 5813 3819 5875 Tullius
