4262 6346
311 407 424 469 725

1676 405 1778 466 DE
1821 405 2375 470 SPECTACULIS.

3611 405 3725 468 726

305 539 590 616 prmstari,
622 539 795 612 cujus
827 537 1194 612 apparitores
1255 538 1646 610 inquinentur
1689 541 1715 595 ?
1763 541 1955 598 Habes
1989 547 2041 612 Α
2073 544 2359 616 gendum,
2403 543 2632 615 liquida
2689 544 2760 599 ad
2806 541 3178 600 elabendum.
3228 539 3440 597 Nullus
3493 539 3600 596 tibi
3629 559 3723 598 co-

308 630 489 704 igitur
515 634 573 686 et
619 627 828 686 theatri
881 627 1378 694 interdictionem,
1439 629 1510 684 de
1550 627 1960 687 interdictione

310 719 704 793 impudicitiae.

904 849 1140 908 CAPUT
1171 850 1365 908 XVIII.

375 987 474 1043 Sin
505 989 562 1043 et
581 985 910 1044 doctrinam
967 985 1268 1040 saecularis
1307 983 1670 1052 litteratura},
1701 991 1766 1041 ut
1806 986 1954 1042 stul-

304 1077 444 1132 titim
475 1077 632 1148 apud
681 1075 864 1132 Deum
918 1073 1287 1145 deputatam,
1348 1091 1758 1146 aspernamur,
1811 1076 1955 1132 satis

303 1164 704 1238 praescribitur
733 1163 903 1220 nobis
936 1167 992 1218 et
1031 1163 1101 1218 de
1131 1162 1248 1218 illis
1293 1163 1596 1234 speciebus
1645 1169 1954 1236 spectacu-

300 1254 512 1324 lorum,
546 1269 672 1325 quaa
705 1251 972 1308 saeculari
1003 1250 1338 1307 litteratura
1379 1251 1654 1308 lusoriam
1697 1261 1788 1308 vel
1813 1270 1954 1325 ago-

301 1343 577 1400 nisticam
627 1357 867 1398 scenam
921 1341 966 1375 “
1015 1341 1127 1413 (76)
1172 1341 1564 1413 dispungunt.
1627 1343 1788 1408 Quod
1831 1345 1878 1398 si
1911 1344 1954 1378 ‘5

301 1431 596 1504 tragcediw
625 1434 681 1487 et
708 1430 1002 1486 commdias
1034 1429 1322 1486 scelerum
1372 1435 1430 1486 et
1489 1431 1799 1486 libidinum
1859 1449 1952 1488 ac-

301 1521 480 1578 trices
507 1522 574 1588 “,
609 1525 865 1577 cruenta
890 1525 946 1576 et
975 1519 1226 1590 lascivae,
1289 1519 1484 1592 impias
1543 1527 1600 1576 et
1648 1521 1902 1593 prodigae
1938 1540 1950 1577 :

303 1611 526 1667 nullius
553 1610 634 1666 rei
675 1617 780 1665 aut
827 1609 1060 1674 atrocis,
1115 1613 1214 1664 aut
1280 1609 1438 1676 vilis,
1479 1611 1952 1666 commemoratio

305 1699 514 1756 melior
551 1703 642 1756 est
673 1716 686 1754 :
717 1699 868 1770 quod
900 1699 960 1754 in
985 1700 1140 1754 facto
1163 1699 1449 1769 rejicitur,
1479 1700 1656 1754 etiam
1705 1701 1766 1754 in
1797 1701 1952 1756 dicto

305 1793 542 1844 nonest
594 1787 1018 1860 recipiendum.
1081 1787 1244 1851 Quod
1293 1789 1342 1842 si
1401 1793 1458 1843 et
1503 1790 1760 1844 stadium
1821 1805 1954 1844 con-

301 1878 508 1934 tendas
539 1877 600 1934 in
629 1877 948 1949 Scripturis
981 1876 1292 1946 nominari,
1327 1893 1470 1932 sane
1499 1878 1812 1934 obtinebis.
1839 1879 1948 1934 Sed
1983 1919 2028 1984 Β

301 1983 428 2038 quas
455 1966 515 2022 in
547 1965 736 2022 stadio
769 1969 1078 2037 geruntur,
1131 1965 1376 2038 indigna
1419 1967 1754 2037 conspectui
1787 1969 1828 2002 ιτ
1851 1979 1950 2022 tuo

298 2072 416 2111 non
449 2055 721 2127 negabis,
755 2070 986 2126 pugnos
1028 2059 1086 2110 et
1115 2055 1303 2110 calces
1348 2059 1405 2110 et
1435 2055 1706 2127 colaphes
1737 2060 1794 2111 et
1823 2072 1945 2110 om-

297 2160 430 2200 nem
463 2143 851 2215 petulantiam
889 2159 1122 2211 manus,
1158 2149 1210 2199 et
1233 2159 1672 2215 quamcumque
1703 2144 1948 2199 humani

296 2231 416 2290 oris
456 2233 522 2304 ‘5,
553 2232 611 2288 id
651 2236 762 2301 est,
823 2232 1032 2288 divinas
1091 2232 1372 2304 imaginis
1429 2233 1946 2304 depugnationem.

296 2325 422 2377 Non
457 2321 718 2393 probatis
746 2337 999 2393 usquam
1030 2338 1214 2378 vanos
1245 2337 1454 2378 cursus
1467 2322 1765 2393 jaculatus
1795 2324 1943 2379 051

300 2414 358 2467 et
385 2411 572 2467 saltus
601 2410 898 2473 vaniores,
929 2427 1223 2482 nusquam
1268 2410 1376 2466 tibi
1433 2410 1588 2466 vires
1643 2417 1744 2466 aut
1793 2412 1950 2483 inju-

303 2498 472 2556 riosae
503 2505 606 2555 aut
661 2516 824 2555 vanas
853 2498 1192 2570 placebunt,
1259 2499 1362 2554 sed
1421 2515 1526 2554 nec
1569 2515 1711 2556 cura
1749 2500 1952 2556 factitii

307 2589 591 2661 corporis,
622 2592 687 2644 ut
717 2587 1025 2660 plasticam
1057 2588 1156 2644 Dei
1187 2605 1586 2660 supergressa.
1622 2593 1690 2644 Et
1721 2595 1956 2662 propter

311 2679 354 2714 ‘9
384 2679 567 2734 otium
615 2679 846 2733 Graeciae
887 2677 1079 2733 altiles
1133 2677 1404 2733 homines
1461 2679 1574 2748 (77)
1624 2681 1835 2734 oderis.
1889 2681 1958 2734 Et

313 2767 640 2840 palaestrica
665 2765 882 2822 diaboli
916 2765 1214 2837 negotium
1243 2773 1330 2822 est
1361 2767 1493 2837 (78).
1522 2767 1747 2824 Primos
1771 2769 1956 2824 homi-

313 2873 420 2912 nes
449 2855 723 2911 diabolus
748 2855 905 2911 elisit
927 2857 1088 2926 (Gen.
1122 2857 1229 2925 ιιι).
1265 2857 1392 2927 lpse
1422 2863 1624 2927 gestus
1655 2857 1958 2913 colubrina

309 2944 418 3012 vis,
450 2949 536 3001 est
565 2950 738 3000 tenax
781 2944 854 2999 ad
909 2945 1650 3016 occupandum,'tortuosa
1705 2947 1776 3002 ad
1812 2947 1956 3001 obli-

2071 649 2350 688 ronarum
2385 651 2527 689 usus
2559 639 2667 704 est,
2695 633 2834 705 quid
2867 634 2938 688 de
2970 631 3200 688 coronis
3257 631 3584 704 voluptates
3613 648 3722 688 au-

2070 723 2306 794 cuperis
2335 723 2364 778 ?

2695 857 2924 914 CAPUT
2957 855 3098 912 XIX.

2139 991 2621 1062 ExSpectabimus
2647 1007 2800 1046 nunc
2830 991 2875 1026 ⁵ο
2889 993 2945 1046 et
2966 988 3382 1061 amphitheatri
3402 989 3719 1062 repudium

2065 1081 2136 1135 de
2195 1081 2517 1152 Scripturis
2579 1081 2620 1114 δι
2679 1081 2835 1152 (Gen.
2883 1097 2939 1134 ix
2991 1079 3160 1136 Exod.
3233 1097 3323 1134 xx.
3375 1079 3560 1134 Matth.
3615 1081 3718 1152 v1.)

2064 1169 2120 1224 Si
2149 1170 2451 1234 saevitiam,
2487 1169 2534 1224 si
2567 1169 2928 1240 impietatem
2964 1169 3095 1237 (79),
3154 1167 3204 1222 si
3260 1169 3550 1224 feritatem
3584 1184 3714 1240 per-

2065 1259 2309 1312 missam
2335 1259 2503 1312 nobis
2527 1259 2875 1314 contendere
2899 1274 3236 1329 possumus,
3272 1275 3477 1314 eamus
3503 1259 3563 1312 in
3587 1273 3714 1313 am-

2064 1347 2488 1420 phitheatrum.
2518 1347 2572 1401 Si
2597 1348 2744 1402 tales
2771 1364 3001 1416 sumus,
3053 1346 3255 1418 quales
3305 1347 3580 1414 dicimus,
3613 1349 3713 1404 de-

2061 1435 2346 1491 lectemur
2366 1438 2654 1508 sanguine
2685 1435 2966 1492 humano.
3027 1441 3251 1491 Bonum
3309 1439 3397 1492 est
3445 1453 3578 1492 cum
3611 1453 3715 1507 pu-

2064 1526 2309 1579 niuntur
2338 1529 2632 1578 nocentes.
2667 1525 2806 1587 Quis
2857 1523 2964 1577 hoc
3021 1523 3134 1578 nisi
3177 1539 3391 1578 nocens
3421 1521 3713 1594 negabit?

2065 1614 2131 1668 Et
2167 1617 2364 1668 tamen
2423 1614 2706 1668 innocens
2766 1613 2835 1668 de
2887 1611 3174 1683 supplicio
3225 1611 3466 1667 alterius
3525 1611 3707 1666 laetari

2065 1719 2179 1757 non
2214 1707 2421 1773 potest,
2455 1719 2589 1756 cum
2623 1701 2812 1772 magis
2843 1705 3137 1771 competat
3173 1701 3466 1756 innocenti
3490 1700 3707 1768 dolere,

2064 1791 2218 1862 quod
2251 1791 2426 1846 homo
2459 1807 2564 1862 par
2593 1791 2722 1860 ejus
2755 1799 2870 1845 tam
2904 1791 3119 1844 docens
3151 1791 3339 1844 factus
3370 1793 3557 1854 est,ut
3589 1794 3708 1845 tam

2063 1878 2376 1935 crudeliter
2423 1879 2817 1950 impendatur.
2861 1879 3000 1944 Quis
3032 1881 3229 1932 autem
3265 1877 3411 1932 mihi
3460 1895 3711 1949 sponsor

2059 1973 2450 2038 est,uocentes
2465 1983 2698 2039 semper
2725 1967 2815 2022 vel
2841 1968 2909 2022 ad
2943 1966 3162 2022 bestias
3177 1965 3265 2022 vel
3297 1967 3368 2022 ad
3401 1967 3708 2038 quodcun-

2059 2075 2171 2130 que
2213 2057 2566 2130 supplicium
2601 2057 2855 2122 decerni,
2889 2060 2954 2112 ut
2985 2073 3098 2111 non
3129 2055 3469 2111 innocentia
3497 2057 3542 2090 δ’
3563 2072 3708 2128 quo-

2057 2164 2172 2219 que
2199 2146 2615 2211 int'eratur,aut
2645 2145 2870 2200 ultione
2889 2145 3213 2216 judicantis
3235 2150 3336 2199 aut
3363 2145 3709 2202 inﬁrmitate

2059 2234 2554 2298 defendentis,aut
2581 2235 2864 2290 instantia
2883 2233 3225 2304 quaestionis
3244 2233 3272 2286 ?
3289 2236 3473 2300 Quam
3497 2235 3706 2290 melius

2059 2341 2194 2397 ergo
2225 2329 2316 2379 est
2345 2324 2570 2379 nescire
2602 2339 2735 2378 cum
2769 2322 2905 2378 mali
2939 2323 3292 2394 puniuntur,
3329 2339 3402 2377 ne
3431 2323 3614 2378 sciam
3648 2330 3705 2378 et

2061 2429 2244 2486 quum
2277 2412 2411 2467 boni
2441 2411 2764 2483 pereunt,si
2794 2415 2988 2466 tamen
3023 2410 3237 2466 bonum
3261 2409 3518 2483 sapiunt.
3541 2411 3704 2466 Certe

2062 2504 2297 2574 quidem
2329 2501 2441 2574 (80)
2472 2499 2821 2571 gladiatores
2852 2499 3194 2554 innocentes
3251 2498 3312 2554 in
3369 2499 3576 2554 ludum
3601 2515 3701 2554 ve-

2065 2591 2254 2658 niunt,
2287 2595 2350 2644 ut
2379 2588 2624 2661 publica:
2661 2587 2971 2658 voluptatis
3026 2587 3230 2643 hostia:
3289 2587 3449 2642 fiant.
3510 2588 3699 2644 Etiam

2065 2683 2164 2751 qui
2198 2681 2555 2735 damnantur
2584 2679 2642 2732 in
2701 2677 2929 2744 ludum,
2964 2676 3134 2748 quale
3176 2681 3264 2730 est
3301 2681 3366 2731 ut
3393 2677 3464 2730 de
3493 2676 3705 2732 leviore

2065 2770 2218 2826 652
2252 2768 2462 2824 delicto
2501 2769 2558 2822 in
2587 2767 2912 2822 homicidas
2942 2766 3352 2821 emendatione
3377 2766 3702 2837 proficiant.

2065 2859 2172 2912 Sed
2199 2859 2318 2912 haec
2345 2857 2595 2912 ethnicis
2636 2855 2930 2927 respondi.
2981 2857 3257 2911 Caeterum
3317 2855 3471 2909 absit
3517 2859 3583 2910 ut
3639 2857 3711 2909 de

2067 2946 2241 3002 istius
2277 2944 2596 3018 spectaculi
2627 2945 2929 2999 aversione
2961 2943 3186 2998 diutius
3215 2942 3402 2998 discat
3429 2943 3712 2999 Christia-

1737 3080 1944 3142 Variae
1973 3081 2296 3144 lectiones.

393 3187 438 3220 “
466 3186 654 3258 Scena
679 3187 807 3243 Jun.
841 3186 886 3226 ιδ
917 3185 1080 3252 Quod
1111 3184 1230 3242 sint
1281 3187 1445 3243 Fran.
1505 3186 1721 3244 Oberth.
1785 3189 1829 3224 ⁴⁶
1883 3189 2182 3246 Auctrices
2239 3195 2411 3245 Fran.
2474 3188 2692 3247 Oberth.
2726 3189 2767 3222 ‘7
2815 3187 3142 3258 Conspectu
3206 3189 3336 3243 Jun.
3389 3187 3432 3220 ‘8
3489 3190 3714 3242 Huma-

329 3257 512 3332 nioris
553 3258 717 3313 Fran.
785 3259 830 3293 η
859 3259 1263 3332 Supcrgressaa
1319 3262 1556 3332 propter
1608 3261 1772 3316 Fran.
1807 3261 1851 3295 ⁵ο
1907 3260 1980 3317 Ut
2029 3261 2153 3318 add.
2213 3263 2378 3316 Fran.
2421 3261 2462 3295 ⁵1
2532 3265 2810 3324 Petamus
2863 3257 2988 3314 add.
3048 3261 3220 3315 Fran.
3275 3259 3319 3294 ⁵³
3369 3259 3716 3316 Innocentius

319 3331 504 3386 Paris.

1749 3435 1898 3494 Com
1911 3433 2272 3494 mentarius.

315 3551 529 3626 sensus
550 3539 716 3626 vocat
746 3533 960 3626 ruentis
991 3534 1295 3626 satellites.
1339 3540 1509 3626 Sreg.
1548 3538 1722 3626 l‘lyss.
1747 3537 1862 3626 lib.
1896 3539 1962 3626 (te
1991 3541 2034 3609 C

311 3609 552 3681 perfecta
583 3607 886 3681 Christiani
915 3611 1116 3677 forma.
1152 3607 1480 3681 Δεχομένηξ
1509 3607 1623 3677 τῆξ
1641 3609 1809 3679 ἀκοῆς
1858 3611 1955 3678 τὴν

317 3679 608 3754 ὖφῄγῃσιν.
641 3679 1230 3754 τιανίὀμδᾼίπιρθνὶαηί
1247 3679 1668 3754 accipientibus,
1709 3690 1773 3737 ut
1830 3701 1958 3754 quae

317 3701 422 3754 υφη
463 3701 608 3747 ησιν.
641 3701 882 3736 aurwus
927 3701 1224 3751 imperium
1253 3701 1668 3751 accipientium,
1709 3701 1773 3737 ut
1830 3701 1958 3754 quae

315 3701 560 3827 subditae
584 3751 849 3827 _spi_ritul.
892 3751 1275 3827 Hic_notetur
1303 3753 1467 3827 locus
1494 3755 1823 3827 Hieronymi
1859 3755 1958 3812 lib.

315 3841 354 3888 ι,
387 3824 535 3897 adv.
567 3821 876 3897 laciniam,
935 3821 1031 3878 ubi
1088 3827 1172 3897 ait
1237 3825 1499 3896 quinque
1543 3821 1754 3882 sensus
1797 3845 1960 3897 reges

317 3895 501 3950 fuisse
532 3900 588 3949 et
609 3895 903 3966 principes
935 3895 1152 3962 smeuli,
1183 3895 1314 3951 ante
1345 3895 1657 3952 adventura
1691 3895 1906 3954 Christi
1943 3915 1958 3954 :

312 3983 462 4039 quos
489 3971 686 4039 tamen
719 3971 888 4022 Jesus
935 3967 1018 4021 ita
1070 3967 1342 4036 subjecit,
1397 3973 1460 4023 ut
1505 3969 1638 4024 illos
1670 3971 1959 4026 occisione

319 4038 715 4094 interfecerit:
762 4041 832 4094 ad
891 4055 1066 4109 quam
1115 4054 1237 4093 rem
1300 4043 1707 4096 accommodat
1763 4042 1956 4098 locum

317 4111 438 4166 Scri
452 4116 654 4166 nturae.
689 4111 822 4165 LAC.

387 4181 501 4254 (76)
533 4181 898 4254 Agonisticam
929 4197 1177 4254 scenam.
1224 4181 1372 4244 Quin
1431 4183 1549 4237 haec
1598 4185 1666 4240 de
1722 4185 1956 4240 histrio-

315 4252 492 4325 nibus
523 4252 980 4325 et‘pantomimis
1000 4252 1337 4325 accipienda
1367 4253 1486 4325 sint
1517 4273 1684 4311 nemo
1708 4257 1956 4312 dubitet.

312 4323 638 4397 Ἀγωνιστοῐί
672 4325 956 4398 Hesychia
989 4330 1128 4380 sunt
1166 4323 1477 4398 ὑποκριταί,
1507 4327 1617 4382 hoc
1648 4337 1728 4383 est
1767 4329 1956 4383 mimi.

313 4399 496 4470 Caput
526 4403 722 4452 autem
753 4397 917 4470 istud,
947 4402 1001 4452 et
1017 4397 1276 4468 proxime
1308 4414 1560 4470 sequens
1583 4400 1958 4470 antiquorum

313 4467 724 4540 impunitatem
758 4469 950 4541 arguit
981 4486 994 4523 :
1021 4467 1184 4524 unde
1207 4467 1957 4528 miror'vehementérChri-

313 4541 537 4614 stiauos
566 4541 835 4596 homines
867 4545 1168 4614 tantopere
1225 4541 1546 4606 laborasse,
1609 4549 1672 4598 ut
1703 4545 1956 4614 turpitu-

315 4612 514 4668 dinem
573 4614 698 4668 suis
754 4611 1191 4669 commentariis
1251 4629 1365 4668 non
1417 4617 1588 4670 modo
1613 4611 1956 4683 revelarent,

319 4685 418 4739 sed
451 4689 508 4739 et
539 4684 741 4740 multis
770 4685 1230 4757 exponerent.La
1249 4685 1350 4738 Ρη.

389 4785 464 4828 —-_
488 4757 856 4828 Agonisticam
893 4773 1127 4828 scenam.
1179 4757 1522 4827 Quanquam
1559 4757 1748 4828 prima
1780 4758 1957 4815 facies

317 4826 613 4897 pertinere
643 4829 802 4884 istud
832 4829 1025 4885 adhuc
1051 4827 1320 4884 videatur
1349 4826 1418 4882 ad
1452 4826 1770 4890 theatrum.
1803 4837 1956 4887 certe

2143 3539 2254 3610 (78)
2289 3543 2350 3594 Et
2379 3538 2702 3610 palaestrica
2727 3535 2944 3610 diaboli
2971 3537 3375 3610 negotiumest.
3415 3533 3712 3610 Palaestra,

2070 3605 2261 3682 inquit
2287 3605 2543 3682 lsidprus
2564 3610 2648 3663 vel
2681 3608 2916 3682 dnhsﬁq
2947 3605 3150 3682 πάλης,
3211 3608 3266 3662 id
3328 3611 3416 3661 est
3447 3623 3478 3660 ει
3528 3606 3712 3682 lucta-

2068 3678 2246 3752 tione,
2273 3683 2358 3736 vel
2393 3681 2498 3734 ἀπὸ
2537 3685 2634 3734 τώ
2679 3678 2932 3746 πάλλειν,
2991 3681 3048 3734 id
3099 3685 3189 3735 est
3246 3696 3279 3733 a
3337 3679 3713 3752 motuiruina:

2071 3750 2258 3817 fortis,
2291 3755 2510 3808 scilicet
2541 3754 2692 3825 quod
2739 3753 2794 3806 in
2845 3752 3138 3819 luctando,
3195 3767 3326 3805 cum
3385 3750 3589 3806 melius
3620 3767 3714 3825 a‘r-

2071 3829 2308 3897 ripiant,
2343 3829 2457 3880 fere
2516 3819 2807 3896 quatiant,
2857 3826 3033 3895 idque
3090 3825 3244 3897 apud
3299 3829 3523 3877 Graecos
3568 3819 3708 3876 πάλ-

2071 3894 2184 3951 λείν
2215 3905 2471 3952 vocatur.
2509 3894 2575 3952 Et
2632 3903 2784 3952 recte
2817 3894 3053 3966 quidem
3087 3894 3204 3958 ille,
3241 3911 3371 3966 non
3422 3910 3592 3950 secus
3645 3909 3711 3948 ac

2069 3971 2170 4041 qui
2237 3971 2501 4025 derivant
2573 3967 2677 4021 ἀπὸ
2733 3964 2847 4021 ro?)—
2885 3964 3138 4041 πάλλειν)
3199 3965 3254 4018 id
3332 3969 3508 4041 est_a
3551 3973 3709 4041 motu

2069 4032 2252 4106 urnis,
2285 4059 2350 4096 eo
2381 4042 2534 4112 quod
2568 4042 2742 4096 ducta
2788 4041 2930 4094 forte
2959 4032 3350 4112 luctabantur.
3380 4036 3536 4112 ﬁam
3569 4032 3710 4112 πάλ-

2071 4112 2182 4167 λειν
2215 4107 2460 4180 vibrare,
2493 4117 2549 4166 et
2579 4119 2902 4175 concutere,
2936 4115 2992 4164 et
3013 4107 3707 4180 sortiridsigniiicatﬁAM.

2073 4187 2080 4190 ’
2141 4187 2251 4257 (79)
2282 4187 2342 4239 Si
2370 4177 2661 4252 szsez‘liam,
2693 4185 2742 4238 si
2775 4177 3381 4257 impietatem._Alludit
3405 4180 3710 4257 _ad_Scrip-

2070 4259 2128 4310 tu
2142 4251 2243 4311 ras"
2264 4251 2676 4311 interdicentes
2700 4251 3708 4322 saevitiam,impietatem,feritatem.

2070 4329 2279 4391 Quales
2308 4333 2447 4384 sunt
2475 4326 2769 4398 imprimis
2805 4325 2904 4379 illa
2934 4326 3142 4398 Genes.
3176 4341 3232 4377 Ix
3267 4341 3279 4380 :
3315 4323 3419 4398 Qui
3462 4323 3712 4398 e/fuderit

2067 4401 2396 4470 sanguinem
2426 4394 2681 4464 hominis,
2716 4413 2811 4468 pro
2867 4397 3136 4468 sanguine
3191 4394 3429 4470 hominis
3481 4396 3598 4470 eius
3626 4398 3710 4465 cf-

2066 4465 2352 4542 fnnlietur.
2382 4471 2599 4526 Deinde
2630 4465 2986 4541 praeceptum
3014 4465 3326 4542 (Decalogi.
3372 4467 3566 4542 Exod.
3588 4483 3707 4542 _x_x,

2067 4537 2192 4600 Non
2223 4543 2427 4599 occides
2449 4537 2650 4614 illique
2679 4541 3092 4614 correspondet
3121 4555 3313 4614 sermo
3371 4537 3602 4594 Domini
3645 4538 3702 4592 in

2071 4621 2286 4684 monte,
2319 4615 2498 4669 Matth
2529 4609 2606 4678 vi,
2639 4619 2694 4668 et
2724 4609 3056 4683 complures
3087 4610 3205 4664 alii.
3243 4609 3388 4684 Palu.

2138 4689 2247 4756 (80)
2275 4681 2355 4742 ’Ne
2382 4689 2552 4741 sciam
2571 4691 2622 4740 et
2651 4702 2818 4757 quum
2850 4681 2980 4740 boni
3031 4681 3382 4757 pereunt,_si_
3406 4685 3591 4757 tamen
3615 4682 3704 4757 bo-

2066 4753 2201 4812 num
2221 4753 2471 4830 sapiunt,
2497 4762 2638 4812 certe
2657 4753 2915 4829 quidem,
2940 4753 3058 4830 etc.
3092 4755 3172 4810 De
3227 4753 3476 4809 ethnicis
3515 4754 3704 4830 loqui:

2069 4835 2186 4893 tur,
2220 4827 2319 4900 qui
2378 4827 3247 4901 magistratuquethnicorum
3309 4827 3704 4901 sententiisad

318 4895 376 4953 et
422 4898 492 4978 in.
514 4899 821 4978 Olympiis,
866 4917 941 4978 _ac
971 4900 1510 4978 quinquenniorum
1542 4903 1962 4961 certaminibus
1991 4915 2038 4978 D
2070 4895 2288 4956 bestias
2321 4895 2691 4958 damnantur.
2729 4901 2817 4955 Ait
2847 4899 3062 4972 igitur:
3113 4899 3252 4978 Quis
3309 4905 3533 4978 autem_
3563 4895 3710 4953 mihi

317 4969 536 5047 qumin
566 4969 757 5047 stadio
791 4969 1009 5047 ﬂebant
1029 4969 1234 5047 moras
1265 4975 1595 5047 Graecorum
1623 4980 1760 5045 (quo
1785 4979 1958 5047 perti-

318 5046 416 5116 net
437 5041 581 5098 illud
613 5053 835 5116 propter
866 5044 1088 5100 Graeciae
1117 5043 1335 5116 otium)?
1370 5041 1682 5115 coeperunt
1720 5041 1958 5105 tandem

315 5112 493 5170 etiam
521 5112 816 5171 comoedia
848 5119 904 5171 et
931 5114 1226 5187 tragmdiaa
1259 5112 1561 5172 celebrari.
1597 5119 1743 5173 ΡΑΜ.

391 5187 500 5260 (77)
523 5188 715 5243 Altiles
762 5185 1054 5244 homines.~
1066 5185 1328 5260 Athletas
1356 5205 1454 5242 seu
1490 5190 1840 5260 palaestritas
1869 5192 1961 5246 in-

317 5256 550 5342 telligit,
594 5263 666 5314 ab
689 5259 1154 5342 gymnasiarchis
1188 5259 1274 5342 ali.
1297 5256 1508 5342 solitos
1535 5279 1961 5342 su_mr_na_cura,

319 5333 383 5382 ut
415 5337 613 5386 essent
651 5331 876 5388 viribus
906 5333 976 5386 ad
1037 5331 1359 5385 certamina
1407 5333 1827 5390 valentissimis
1863 5355 1958 5391 no-

319 5397 487 5455 biles.
522 5401 751 5458 Talium
783 5421 914 5460 vero
948 5404 1331 5458 certaminum
1357 5405 1775 5462 studiosissimi
1800 5413 1968 5463 erant

321 5470 526 5546 Graeci,
589 5475 834 5546 publica:
896 5475 1225 5532 securitatis
1276 5475 1392 5530 otio
1436 5478 1778 5546 gaudentes.
1840 5479 1968 5534 Hmc

322 5543 480 5599 enim
514 5543 886 5616 patiebantur
915 5547 1096 5616 longae
1130 5547 1289 5613 pacis
1321 5543 1496 5602 mala.
1531 5549 1728 5605 Alliles
1778 5551 1968 5605 homi—

325 5631 436 5689 nes
454 5617 782 5689 Septimius
827 5621 993 5686 dixit,
1028 5623 1093 5673 ut
1121 5619 1302 5674 Varro
1327 5623 1384 5672 et
1413 5621 1692 5676 Martialis
1723 5625 1894 5677 boves
1915 5627 1972 5676 et

327 5687 580 5765 gallinas
613 5691 932 5765 altiles,pro
963 5692 1181 5765 opimis
1204 5697 1258 5746 et
1289 5693 1590 5765 sagmatis.
1627 5693 1720 5748 Sic
1777 5694 1877 5748 lib.
1905 5695 1974 5748 de

327 5759 682 5887 gignentia.
717 5759 1020 5822 Eoo-rmen
1040 5762 1292 5819 altilium
1325 5763 1612 5836 saginam,
1649 5783 1812 5839 page,
1851 5767 1969 5821 147.

2070 4991 2318 5044 sponsor
2347 4980 2456 5044 est,
2517 4978 2788 5028 nocentes
2846 4989 3078 5044 semper
3135 4972 3543 5044 damnari,_ut
3595 4985 3711 5024 non

2072 5041 2627 5118 q'uandoque'ctiam
2675 5041 3058 5118 innocentes?
3089 5044 3272 5118 Quam
3333 5041 3543 5098 melius
3575 5056 3711 5118 ergo

2071 5112 2179 5184 est,
2233 5112 2454 5174 nes-circ
2521 5135 2702 5190 quum
2767 5115 2902 5172 mali
2943 5113 3342 5190 puniuntur:
3403 5129 3487 5190 ne
3529 5112 3713 5190 sciam

2073 5199 2130 5244 et
2169 5183 2368 5259 quum
2430 5183 2564 5244 bnn'i
2617 5194 2881 5260 pereunt.
2937 5183 3036 5242 llic
3067 5203 3222 5252 vero,
3254 5203 3341 5260 (ne
3389 5185 3527 5260 quis
3562 5183 3714 5260 chri-

2075 5257 2303 5317 stianus
2385 5257 2769 5332 obstreperet,
2829 5262 2974 5329 Ergo
3021 5265 3182 5332 sunt
3250 5258 3404 5332 inter
3456 5257 3720 5310 ethnicos

2078 5336 2238 5397 lmni,
2269 5335 2504 5403 corrigit
2536 5331 2940 5402 sametipsum,
2985 5331 3056 5383 si'
3089 5336 3284 5384 tamen
3311 5331 3591 5403 __bcn_um_
3627 5344 3718 5380 sa-

2079 5407 2270 5478 piunt,
2307 5397 2514 5478 inquit,
2545 5408 2653 5461 huc
2684 5397 2813 5478 est,_
2845 5403 2889 5456 si
2925 5404 3240 5478 tame_n_est
3273 5399 3427 5478 ullus
3459 5397 3604 5478 boni
3626 5415 3719 5478 sa:-

2079 5469 2184 5550 por
2213 5469 2550 5533 hnniinibus
2584 5479 2650 5550 ad
2687 5469 2980 5550 Christum
3007 5472 3248 5550 minime
3275 5469 3717 5550 pertinentibus!

2085 5543 2297 5603 Deinde
2331 5550 2562 5618 adjicit:
2598 5549 2762 5600 Certe
2795 5545 3028 5614 quidem
3063 5543 3417 5618 gladiatores
3440 5543 3717 5618 innocen-

2083 5631 2166 5675 tes
2221 5623 2280 5674 in
2343 5614 2542 5676 ludum
2596 5619 2857 5676 veniunt.
2892 5619 2954 5668 ut
2984 5614 3228 5684 publica:
3274 5615 3587 5686 voluptatis
3617 5616 3720 5670 ho-

2083 5694 2208 5748 stia:
2269 5697 2430 5748 fiant.
2491 5698 2618 5748 Jam
2677 5707 2790 5744 non
2852 5687 3012 5752 dicit,
3073 5687 3294 5754 bonos;
3355 5689 3454 5744 sed
3492 5693 3722 5744 tantum

2083 5765 2446 5836 innocentes,
2500 5763 2599 5836 qui
2633 5780 2744 5818 non
2795 5758 3079 5828 damnati,
3107 5760 3210 5816 sed
3243 5759 3396 5816 ultro
3427 5762 3487 5817 in
3521 5760 3722 5818 ludum

2083 5835 2344 5892 veniunt.
2367 5840 2495 5891 Bia.
