4262 6398
461 430 582 491 ’127

468 577 621 619 nus:
653 572 991 631 quanquam
1023 572 1194 613 nemo
1225 556 1348 610 haec
1406 553 1605 611 omnia
1645 551 1875 624 plenius
1924 548 2112 620 expri-
2144 554 2197 620 Α

469 665 629 707 mere
660 646 994 720 potest,nisi
1029 645 1130 717 qui
1157 644 1349 700 adhuc
1385 647 1609 712 spectat
1666 639 1819 696 malo
1851 655 1966 695 non
2001 639 2107 693 im-

471 737 651 811 plere,
685 751 855 807 quam
888 734 1250 790 meminisse.

1098 828 1333 885 CAPUT
1361 829 1476 884 XX.
2082 878 2085 881 ,

548 922 732 985 Quam
766 936 913 975 vana
938 918 1134 987 igitur,
1167 918 1284 973 imo
1342 918 1649 987 desperata
1688 911 2116 985 argumentatio

477 1026 704 1077 eorum,
746 1008 851 1078 qui
900 1009 1027 1063 sine
1057 1008 1235 1061 dubio
1264 1005 1800 1077 tergiversationem
1831 1003 1875 1036 ⁵³
1903 1001 2116 1056 admit-

473 1098 665 1155 tenda;
700 1097 1017 1167 Voluptatis
1036 1096 1081 1129 “
1112 1094 1460 1158 obtendunt,
1524 1091 1740 1147 nullam
1774 1092 1901 1161 ejus
1935 1088 2119 1144 absti-

476 1187 687 1243 nentiae
722 1184 1080 1240 mentionem
1114 1180 1443 1254 specialiter
1487 1182 1530 1215 ⁵⁵
1561 1180 1618 1235 in
1665 1178 1980 1251 Scripturis
2025 1178 2119 1231 de-

474 1273 805 1339 terminari,
839 1289 965 1344 quae
1006 1271 1225 1326 directo
1277 1270 1601 1341 prohibeat,
1660 1268 1949 1338 ejusmodi
1988 1282 2121 1320 con-

474 1361 749 1419 ventibus
781 1360 1063 1416 interesse
1126 1374 1359 1413 servum
1425 1357 1544 1411 Dei.
1595 1356 1815 1410 Novam
1857 1354 2118 1426 proxime

475 1450 875 1507 defensionem
925 1446 1238 1504 suaviludii
1278 1446 1589 1516 cujusdam
1638 1444 1831 1500 audivi
1862 1445 1993 1515 (81).
2024 1441 2118 1496 Sol

478 1538 737 1611 (inquit),
771 1538 888 1593 imo
916 1538 1088 1591 etiam
1119 1535 1246 1606 ipse
1293 1536 1442 1590 Deus
1471 1535 1542 1589 de
1567 1534 1710 1589 coelo
1742 1537 1984 1604 spectat,
2018 1547 2122 1586 nec

479 1626 941 1685 contaminatur.
962 1625 1139 1680 Plane
1167 1622 1252 1679 sol
1285 1627 1341 1677 et
1370 1621 1429 1677 in
1461 1622 1717 1677 cloacam
1758 1621 1952 1676 radios
1983 1636 2121 1675 suos

481 1715 672 1771 defert
700 1715 766 1782 “,
799 1729 904 1769 nec
928 1711 1539 1784 inquinatur.Utinam
1572 1716 1759 1766 autem
1784 1710 1936 1765 Deus
1962 1708 2124 1764 nulla

481 1803 704 1874 ﬂagitia
734 1802 1042 1857 hominum
1062 1805 1443 1873 spectaret,ut
1462 1816 1667 1855 omnes
1684 1798 1976 1870 judicium
1998 1814 2125 1853 eva-

965 422 1493 486 TERTULLIANI
1537 418 1861 482 OPERUM
1906 417 2111 478 PARS
2154 416 2203 475 1.
2250 447 2327 459 —
2372 413 2645 477 SERIES
2688 412 2738 486 Ι,
2783 406 3341 473 APOLOGETICA.

3746 408 3866 471 728

2855 542 3086 599 CAPUT
3127 540 3270 597 XXI.

2292 653 2540 717 Ethnici,
2611 667 2759 723 quos
2809 665 2984 721 penes
3044 648 3207 703 nulla
3235 651 3325 703 est
3383 646 3640 704 veritatis
3677 648 3868 721 pleni—

2220 742 2361 798 tudo
2394 742 2526 812 (85),
2559 742 2695 811 quia
2724 756 2830 794 nec
2849 739 3052 793 doctor
3109 736 3370 793 veritatis
3420 736 3596 805 Deus,
3644 737 3867 794 malum

2223 846 2289 886 ac
2318 831 2533 885 bonum
2560 846 2662 900 pro
2694 827 2935 884 arbitrio
2984 842 3051 881 ac
3096 824 3341 880 libidine
3384 825 3865 897 interpretantur,

2224 918 2360 974 alibi
2394 920 2611 973 bonum
2664 917 2818 988 quod
2851 914 2988 971 alibi
3046 913 3289 979 malum,
3338 919 3395 969 et
3445 914 3585 970 alibi
3642 915 3866 971 malum

2226 1009 2379 1078 quod
2413 1007 2548 1062 alibi
2581 1006 2823 1061 bonum.
2854 1006 2944 1058 Sic
2977 1019 3113 1075 ergo
3143 1002 3353 1069 evenit,
3412 1007 3478 1058 ut
3507 1003 3606 1074 qui
3665 1004 3726 1059 in
3761 1023 3867 1077 pu-

2228 1096 2378 1151 blico
2410 1097 2502 1150 vix
2551 1093 2896 1150 necessitate
2942 1092 3145 1148 vesicaa
3175 1092 3434 1147 tunicam
3497 1094 3661 1163 levet,
3711 1092 3866 1149 idem

2227 1185 2285 1239 in
2317 1184 2469 1239 circo
2501 1183 2673 1239 aliter
2703 1199 2818 1237 non
2839 1179 3090 1236 exsultet
3143 1180 3212 1244 η,
3269 1179 3382 1235 nisi
3434 1187 3623 1237 totum
3684 1182 3868 1254 pudo-

2228 1289 2349 1328 rem
2381 1272 2439 1327 in
2476 1274 2683 1327 faciem
2713 1269 2981 1325 omnium
3039 1269 3287 1324 intentat
3318 1284 3332 1335 ;
3365 1274 3423 1325 et
3478 1270 3579 1341 qui
3636 1271 3681 1306 ⁶⁰
3737 1270 3875 1327 ﬁlim

2226 1360 2468 1431 virginis
2497 1361 2569 1415 ab
2601 1359 2759 1415 omni
2792 1374 3003 1429 spurco
3034 1356 3205 1413 verbo
3264 1374 3437 1413 aures
3485 1363 3706 1426 tuetur,
3749 1360 3876 1431 ipse

2228 1465 2354 1505 eam
2389 1451 2445 1503 in
2480 1448 2769 1503 theatrum
2801 1447 2873 1501 ad
2919 1445 3050 1501 illas
3080 1462 3247 1501 voces
3278 1446 3877 1520 gesticulationesque

2228 1540 2477 1593 deducat
2510 1554 2524 1603 ;
2560 1542 2617 1591 et
2647 1536 2750 1606 qui
2783 1535 2839 1590 in
2874 1535 3084 1606 plateis
3142 1533 3304 1589 litem
3366 1551 3538 1590 manu
3598 1541 3871 1609 agentem

2229 1631 2333 1681 aut
2390 1625 2730 1696 compescit,
2785 1629 2886 1678 aut
2941 1624 3282 1690 detestatur,
3342 1622 3497 1678 idem
3566 1623 3626 1679 in
3684 1625 3876 1681 stadio

2230 1713 2595 1787 gravioribus
2651 1715 2866 1785 pugnis
2922 1710 3269 1784 suffragium
3326 1711 3521 1781 ferat;
3579 1717 3639 1768 et
3668 1712 3769 1785 qui
3800 1715 3874 1770 ad

2231 1804 2474 1859 cadaver
2502 1802 2757 1858 hominis
2788 1800 3083 1857 communi
3117 1799 3241 1872 lege
3285 1800 3545 1856 defuncti
3584 1801 3875 1871 exhorret,

482 1891 892 1948 deremus.Sed
915 1895 1141 1961 spectat
1160 1893 1216 1943 et
1240 1887 1793 1983 latrocinia,spectat
1813 1892 1871 1943 et
1897 1886 2128 1983 falsa,et
2154 1918 2203 1983 Β
2232 1890 2385 1947 idem
2418 1892 2475 1946 in
2506 1890 2937 1961 amphitheatro
2961 1890 3170 1944 derosa
3190 1895 3247 1944 et
3271 1888 3556 1961 dissipata
3586 1891 3786 1962 (86),et
3812 1890 3876 1947 in

480 1978 791 2047 adulteria,
822 1982 878 2034 et
904 1979 1160 2043 fraudes,
1193 1983 1249 2033 et
1282 1975 1659 2042 idololatrias,
1693 1982 1750 2031 et
1796 1974 2127 2046 spectacula

478 2066 858 2141 ipsa.Idcirco
878 2083 1014 2137 ergo
1037 2083 1141 2121 nos
1161 2082 1273 2120 non
1297 2064 1797 2135 spectabimus,ne
1826 2063 2128 2119 videamur

478 2155 551 2211 ab
579 2154 679 2210 illo
703 2155 798 2225 qui
817 2155 1015 2209 omnia
1032 2152 1604 2224 spectat.Comparas
1624 2152 1665 2185 ⁸⁷
1682 2151 2047 2220 homo,reum
2070 2155 2128 2206 et

471 2243 768 2314 judicem;
802 2243 1089 2312 reum,qui
1113 2241 1249 2312 quia
1280 2240 1667 2311 videtur,reus
1695 2246 1784 2297 est
1815 2241 2124 2310 :judicem,

478 2332 581 2402 qui
612 2332 752 2402 quia
774 2331 952 2395 videt,
975 2331 1156 2400 judex
1186 2330 1599 2400 est.Numquid
1624 2346 1758 2401 ergo
1790 2335 1847 2385 et
1876 2334 2037 2384 extra
2066 2328 2129 2382 li-

477 2418 654 2475 mites
684 2418 820 2475 circi
856 2420 1036 2474 iurori
1058 2418 1451 2488 studemus,et
1481 2425 1643 2473 extra
1672 2418 1940 2474 cardines
1970 2417 2126 2472 thea-

480 2507 557 2562 tri
583 2507 961 2579 impudicitiie
992 2506 1441 2572 intendimus,et
1470 2506 1795 2562 insolentiae
1822 2511 1983 2562 extra
2014 2510 2128 2561 sta-

486 2593 672 2662 dium,
722 2600 779 2651 et
826 2595 1321 2651 immisericordiae
1390 2600 1551 2650 extra
1607 2595 2124 2666 amphitheatrum,

487 2684 640 2755 quod
675 2684 819 2738 deus
842 2685 1017 2739 etiam
1050 2688 1209 2739 extra
1242 2700 1521 2752 cameras,
1554 2688 1611 2739 et
1658 2684 1875 2755 gradus
1906 2684 2039 2754 (82),
2072 2688 2129 2739 et

486 2771 714 2844 apulias
743 2773 785 2807 ⁵⁸
816 2772 928 2842 (83)
958 2770 1159 2828 oculos
1190 2771 1388 2826 habet.
1422 2772 1718 2835 Erramus,
1751 2788 2040 2842 nusquam
2074 2775 2130 2825 et

487 2877 798 2932 nunquam
830 2865 1141 2915 excusatur
1172 2861 1325 2917 653
1347 2860 1499 2931 quod
1533 2860 1684 2915 Deus
1714 2860 2127 2915 damnat.Nus-

486 2965 663 3021 quam
684 2955 1060 3019 etnunquam
1107 2948 1422 3019 licet,quod
1443 2965 1673 3020 semper
1694 2957 1747 3004 et
1780 2949 1996 3020 ubique
2014 2965 2126 3003 non

486 3037 643 3094 licet.
682 3039 807 3094 llaec
838 3042 928 3093 est
951 3037 1212 3092 veritatis
1240 3037 1545 3109 integritas
1564 3037 1700 3109 (84),
1733 3042 1788 3092 et
1818 3053 1943 3108 qua:
1969 3037 2016 3091 ei
2037 3036 2129 3091 de-

485 3127 660 3183 betur
688 3125 1005 3198 disciplinaa
1035 3125 1334 3197 plenitudo
1378 3130 1434 3181 et
1463 3125 1768 3197 aequalitas
1790 3124 2040 3193 timoris,
2073 3130 2130 3180 et

484 3216 629 3271 ﬁdes
661 3215 949 3286 obsequii,
991 3232 1104 3269 non
1136 3214 1450 3269 immutare
1479 3215 1854 3280 sententiam,
1892 3230 1995 3269 nec
2027 3231 2125 3269 va-

2234 1997 2340 2036 suo
2396 1979 2683 2051 sanguine
2739 1978 3071 2050 squalentia
3124 1994 3369 2049 corpora
3426 1978 3879 2050 patientissimis

2233 2067 2418 2125 oculis
2447 2069 2700 2138 desuper
2728 2067 3049 2122 incumbat.
3107 2067 3227 2121 lmo
3276 2065 3379 2136 qui
3424 2074 3661 2139 propter
3686 2067 3879 2124 homi-

2234 2155 2377 2212 cidas
2408 2172 2635 2228 pinnam
2668 2154 3030 2226 probandam
3091 2153 3162 2208 ad
3206 2153 3610 2224 spectaculum
3663 2156 3880 2226 veniat,

2232 2246 2386 2301 idem
2418 2245 2796 2316 gladiatorem
2827 2244 2901 2299 ad
2932 2241 3316 2299 homicidium
3347 2241 3595 2313 ﬂagellis
3625 2248 3683 2299 et
3701 2246 3884 2317 virgis

2232 2334 2541 2405 compellat
2569 2332 2817 2387 invitum
2853 2356 2867 2399 ;
2927 2335 2984 2387 et
3031 2329 3131 2403 qui
3186 2329 3492 2401 insigniori
3524 2331 3736 2403 cuique
3769 2334 3879 2389 ho-

2235 2423 2457 2479 micidae
2534 2424 2759 2477 leonem
2820 2419 3023 2490 poscit,
3106 2418 3262 2475 idem
3320 2419 3632 2491 gladiatori
3696 2422 3881 2478 atroci

2234 2517 2393 2584 petat
2418 2512 2641 2577 rudem,
2672 2514 2729 2565 et
2787 2508 3003 2580 pileum
3037 2508 3147 2578 (87)
3208 2508 3513 2593 pqmmium
3567 2511 3829 2566 conferat
3860 2528 3876 2568 :

2234 2598 2402 2655 illum
2435 2617 2564 2655 vero
2592 2601 2633 2635 ⁶¹
2671 2601 2997 2654 confectum
3033 2598 3188 2653 054
3218 2596 3396 2653 etiam
3429 2595 3546 2653 oris
3575 2598 3622 2633 ⁸³
3644 2606 3876 2671 specta-

2234 2689 2363 2745 culo
2393 2694 2617 2759 repetat
2648 2688 2781 2758 (88),
2808 2685 3089 2742 libentius
3123 2702 3546 2757 recognoscens
3577 2687 3647 2742 de
3678 2688 3878 2759 proxi-

2234 2794 2351 2847 mo,
2383 2795 2553 2848 quem
2587 2776 2771 2831 voluit
2798 2776 2843 2809 ⁶³
2874 2774 3133 2831 occidere
3181 2774 3252 2829 de
3309 2773 3652 2846 longinquo,
3713 2780 3877 2832 tanto

2233 2866 2435 2921 durior
2463 2864 2513 2920 si
2544 2864 2732 2920 noluit
2761 2862 2825 2917 5‘.

2835 3013 3067 3070 CAPUT
3095 3013 3273 3069 XXII.

2304 3122 2451 3188 Quid
2484 3122 2699 3178 mirum
2731 3122 2801 3177 de
2826 3121 2871 3156 ⁸³⁵
2900 3121 3195 3191 iniequata
3223 3120 3338 3176 ista
3384 3119 3694 3176 hominum
3728 3122 3877 3178 mis-

2235 3212 2493 3268 centium
2525 3218 2581 3267 et
2611 3210 3095 3266 commutantium
3125 3213 3344 3265 statum
3367 3209 3501 3265 boni
3533 3215 3591 3265 et
3616 3210 3756 3266 mali
3780 3228 3887 3283 per

378 3346 385 3357 .
487 3303 639 3359 riare
662 3275 975 3373 judicium.
1013 3304 1132 3359 Non
1168 3308 1357 3374 potest
1410 3302 1569 3358 aliud
1598 3320 1750 3369 esse,
1807 3275 1961 3374 quod
1994 3317 2124 3357 vere
2157 3275 2200 3342 ί)
2238 3301 2693 3357 inconstantiam
2744 3315 2956 3355 sensus
2998 3305 3054 3353 et
3101 3297 3313 3367 judicii
3346 3297 3620 3353 varietate
3649 3299 3693 3333 ⁸⁸
3718 3298 3748 3352 ‘I
3778 3275 3882 3354 Et-

484 3392 720 3463 quidem
751 3396 841 3447 est
870 3391 1087 3447 bonum
1120 3408 1220 3447 seu
1236 3390 1703 3449 malum.0mnia
1722 3398 1914 3448 autem
1949 3407 2126 3462 penes

482 3479 787 3535 veritatem
818 3478 919 3535 Dei
951 3478 1063 3534 ﬁxa
1093 3484 1251 3535 sunt.

2233 3390 2391 3445 enim
2420 3390 2530 3462 ipsi
2564 3394 2789 3444 actores
2817 3387 2860 3422 ⁸⁷
2908 3390 2965 3443 et
3020 3385 3529 3442 administratores
3572 3391 3877 3459 spectacu-

2233 3478 2448 3545 lorum,
2508 3475 2939 3550 quadrigarios,
2995 3474 3279 3545 scenicos,
3333 3475 3615 3549 xysticos,
3664 3491 3875 3533 arena-

1902 3596 2103 3658 Varia:
2132 3595 2455 3657 lectiones.

558 3706 1117 3782 “Tergiversatione
1138 3708 1274 3782 Big.
1302 3711 1349 3745 ⁵⁸
1376 3710 1673 3782 Voluptati
1703 3712 1833 3765 Jun.
1857 3711 1901 3745 ⁵⁸
1930 3709 2031 3763 Vel
2061 3708 2319 3782 localiter
2346 3710 2475 3764 add.
2510 3710 2672 3764 Fran.
2706 3710 2750 3744 “
2781 3709 3158 3765 Deflexitlun.
3183 3725 3271 3765 ex.
3298 3708 3373 3782 Μ.
3401 3709 3455 3764 S.
3489 3709 3531 3745 ⁸⁷
3560 3712 3875 3782 Compares

485 3776 649 3834 Seml.
691 3776 1057 3839 ⁵⁸’Ἕπαυλίας
1088 3776 1289 3835 ινουῖυ.
1322 3776 1567 3848 corrigii.
1601 3783 1643 3816 ⁸9
1676 3783 1853 3836 Exuat
1895 3783 2091 3836 Wouw.

488 3851 583 3887 Πιή
637 3852 681 3884 σε
715 3853 936 3887 Arnnruu
972 3853 1111 3887 Prin.
1173 3857 1280 3887 Dur
1332 3854 1534 3887 “hanc”:
1590 3855 1635 3887 63
1654 3854 1834 3887 num“
1870 3853 2050 3887 n..lnii
2076 3853 2120 3887 f'.

2226 3780 2279 3835 S.
2311 3782 2356 3815 ⁵ο
2382 3785 2453 3834 Ut
2482 3781 2579 3887 qui
2612 3782 2813 3837 Wouw.
2850 3782 2913 3837 Μ.
2949 3782 3002 3836 8.
3034 3783 3077 3818 ⁸⁸
3140 3782 3206 3837 Et
3253 3780 3469 3851 pileum
3530 3776 3863 3837 illum—vero

2246 3852 2422 3887 IIl/nun
2472 3854 2494 3887 ὕ
2549 3853 2605 3887 εἰ
2638 3853 2812 3887 ιιηΙιιίΙ
2843 3853 2947 3887 ΡΛΑ
3009 3854 3193 3887 [Vn-nn
3241 3854 3288 3887 ni
3326 3871 3438 3887 nnn
3464 3853 3643 3887 unlnH
3686 3854 3781 3887 Din
3824 3854 3863 3887 61

486 3851 603 3919 Rig.
637 3852 681 3884 ⁸³
708 3853 937 3905 Amoris
968 3853 1131 3905 Fran.
1167 3857 1297 3906 Par.
1332 3854 1558 3910 Oberlh.
1590 3855 1635 3888 ⁸³
1654 3854 1834 3917 Quem
1870 3853 2057 3907 noluit
2076 3852 2201 3907 Cod.
2246 3852 2442 3907 Wouw.

2549 3853 2606 3906 Si
2638 3853 2821 3908 voluit
2842 3853 2969 3909 Cod.
3009 3854 3212 3909 Wouw.
3241 3854 3291 3907 si
3326 3871 3439 3909 non
3464 3853 3648 3907 voluit
3680 3854 3800 3921 Βία.
3824 3854 3872 3889 ⁸⁸

481 3922 562 3977 De
592 3922 748 3979 abest
768 3925 887 3993 Rig.
922 3923 966 3956 π
994 3922 1340 3978 Varietatem
1376 3926 1559 3980 Paris.
1590 3926 1633 3959 ⁸⁷
1663 3928 1942 3981 Auctores
1973 3923 2143 3979 Seml.
2178 3923 2393 3979 Oberlh.
2428 3925 2585 3995 Leop.

1910 4051 2431 4112 Commentarios.

549 4154 666 4227 (8t)
696 4155 903 4211 Novam
928 4156 1183 4227 proxime
1239 4158 1613 4218 defensionem
1671 4158 1980 4213 suaviludii
2019 4172 2115 4211 cu-

468 4225 703 4299 jusdam
730 4225 941 4299 audivi:
969 4228 1063 4283 Sic
1094 4226 1193 4281 lib.
1228 4228 1291 4283 de
1325 4233 1591 4299 Baptism.
1628 4246 1695 4283 τι.
1747 4228 1976 4294 Audivi,
2005 4228 2118 4284 Do-

480 4296 639 4352 mino
671 4301 838 4363 teste,
870 4298 1181 4367 ejusmodi,
1216 4321 1241 4348 »ι
1272 4306 1381 4355 etc.
1404 4296 1543 4355 Ἐπὶ.

551 4399 618 4410 -
639 4368 959 4425 Suaviludii
985 4370 1304 4436 cuiusdam.
1368 4373 1576 4427 Eodem
1610 4372 1779 4427 modo
1812 4371 1948 4426 dixit
1972 4371 2114 4426 Sua.

474 4436 729 4495 viludios
760 4446 987 4495 vestros
1012 4442 1110 4495 lib.
1144 4442 1208 4496 de
1234 4444 1448 4498 Corona
1503 4444 1729 4509 militis,
1791 4459 1937 4509 quos
1966 4448 2118 4497 recte

475 4510 790 4586 Rhenanus
820 4512 896 4566 ibi
933 4513 1370 4586 interpretatur,
1404 4530 1502 4570 eos
1533 4515 1630 4586 qui
1660 4531 1726 4569 ex
1769 4510 2119 4572 Christianis

474 4584 943 4654 spectaculorum
977 4586 1168 4639 adhuc
1200 4584 1661 4654 oblectamentis,
1696 4603 1796 4643 seu
1832 4586 2119 4643 suavitate

476 4651 748 4708 ludorum
780 4655 1238 4710 delectabantur.
1272 4660 1416 4711 ΡΑΜ.

544 4724 656 4797 (82)
685 4726 854 4779 Extra.
882 4727 1109 4793 gradus.
1174 4729 1232 4782 In
1274 4728 1425 4782 circo
1483 4729 1701 4797 g-radus
1732 4728 1913 4785 fuisse
1962 4732 2115 4797 patet

474 4808 542 4848 ex
571 4795 865 4851 Suetonio.
894 4797 1036 4851 lliuc
1068 4797 1157 4850 lex
1190 4798 1287 4852 illa
1319 4795 1580 4855 Othonis.
1644 4800 1801 4855 Livio
1846 4807 1896 4855 et
1934 4795 2112 4853 Plinio

472 4865 747 4938 testibus,
781 4883 851 4921 ne
881 4868 1012 4938 quis
1054 4868 1165 4922 nisi
1219 4870 1307 4923 cui
1370 4872 1474 4926 400
1510 4877 1709 4926 essent
1738 4872 2007 4927 sestertio.
2045 4887 2113 4925 ex

471 4936 539 5015 μ
570 4936 1196 5015 gradibusspeetaret:
1232 4958 1364 4997 cum
1388 4942 1575 5015 legem
1605 4942 1819 4997 Juliam
1855 4943 2111 4999 theatra-

470 5005 825 5084 lenialicubi
860 5005 1082 5065 Plinius
1116 5005 1617 5084 nunciipat.VPAM.

544 5078 655 5150 (83)
688 5083 774 5154 ΑΕι
829 5084 1068 5150 apulias.
1116 5082 1209 5137 Sic
1263 5078 1475 5154 legitur
1524 5089 1577 5138 in
1613 5085 1739 5139 cod.
1807 5084 2105 5154 .igeharrli.

467 5150 654 5225 Atque
688 5151 794 5207 hoc
824 5154 1101 5208 vocabulo
1130 5150 1445 5221 significari
1499 5156 1770 5210 videntur
1823 5150 1947 5210 vela
1979 5172 2110 5225 qum

466 5220 525 5276 in
561 5223 810 5295 theatris
869 5231 924 5279 et
977 5225 1444 5295 amphitlieatris,
1505 5229 1572 5281 ad
1620 5232 1913 5291 ornatum,
1948 5220 2009 5281 et
2034 5229 2103 5281 ad

466 5294 858 5352 excludendos
907 5296 1058 5351 ictus
1084 5294 1229 5370 solis
1271 5300 1539 5355 fervidos.
1574 5301 1651 5354 Ea
1681 5317 1811 5354 vero
1843 5300 2105 5370 quando-

467 5381 922 5442 quepurpurea,
955 5384 1067 5442 quo
1098 5367 1287 5442 colore
1316 5370 1743 5442 praestantissin
1767 5388 1831 5434 te,
1859 5367 1929 5425 ut
1957 5370 2102 5442 veri-

466 5437 658 5512 simile
689 5437 796 5500 est,
835 5438 978 5493 lanna
1020 5437 1470 5512 imbuebantur,
1525 5443 1727 5512 quales
1774 5458 1839 5496 ex
1873 5441 2102 5512 Apulia.

465 5505 771 5565 Martialis.
815 5511 1106 5584 Velleribus
1152 5514 1351 5581 primis
1398 5505 1643 5584 Apuleio.
1691 5513 1853 5569 Unde
1883 5505 1939 5567 et
1959 5511 2104 5568 velis

465 5592 675 5651 nomen
708 5581 1063 5651 Apularium.
1097 5585 1221 5637 me.

536 5650 648 5728 (ﬁt)
689 5650 941 5708 Veritatis
991 5655 1304 5728 integritas.
1364 5656 1731 5728 incorrupta-
1760 5653 1933 5728 debet
1974 5671 2103 5728 esse

465 5718 680 5805 veritas
712 5738 838 5805 quin
872 5729 931 5805 et
958 5718 1310 5805 virginitatis
1359 5718 1625 5805 nomine-
1660 5724 1974 5805 aliquando
2005 5726 2102 5781 do-

466 5789 662 5859 natur,
687 5789 844 5848 unde
872 5789 1123 5849 heretici
1170 5795 1470 5853 veritatem
1503 5789 1815 5870 cauponari
1849 5813 1950 5853 seu
1974 5813 2097 5854 cor-

2147 4689 2194 4754 D

2230 4173 2500 4228 rumpere
2531 4157 2824 4228 dicuntur,
2877 4155 2975 4223 τὴν
3031 4154 3288 4225 ἀλήθειαν
3330 4151 3680 4225 καπηλεύειν,
3733 4173 3864 4213 can.

2227 4229 2282 4293 2,
2316 4227 2847 4300 synodi'l‘rullanm,
2908 4228 3007 4283 ubi
3042 4235 3416 4285 recensentur
3452 4244 3710 4300 canones
3740 4239 3865 4285 tum

2232 4298 3220 4373 Apostolorum,‘tumsuperiorum
3274 4298 3687 4370 conciliorum,
3737 4302 3866 4373 qui-

2229 4371 2339 4426 bus
2371 4371 2785 4425 adhmrendum
2813 4372 3164 4429 decernitur.
3191 4372 3262 4427 LE
3294 4377 3394 4425 Pa.

2299 4442 2847 4513 (85)Ε1[ιηῐιεί,ιιηο.ς
2901 4459 3061 4514 pene:
3119 4444 3275 4498 nulla
3309 4446 3407 4514 rest
3460 4442 3863 4514 iteritalisrple-

2225 4515 2437 4569 m'tudo.
2467 4514 2582 4568 Hoc
2631 4520 2734 4579 est,
2762 4513 2934 4586 quod
2986 4531 3163 4585 supra
3195 4513 3634 4586 explicavimus,
3690 4513 3753 4567 Si
3776 4519 3864 4569 ta-

2227 4602 2360 4640 men
2396 4586 2610 4640 bonum
2646 4585 2903 4655 sapiunt.
2936 4589 3062 4640 RIG.

2298 4657 2410 4727 (86)
2443 4662 2507 4713 Et
2530 4652 2824 4729 dissipata.
2861 4656 3137 4729 Intelligo,
3179 4655 3330 4710 hanc
3352 4652 3658 4729 voculam,
3688 4658 3745 4710 et
3780 4654 3860 4729 si-

2226 4725 2927 4799 mulcapeincredibilem
2964 4725 3319 4799 atrocitatem
3352 4725 3475 4782 ludi
3507 4725 3859 4799 gladiatorii.

2219 4797 2452 4854 Solebat
2534 4799 2713 4854 victor
2766 4798 3055 4869 gladiator
3102 4798 3180 4853 ita
3233 4800 3565 4869 frequenter
3620 4797 3865 4854 vulnera

2220 4877 2496 4941 repetere,
2533 4876 2594 4925 ut
2623 4867 2838 4924 victum
2874 4870 3152 4927 miserum
3185 4867 3497 4941 dissiparet
3535 4867 3595 4941 in
3644 4875 3860 4941 partes,

2218 4939 2614 5012 divideretque
2672 4941 2962 4998 horrenda
3019 4939 3385 4997 laceratione.
3446 4939 3861 5011 Testis—hujus

2218 5013 2580 5070 crudelitatis
2614 5013 2856 5069 Lactant
2910 5030 2922 5069 :
2964 5037 2984 5060 ι
3018 5012 3165 5078 Quin
3200 5014 3371 5069 etiam
3428 5026 3739 5084 percussos
3761 5013 3854 5083 ja-

2218 5090 2529 5157 centesque
2562 5086 2738 5157 repeti
2778 5085 2987 5154 jubent
3041 5083 3522 5157 spectatores,'et
3578 5083 3859 5157 cadavera

2216 5155 2755 5228 ictibus‘dissipari,
2792 5173 2861 5211 ne
2894 5156 3025 5228 quis
3057 5155 3186 5211 illos
3218 5155 3493 5211 simulata
3525 5160 3708 5209 morte
3756 5156 3853 5211 de-

2218 5229 2399 5284 ludat.
2434 5252 2459 5277 n
2501 5226 2795 5283 Habentur
2817 5226 2934 5282 hinc
2970 5226 3068 5281 lib.
3092 5246 3166 5294 vi,
3201 5245 3249 5282 ο.
3282 5232 3369 5282 20.
3400 5232 3524 5282 ωε.

2289 5302 2400 5371 (87)
2432 5306 2586 5356 l’clat
2608 5301 2793 5354 rudem
2825 5300 3120 5371 clpileum.
3155 5300 3339 5355 Rudis
3377 5297 3653 5371 et‘pileus
3689 5296 3858 5371 signa

2216 5367 2525 5439 libertatis,
2586 5373 2753 5442 rude
2788 5367 3227 5442 niniirumgseu
3288 5367 3501 5442 baculo
3540 5367 3855 5442 grandiore

2214 5442 2583 5499 donabantur
2604 5441 2956 5514 gladiatores
2970 5441 3063 5512 qui
3088 5440 3146 5497 in
3162 5459 3335 5498 arena
3359 5439 3601 5514 feliciter
3631 5456 3853 5513 pugna-

2212 5520 2435 5582 verant,
2470 5512 2646 5584 atque
2678 5514 2920 5568 rudiarii
2955 5514 3319 5570 dicebantur.
3362 5518 3434 5569 La
3466 5512 3565 5567 Pa.

2284 5588 2394 5655 (88)
2428 5582 2607 5653 mm,
2656 5601 2783 5640 vero
2835 5587 3139 5655 confectum
3193 5589 3357 5642 etiam
3385 5586 3499 5639 oris
3553 5582 3852 5655 spectaculo

2210 5653 2451 5785 repetiti?1
2473 5658 2542 5713 Ut
2574 5658 2729 5713 enim
2764 5673 2826 5712 os
2880 5653 2945 5713 et
2997 5657 3222 5713 vultum
3254 5653 3605 5730 exspirantis
3639 5653 3853 5711 intueri

2210 5744 2316 5785 vei
2354 5772 2365 5783 .
2456 5746 2532 5784 ιο.

2207 5731 2365 5786 velit.
2405 5731 2532 5785 me.
