4262 6348
314 383 435 446 ’129

1674 377 1775 439 DE
1821 381 2374 449 SPECTACUlJS.

3607 384 3727 445 730

320 517 439 572 rios
470 515 580 585 (89)
618 512 750 568 illas
781 512 1219 568 amentissimos
1249 512 1292 545 ⁸⁸
1350 512 1565 582 quibus
1613 512 1717 567 viri
1746 514 1790 548 5°
1842 514 1971 568 ani~
2002 520 2053 583 Α
2087 517 2317 574 Domini
2351 521 2558 577 ludat?
2608 523 2786 578 Docet
2845 521 3069 577 scilicet
3117 523 3173 575 et
3216 516 3486 573 diabolus
3524 517 3724 573 verbe-

321 603 741 671 mas,t'eminzs,
802 608 902 656 aut
960 601 1041 657 illi
1115 600 1311 667 etiam,
1373 618 1615 673 corpora
1674 619 1781 657 sua
1828 603 1967 658 sub-

319 698 594 751 sternunt
620 693 753 761 (90),
781 694 1015 763 propter
1047 707 1196 761 quos
1226 689 1283 744 in
1317 707 1385 745 ca
1425 691 1805 747 committunt
1843 709 1968 764 quae

321 782 781 855 reprehendunt,
806 797 871 834 ex
898 780 1102 834 eadem
1131 784 1253 834 arte
1284 780 1349 849 ⁷ο,
1396 796 1570 851 quam
1596 781 1635 814 “¹¹
1686 780 1969 853 magnifa-

315 873 499 937 ciunt,
534 872 832 941 deponunt
855 870 919 935 7’,
954 870 1070 923 imo
1104 868 1408 923 manifeste
1458 870 1742 924 damnant
1800 871 1967 942 igno-

316 960 500 1016 minia
531 965 588 1014 et
645 958 850 1027 capitis
898 958 1222 1012 minutione
1272 959 1403 1028 (91),
1464 963 1727 1014 arcentes
1786 960 1969 1026 curia,

317 1049 546 1114 rostris,
567 1054 799 1113 senatu,
822 1047 1036 1118 equite,
1056 1050 1399 1118 caaterisque
1422 1047 1745 1103 honoribus
1777 1050 1969 1104 omni-

319 1137 430 1192 bus
461 1136 639 1190 simul
674 1151 740 1188 ac
772 1134 1136 1189 ornamentis
1166 1135 1545 1205 quibusdam.
1580 1137 1806 1199 Quanta
1842 1154 1968 1207 per-

314 1226 1020 1294 versitas?Amantquos
1073 1222 1378 1294 mulctant,
1437 1225 1765 1295 depretiant
1825 1242 1968 1297 quos

318 1316 587 1387 probant.
645 1317 835 1367 Artem
916 1313 1314 1383 magniﬁcant,
1367 1313 1651 1368 artificem
1740 1319 1964 1370 notant.

318 1403 497 1468 Quale
521 1402 812 1473 judicium
845 1406 955 1469 est,
979 1408 1040 1455 ut
1072 1402 1143 1457 ob
1177 1418 1243 1456 ea
1282 1401 1413 1473 quis
1469 1402 1809 1474 offuscetur,
1869 1420 1969 1475 per

321 1510 449 1566 qua:
483 1489 891 1563 promeretur?
927 1492 1044 1546 lmo
1077 1496 1297 1562 quanta
1328 1492 1615 1546 confessio
1656 1498 1745 1547 est
1802 1494 1968 1549 mala:

316 1582 614 1651 rei,cujus
648 1584 914 1635 auctores
937 1581 1001 1647 ⁷³,
1037 1596 1169 1634 cum
1204 1579 1598 1652 acceptissimi
1650 1581 1789 1652 sint,
1845 1582 1968 1637 sine

318 1674 457 1726 nota
490 1686 603 1725 non
636 1668 810 1723 sunt!

912 1813 1141 1866 CAPUT
1180 1811 1380 1866 XXIII.

388 1938 528 1991 Cum
562 1936 743 2008 igitur
786 1934 1045 1990 humana
1096 1935 1442 2005 recordatio,
1503 1936 1679 1992 etiam
1743 1938 1965 1993 obstre-

317 2031 492 2097 pente
523 2024 710 2096 gratia
757 2023 1099 2093 voluptatis,
1140 2024 1508 2081 damnandus
1557 2042 1654 2081 eos
1707 2032 1960 2097 censeat,

320 2115 610 2186 ademptis
636 2114 800 2169 bonis
835 2112 1185 2184 dignitatum
1222 2114 1610 2184 inquemdam
1654 2115 1961 2187 scopulum

312 2203 425 2258 fair
439 2203 915 2273 ositatis,quanto
933 2202 1117 2273 magis
1134 2201 1327 2257 divina
1343 2205 1364 2273 j
1378 2204 1577 2259 ustitia
1594 2203 1651 2259 in
1667 2205 1793 2275 ejus
1808 2206 1963 2260 modi

313 2294 564 2349 artifices
597 2290 1053 2347 animadvertit?
1084 2294 1161 2345 An
1198 2291 1311 2346 Deo
1345 2291 1598 2363 placebit
1627 2295 1830 2365 auriga
1868 2294 1965 2350 ille

321 2386 406 2437 tot
436 2382 769 2437 animarum
803 2381 1179 2452 inquietator,
1212 2386 1297 2436 tot
1339 2381 1622 2437 furiarum
1673 2384 1961 2453 minister,

321 2472 469 2529 655
506 2477 591 2525 tot
620 2470 1033 2541 statuum(92),
1097 2475 1159 2524 ut
1202 2471 1247 2504 ’³⁸
1296 2472 1568 2527 sacerdos
1625 2478 1961 2543 coronatus,

318 2559 403 2616 vel
437 2560 734 2615 coloratus
768 2564 831 2613 ut
854 2558 1005 2625 leno,
1032 2576 1205 2630 quem
1239 2576 1415 2614 curru
1450 2561 1801 2633 rapiendum
1839 2564 1961 2618 dia-

316 2648 485 2704 bolus
515 2649 795 2704 adversus
828 2648 1046 2703 Heliam
1072 2649 1413 2704 exornavit?
1434 2648 1684 2705 Placebit
1714 2656 1771 2707 et
1792 2651 1965 2720 ille”,

318 2739 416 2809 qui
452 2737 649 2792 vultus
688 2754 826 2792 suos
886 2736 1167 2793 novacula
1218 2738 1456 2793 mutat?
1507 2738 1763 2797 infidelis
1830 2758 1967 2813 erga

317 2827 523 2882 faciem
577 2843 767 2893 suam,
822 2843 998 2896 quam
1050 2831 1185 2892 {non
1246 2832 1554 2882 contentus
1611 2829 1863 2886 Saturno
1912 2837 1968 2887 et

323 2916 462 2971 Isidi
494 2923 547 2970 et
581 2915 786 2969 Libero
829 2915 1147 2984 proximam
1210 2916 1416 2985 facere,
1466 2918 1706 2989 insuper
1763 2925 1965 2975 contu-

325 3004 516 3060 meliis
564 3002 865 3075 alaparum
927 3003 1010 3058 sic
1059 3003 1279 3074 objicit,
1337 3005 1505 3075 quasi
1563 3006 1633 3061 de
1682 3015 1966 3080 praacepto

2081 608 2323 664 randam
2378 610 2676 667 maxillam
2730 611 3021 682 patienter
3064 610 3269 664 oti‘erre
3328 607 3552 677 (Matth.
3623 608 3720 675 γι).

2077 695 2168 751 Sic
2232 704 2289 753 et
2346 701 2642 771 tragoedos
2702 698 3010 754 cothurnis
3068 697 3298 767 extulit,
3358 696 3496 767 quia
3554 711 3724 750 nemo

2080 789 2271 857 potest
2294 788 2545 858 adjicere
2577 789 2842 844 cubitum
2886 804 3069 842 unum
3123 787 3193 840 ad
3219 791 3504 841 staturam
3553 801 3722 839 suam

2078 874 2205 929 Luc.
2231 876 2377 946 x11):
2423 877 2762 931 mendacem
2800 877 2984 931 facere
3031 874 3157 929 vult
3214 874 3531 929 Christum.
3588 873 3721 928 Jam

2077 981 2210 1019 vero
2237 964 2428 1036 ipsum
2460 984 2609 1037 opus
2642 983 3044 1037 personarum,
3078 980 3273 1035 quaero
3308 980 3378 1017 an
3421 965 3530 1017 Deo
3597 960 3721 1032 pla-

2079 1059 2224 1119 ceat,
2259 1056 2358 1126 qui
2390 1072 2622 1110 omnem
2666 1054 3119 1109 similitudinem
3151 1056 3303 1108 vetat
3334 1051 3477 1121 fieri,
3502 1055 3723 1122 quanto

2079 1142 2268 1215 magis
2326 1144 2603 1215 imaginis
2661 1162 2799 1198 θυῖε.
2863 1148 2982 1197 Non
3035 1146 3192 1197 amat
3235 1142 3447 1196 falsum
3523 1143 3725 1194 auctor

2078 1232 2555 1303 veritatis(Exod.
2590 1233 2719 1303 xx):
2783 1231 3135 1287 adulterium
3204 1236 3293 1285 est
3348 1230 3501 1301 apud
3553 1228 3718 1283 illum

2077 1338 2250 1377 omne
2281 1323 2432 1392 quod
2471 1322 2724 1393 tingitur.
2780 1321 3029 1377 Proinde
3072 1336 3293 1390 vocem,
3346 1336 3539 1385 sexus,
3580 1321 3721 1372 asta—

2075 1414 2166 1466 tes
2196 1411 2599 1475 mentientem,
2640 1428 2890 1481 amores,
2940 1411 3081 1476 iras,
3113 1407 3392 1480 gemitus,
3434 1407 3724 1479 lacrymas

2077 1500 2514 1555 adseverantem
2550 1517 2664 1554 non
2702 1499 2994 1570 probabit,
3028 1499 3127 1569 qui
3159 1514 3393 1553 omnem
3452 1496 3723 1567 hypocri-

2077 1588 2170 1644 sin
2203 1589 2461 1643 damnat.
2496 1592 2777 1644 Caeterum
2810 1604 2942 1643 cum
2975 1588 3034 1642 in
3063 1587 3187 1658 lege
3224 1586 3565 1659 praescribit,
3600 1602 3723 1640 ma-

2074 1676 2355 1733 ledictum
2388 1695 2517 1733 esse
2543 1678 2641 1749 qui
2675 1676 3067 1732 muliebribus
3098 1675 3381 1731 vestietur
3413 1674 3520 1746 (93)
3563 1675 3720 1730 Deut.

2076 1767 2238 1838 xxn),
2272 1766 2410 1838 quid
2440 1767 2509 1822 de
2534 1766 2873 1838 pantomino
2896 1765 3211 1836 judicabit,
3243 1765 3343 1836 qui
3366 1763 3541 1819 etiam
3589 1781 3720 1819 mu-

2078 1854 2357 1911 liebribus
2389 1862 2630 1911 curatur
2659 1856 2702 1890 ⁷⁵
2728 1856 2837 1927 (94)
2861 1853 2883 1909 ?
2908 1860 3055 1909 Sane
3073 1860 3131 1910 et
3173 1853 3270 1909 ille
3314 1853 3516 1908 artifex
3568 1870 3720 1925 pug-

2076 1960 2285 1998 norum
2346 1944 2673 2015 impunitus
2731 1943 2889 1998 ibit?
2936 1942 3106 1997 Tales
3186 1944 3342 1998 enim
3422 1942 3723 1997 cicatrices

2073 2038 2378 2100 caestuum,
2413 2037 2470 2088 et
2491 2032 2671 2088 callos
2714 2048 3069 2104 pugnorum,
3132 2036 3187 2087 et
3254 2031 3484 2087 aurium
3506 2031 3548 2064 ⁷⁷
3596 2031 3722 2085 fun-

2072 2137 2228 2194 gosa
2260 2128 2370 2177 Deo
2402 2139 2533 2177 cum
2579 2139 2685 2177 suo
2719 2125 3005 2193 plasmate
3030 2121 3072 2155 ⁷⁸
3104 2120 3348 2193 accepit.
3400 2120 3533 2175 Ideo
3580 2118 3726 2174 illi"

2072 2210 2273 2267 oculos
2332 2211 2484 2265 Deus
2540 2210 2882 2283 plasmavit,
2936 2214 2997 2264 ut
3039 2209 3368 2280 vapulando
3426 2209 3719 2263 deﬁciant.

2071 2304 2251 2355 Taceo
2282 2301 2351 2354 de
2386 2300 2502 2366 illo,
2538 2301 2635 2370 qui
2662 2300 2958 2355 hominem
2992 2299 3141 2355 leoni
3191 2316 3303 2369 prae
3337 2316 3397 2353 se
3456 2297 3719 2369 opponit,

2074 2406 2144 2443 ne
2174 2406 2380 2459 parum
2416 2389 2493 2442 sit
2523 2388 2839 2459 homicida,
2898 2388 2997 2459 qui
3020 2390 3064 2423 ⁸ο
3125 2389 3395 2442 eumdem
3457 2391 3718 2458 postmo-

2074 2478 2469 2550 dumjugulat
2503 2478 2633 2549 (95).

2670 2620 2899 2676 CAPUT
2930 2620 3116 2675 XXIV.

2147 2747 2297 2809 Quot
2343 2745 2533 2800 adhuc
2591 2745 2781 2801 modis
2834 2744 3263 2817 perorabimus,
3310 2743 3454 2799 nihil
3515 2761 3582 2799 ex
3633 2742 3723 2799 bis

2075 2850 2203 2905 quae
2254 2833 2607 2906 spectaculis
2652 2835 3025 2905 deputantur,
3086 2834 3365 2907 placitum
3415 2834 3531 2889 Deo
3598 2850 3726 2888 esse

2080 2924 2233 2979 656
2265 2929 2365 2977 aut
2398 2939 2727 2994 congruens
2783 2923 2885 2979 Dei
2932 2924 3115 2979 servis
3144 2924 3212 2992 ⁸1,
3273 2923 3428 2994 quod
3478 2922 3725 2977 Domino

2080 3010 2355 3082 placitum
2391 3030 2503 3067 non
2538 3012 2635 3078 sit,
2661 3012 2708 3066 si
2740 3011 2937 3066 omnia
2968 3016 3202 3083 propter
3232 3011 3530 3066 diabolum
3563 3010 3727 3067 insti-

1754 3126 1956 3186 Varise
1988 3126 2288 3188 lectiones

388 3230 432 3265 ⁸⁸
462 3229 917 3285 Amantissimos
946 3233 1093 3286 Fran
1122 3248 1134 3297 ;

316 3302 358 3372 73
387 3304 509 3368 Qua
546 3303 667 3372 Rig.

318 3362 427 3427 ille.
450 3375 598 3428 abest
615 3362 830 3430 vRiaalt.
909 3375 951 3409 ⁷⁸
984 3374 1187 3429 Utatur
1225 3375 1416 3429 Wouw.
1452 3375 1519 3429 Μ.
1572 3375 1625 3430 S.

316 3445 361 3480 ⁸ο
393 3447 574 3510 Quam
609 3445 735 3501 add.
766 3447 922 3501 Pam.
956 3447 1121 3502 Scmt.
1198 3446 1240 3481 δι
1276 3448 1451 3501 Servo
1484 3447 1581 3502 Dei
1614 3448 1740 3517 Rig.

744 3303 789 3336 ἠ
812 3303 881 3357 Et
911 3303 1251 3375 diminuunt
1280 3303 1412 3358 add.
1446 3306 1616 3358 Fran.
1695 3306 1739 3339 ⁷³
1771 3307 1952 3375 Cujus
1982 3310 2207 3363 actores
2254 3308 2449 3364 Wouw.
2483 3310 2550 3363 Μ.
2583 3309 2639 3363 S.
2714 3309 2761 3342 7‘
2800 3308 2968 3363 Velut

1703 3377 1744 3411 ’Π
1781 3378 2037 3435 Rudium
2094 3381 2278 3436 Latin.
2354 3381 2396 3414 ⁷⁸
2454 3381 2595 3436 Cum
2654 3379 3043 3451 plasmaretur
3099 3382 3220 3449 Rig.

1213 3231 1613 3287 amatissimos
1673 3232 1798 3289 Cod.
1856 3236 2054 3290 Wouw.
2134 3237 2179 3271 ⁶⁰
2226 3236 2382 3290 Viles
2440 3237 2669 3292 animas
2725 3238 2893 3291 Fran.
2955 3237 3169 3293 Oberth.
3246 3236 3293 3271 ’³ο
3362 3236 3527 3291 Parte
3554 3237 3717 3291 Frau.

3030 3315 3245 3364 Wouw.
3300 3309 3364 3362 Μ.
3428 3308 3483 3362 8.
3560 3308 3603 3342 ⁷⁵
3652 3308 3722 3362 Et

3296 3380 3341 3414 7°
3395 3379 3531 3436 Illos
3595 3380 3720 3449 Βία.

1766 3569 2287 3632 Commentarius.

394 3670 506 3742 (89)
538 3672 862 3749 ᾼζοιζηανίοε.
894 3673 1089 3749 Ludus
1116 3671 1766 3749 quippegladiatorius,
1813 3676 1967 3749 sicut
1995 3679 2037 3745 C
2075 3680 2192 3746 tus,
2226 3681 2282 3732 et
2313 3677 2504 3747 potior
2533 3678 2707 3732 turba
2722 3677 2973 3732 civitatis
3030 3678 3327 3748 afﬂigitur,
3387 3676 3531 3732 nihil
3591 3694 3723 3749 pro-

322 3746 378 3798 et
408 3743 926 3818 amphitheatrum,
961 3742 1153 3818 dictus
1174 3742 1288 3818 κάτ’
1320 3742 1528 3818 tinxi”
1577 3742 1770 3801 arena.
1818 3747 1961 3801 Nam

320 3816 552 3869 tametsi
588 3815 707 3870 haec
726 3832 931 3886 Sparsa
960 3816 1015 3869 in
1044 3816 1185 3870 locis
1207 3815 1454 3871 aliorum
1518 3815 1812 3887 ludorum,
1864 3820 1965 3874 sed

325 3904 535 3960 nomen
571 3887 769 3960 ipsum
790 3892 1018 3942 tantum
1042 3889 1542 3943 communicatum
1566 3896 1656 3944 est
1735 3890 1965 3960 amphi-

323 3958 587 4024 theatro;
622 3959 875 4029 pessime
904 3975 1039 4031 vero
1071 3964 1333 4015 Barraaus
1364 3959 1613 4031 explicat
1646 3977 1658 4014 :
1718 3958 1965 4024 Qua-dri-

324 4031 516 4113 garios
547 4032 957 4113 et_arenarios,
1003 4029 1136 4113 illos
1188 4031 1303 4113 qui
1346 4029 1962 4113 currusreﬁciebant,

324 4103 489 4167 istos,
523 4103 619 4171 qui
656 4119 891 4157 arenam
922 4103 1259 4158 deferebant
1290 4103 1346 4157 in
1382 4103 1909 4174 amphitheatrum.
1937 4126 1960 4154 ι

324 4175 446 4301 Ilion
506 4179 594 4229 est
644 4174 774 4236 ita;
825 4174 1060 4246 aurigas
1126 4180 1185 4231 et
1240 4175 1593 4247 gladiatores
1670 4176 1963 4248 intelligit.

372 4264 457 4301 AC.
1736 4278 1739 4281 <

372 4264 457 4301 AC.
1736 4278 1739 4281 ί

393 4319 500 4387 (90)
531 4316 733 4383 Quibus
762 4316 873 4371 viri
894 4318 1146 4390 animos,
1175 4318 1425 4390 feminae.
1485 4320 1794 4390 autetiam
1853 4320 1962 4385 illi,

322 4391 561 4459 corporis
589 4404 687 4443 sua
708 4389 1450 4445 substernuntﬁladiatores
1466 4389 1773 4459 signiﬁcat,
1806 4407 1966 4445 ama-

323 4464 414 4515 tos
444 4462 513 4515 ad
550 4460 835 4514 insaniam
872 4476 1059 4531 usque
1090 4466 1145 4515 et
1174 4462 1315 4515 viris
1375 4468 1429 4516 et
1487 4461 1758 4527 feminis;
1804 4462 1963 4529 viris,

321 4533 492 4587 etiam
527 4548 593 4586 ex
625 4532 909 4585 nobilium
944 4534 1169 4599 ordine,
1204 4535 1261 4587 in
1290 4549 1523 4586 arenam
1560 4534 1964 4589 descendenti-

320 4604 467 4669 bus;
502 4605 737 4659 feminis
769 4621 999 4674 qucque
1054 4605 1459 4671 nobilissimis,
1520 4605 1638 4658 imo
1697 4610 1754 4659 et
1801 4606 1962 4673 viris,

319 4676 658 4747 pudicitiam
687 4692 854 4731 suam
886 4675 1155 4730 vilissimi
1182 4676 1431 4745 alicujus
1460 4674 1831 4731 mirmillonis
1862 4685 1965 4731 aut

326 4748 584 4803 retinarii
610 4764 807 4802 amore
840 4748 1753 4818 profligantibus.t‘.ujusinsanias
1778 4765 1965 4803 exem-

319 4822 413 4891 pla
446 4820 708 4885 suggerit
740 4827 899 4874 sexta
929 4820 1232 4875 Juvenalis
1261 4822 1460 4874 satira.
1499 4821 1625 4874 Rm.

390 4893 502 4961 (91)
534 4893 596 4945 Et
628 4894 824 4961 capitis
852 4895 1184 4946 minutione.
1222 4892 1350 4946 Haec
1384 4891 1613 4963 phrasis
1662 4896 1751 4944 est
1798 4890 1961 4961 jure-

316 4963 719 5018 consultorum
753 4964 905 5033 apud
942 4964 1095 5033 quod
1128 4971 1217 5018 est
1247 4964 1314 5018 D.
1359 4962 1460 5019 lib.
1523 4981 1597 5031 1v,
1651 4962 1737 5016 tit.
1783 4963 1838 5029 5,
1893 4964 1963 5018 de

316 5039 503 5105 capite
522 5035 852 5090 diminutis.
893 5038 1034 5089 PAM.

385 5109 495 5178 (92)
544 5109 634 5163 Tot
679 5109 965 5177 furiarum
1022 5108 1274 5160 minister
1330 5112 1409 5163 tot
1460 5111 1726 5162 statuam.
1793 5105 1963 5160 Notat

314 5178 536 5233 furiosa
566 5184 823 5233 veterum
860 5179 1011 5233 circa
1034 5178 1267 5249 aurigas
1301 5180 1419 5232 sive
1475 5180 1793 5251 agitatores
1834 5183 1958 5231 stu-

312 5251 426 5317 dia,
464 5252 519 5304 in
554 5268 682 5321 quas
715 5266 1115 5320 smpenumcro
1146 5251 1453 5305 contrariis
1486 5251 1636 5304 vctis
1694 5254 1957 5319 spectan-

312 5322 454 5376 tium
494 5330 717 5376 mentcs
748 5322 1205 5388 scindebantur;
1239 5323 1367 5377 aliis
1386 5324 1634 5392 prasinae
1699 5321 1957 5387 factioni,

309 5393 441 5451 aliis
472 5400 686 5451 veneta:
720 5395 1081 5448 faventibus:
1113 5395 1269 5449 unde
1291 5395 1622 5449 animorum
1657 5393 1798 5446 varii
1834 5409 1957 5447 mo-

309 5471 424 5531 tus,
459 5472 515 5521 et
544 5467 685 5521 varii
735 5471 945 5533 status,
988 5482 1090 5535 pro
1132 5466 1292 5522 varia
1343 5466 1568 5521 scilicet
1621 5462 1956 5535 agitatione,

308 5537 645 5593 ministrati.
686 5539 885 5608 itaque
909 5535 1204 5607 vulgatam
1239 5538 1309 5591 ab
1335 5538 1613 5591 Rhenano
1645 5539 1700 5589 et
1758 5535 1958 5590 Pame-

307 5609 385 5665 lio
418 5611 726 5665 lectionem
761 5611 1101 5675 retinemus,
1138 5609 1280 5664 nihil
1314 5610 1468 5663 enim
1503 5608 1597 5663 hic
1620 5608 1791 5678 juvat.
1826 5622 1957 5660 mu-

309 5681 411 5757 tila
445 5682 665 5757 codicis
693 5680 1048 5757 Agobardini
1100 5682 1410 5757 scriptura,
1459 5681 1620 5757 gt'l‘ot
1671 5677 1957 5757 fugarum

314 5753 693 5822 minister,tot
710 5750 904 5809 status
928 5757 991 5807 ut
1012 5750 1621 5809 leno.’»'CassiodoruS
1642 5766 1705 5822 nu
1725 5750 1959 5806 Transit

314 5820 629 5897 prasinus:
696 5842 831 5899 pars
884 5824 1085 5899 populi
1142 5828 1381 5898 moeret;
1437 5820 1711 5899 praecedit
1782 5838 1955 5882 vene-

2077 3749 2341 3803 ﬂcientes
2376 3751 2660 3804 ferventer
2692 3749 2976 3805 insultant
3011 3750 3195 3818 ;nihil
3247 3749 3534 3821 patientes
3590 3767 3720 3821 gra-

2074 3821 2221 3876 viter
2249 3822 2662 3876 vulnerantur:
2698 3827 2754 3877 et
2801 3822 2871 3877 ad
2936 3823 3134 3876 inanes
3185 3820 3719 3877 contentiones’sic

2075 3892 2472 3965 descenditur,
2504 3899 2785 3964 tanquam
2819 3897 2889 3949 de
2910 3899 3063 3949 statu
3101 3893 3483 3965 periclitantis
3516 3893 3722 3963 patria

2076 3963 2394 4019 laboretur.
2420 3986 2447 4013 ››
2480 3965 2606 4020 Bia.

2147 4035 2251 4108 (937)
2288 4038 2401 4108 Qui
2450 4036 2811 4091 muliebribus
2849 4039 3121 4108 vestietur.
3178 4035 3320 4108 Illud
3380 4050 3609 4107 quoque
3660 4035 3718 4089 Β.

2074 4106 2400 4178 Cyprianus
2430 4111 2683 4179 exagitat
2713 4107 2883 4177 epist.
2915 4109 3005 4172 6t,
3028 4107 3101 4163 ad
3122 4106 3498 4161 Eua/cratium.
3535 4110 3722 4179 Atque

2075 4195 2204 4233 can.
2236 4179 2306 4232 62
2338 4180 2568 4233 concilii
2594 4180 2652 4233 in
2680 4179 2876 4233 Trullo
2912 4180 3272 4250 prohibetur,
3306 4195 3377 4233 ne
3424 4180 3511 4232 vir
3557 4178 3720 4233 t'emi-

2076 4249 2199 4322 neis
2231 4250 2512 4316 vestibus,
2547 4257 2722 4322 atque
2752 4249 2926 4306 etiam
2953 4267 3022 4305 ne
3054 4250 3272 4305 femina
3324 4251 3587 4322 virorum
3628 4266 3718 4304 ve-

2076 4321 2266 4376 stibus
2322 4326 2539 4389 utatur,
2594 4321 2695 4377 aut
2750 4323 3003 4376 comicas
3052 4338 3354 4393 personas,
3429 4321 3716 4389 satiricus,

2076 4398 2177 4448 aut
2207 4394 2460 4465 tragicas
2484 4394 2795 4464 quisquam
2823 4394 3050 4449 induat.
3085 4394 3158 4448 LE
3192 4394 3284 4448 Pa.

2147 4465 2257 4531 (94)
2291 4463 2396 4533 Qui
2415 4467 2586 4519 etiam
2612 4463 2941 4519 mulieribus
2970 4470 3217 4519 curatur.
3274 4464 3379 4529 Qui
3437 4463 3715 4518 nimirum

2074 4539 2131 4589 et
2158 4553 2295 4591 voce
2326 4544 2382 4591 et
2422 4542 2587 4607 gestu
2647 4544 2702 4591 et
2733 4538 2961 4591 incessu
2995 4536 3437 4591 accuratissime
3493 4535 3715 4589 effemi-

2075 4612 2270 4668 natur,
2305 4617 2367 4662 ut
2391 4609 2677 4663 saltandis
2712 4610 3060 4663 temiuarum
3095 4607 3310 4663 fabulis
3344 4616 3445 4678 pro
3503 4608 3721 4662 t'emina

2074 4680 2274 4734 haberi
2310 4681 2509 4750 possit.
2544 4680 2668 4733 Itin.

2146 4753 2252 4820 (95)
2284 4758 2362 4807 Ne
2400 4769 2598 4821 parum
2654 4753 2726 4805 sit
2785 4750 3080 4815 homicida,
3129 4750 3225 4822 qui
3281 4750 3530 4805 eumdem
3576 4759 3717 4822 post-

2072 4823 2293 4878 modum
2313 4824 2556 4893 jugulat.
2591 4822 3025 4894 Gladiatoribus
3076 4821 3412 4877 commissis
3474 4821 3721 4894 populus

2073 4910 2499 4965 nonnunquam
2556 4895 2906 4965 deposcebat
2942 4893 3192 4949 leonem.
3248 4893 3485 4950 Emisso’
3534 4893 3718 4961 leone,

2073 4965 2361 5037 gladiator
2398 4966 2647 5037 periculo
2670 4966 2989 5036 proximus,
3040 4983 3392 5037 quacunque
3448 4971 3570 5020 arte
3622 4983 3717 5037 po-

2072 5042 2243 5106 terat,
2268 5039 2468 5093 subtili
2503 5054 2732 5093 recessu
2768 5045 2868 5092 aut
2888 5037 3300 5102 declinatione,
3361 5037 3716 5093 commilito-

2074 5127 2203 5165 nem
2241 5111 2590 5182 opponebat.
2628 5110 2976 5181 Plerumque
3011 5115 3206 5165 autem
3268 5109 3584 5182 accidebat,
3645 5111 3717 5182 _ut

2071 5178 2365 5253 secundus
2398 5183 2506 5237 iste
2549 5182 2856 5253 gladiator,
2882 5178 3035 5252 'post
3067 5199 3185 5236 rem
3250 5198 3381 5236 cum
3416 5180 3580 5253 leone
3640 5178 3717 5253 fc-

2069 5252 2256 5308 liciter
2287 5249 2816 5324 gestamfrepetita
2844 5249 3288 5309 commissione
3345 5249 3714 5321 gladiatoria,

2069 5342 2199 5379 cum
2238 5327 2424 5395 primo
2459 5326 2556 5380 illo
2587 5326 2968 5396 compositus,
3008 5325 3401 5394 jugularctur.
3452 5324 3564 5377 Hae
3623 5339 3714 5374 ra-

2068 5397 2245 5469 tione,
2282 5399 2506 5469 primus
2538 5396 2633 5452 ille
2662 5397 3023 5469 Tertulliano
3059 5396 3274 5469 dicitur
3335 5411 3446 5449 non
3507 5409 3714 5469 parum

2068 5464 2384 5536 homicida,
2420 5469 2528 5525 hoc
2551 5479 2656 5537 est,
2700 5468 2910 5523 iterum
2948 5467 3277 5521 homicida:
3330 5481 3537 5535 nempe
3586 5464 3713 5534 jam

2069 5541 2411 5609 semel,cum
2445 5541 2741 5595 hominem
2765 5538 2915 5594 leoni
2936 5556 3049 5609 prae
3076 5555 3136 5593 se
3162 5538 3470 5608 opposuit;
3498 5537 3710 5591 iterum

2067 5628 2222 5680 vero,
2257 5630 2391 5667 cum
2424 5613 2692 5667 eumdem
2729 5610 2946 5682 ipsum,
2995 5611 3180 5682 cujus
3224 5626 3284 5664 se
3340 5625 3579 5679 corpore
3639 5613 3713 5662 te~

2066 5679 2249 5756 iterat,
2287 5684 2659 5756 postmodum
2682 5679 2997 5753 jugulavit.
3047 5681 3300 5756 Denique
3343 5697 3454 5756 non
3506 5697 3711 5756 parum

2067 5751 2362 5813 homicida
2396 5760 2502 5823 est,
2537 5753 2634 5825 qui
2659 5751 3013 5809 servatorem
3049 5751 3224 5810 suum
3265 5751 3520 5826 jugulat.
3582 5752 3708 5810 RIG.
