4262 6350
275 430 398 491 733

1655 426 1755 488 DE
1801 425 2086 487 SPEC'I‘A
2099 425 2343 487 CULIS.

3574 426 3693 485 734

272 563 534 619 monium
576 563 835 626 reddere,
880 561 955 623 εἶς
1002 561 1200 623 αἰῶνας
1250 564 1338 617 ἀπ’
1386 563 1553 624 αἷῶος
1607 566 1654 598 ⁸³
1711 564 1787 634 (4)
1823 561 1921 616 alii

2040 565 2096 615 et
2126 566 2293 632 grata
2314 566 2368 616 et
2400 560 2712 633 simplicia,
2738 562 2911 617 etiam
2937 561 3181 616 honesta
3202 560 3487 631 quasdam.
3511 558 3694 615 Nemo

268 654 505 710 omnino
538 653 731 708 dicere
766 653 878 707 nisi
917 658 1027 708 Deo
1059 653 1287 709 Christo
1310 654 1338 707 ?

874 798 1107 852 CAPUT
1139 798 1330 852 XXVI.

345 924 453 978 Cur
495 939 631 994 ergo
668 940 781 977 non
828 922 1121 991 ejusmodi
1171 923 1347 977 etiam
1401 922 1707 978 daemoniis
1748 938 1924 992 pene-

274 1013 511 1068 trabiles
542 1012 727 1066 fiant?
758 1012 903 1065 Nam
958 1017 1015 1066 et
1057 1012 1389 1083 exemplum
1425 1011 1659 1079 accidit,
1684 1011 1927 1066 Domino

272 1106 417 1158 teste
448 1104 576 1171 ejus
613 1100 875 1155 mulieris
907 1102 981 1171 (5)
1018 1119 1141 1171 quae
1178 1102 1471 1156 theatrum
1509 1101 1677 1169 adiit,
1707 1104 1763 1155 et
1792 1099 1927 1154 inde

273 1208 401 1247 cum
467 1190 754 1244 daemonio
815 1188 1003 1243 rediit.
1068 1191 1267 1260 Itaque
1319 1190 1374 1244 in
1423 1190 1748 1243 exorcismo
1794 1205 1925 1243 cum

273 1284 615 1336 oneraretur
666 1278 1015 1332 immundus
1067 1278 1334 1349 spiritus,
1367 1278 1519 1349 quod
1571 1294 1749 1333 ausus
1779 1281 1930 1332 esset

269 1368 501 1423 fidelem
538 1366 775 1439 aggredi
812 1382 822 1419 :
873 1370 1213 1421 constanter
1243 1373 1300 1421 et
1326 1366 1657 1435 justissima
1690 1365 1927 1436 quidem

271 1458 484 1529 inquit)
517 1457 649 1520 feci,
686 1457 741 1510 in
769 1472 895 1511 meo
927 1472 1054 1511 eam
1080 1456 1295 1511 inveni.
1325 1456 1567 1511 Constat
1598 1460 1655 1509 et
1685 1455 1783 1509 alii
1816 1454 1925 1509 lin-

270 1552 429 1603 teum
465 1548 524 1601 in
558 1546 785 1602 somnis
817 1552 1121 1601 ostensum
1145 1546 1273 1614 eius
1296 1546 1409 1600 dici
1446 1548 1636 1614 nocte,
1662 1561 1777 1615 qua
1809 1549 1927 1598 tra-

268 1638 500 1709 gmdum
519 1636 803 1701 audierat,
833 1652 966 1689 cum
999 1635 1445 1706 exprobratione
1472 1632 1773 1689 nominato
1808 1638 1927 1688 tra-

273 1724 460 1797 gmdo,
522 1740 623 1778 nec
684 1723 840 1778 ultra
890 1722 1166 1793 quintum
1228 1722 1381 1776 diem
1436 1737 1566 1776 eam
1622 1720 1924 1775 mulierem

276 1814 333 1869 in
363 1814 575 1869 saeculo
606 1813 807 1869 fuisse.
845 1814 994 1878 Quot
1047 1811 1252 1882 utique
1312 1815 1370 1865 et
1427 1810 1543 1865 alia
1574 1811 1929 1865 documenta

2039 666 2328 704 venenum
2382 656 2670 721 temperat
2718 651 2851 706 felle
2896 656 2953 706 et
2982 650 3261 718 elleboro,
3307 649 3409 703 sed
3443 649 3697 704 conditis

2038 739 2364 810 pulmentis
2397 744 2451 794 et
2501 740 2649 794 bene
2697 739 3003 810 saporatis,
3056 742 3114 793 et
3172 737 3469 809 plurimun
3506 736 3691 792 dulci-

2038 828 2150 882 bus
2180 827 2233 881 id
2294 827 2431 882 mali
2486 827 2709 897 injicit:
2768 829 2846 883 ita
2876 832 2932 882 et
2971 826 3241 881 diabolus
3289 826 3505 882 lethale
3536 828 3691 897 quod

2039 916 2290 982 coniicit,
2326 918 2503 971 rebus
2529 916 2625 971 Dei
2658 916 3013 987 gratissimis
3037 920 3092 970 et
3122 915 3550 987 acceptissimis
3580 915 3689 970 im-

2038 1006 2184 1062 buit.
2220 1006 2428 1062 Omnia
2452 1006 2569 1060 illic
2594 1024 2693 1061 seu
2731 1007 2924 1073 fortia,
2960 1022 3060 1059 seu
3088 1004 3351 1072 honesta,
3387 1022 3488 1059 seu
3521 1021 3692 1060 sono-

2039 1115 2126 1163 ra,
2158 1115 2259 1152 seu
2292 1115 2528 1166 canora,
2582 1114 2681 1152 seu
2746 1096 3006 1163 subtilia,
3066 1096 3310 1167 proinde
3341 1095 3493 1150 habe
3523 1111 3590 1149 ac
3642 1096 3691 1149 si

2039 1186 2338 1242 stillicidia
2357 1188 2506 1243 659
2536 1186 2725 1241 mellis
2745 1187 2814 1239 de
2840 1184 3162 1239 ranunculo
3186 1185 3229 1217 ⁸³
3258 1189 3537 1239 venenato
3572 1184 3644 1253 (6)
3677 1200 3689 1237 :

2042 1294 2145 1331 nec
2180 1276 2325 1331 tanti
2359 1275 2554 1346 gulam
2608 1274 2787 1330 facias
2838 1273 3178 1345 voluptatis,
3231 1270 3433 1345 quanti
3468 1270 3692 1343 pericu-

2042 1364 2164 1421 lum
2201 1382 2302 1437 per
2330 1366 2699 1421 suavitatem.

2615 1509 2841 1563 CAPUT
2870 1508 3115 1563 XXVIII.

2109 1634 2466 1706 Saginentur
2517 1631 2809 1703 ejusmodi
2864 1630 3133 1685 dulcibus
3177 1629 3425 1685 convivae
3457 1629 3572 1696 sui,
3632 1634 3692 1685 et

2040 1722 2165 1777 loca
2197 1728 2253 1777 et
2283 1729 2549 1793 tempora
2598 1725 2654 1776 et
2712 1720 2987 1775 invitator
3023 1719 3285 1790 ipsorum
3318 1722 3424 1775 est.
3458 1719 3682 1774 Nostras

2039 1829 2235 1879 coenae,
2274 1818 2483 1867 nostra}
2514 1812 2728 1882 nuptiae
2756 1810 3012 1865 nondum
3041 1814 3198 1879 sunt,
3235 1826 3348 1864 non
3372 1825 3688 1881 possumus

278 1907 580 1959 cesserunt
605 1902 676 1957 de
709 1901 797 1956 his
830 1900 928 1971 qui
961 1917 1092 1954 cum
1127 1899 1359 1954 diabolo
1403 1900 1556 1969 apud
1593 1898 1928 1970 spectacula
1959 1932 2007 1997 B
2038 1923 2172 1963 cum
2206 1904 2323 1959 illis
2354 1904 2748 1967 discumbere,
2783 1902 2921 1973 quia
2948 1917 3049 1956 nec
3078 1900 3157 1955 illi
3186 1900 3513 1955 nobiscum.
3542 1899 3688 1954 Vici-

277 1991 765 2048 communicando
806 2008 838 2045 a
870 1990 1116 2045 Domino
1176 1989 1542 2044 exciderunt.
1570 1991 1739 2043 Nemo
1784 1989 1930 2043 enim

274 2084 450 2151 potest
481 2080 693 2135 duobus
751 2078 903 2135 658
942 2078 1185 2133 dominis
1239 2079 1449 2133 servire
1487 2077 1715 2149 (Matth.
1748 2095 1841 2145 v1;
1880 2080 1927 2133 II

272 2169 395 2227 Cor.
428 2186 505 2224 vn
538 2194 551 2237 ;
586 2170 757 2223 Eccti.
817 2166 1039 2238 xxxiii).
1075 2166 1223 2230 Quid
1268 2166 1385 2221 luci
1429 2183 1561 2222 cum
1612 2166 1870 2222 tenebris
1900 2166 1928 2221 ‘I

274 2259 414 2332 quid
445 2258 571 2315 vita:
603 2263 660 2314 et
682 2257 905 2312 morti?
1250 2262 1257 2269 '

914 2400 1147 2455 CAPUT
1178 2398 1389 2454 XXVII.

348 2526 555 2581 Odisse
585 2525 868 2580 debemus
910 2524 1022 2580 sito
1063 2528 1384 2579 conventus
1430 2526 1485 2579 et
1510 2527 1695 2578 cmtus
1735 2522 1926 2578 ethni-

279 2632 503 2683 corum,
546 2614 631 2670 vel
678 2614 835 2685 quod
880 2612 1000 2668 illic
1045 2629 1256 2668 nomen
1310 2612 1411 2667 Dei
1460 2612 1925 2683 blasphematur,

281 2705 401 2760 illic
434 2704 762 2775 quotidiani
795 2703 852 2757 in
887 2721 992 2759 nos
1037 2702 1233 2758 leones
1284 2702 1750 2774 expostulantur,
1794 2703 1929 2757 inde

283 2794 718 2865 persecutiones
757 2793 1174 2856 decernuntur,
1206 2790 1341 2845 inde
1375 2792 1724 2846 tentationes
1757 2792 1925 2846 emit-

283 2886 512 2936 tuntur.
543 2881 689 2945 Quid
724 2880 899 2934 facies
941 2880 998 2933 in
1032 2878 1131 2934 illo
1162 2879 1575 2949 suffragiorum
1608 2880 1927 2951 impiorum

280 2970 556 3027 astuario
587 2968 1003 3036 deprehensus,
1037 2984 1153 3023 non
1205 2968 1374 3038 quasi
1405 2968 1623 3037 aliquid
1658 2966 1777 3021 illic
1807 2968 1928 3039 pati

279 3058 471 3131 possis
505 3059 575 3112 ab
610 3056 970 3124 hominibus,
1004 3072 1176 3111 nemo
1218 3061 1274 3111 te
1314 3055 1615 3127 cognoscit
1662 3055 1926 3110 christia-

277 3164 445 3215 num,
478 3146 576 3199 sed
612 3146 867 3215 recogita
899 3145 1039 3216 quid
1072 3145 1143 3199 de
1174 3148 1228 3199 te
1262 3144 1363 3198 fiat
1392 3144 1452 3198 in
1486 3143 1649 3198 coelo.
1678 3144 1925 3199 Dubitas

278 3235 435 3293 enim
490 3233 589 3289 illo
639 3238 939 3303 nomento,
991 3249 1103 3304 quo
1134 3232 1192 3288 in
1245 3232 1459 3287 diaboli
1506 3231 1761 3288 Ecclesia
1806 3233 1924 3288 fue-

2040 1997 2148 2051 bus
2188 1993 2477 2065 disposita
2502 2010 2590 2047 res
2622 1999 2728 2048 est.
2762 1992 2926 2045 Nunc
2960 1989 3043 2044 illi
3078 1990 3367 2059 lmtantur,
3400 2005 3508 2044 nos
3547 2004 3684 2044 con-

2038 2083 2335 2138 ﬂictamur
2383 2084 2564 2150 (Joan.
2614 2082 2762 2153 xv1):
2815 2079 3082 2134 Sraeulum
3113 2076 3347 2149 (inquit)
3402 2076 3688 2146 gaudebit,

2034 2189 2126 2229 vos
2155 2175 2312 2227 trttes
2340 2173 2514 2228 eritis.
2551 2176 2877 2241 Lugeamus
2923 2185 3056 2239 ergo
3107 2168 3248 2222 dum
3300 2165 3518 2222 ethnici
3546 2182 3687 2238 gau-

2036 2263 2196 2329 dent,
2232 2268 2294 2316 ut
2324 2277 2508 2332 quum
2566 2260 2769 2331 lugere
2839 2257 3138 2329 cmperint,
3193 2256 3579 2327 gaudeamus,
3614 2272 3687 2310 ne

2034 2351 2254 2422 pariter
2276 2366 2430 2404 nunc
2450 2348 2790 2417 gaudentes,
2823 2352 2962 2401 tunc
2982 2361 3213 2417 quoque
3232 2344 3451 2415 pariter
3480 2342 3682 2415 lugea-

2038 2455 2190 2494 mus.
2225 2437 2512 2493 Delicatus
2542 2454 2624 2499 es,
2680 2434 3026 2501 Christiane,
3060 2434 3109 2489 si
3154 2438 3210 2489 et
3241 2434 3299 2487 in
3353 2431 3562 2487 saeculo
3585 2449 3681 2487 vo-

2036 2527 2321 2600 luptatem
2355 2526 2738 2597 concupiscis,
2778 2524 2896 2579 imo
2947 2522 3195 2578 nimium
3231 2522 3467 2591 stultus,
3503 2522 3549 2577 si
3576 2520 3684 2576 hoc

2037 2617 2338 2672 existimas
2392 2615 2769 2686 voluptatem.
2832 2612 3171 2682 Philosophi
3231 2610 3473 2682 quidam
3533 2614 3576 2649 ⁸⁸
3608 2609 3684 2681 (7)

2036 2706 2146 2762 hoc
2180 2722 2387 2761 nomen
2430 2705 2609 2776 quieti
2642 2709 2699 2758 et
2740 2700 3153 2773 tranquillitati
3183 2700 3490 2766 dederunt,
3527 2698 3584 2753 in
3617 2715 3685 2754 ea

2037 2797 2316 2868 gaudent,
2352 2796 2409 2849 in
2442 2812 2509 2849 ea
2557 2798 2893 2860 avocantur,
2929 2792 2987 2846 in
3028 2808 3095 2845 ea
3126 2790 3301 2845 etiam
3335 2788 3681 2863 gloriantur.

2037 2887 2125 2941 Tu
2158 2884 2299 2939 mihi
2334 2889 2519 2938 metas
2549 2884 2629 2953 (8)
2661 2888 2718 2937 et
2747 2898 2952 2937 scenas
2982 2884 3041 2935 et
3063 2879 3357 2951 pulverem
3384 2883 3441 2933 et
3472 2894 3680 2934 arenas

2036 2974 2322 3044 suspiras.
2361 2973 2525 3025 Dicas
2582 2971 2754 3025 velim
2782 2988 2795 3037 ;
2829 2986 2945 3024 non
2996 2984 3314 3039 possumus
3338 2966 3523 3021 vivere
3556 2964 3683 3021 sine

2033 3060 2353 3131 voluptate,
2379 3060 2476 3131 qui
2498 3060 2643 3113 mori
2664 3075 2797 3113 cum
2814 3057 3110 3128 voluptate
3133 3054 3475 3111 debebimus
3497 3053 3679 3110 ?Nam

2035 3150 2189 3220 quod
2211 3153 2299 3203 est
2321 3148 2479 3202 aliud
2502 3152 2699 3202 votum
2722 3151 3013 3215 nostrum,
3038 3160 3214 3216 quam
3239 3143 3394 3215 quod
3414 3147 3470 3198 et
3490 3148 3676 3212 Apos-

2034 3239 2159 3309 toli,
2191 3240 2347 3295 exire
2392 3240 2463 3293 de
2515 3237 2748 3301 saeculo,
2808 3243 2864 3291 et
2924 3235 3100 3306 recipi
3152 3234 3304 3305 apud
3365 3232 3676 3287 Dominum

276 3326 359 3381 ris
388 3324 451 3389 ⁸³,
486 3338 691 3377 omnes
740 3299 976 3394 angelos
1007 3299 1347 3394 prospicere
1378 3323 1447 3377 de
1500 3321 1661 3387 coelo,
1694 3326 1751 3377 et
1797 3322 1921 3378 sin-
1953 3299 1995 3367 C
2036 3299 2298 3402 (Ριιξιίρρ,
2334 3331 2376 3399 ι)
2412 3327 2561 3383 ΡΗίο
2594 3299 2880 3398 voluptas,
2914 3326 3012 3382 ubi
3044 3299 3099 3381 et
3138 3299 3356 3380 votum.

278 3414 452 3487 gulos
503 3414 803 3475 denotare,
854 3412 988 3483 quis
1044 3411 1469 3483 blasphemiam
1528 3412 1757 3479 dixerit,
1794 3412 1925 3484 quis

282 3502 555 3569 audierit,
586 3501 720 3573 quis
750 3500 1003 3574 lingum,
1027 3501 1159 3572 quis
1190 3517 1362 3557 aures
1383 3499 1614 3557 diabolo
1645 3502 1925 3558 adversus

282 3592 466 3648 Deum
513 3589 1064 3646 administraverit?
1095 3591 1268 3661 (Psal.
1303 3591 1363 3662 ι).
1397 3591 1522 3645 Non
1572 3607 1708 3662 ergo
1739 3592 1927 3663 fugies

284 3682 489 3737 sedilia
521 3681 777 3736 hostium
811 3680 1050 3748 Christi,
1086 3679 1247 3735 illam
1280 3680 1617 3735 cathedram
1652 3681 1927 3752 pestilen-

281 3770 499 3824 tiarum
532 3769 597 3835 ⁸⁸,
633 3770 948 3840 ipsumque
986 3785 1198 3834 aerem,
1250 3768 1349 3838 qui
1385 3768 1637 3838 desuper
1667 3768 1926 3822 incubat.

280 3857 546 3914 scelestis
576 3859 819 3913 vocibus
868 3862 1313 3928 constupratum
1347 3857 1374 3911 ‘I
1407 3858 1536 3912 Sint
1566 3856 1762 3912 dulcia
1793 3856 1932 3913 licet

2635 3469 2871 3527 CAPUT
2901 3468 3089 3524 XXIX.

2107 3599 2235 3654 Jam
2269 3616 2425 3654 nunc
2455 3598 2501 3653 si
2529 3602 2701 3669 putas
2729 3599 2771 3632 ⁸⁷
2801 3594 3242 3654 delectamentis
3273 3593 3500 3664 exigere
3543 3608 3669 3662 spa-

2038 3679 2185 3734 tium
2220 3678 2347 3746 boc,
2409 3696 2512 3733 cur
2560 3684 2678 3733 tam
2710 3678 2977 3750 ingratus
3035 3695 3117 3738 es.
3170 3680 3234 3730 ut
3292 3677 3373 3728 tot
3423 3678 3480 3728 et
3530 3672 3676 3727 tales

2038 3769 2372 3840 voluptates
2394 3788 2425 3823 a
2454 3769 2566 3824 Deo
2599 3770 2958 3823 contributas
2982 3767 3083 3821 tibi
3120 3765 3263 3821 satis
3291 3781 3403 3818 non
3439 3762 3678 3827 habeas,

2043 3875 2233 3931 neque
2278 3856 2709 3929 recognoscas?
2738 3858 2884 3921 Quid
2918 3856 3073 3911 enim
3115 3853 3461 3926 jucundius,
3505 3866 3679 3922 quam

1700 3974 1903 4035 Varias
1930 3974 2248 4036 lectiones.

346 4082 391 4115 ⁸²
423 4080 541 4135 Ἀπ’
576 4079 773 4141 αἰῶνος
808 4082 965 4136 abest
997 4080 1114 4150 Rig.

1193 4080 1238 4112 ⁸³
1263 4081 1385 4145 Quo
1418 4079 1685 4136 diabolus
1716 4082 1775 4134 in
1798 4080 2119 4138 Ecclesiam
2158 4082 2294 4137 furit
2328 4083 2456 4138 Cod.
2494 4084 2676 4139 Wouv.
2710 4082 2831 4150 Rig.

2908 4081 2954 4115 ⁸⁸
2986 4075 3474 4134 Pestilentiariam
3506 4076 3653 4129 Fran
3667 4114 3679 4127 .

274 4152 320 4187 ⁸⁵
339 4152 736 4209 Libacunculo
792 4155 959 4208 Fran.
993 4151 1307 4207 lucunculo
1335 4154 1463 4207 Jun.
1541 4152 1585 4187 ⁸⁶
1617 4154 1863 4218 Quidem
1898 4156 2064 4209 Fran.
2142 4155 2185 4189 ⁸⁷
2213 4154 2377 4209 Nunc
2409 4160 2549 4227 puta
2582 4156 2701 4223 [ηρ.

1722 4271 2244 4333 Commentarios.

348 4379 568 4448 (4)1312
629 4381 884 4433 ΑΙΩΝΛΣ
926 4378 1039 4433 AH’
1074 4378 1356 4431 ΑΙΩΝΩΝ.
1391 4378 1451 4432 In
1511 4377 1707 4432 codice
1769 4383 1922 4449 Ago-

273 4450 438 4505 bardi
505 4456 737 4506 tantum
798 4450 1030 4521 legitur,
1066 4451 1177 4504 Et}:
1212 4448 1327 4505 AH’
1354 4450 1632 4521 AIQNOE.
1664 4450 1778 4506 Alii
1806 4448 1919 4505 6m-

273 4524 409 4577 nino
439 4522 636 4588 dicere,
673 4523 787 4576 nisi
818 4520 929 4577 Deo
958 4532 1008 4577 et
1040 4521 1276 4577 Christo.
1320 4520 1492 4577 Nolat
1523 4522 1920 4576 Tertullianus

274 4595 429 4663 quod
492 4594 883 4648 acclamatum
946 4593 1123 4648 fuisse
1179 4593 1485 4648 Commodo
1538 4598 1736 4648 narrat
1796 4593 1919 4661 Dio,

275 4665 489 4719 ΝΙΚΑΣ
550 4667 882 4719 ΝΙΚΗΣΕΙΣ
937 4665 1047 4720 ΑΠ’
1081 4665 1357 4720 ΑΙΩΝΟΣ.
1420 4664 1545 4719 Lib.
1587 4682 1756 4719 Lxxu.
1793 4669 1917 4720 Rio.

341 4738 418 4805 (5)
438 4739 565 4809 Ejus
587 4737 870 4793 mulieris.
897 4737 1243 4807 Exemplum
1264 4736 1421 4790 istud
1443 4735 1921 4792 laudatissimum

274 4812 448 4879 atque
501 4811 763 4865 omnium
798 4809 972 4864 vulho
1006 4810 1064 4864 in
1099 4827 1214 4864 ore.
1250 4809 1558 4878 Supicaree
1590 4810 1684 4864 hic
1716 4810 1920 4865 mulie-

272 4896 392 4963 rem
426 4880 585 4963 illam
617 4899 648 4937 a
682 4883 945 4963 daemone
963 4882 1285 4963 obsessam,
1308 4880 1922 4963 ‘quod‘forsanincqn-

273 4950 430 5024 sulto
482 4959 583 5009 ant
631 4954 918 5009 renitente
979 4953 1187 5008 marito
1256 4950 1503 5024 adiverit
1566 4953 1918 5024 spectacula.

269 5023 458 5078 Causa
490 5026 643 5079 enim
702 5026 814 5079 ista
846 5024 954 5080 erit
997 5025 1251 5096 repudii,
1288 5031 1353 5079 ut
1384 5022 1726 5095 legitur'lib.
1763 5042 1818 5081 v.
1856 5026 1918 5081 C.

276 5096 362 5150 tit.
412 5098 493 5161 17,
519 5098 583 5152 de
612 5098 881 5167 repudz'is.
919 5098 988 5151 LE
1020 5102 1121 5152 Pa.

344 5168 424 5238 (6}
461 5169 973 5235 Stittz'cz'aiajnettis
1010 5170 1074 5224 de
1102 5168 1411 5223 ranunculo
1451 5177 1733 5224 venenato.
1767 5172 1841 5223 Ut
1872 5169 1920 5223 si

271 5238 405 5308 quis
440 5240 634 5295 favum
688 5239 879 5295 mellis
922 5258 1037 5296 una
1068 5258 1199 5296 cum
1233 5258 1387 5295 ranae
1432 5240 1650 5295 rubetae
1692 5239 1919 5310 pulmo-

272 5310 447 5365 nibus
484 5312 806 5383 exprimat:
852 5328 987 5366 nam
1050 5313 1181 5369 inde
1211 5317 1457 5370 confusa
1494 5328 1714 5367 veneno
1749 5312 1923 5367 mella

270 5383 582 5461 stillabunt
608 5402 618 5449 ;
642 5384 831 5461 ‘mella
862 5385 1121 5455 quidem,
1156 5386 1259 5461 sed
1288 5388 1603 5461 venenata:
1625 5385 1748 5439 RIG.

341 5486 409 5495 ——
436 5457 509 5512 De
543 5455 851 5512 ranhnculo
893 5461 1171 5512 venenato.
1230 5458 1558 5519 Juvenalis,
1590 5456 1652 5511 in
1710 5455 1919 5527 prima,

959 5553 1084 5610 Quae
1116 5555 1271 5604 molle
1307 5556 1564 5605 Calenum

484 5616 802 5665 Porrectura
831 5616 945 5665 viro
968 5618 1154 5665 miscet
1177 5619 1388 5668 sitiente
1423 5619 1666 5668 rubetam
1693 5630 1705 5668 :

267 5704 321 5749 et
348 5704 400 5752 in
432 5719 499 5755 vn
534 5720 545 5754 :

484 5785 549 5834 At
573 5798 716 5836 nunc
738 5800 824 5836 res
846 5786 1021 5848 agitur
1044 5787 1192 5836 tenui
1216 5788 1470 5850 pulmone
1488 5788 1694 5839 rubetaa
1720 5802 1730 5849 ς

280 5875 331 5921 et
359 5872 411 5923 in
442 5873 597 5926 tertia
617 5888 630 5926 :

2445 4382 2713 4431 Ranarum
2756 4381 2955 4429 viscera
3007 4391 3282 4439 nunquam

2237 4444 2469 4506 Inspexi.
3157 4442 3270 4488 RtG.

2104 4566 2169 4574 --
2227 4535 2297 4587 De
2354 4536 2657 4588 ranunculo
2714 4536 2993 4587 venenato.
3049 4535 3129 4584 Ita
3188 4529 3328 4588 legit
3384 4544 3450 4582 ex
3496 4526 3675 4582 veteri

2033 4608 2159 4661 cod.
2187 4605 2443 4660 Joannes
2476 4606 2767 4660 Wouwer.
2806 4608 2977 4657 Putat
3004 4601 3217 4657 Junius
3248 4598 3557 4671 legendum
3589 4598 3677 4652 lu-

2035 4677 2374 4745 cunculum,
2418 4695 2523 4731 vox
2554 4676 2706 4731 enim
2744 4676 2853 4730 ista
2884 4693 2916 4730 a
2941 4675 3151 4729 lucuns
3183 4672 3564 4735 derivaretur,
3587 4687 3678 4745 es-

2035 4757 2239 4820 setque
2272 4743 2622 4803 lucunculus
2657 4746 3068 4820 ὑποκοριστικᾲγ
3094 4745 3333 4820 verbum
3364 4763 3377 4811 ;
3410 4743 3679 4820 etquod-

2034 4817 2169 4877 dam
2203 4822 2481 4877 saccarati
2510 4817 2848 4891 tragematis
2873 4826 2929 4874 et
2954 4818 3177 4874 bellarii
3202 4834 3388 4889 genus
3416 4843 3430 4884 ς
3464 4817 3533 4870 de
3561 4832 3675 4887 quo

2033 4894 2309 4949 Afranius
2343 4892 2560 4947 fratriis
2595 4910 2607 4947 :

2284 4991 2473 5041 Pistori
2505 4995 2690 5051 navet,
2723 5004 2817 5038 cur
2850 4989 3166 5038 seriblitario
3188 4989 3211 5035 ?

2281 5055 2346 5103 Ut
2375 5055 2548 5102 mittat
2568 5052 2713 5102 fratri
2752 5052 2858 5101 ﬁlio
2896 5052 3224 5101 locuncnlos.

2102 5147 2234 5209 Qua:
2278 5145 2336 5197 in
2380 5144 2526 5197 hanc
2577 5158 2771 5197 vocem
2831 5142 3149 5196 annotavit.
3187 5141 3265 5195 La
3297 5141 3498 5207 Cerda,
3535 5137 3677 5193 levia

2033 5224 2194 5281 sunt,
2229 5216 2275 5270 si
2310 5233 2376 5271 ea
2417 5215 2635 5269 eletlS
2687 5230 2812 5284 qure
2861 5213 3155 5269 habentur
3201 5213 3354 5282 apud
3408 5210 3677 5284 doctissi-

2035 5280 2192 5344 mum
2250 5288 2585 5342 'l‘urnebum
2622 5280 2722 5339 lib:
2765 5303 2902 5340 xvm
2966 5287 3101 5339 Adv.
3160 5280 3285 5355 cap.
3332 5284 3403 5355 20
3452 5280 3672 5355 LE_P_r.

2105 5363 2176 5430 (7)
2212 5359 2526 5431 th'1030phi
2577 5359 2818 5429 quidam.
2872 5351 3433 5431 Epicurerns—tangit
3465 5351 3562 5431 qui
3615 5351 3673 5405 in

2030 5425 2327 5505 voluptate
2358 5425 2657 5505 summum
2692 5425 3323 5505 bonum‘reponebant.
3357 5425 3433 5505 De
3452 5425 3561 5505 fa.
3596 5493 3605 5503 .

2104 5494 2187 5575 (8)
2218 5506 2289 5558 Tu
2319 5503 2468 5558 mihi
2496 5501 2950 5575 metasLASeptem
2986 5494 3181 5575 mgtis,
3228 5496 3418 5567 inquit
3448 5494 3676 5575 Cassio-

2032 5571 2212 5631 dorus
2244 5576 2469 5629 Variar.
2504 5575 2553 5627 le
2606 5579 2646 5627 t.
2684 5572 2782 5626 lib.
2818 5589 2900 5625 ιιι.
2937 5588 2985 5625 c.
3042 5571 3133 5635 51,
3167 5586 3338 5623 omne
3378 5572 3674 5622 certamen

2072 5648 2350 5717 eragitur,
2370 5648 2428 5701 in
2462 5644 2905 5717 similitudinem
2934 5641 3318 5717 hgbdomadis
3346 5639 3674 5717 reciprocae.

2072 5666 2350 5717 eragltur,
2370 5666 2428 5701 In
2462 5666 2905 5701 Slmultuumelu
2936 5666 3318 5696 ueuuuuxuum
3347 5666 3674 5709 l'cmprucw.

2031 5666 2175 5791 Ipsae
2222 5737 2353 5775 vero
2394 5724 2558 5773 meta:
2592 5715 2916 5791 secundum
2969 5712 3527 5791 Zodiacosdecanos
3558 5715 3674 5791 ter-

2032 5783 2138 5847 nas
2196 5792 2481 5857 obtinent,
2544 5786 2935 5853 summitates,
2984 5802 3131 5858 quas
3193 5787 3262 5843 ad
3317 5786 3504 5842 instar
3533 5783 3672 5841 selis

2031 5863 2247 5923 celeres
2281 5861 2580 5935 quadrigae
2612 5864 3024 5933 pervagantur.
3059 5858 3202 5916 PAM.
