  <div class='ocr_page' id='page_1' title='image "/cluster/home/n/w/nwhite01/storage/ocr_20150623/1/umn.31951002477295j/373.png"; bbox 0 0 4262 6374; ppageno 0'>
   <div class='ocr_carea' id='block_1_1' title="bbox 507 425 627 484">
    <p class='ocr_par' dir='ltr' id='par_1_1' title="bbox 507 425 627 484">
     <span class='ocr_line' id='line_1_1' title="bbox 507 425 627 484; baseline 0 -1"><span class='ocrx_word' id='word_1_1' title='bbox 507 425 627 484; x_wconf 83' lang='grc'>’735</span> 
     </span>
    </p>
   </div>
   <div class='ocr_carea' id='block_1_2' title="bbox 1024 422 3390 496">
    <p class='ocr_par' dir='ltr' id='par_1_2' title="bbox 1024 422 3390 496">
     <span class='ocr_line' id='line_1_2' title="bbox 1024 422 3390 496; baseline -0.001 -12"><span class='ocrx_word' id='word_1_2' title='bbox 1024 425 1551 487; x_wconf 83' lang='lat' dir='ltr'>TERTULLIANI</span> <span class='ocrx_word' id='word_1_3' title='bbox 1595 424 1916 488; x_wconf 76' lang='lat' dir='ltr'>OPEHUM</span> <span class='ocrx_word' id='word_1_4' title='bbox 1959 427 2159 487; x_wconf 86' lang='lat' dir='ltr'>PARS</span> <span class='ocrx_word' id='word_1_5' title='bbox 2203 426 2254 486; x_wconf 91' lang='grc' dir='ltr'><strong>Ι.</strong></span> <span class='ocrx_word' id='word_1_6' title='bbox 2293 459 2371 470; x_wconf 90' lang='grc'><strong>-</strong></span> <span class='ocrx_word' id='word_1_7' title='bbox 2413 424 2686 486; x_wconf 81' lang='lat' dir='ltr'>SERIES</span> <span class='ocrx_word' id='word_1_8' title='bbox 2730 425 2780 496; x_wconf 86' lang='grc' dir='ltr'>Ι,</span> <span class='ocrx_word' id='word_1_9' title='bbox 2825 422 3390 485; x_wconf 81' lang='lat' dir='ltr'>APOLOGE’I‘ICA.</span> 
     </span>
    </p>
   </div>
   <div class='ocr_carea' id='block_1_3' title="bbox 3775 418 3895 478">
    <p class='ocr_par' dir='ltr' id='par_1_3' title="bbox 3775 418 3895 478">
     <span class='ocr_line' id='line_1_3' title="bbox 3775 418 3895 478; baseline 0.017 -2"><span class='ocrx_word' id='word_1_10' title='bbox 3775 418 3895 478; x_wconf 82' lang='lat'><strong>736</strong></span> 
     </span>
    </p>
   </div>
   <div class='ocr_carea' id='block_1_4' title="bbox 513 551 3899 630">
    <p class='ocr_par' dir='ltr' id='par_1_4' title="bbox 513 551 3899 630">
     <span class='ocr_line' id='line_1_4' title="bbox 513 551 3899 630; baseline -0.001 -19"><span class='ocrx_word' id='word_1_11' title='bbox 513 556 615 611; x_wconf 99' lang='lat' dir='ltr'>Dei</span> <span class='ocrx_word' id='word_1_12' title='bbox 648 556 826 628; x_wconf 86' lang='lat' dir='ltr'>patris</span> <span class='ocrx_word' id='word_1_13' title='bbox 871 562 925 611; x_wconf 90' lang='lat' dir='ltr'>et</span> <span class='ocrx_word' id='word_1_14' title='bbox 973 555 1194 612; x_wconf 83' lang='lat' dir='ltr'>domini</span> <span class='ocrx_word' id='word_1_15' title='bbox 1229 557 1622 621; x_wconf 82' lang='lat' dir='ltr'>rcconciliato,</span> <span class='ocrx_word' id='word_1_16' title='bbox 1675 575 1850 630; x_wconf 89' lang='lat' dir='ltr'>quam</span> <span class='ocrx_word' id='word_1_17' title='bbox 1884 553 2141 614; x_wconf 78' lang='lat' dir='ltr'>veritatis</span> <span class='ocrx_word' id='word_1_18' title='bbox 2169 561 2226 625; x_wconf 89' lang='grc' dir='ltr'><strong>Α</strong></span> <span class='ocrx_word' id='word_1_19' title='bbox 2256 558 2342 613; x_wconf 87' lang='lat' dir='ltr'>ria</span> <span class='ocrx_word' id='word_1_20' title='bbox 2383 557 2815 629; x_wconf 79' lang='lat' dir='ltr'>resurgentium</span> <span class='ocrx_word' id='word_1_21' title='bbox 2846 553 3217 611; x_wconf 84' lang='lat' dir='ltr'>sanctorum!</span> <span class='ocrx_word' id='word_1_22' title='bbox 3251 552 3421 624; x_wconf 89' lang='lat' dir='ltr'>quale</span> <span class='ocrx_word' id='word_1_23' title='bbox 3459 568 3702 623; x_wconf 84' lang='lat' dir='ltr'>regnum</span> <span class='ocrx_word' id='word_1_24' title='bbox 3731 551 3899 608; x_wconf 84' lang='lat' dir='ltr'>exin-</span> 
     </span>
    </p>
   </div>
   <div class='ocr_carea' id='block_1_5' title="bbox 514 645 2146 719">
    <p class='ocr_par' dir='ltr' id='par_1_5' title="bbox 514 645 2146 719">
     <span class='ocr_line' id='line_1_5' title="bbox 514 645 2146 719; baseline 0.001 -19"><span class='ocrx_word' id='word_1_25' title='bbox 514 645 806 714; x_wconf 87' lang='lat' dir='ltr'>revelatio,</span> <span class='ocrx_word' id='word_1_26' title='bbox 859 662 1032 716; x_wconf 89' lang='lat' dir='ltr'>quam</span> <span class='ocrx_word' id='word_1_27' title='bbox 1065 663 1328 701; x_wconf 91' lang='lat' dir='ltr'>errorum</span> <span class='ocrx_word' id='word_1_28' title='bbox 1380 646 1715 718; x_wconf 79' lang='lat' dir='ltr'>recognitio,</span> <span class='ocrx_word' id='word_1_29' title='bbox 1750 664 1924 719; x_wconf 86' lang='lat' dir='ltr'>quam</span> <span class='ocrx_word' id='word_1_30' title='bbox 1953 651 2146 701; x_wconf 88' lang='lat' dir='ltr'>tanto—</span> 
     </span>
    </p>
   </div>
   <div class='ocr_carea' id='block_1_6' title="bbox 515 732 2145 807">
    <p class='ocr_par' dir='ltr' id='par_1_6' title="bbox 515 732 2145 807">
     <span class='ocr_line' id='line_1_6' title="bbox 515 732 2145 807; baseline 0.002 -20"><span class='ocrx_word' id='word_1_31' title='bbox 515 750 643 788; x_wconf 91' lang='lat' dir='ltr'>rum</span> <span class='ocrx_word' id='word_1_32' title='bbox 677 739 828 788; x_wconf 88' lang='lat' dir='ltr'>retro</span> <span class='ocrx_word' id='word_1_33' title='bbox 873 732 1186 788; x_wconf 86' lang='lat' dir='ltr'>criminum</span> <span class='ocrx_word' id='word_1_34' title='bbox 1226 735 1393 790; x_wconf 90' lang='lat' dir='ltr'>venia</span> <span class='ocrx_word' id='word_1_35' title='bbox 1419 735 1446 788; x_wconf 80' lang='lat' dir='ltr'>‘I</span> <span class='ocrx_word' id='word_1_36' title='bbox 1477 737 1610 801; x_wconf 67' lang='lat' dir='ltr'>Quae</span> <span class='ocrx_word' id='word_1_37' title='bbox 1645 737 1830 806; x_wconf 82' lang='lat' dir='ltr'>major</span> <span class='ocrx_word' id='word_1_38' title='bbox 1857 735 2145 807; x_wconf 76' lang='lat' dir='ltr'>voluptas,</span> 
     </span>
    </p>
   </div>
   <div class='ocr_carea' id='block_1_7' title="bbox 511 819 2147 895">
    <p class='ocr_par' dir='ltr' id='par_1_7' title="bbox 511 819 2147 895">
     <span class='ocr_line' id='line_1_7' title="bbox 511 819 2147 895; baseline 0.001 -19"><span class='ocrx_word' id='word_1_39' title='bbox 511 837 680 890; x_wconf 86' lang='lat' dir='ltr'>quam</span> <span class='ocrx_word' id='word_1_40' title='bbox 699 819 995 876; x_wconf 85' lang='lat' dir='ltr'>fastidium</span> <span class='ocrx_word' id='word_1_41' title='bbox 1014 821 1200 894; x_wconf 83' lang='lat' dir='ltr'>ipsius</span> <span class='ocrx_word' id='word_1_42' title='bbox 1214 821 1546 895; x_wconf 86' lang='lat' dir='ltr'>voluptatis.</span> <span class='ocrx_word' id='word_1_43' title='bbox 1568 842 1742 894; x_wconf 87' lang='lat' dir='ltr'>quam</span> <span class='ocrx_word' id='word_1_44' title='bbox 1758 825 1952 879; x_wconf 58' lang='lat' dir='ltr'>saeculi</span> <span class='ocrx_word' id='word_1_45' title='bbox 1970 824 2147 879; x_wconf 90' lang='lat' dir='ltr'>totius</span> 
     </span>
    </p>
   </div>
   <div class='ocr_carea' id='block_1_8' title="bbox 513 911 2149 983">
    <p class='ocr_par' dir='ltr' id='par_1_8' title="bbox 513 911 2149 983">
     <span class='ocr_line' id='line_1_8' title="bbox 513 911 2149 983; baseline 0.001 -17"><span class='ocrx_word' id='word_1_46' title='bbox 513 912 666 966; x_wconf 79' lang='lat'>660</span> <span class='ocrx_word' id='word_1_47' title='bbox 689 915 1083 982; x_wconf 79' lang='lat' dir='ltr'>contemptus,</span> <span class='ocrx_word' id='word_1_48' title='bbox 1127 928 1300 982; x_wconf 70' lang='lat' dir='ltr'>quam</span> <span class='ocrx_word' id='word_1_49' title='bbox 1353 911 1762 982; x_wconf 83' lang='lat' dir='ltr'>veralihertas,</span> <span class='ocrx_word' id='word_1_50' title='bbox 1797 931 1967 983; x_wconf 89' lang='lat' dir='ltr'>quam</span> <span class='ocrx_word' id='word_1_51' title='bbox 2019 930 2149 968; x_wconf 84' lang='lat' dir='ltr'>con-</span> 
     </span>
    </p>
   </div>
   <div class='ocr_carea' id='block_1_9' title="bbox 513 998 2148 1073">
    <p class='ocr_par' dir='ltr' id='par_1_9' title="bbox 513 998 2148 1073">
     <span class='ocr_line' id='line_1_9' title="bbox 513 998 2148 1073; baseline 0.002 -19"><span class='ocrx_word' id='word_1_52' title='bbox 513 999 756 1054; x_wconf 80' lang='lat' dir='ltr'>scientia</span> <span class='ocrx_word' id='word_1_53' title='bbox 777 998 1024 1070; x_wconf 86' lang='lat' dir='ltr'>integra,</span> <span class='ocrx_word' id='word_1_54' title='bbox 1051 1017 1226 1071; x_wconf 89' lang='lat' dir='ltr'>quam</span> <span class='ocrx_word' id='word_1_55' title='bbox 1249 1001 1367 1055; x_wconf 90' lang='lat' dir='ltr'>vita</span> <span class='ocrx_word' id='word_1_56' title='bbox 1394 1001 1712 1072; x_wconf 84' lang='lat' dir='ltr'>sulﬁciens,</span> <span class='ocrx_word' id='word_1_57' title='bbox 1745 1020 1919 1073; x_wconf 84' lang='lat' dir='ltr'>quam</span> <span class='ocrx_word' id='word_1_58' title='bbox 1945 1004 2148 1058; x_wconf 90' lang='lat' dir='ltr'>mortis</span> 
     </span>
    </p>
   </div>
   <div class='ocr_carea' id='block_1_10' title="bbox 510 1085 2146 1161">
    <p class='ocr_par' dir='ltr' id='par_1_10' title="bbox 510 1085 2146 1161">
     <span class='ocr_line' id='line_1_10' title="bbox 510 1085 2146 1161; baseline 0.003 -19"><span class='ocrx_word' id='word_1_59' title='bbox 510 1088 688 1142; x_wconf 82' lang='lat' dir='ltr'>timor</span> <span class='ocrx_word' id='word_1_60' title='bbox 720 1085 956 1154; x_wconf 84' lang='lat' dir='ltr'>nullus;</span> <span class='ocrx_word' id='word_1_61' title='bbox 993 1089 1146 1158; x_wconf 89' lang='lat' dir='ltr'>quod</span> <span class='ocrx_word' id='word_1_62' title='bbox 1205 1088 1394 1144; x_wconf 88' lang='lat' dir='ltr'>calcas</span> <span class='ocrx_word' id='word_1_63' title='bbox 1436 1091 1574 1145; x_wconf 89' lang='lat' dir='ltr'>deos</span> <span class='ocrx_word' id='word_1_64' title='bbox 1625 1091 1950 1159; x_wconf 78' lang='lat' dir='ltr'>nationum,</span> <span class='ocrx_word' id='word_1_65' title='bbox 1996 1092 2146 1161; x_wconf 88' lang='lat' dir='ltr'>quod</span> 
     </span>
    </p>
   </div>
   <div class='ocr_carea' id='block_1_11' title="bbox 512 1175 2145 1252">
    <p class='ocr_par' dir='ltr' id='par_1_11' title="bbox 512 1175 2145 1252">
     <span class='ocr_line' id='line_1_11' title="bbox 512 1175 2145 1252; baseline 0.002 -21"><span class='ocrx_word' id='word_1_66' title='bbox 512 1177 800 1231; x_wconf 70' lang='lat' dir='ltr'>dmmonia</span> <span class='ocrx_word' id='word_1_67' title='bbox 840 1175 1101 1247; x_wconf 80' lang='lat' dir='ltr'>expellis,</span> <span class='ocrx_word' id='word_1_68' title='bbox 1135 1179 1288 1248; x_wconf 91' lang='lat' dir='ltr'>quod</span> <span class='ocrx_word' id='word_1_69' title='bbox 1323 1179 1644 1234; x_wconf 79' lang='lat' dir='ltr'>medicinas</span> <span class='ocrx_word' id='word_1_70' title='bbox 1676 1180 1837 1250; x_wconf 85' lang='lat' dir='ltr'>facis,</span> <span class='ocrx_word' id='word_1_71' title='bbox 1872 1182 2025 1252; x_wconf 90' lang='lat' dir='ltr'>quod</span> <span class='ocrx_word' id='word_1_72' title='bbox 2061 1197 2145 1234; x_wconf 84' lang='lat' dir='ltr'>re-</span> 
     </span>
    </p>
   </div>
   <div class='ocr_carea' id='block_1_12' title="bbox 510 1264 2146 1341">
    <p class='ocr_par' dir='ltr' id='par_1_12' title="bbox 510 1264 2146 1341">
     <span class='ocr_line' id='line_1_12' title="bbox 510 1264 2146 1341; baseline 0.006 -25"><span class='ocrx_word' id='word_1_73' title='bbox 510 1264 828 1320; x_wconf 89' lang='lat' dir='ltr'>velationes</span> <span class='ocrx_word' id='word_1_74' title='bbox 863 1267 1032 1336; x_wconf 89' lang='lat' dir='ltr'>petis,</span> <span class='ocrx_word' id='word_1_75' title='bbox 1092 1267 1247 1337; x_wconf 92' lang='lat' dir='ltr'>quod</span> <span class='ocrx_word' id='word_1_76' title='bbox 1307 1268 1420 1323; x_wconf 89' lang='lat' dir='ltr'>Deo</span> <span class='ocrx_word' id='word_1_77' title='bbox 1454 1268 1596 1324; x_wconf 80' lang='lat' dir='ltr'>vivis</span> <span class='ocrx_word' id='word_1_78' title='bbox 1619 1270 1645 1323; x_wconf 79' lang='lat'>‘?</span> <span class='ocrx_word' id='word_1_79' title='bbox 1675 1269 1767 1324; x_wconf 67' lang='lat' dir='ltr'>Hm</span> <span class='ocrx_word' id='word_1_80' title='bbox 1800 1269 2146 1341; x_wconf 76' lang='lat' dir='ltr'>voluptates,</span> 
     </span>
    </p>
   </div>
   <div class='ocr_carea' id='block_1_13' title="bbox 513 1353 2146 1431">
    <p class='ocr_par' dir='ltr' id='par_1_13' title="bbox 513 1353 2146 1431">
     <span class='ocr_line' id='line_1_13' title="bbox 513 1353 2146 1431; baseline 0.003 -23"><span class='ocrx_word' id='word_1_81' title='bbox 513 1353 633 1409; x_wconf 66' lang='lat' dir='ltr'>haec</span> <span class='ocrx_word' id='word_1_82' title='bbox 675 1353 1006 1426; x_wconf 90' lang='lat' dir='ltr'>spectacula</span> <span class='ocrx_word' id='word_1_83' title='bbox 1060 1355 1530 1426; x_wconf 86' lang='lat' dir='ltr'>christianorum,</span> <span class='ocrx_word' id='word_1_84' title='bbox 1589 1365 1814 1426; x_wconf 87' lang='lat' dir='ltr'>sancta,</span> <span class='ocrx_word' id='word_1_85' title='bbox 1849 1365 2146 1431; x_wconf 87' lang='lat' dir='ltr'>perpetua,</span> 
     </span>
    </p>
   </div>
   <div class='ocr_carea' id='block_1_14' title="bbox 511 1441 2146 1518">
    <p class='ocr_par' dir='ltr' id='par_1_14' title="bbox 511 1441 2146 1518">
     <span class='ocr_line' id='line_1_14' title="bbox 511 1441 2146 1518; baseline 0.002 -22"><span class='ocrx_word' id='word_1_86' title='bbox 511 1441 793 1512; x_wconf 86' lang='lat' dir='ltr'>gratuita:</span> <span class='ocrx_word' id='word_1_87' title='bbox 822 1443 878 1496; x_wconf 90' lang='lat' dir='ltr'>in</span> <span class='ocrx_word' id='word_1_88' title='bbox 897 1441 988 1497; x_wconf 90' lang='lat' dir='ltr'>his</span> <span class='ocrx_word' id='word_1_89' title='bbox 1016 1441 1119 1496; x_wconf 88' lang='lat' dir='ltr'>tibi</span> <span class='ocrx_word' id='word_1_90' title='bbox 1143 1441 1309 1498; x_wconf 86' lang='lat' dir='ltr'>ludos</span> <span class='ocrx_word' id='word_1_91' title='bbox 1333 1444 1630 1500; x_wconf 86' lang='lat' dir='ltr'>Circenses</span> <span class='ocrx_word' id='word_1_92' title='bbox 1654 1446 1727 1516; x_wconf 85' lang='lat'><strong>(9)</strong></span> <span class='ocrx_word' id='word_1_93' title='bbox 1749 1445 2146 1518; x_wconf 83' lang='lat' dir='ltr'>interpretare,</span> 
     </span>
    </p>
   </div>
   <div class='ocr_carea' id='block_1_15' title="bbox 512 1521 2150 1606">
    <p class='ocr_par' dir='ltr' id='par_1_15' title="bbox 512 1521 2150 1606">
     <span class='ocr_line' id='line_1_15' title="bbox 512 1521 2150 1606; baseline 0.002 -20"><span class='ocrx_word' id='word_1_94' title='bbox 512 1547 721 1586; x_wconf 89' lang='lat' dir='ltr'>cursus</span> <span class='ocrx_word' id='word_1_95' title='bbox 770 1529 963 1585; x_wconf 67' lang='lat' dir='ltr'>saeculi</span> <span class='ocrx_word' id='word_1_96' title='bbox 1033 1521 1276 1598; x_wconf 77' lang='lat' dir='ltr'>intuere,</span> <span class='ocrx_word' id='word_1_97' title='bbox 1326 1535 1588 1604; x_wconf 89' lang='lat' dir='ltr'>tempora</span> <span class='ocrx_word' id='word_1_98' title='bbox 1637 1533 1912 1605; x_wconf 88' lang='lat' dir='ltr'>labentia,</span> <span class='ocrx_word' id='word_1_99' title='bbox 1963 1534 2150 1606; x_wconf 85' lang='lat' dir='ltr'>spatia</span> 
     </span>
    </p>
   </div>
   <div class='ocr_carea' id='block_1_16' title="bbox 513 1618 2148 1694">
    <p class='ocr_par' dir='ltr' id='par_1_16' title="bbox 513 1618 2148 1694">
     <span class='ocr_line' id='line_1_16' title="bbox 513 1618 2148 1694; baseline 0.004 -21"><span class='ocrx_word' id='word_1_100' title='bbox 513 1618 847 1687; x_wconf 83' lang='lat' dir='ltr'>dinumera,</span> <span class='ocrx_word' id='word_1_101' title='bbox 879 1624 1063 1675; x_wconf 81' lang='lat' dir='ltr'>metas</span> <span class='ocrx_word' id='word_1_102' title='bbox 1096 1620 1618 1678; x_wconf 81' lang='lat' dir='ltr'>consummationis</span> <span class='ocrx_word' id='word_1_103' title='bbox 1648 1627 1936 1694; x_wconf 85' lang='lat' dir='ltr'>exspecta,</span> <span class='ocrx_word' id='word_1_104' title='bbox 1969 1625 2148 1679; x_wconf 90' lang='lat' dir='ltr'>socie-</span> 
     </span>
    </p>
   </div>
   <div class='ocr_carea' id='block_1_17' title="bbox 510 1709 2150 1785">
    <p class='ocr_par' dir='ltr' id='par_1_17' title="bbox 510 1709 2150 1785">
     <span class='ocr_line' id='line_1_17' title="bbox 510 1709 2150 1785; baseline 0.002 -19"><span class='ocrx_word' id='word_1_105' title='bbox 510 1714 662 1766; x_wconf 83' lang='lat' dir='ltr'>tates</span> <span class='ocrx_word' id='word_1_106' title='bbox 723 1709 1110 1766; x_wconf 80' lang='lat' dir='ltr'>Ecclesiarum</span> <span class='ocrx_word' id='word_1_107' title='bbox 1161 1711 1424 1780; x_wconf 79' lang='lat' dir='ltr'>defende,</span> <span class='ocrx_word' id='word_1_108' title='bbox 1458 1714 1528 1768; x_wconf 91' lang='lat' dir='ltr'>ad</span> <span class='ocrx_word' id='word_1_109' title='bbox 1559 1713 1793 1785; x_wconf 85' lang='lat' dir='ltr'>signum</span> <span class='ocrx_word' id='word_1_110' title='bbox 1825 1715 1925 1771; x_wconf 90' lang='lat' dir='ltr'>Dei</span> <span class='ocrx_word' id='word_1_111' title='bbox 1967 1716 2150 1771; x_wconf 91' lang='lat' dir='ltr'>susci-</span> 
     </span>
    </p>
   </div>
   <div class='ocr_carea' id='block_1_18' title="bbox 510 1800 2146 1876">
    <p class='ocr_par' dir='ltr' id='par_1_18' title="bbox 510 1800 2146 1876">
     <span class='ocr_line' id='line_1_18' title="bbox 510 1800 2146 1876; baseline 0.004 -21"><span class='ocrx_word' id='word_1_112' title='bbox 510 1803 657 1870; x_wconf 90' lang='lat' dir='ltr'>tare,</span> <span class='ocrx_word' id='word_1_113' title='bbox 709 1801 777 1856; x_wconf 92' lang='lat' dir='ltr'>ad</span> <span class='ocrx_word' id='word_1_114' title='bbox 812 1800 1014 1855; x_wconf 89' lang='lat' dir='ltr'>tubam</span> <span class='ocrx_word' id='word_1_115' title='bbox 1055 1800 1246 1872; x_wconf 79' lang='lat' dir='ltr'>angeli</span> <span class='ocrx_word' id='word_1_116' title='bbox 1278 1803 1518 1874; x_wconf 82' lang='lat' dir='ltr'>erigere,</span> <span class='ocrx_word' id='word_1_117' title='bbox 1553 1805 1620 1858; x_wconf 86' lang='lat' dir='ltr'>ad</span> <span class='ocrx_word' id='word_1_118' title='bbox 1656 1805 1917 1876; x_wconf 83' lang='lat' dir='ltr'>martyrii</span> <span class='ocrx_word' id='word_1_119' title='bbox 1948 1813 1990 1849; x_wconf 73' lang='lat'><strong>88</strong></span> <span class='ocrx_word' id='word_1_120' title='bbox 2025 1806 2146 1876; x_wconf 88' lang='lat' dir='ltr'>pal-</span> 
     </span>
    </p>
   </div>
   <div class='ocr_carea' id='block_1_19' title="bbox 510 1887 2227 1982">
    <p class='ocr_par' dir='ltr' id='par_1_19' title="bbox 510 1887 2227 1982">
     <span class='ocr_line' id='line_1_19' title="bbox 510 1887 2227 1982; baseline 0.003 -38"><span class='ocrx_word' id='word_1_121' title='bbox 510 1905 638 1982; x_wconf 77' lang='lat' dir='ltr'>mas</span> <span class='ocrx_word' id='word_1_122' title='bbox 684 1887 966 1982; x_wconf 73' lang='lat' dir='ltr'>gloriare.</span> <span class='ocrx_word' id='word_1_123' title='bbox 1004 1889 1064 1944; x_wconf 90' lang='lat' dir='ltr'>Si</span> <span class='ocrx_word' id='word_1_124' title='bbox 1122 1888 1364 1946; x_wconf 66' lang='lat' dir='ltr'>scenica:</span> <span class='ocrx_word' id='word_1_125' title='bbox 1411 1893 1454 1927; x_wconf 70' lang='grc'>⁸9</span> <span class='ocrx_word' id='word_1_126' title='bbox 1504 1892 1779 1982; x_wconf 65' lang='lat' dir='ltr'>doctrinae</span> <span class='ocrx_word' id='word_1_127' title='bbox 1833 1893 2146 1966; x_wconf 88' lang='lat' dir='ltr'>delectant,</span> <span class='ocrx_word' id='word_1_128' title='bbox 2180 1917 2227 1982; x_wconf 83' lang='lat' dir='ltr'><strong>B</strong></span> 
     </span>
    </p>
   </div>
   <div class='ocr_carea' id='block_1_20' title="bbox 510 1977 2148 2054">
    <p class='ocr_par' dir='ltr' id='par_1_20' title="bbox 510 1977 2148 2054">
     <span class='ocr_line' id='line_1_20' title="bbox 510 1977 2148 2054; baseline 0.005 -22"><span class='ocrx_word' id='word_1_129' title='bbox 510 1977 654 2033; x_wconf 90' lang='lat' dir='ltr'>satis</span> <span class='ocrx_word' id='word_1_130' title='bbox 687 1978 855 2033; x_wconf 90' lang='lat' dir='ltr'>nobis</span> <span class='ocrx_word' id='word_1_131' title='bbox 885 1977 1210 2033; x_wconf 89' lang='lat' dir='ltr'>litterarum</span> <span class='ocrx_word' id='word_1_132' title='bbox 1250 1984 1358 2047; x_wconf 91' lang='lat' dir='ltr'>est,</span> <span class='ocrx_word' id='word_1_133' title='bbox 1414 1981 1558 2035; x_wconf 87' lang='lat' dir='ltr'>satis</span> <span class='ocrx_word' id='word_1_134' title='bbox 1613 1998 1839 2038; x_wconf 83' lang='lat' dir='ltr'>versum</span> <span class='ocrx_word' id='word_1_135' title='bbox 1869 1987 1980 2054; x_wconf 90' lang='lat' dir='ltr'>est,</span> <span class='ocrx_word' id='word_1_136' title='bbox 2004 1983 2148 2040; x_wconf 85' lang='lat' dir='ltr'>satis</span> 
     </span>
    </p>
   </div>
   <div class='ocr_carea' id='block_1_21' title="bbox 512 2066 2144 2141">
    <p class='ocr_par' dir='ltr' id='par_1_21' title="bbox 512 2066 2144 2141">
     <span class='ocr_line' id='line_1_21' title="bbox 512 2066 2144 2141; baseline 0.004 -21"><span class='ocrx_word' id='word_1_137' title='bbox 512 2066 957 2135; x_wconf 88' lang='lat' dir='ltr'>sententiarum,</span> <span class='ocrx_word' id='word_1_138' title='bbox 982 2067 1124 2122; x_wconf 88' lang='lat' dir='ltr'>satis</span> <span class='ocrx_word' id='word_1_139' title='bbox 1145 2067 1321 2122; x_wconf 90' lang='lat' dir='ltr'>etiam</span> <span class='ocrx_word' id='word_1_140' title='bbox 1345 2069 1724 2139; x_wconf 87' lang='lat' dir='ltr'>canticorum,</span> <span class='ocrx_word' id='word_1_141' title='bbox 1747 2071 1893 2127; x_wconf 87' lang='lat' dir='ltr'>satis</span> <span class='ocrx_word' id='word_1_142' title='bbox 1909 2088 2144 2141; x_wconf 88' lang='lat' dir='ltr'>vocum;</span> 
     </span>
    </p>
   </div>
   <div class='ocr_carea' id='block_1_22' title="bbox 513 2154 2142 2232">
    <p class='ocr_par' dir='ltr' id='par_1_22' title="bbox 513 2154 2142 2232">
     <span class='ocr_line' id='line_1_22' title="bbox 513 2154 2142 2232; baseline 0.004 -22"><span class='ocrx_word' id='word_1_143' title='bbox 513 2171 617 2210; x_wconf 87' lang='lat' dir='ltr'>nec</span> <span class='ocrx_word' id='word_1_144' title='bbox 654 2154 882 2220; x_wconf 65' lang='lat' dir='ltr'>fabulae,</span> <span class='ocrx_word' id='word_1_145' title='bbox 941 2157 1042 2210; x_wconf 89' lang='lat' dir='ltr'>sed</span> <span class='ocrx_word' id='word_1_146' title='bbox 1099 2156 1409 2224; x_wconf 87' lang='lat' dir='ltr'>veritates;</span> <span class='ocrx_word' id='word_1_147' title='bbox 1447 2174 1549 2212; x_wconf 92' lang='lat' dir='ltr'>nec</span> <span class='ocrx_word' id='word_1_148' title='bbox 1580 2159 1830 2231; x_wconf 76' lang='lat' dir='ltr'>strophae</span> <span class='ocrx_word' id='word_1_149' title='bbox 1877 2162 2010 2232; x_wconf 87' lang='lat'><strong>(10),</strong></span> <span class='ocrx_word' id='word_1_150' title='bbox 2045 2162 2142 2217; x_wconf 92' lang='lat' dir='ltr'>sed</span> 
     </span>
    </p>
   </div>
   <div class='ocr_carea' id='block_1_23' title="bbox 511 2241 2145 2322">
    <p class='ocr_par' dir='ltr' id='par_1_23' title="bbox 511 2241 2145 2322">
     <span class='ocr_line' id='line_1_23' title="bbox 511 2241 2145 2322; baseline 0.004 -25"><span class='ocrx_word' id='word_1_151' title='bbox 511 2241 935 2314; x_wconf 85' lang='lat' dir='ltr'>simplicitates.</span> <span class='ocrx_word' id='word_1_152' title='bbox 971 2242 1067 2297; x_wconf 88' lang='lat' dir='ltr'>Vis</span> <span class='ocrx_word' id='word_1_153' title='bbox 1095 2248 1151 2298; x_wconf 87' lang='lat' dir='ltr'>et</span> <span class='ocrx_word' id='word_1_154' title='bbox 1178 2244 1492 2314; x_wconf 78' lang='lat' dir='ltr'>pugillatus</span> <span class='ocrx_word' id='word_1_155' title='bbox 1524 2251 1580 2302; x_wconf 89' lang='lat' dir='ltr'>et</span> <span class='ocrx_word' id='word_1_156' title='bbox 1608 2246 1908 2304; x_wconf 82' lang='lat' dir='ltr'>luctatus?</span> <span class='ocrx_word' id='word_1_157' title='bbox 1938 2255 2145 2322; x_wconf 55' lang='lat' dir='ltr'>praesto</span> 
     </span>
    </p>
   </div>
   <div class='ocr_carea' id='block_1_24' title="bbox 510 2332 2146 2408">
    <p class='ocr_par' dir='ltr' id='par_1_24' title="bbox 510 2332 2146 2408">
     <span class='ocr_line' id='line_1_24' title="bbox 510 2332 2146 2408; baseline 0.004 -21"><span class='ocrx_word' id='word_1_158' title='bbox 510 2335 668 2399; x_wconf 89' lang='lat' dir='ltr'>sunt,</span> <span class='ocrx_word' id='word_1_159' title='bbox 696 2348 806 2386; x_wconf 91' lang='lat' dir='ltr'>non</span> <span class='ocrx_word' id='word_1_160' title='bbox 824 2348 1018 2403; x_wconf 85' lang='lat' dir='ltr'>parva,</span> <span class='ocrx_word' id='word_1_161' title='bbox 1044 2333 1142 2387; x_wconf 89' lang='lat' dir='ltr'>sed</span> <span class='ocrx_word' id='word_1_162' title='bbox 1169 2332 1355 2388; x_wconf 88' lang='lat' dir='ltr'>multa</span> <span class='ocrx_word' id='word_1_163' title='bbox 1369 2335 1430 2387; x_wconf 69' lang='grc' dir='ltr'>νο.</span> <span class='ocrx_word' id='word_1_164' title='bbox 1454 2335 1703 2406; x_wconf 83' lang='lat' dir='ltr'>Adspice</span> <span class='ocrx_word' id='word_1_165' title='bbox 1721 2336 2146 2408; x_wconf 87' lang='lat' dir='ltr'>impudicitiam</span> 
     </span>
    </p>
   </div>
   <div class='ocr_carea' id='block_1_25' title="bbox 513 2421 2147 2494">
    <p class='ocr_par' dir='ltr' id='par_1_25' title="bbox 513 2421 2147 2494">
     <span class='ocr_line' id='line_1_25' title="bbox 513 2421 2147 2494; baseline 0.004 -18"><span class='ocrx_word' id='word_1_166' title='bbox 513 2421 799 2492; x_wconf 86' lang='lat' dir='ltr'>dejectam</span> <span class='ocrx_word' id='word_1_167' title='bbox 830 2437 862 2475; x_wconf 94' lang='lat' dir='ltr'>a</span> <span class='ocrx_word' id='word_1_168' title='bbox 903 2421 1187 2490; x_wconf 84' lang='lat' dir='ltr'>castitate,</span> <span class='ocrx_word' id='word_1_169' title='bbox 1221 2422 1523 2493; x_wconf 85' lang='lat' dir='ltr'>perfidiam</span> <span class='ocrx_word' id='word_1_170' title='bbox 1573 2442 1780 2480; x_wconf 82' lang='lat' dir='ltr'>caesam</span> <span class='ocrx_word' id='word_1_171' title='bbox 1813 2444 1846 2482; x_wconf 88' lang='lat' dir='ltr'>a</span> <span class='ocrx_word' id='word_1_172' title='bbox 1876 2427 2006 2494; x_wconf 83' lang='lat' dir='ltr'>fide,</span> <span class='ocrx_word' id='word_1_173' title='bbox 2039 2445 2147 2482; x_wconf 62' lang='lat' dir='ltr'>sae-</span> 
     </span>
    </p>
   </div>
   <div class='ocr_carea' id='block_1_26' title="bbox 515 2509 2150 2586">
    <p class='ocr_par' dir='ltr' id='par_1_26' title="bbox 515 2509 2150 2586">
     <span class='ocr_line' id='line_1_26' title="bbox 515 2509 2150 2586; baseline 0.004 -22"><span class='ocrx_word' id='word_1_174' title='bbox 515 2509 718 2564; x_wconf 84' lang='lat' dir='ltr'>vitiam</span> <span class='ocrx_word' id='word_1_175' title='bbox 767 2527 800 2564; x_wconf 89' lang='lat' dir='ltr'>a</span> <span class='ocrx_word' id='word_1_176' title='bbox 840 2509 1244 2565; x_wconf 86' lang='lat' dir='ltr'>misericordia</span> <span class='ocrx_word' id='word_1_177' title='bbox 1301 2517 1628 2581; x_wconf 86' lang='lat' dir='ltr'>contusam,</span> <span class='ocrx_word' id='word_1_178' title='bbox 1688 2515 2070 2586; x_wconf 87' lang='lat' dir='ltr'>petulantiam</span> <span class='ocrx_word' id='word_1_179' title='bbox 2116 2535 2150 2571; x_wconf 91' lang='lat' dir='ltr'>a</span> 
     </span>
    </p>
   </div>
   <div class='ocr_carea' id='block_1_27' title="bbox 513 2597 2147 2675">
    <p class='ocr_par' dir='ltr' id='par_1_27' title="bbox 513 2597 2147 2675">
     <span class='ocr_line' id='line_1_27' title="bbox 513 2597 2147 2675; baseline 0.004 -22"><span class='ocrx_word' id='word_1_180' title='bbox 513 2597 801 2653; x_wconf 87' lang='lat' dir='ltr'>modestia</span> <span class='ocrx_word' id='word_1_181' title='bbox 859 2598 1266 2654; x_wconf 90' lang='lat' dir='ltr'>obumbratam</span> <span class='ocrx_word' id='word_1_182' title='bbox 1299 2601 1363 2664; x_wconf 70' lang='grc' dir='ltr'>θ’,</span> <span class='ocrx_word' id='word_1_183' title='bbox 1410 2605 1465 2658; x_wconf 89' lang='lat' dir='ltr'>et</span> <span class='ocrx_word' id='word_1_184' title='bbox 1511 2603 1656 2658; x_wconf 87' lang='lat' dir='ltr'>tales</span> <span class='ocrx_word' id='word_1_185' title='bbox 1687 2609 1828 2659; x_wconf 91' lang='lat' dir='ltr'>sunt</span> <span class='ocrx_word' id='word_1_186' title='bbox 1857 2606 2007 2675; x_wconf 86' lang='lat' dir='ltr'>apud</span> <span class='ocrx_word' id='word_1_187' title='bbox 2043 2623 2147 2661; x_wconf 90' lang='lat' dir='ltr'>nos</span> 
     </span>
    </p>
   </div>
   <div class='ocr_carea' id='block_1_28' title="bbox 514 2686 2146 2762">
    <p class='ocr_par' dir='ltr' id='par_1_28' title="bbox 514 2686 2146 2762">
     <span class='ocr_line' id='line_1_28' title="bbox 514 2686 2146 2762; baseline 0.006 -22"><span class='ocrx_word' id='word_1_188' title='bbox 514 2702 747 2754; x_wconf 82' lang='lat' dir='ltr'>agones,</span> <span class='ocrx_word' id='word_1_189' title='bbox 781 2686 837 2740; x_wconf 89' lang='lat' dir='ltr'>in</span> <span class='ocrx_word' id='word_1_190' title='bbox 871 2687 1086 2757; x_wconf 89' lang='lat' dir='ltr'>quibus</span> <span class='ocrx_word' id='word_1_191' title='bbox 1115 2687 1228 2758; x_wconf 89' lang='lat' dir='ltr'>ipsi</span> <span class='ocrx_word' id='word_1_192' title='bbox 1275 2705 1624 2746; x_wconf 90' lang='lat' dir='ltr'>coronamur</span> <span class='ocrx_word' id='word_1_193' title='bbox 1654 2693 1788 2762; x_wconf 88' lang='lat'><strong>(11).</strong></span> <span class='ocrx_word' id='word_1_194' title='bbox 1823 2694 1920 2749; x_wconf 91' lang='lat' dir='ltr'>Vis</span> <span class='ocrx_word' id='word_1_195' title='bbox 1952 2699 2146 2750; x_wconf 88' lang='lat' dir='ltr'>autem</span> 
     </span>
    </p>
   </div>
   <div class='ocr_carea' id='block_1_29' title="bbox 516 2774 1923 2850">
    <p class='ocr_par' dir='ltr' id='par_1_29' title="bbox 516 2774 1923 2850">
     <span class='ocr_line' id='line_1_29' title="bbox 516 2774 1923 2850; baseline 0.006 -21"><span class='ocrx_word' id='word_1_196' title='bbox 516 2781 573 2829; x_wconf 90' lang='lat' dir='ltr'>et</span> <span class='ocrx_word' id='word_1_197' title='bbox 601 2774 907 2845; x_wconf 81' lang='lat' dir='ltr'>sanguinis</span> <span class='ocrx_word' id='word_1_198' title='bbox 930 2781 987 2831; x_wconf 90' lang='lat' dir='ltr'>et</span> <span class='ocrx_word' id='word_1_199' title='bbox 1017 2775 1239 2847; x_wconf 91' lang='lat' dir='ltr'>aliquid</span> <span class='ocrx_word' id='word_1_200' title='bbox 1273 2779 1434 2850; x_wconf 86' lang='lat'><strong>(12)?</strong></span> <span class='ocrx_word' id='word_1_201' title='bbox 1479 2780 1659 2836; x_wconf 84' lang='lat' dir='ltr'>habes</span> <span class='ocrx_word' id='word_1_202' title='bbox 1690 2781 1923 2837; x_wconf 78' lang='lat' dir='ltr'>Christi.</span> 
     </span>
    </p>
   </div>
   <div class='ocr_carea' id='block_1_30' title="bbox 1136 2919 1552 2976">
    <p class='ocr_par' dir='ltr' id='par_1_30' title="bbox 1136 2919 1552 2976">
     <span class='ocr_line' id='line_1_30' title="bbox 1136 2919 1552 2976; baseline 0.002 -1"><span class='ocrx_word' id='word_1_203' title='bbox 1136 2919 1360 2976; x_wconf 87' lang='lat' dir='ltr'><strong>CAPUT</strong></span> <span class='ocrx_word' id='word_1_204' title='bbox 1386 2921 1552 2976; x_wconf 86' lang='lat' dir='ltr'><strong>XXX.</strong></span> 
     </span>
    </p>
   </div>
   <div class='ocr_carea' id='block_1_31' title="bbox 584 3041 2149 3118">
    <p class='ocr_par' dir='ltr' id='par_1_31' title="bbox 584 3041 2149 3118">
     <span class='ocr_line' id='line_1_31' title="bbox 584 3041 2149 3118; baseline 0.006 -23"><span class='ocrx_word' id='word_1_205' title='bbox 584 3041 762 3106; x_wconf 84' lang='lat' dir='ltr'>Quale</span> <span class='ocrx_word' id='word_1_206' title='bbox 793 3047 987 3098; x_wconf 91' lang='lat' dir='ltr'>autem</span> <span class='ocrx_word' id='word_1_207' title='bbox 1019 3045 1416 3114; x_wconf 84' lang='lat' dir='ltr'>spectaculum</span> <span class='ocrx_word' id='word_1_208' title='bbox 1447 3047 1505 3101; x_wconf 90' lang='lat' dir='ltr'>in</span> <span class='ocrx_word' id='word_1_209' title='bbox 1533 3048 1794 3118; x_wconf 86' lang='lat' dir='ltr'>proximo</span> <span class='ocrx_word' id='word_1_210' title='bbox 1824 3053 1914 3105; x_wconf 89' lang='lat' dir='ltr'>est</span> <span class='ocrx_word' id='word_1_211' title='bbox 1945 3051 2149 3106; x_wconf 83' lang='lat' dir='ltr'>adven-</span> 
     </span>
    </p>
   </div>
   <div class='ocr_carea' id='block_1_32' title="bbox 511 3131 2150 3209">
    <p class='ocr_par' dir='ltr' id='par_1_32' title="bbox 511 3131 2150 3209">
     <span class='ocr_line' id='line_1_32' title="bbox 511 3131 2150 3209; baseline 0.006 -24"><span class='ocrx_word' id='word_1_212' title='bbox 511 3134 607 3186; x_wconf 91' lang='lat' dir='ltr'>tus</span> <span class='ocrx_word' id='word_1_213' title='bbox 621 3131 848 3186; x_wconf 90' lang='lat' dir='ltr'>Domini</span> <span class='ocrx_word' id='word_1_214' title='bbox 871 3133 995 3202; x_wconf 86' lang='lat' dir='ltr'>jam</span> <span class='ocrx_word' id='word_1_215' title='bbox 1018 3132 1357 3203; x_wconf 83' lang='lat' dir='ltr'>indubitati,</span> <span class='ocrx_word' id='word_1_216' title='bbox 1375 3135 1498 3205; x_wconf 87' lang='lat' dir='ltr'>jam</span> <span class='ocrx_word' id='word_1_217' title='bbox 1523 3137 1922 3209; x_wconf 88' lang='lat' dir='ltr'>superbi,jam</span> <span class='ocrx_word' id='word_1_218' title='bbox 1947 3139 2150 3194; x_wconf 89' lang='lat' dir='ltr'>trium-</span> 
     </span>
    </p>
   </div>
   <div class='ocr_carea' id='block_1_33' title="bbox 507 3219 2144 3300">
    <p class='ocr_par' dir='ltr' id='par_1_33' title="bbox 507 3219 2144 3300">
     <span class='ocr_line' id='line_1_33' title="bbox 507 3219 2144 3300; baseline 0.005 -25"><span class='ocrx_word' id='word_1_219' title='bbox 507 3219 780 3292; x_wconf 89' lang='lat' dir='ltr'>phantis!</span> <span class='ocrx_word' id='word_1_220' title='bbox 813 3221 946 3286; x_wconf 65' lang='lat' dir='ltr'>Quae</span> <span class='ocrx_word' id='word_1_221' title='bbox 1005 3221 1104 3277; x_wconf 92' lang='lat' dir='ltr'>illa</span> <span class='ocrx_word' id='word_1_222' title='bbox 1133 3223 1406 3280; x_wconf 83' lang='lat' dir='ltr'>exultatio</span> <span class='ocrx_word' id='word_1_223' title='bbox 1453 3226 1816 3297; x_wconf 85' lang='lat' dir='ltr'>angelorum,</span> <span class='ocrx_word' id='word_1_224' title='bbox 1849 3244 1979 3299; x_wconf 62' lang='lat' dir='ltr'>quae</span> <span class='ocrx_word' id='word_1_225' title='bbox 2025 3227 2144 3300; x_wconf 89' lang='lat' dir='ltr'>glo-</span> 
     </span>
    </p>
   </div>
   <div class='ocr_carea' id='block_1_34' title="bbox 2257 638 3890 717">
    <p class='ocr_par' dir='ltr' id='par_1_34' title="bbox 2257 638 3890 717">
     <span class='ocr_line' id='line_1_34' title="bbox 2257 638 3890 717; baseline -0.004 -16"><span class='ocrx_word' id='word_1_226' title='bbox 2257 646 2328 700; x_wconf 90' lang='lat' dir='ltr'>de</span> <span class='ocrx_word' id='word_1_227' title='bbox 2351 647 2679 717; x_wconf 86' lang='lat' dir='ltr'>justoruml</span> <span class='ocrx_word' id='word_1_228' title='bbox 2717 644 2910 716; x_wconf 90' lang='lat' dir='ltr'>qualis</span> <span class='ocrx_word' id='word_1_229' title='bbox 2957 644 3159 699; x_wconf 89' lang='lat' dir='ltr'>civitas</span> <span class='ocrx_word' id='word_1_230' title='bbox 3194 660 3340 698; x_wconf 88' lang='lat' dir='ltr'>nova</span> <span class='ocrx_word' id='word_1_231' title='bbox 3371 641 3701 698; x_wconf 86' lang='lat' dir='ltr'>Jerusalem</span> <span class='ocrx_word' id='word_1_232' title='bbox 3729 641 3839 713; x_wconf 83' lang='lat'><strong>(13)</strong></span> <span class='ocrx_word' id='word_1_233' title='bbox 3877 638 3890 694; x_wconf 90' lang='lat' dir='ltr'>l</span> 
     </span>
    </p>
   </div>
   <div class='ocr_carea' id='block_1_35' title="bbox 2253 729 3895 805">
    <p class='ocr_par' dir='ltr' id='par_1_35' title="bbox 2253 729 3895 805">
     <span class='ocr_line' id='line_1_35' title="bbox 2253 729 3895 805; baseline -0.004 -16"><span class='ocrx_word' id='word_1_234' title='bbox 2253 735 2327 790; x_wconf 88' lang='lat' dir='ltr'>At</span> <span class='ocrx_word' id='word_1_235' title='bbox 2356 735 2510 790; x_wconf 71' lang='lat' dir='ltr'>enim</span> <span class='ocrx_word' id='word_1_236' title='bbox 2543 738 2861 805; x_wconf 90' lang='lat' dir='ltr'>supersunt</span> <span class='ocrx_word' id='word_1_237' title='bbox 2889 732 3003 788; x_wconf 90' lang='lat' dir='ltr'>alia</span> <span class='ocrx_word' id='word_1_238' title='bbox 3045 731 3401 804; x_wconf 88' lang='lat' dir='ltr'>spectacula,</span> <span class='ocrx_word' id='word_1_239' title='bbox 3434 730 3530 786; x_wconf 89' lang='lat' dir='ltr'>ille</span> <span class='ocrx_word' id='word_1_240' title='bbox 3562 729 3805 786; x_wconf 90' lang='lat' dir='ltr'>ultimus</span> <span class='ocrx_word' id='word_1_241' title='bbox 3835 734 3895 784; x_wconf 91' lang='lat' dir='ltr'>et</span> 
     </span>
    </p>
   </div>
   <div class='ocr_carea' id='block_1_36' title="bbox 2256 818 3899 896">
    <p class='ocr_par' dir='ltr' id='par_1_36' title="bbox 2256 818 3899 896">
     <span class='ocr_line' id='line_1_36' title="bbox 2256 818 3899 896; baseline -0.003 -17"><span class='ocrx_word' id='word_1_242' title='bbox 2256 832 2573 896; x_wconf 85' lang='lat' dir='ltr'>perpetuus</span> <span class='ocrx_word' id='word_1_243' title='bbox 2595 823 2804 895; x_wconf 89' lang='lat' dir='ltr'>judicii</span> <span class='ocrx_word' id='word_1_244' title='bbox 2849 824 2994 890; x_wconf 89' lang='lat' dir='ltr'>dies,</span> <span class='ocrx_word' id='word_1_245' title='bbox 3031 821 3127 876; x_wconf 92' lang='lat' dir='ltr'>ille</span> <span class='ocrx_word' id='word_1_246' title='bbox 3177 820 3511 876; x_wconf 81' lang='lat' dir='ltr'>nationibus</span> <span class='ocrx_word' id='word_1_247' title='bbox 3543 818 3899 891; x_wconf 82' lang='lat' dir='ltr'>insperatus,</span> 
     </span>
    </p>
   </div>
   <div class='ocr_carea' id='block_1_37' title="bbox 2255 907 3903 983">
    <p class='ocr_par' dir='ltr' id='par_1_37' title="bbox 2255 907 3903 983">
     <span class='ocr_line' id='line_1_37' title="bbox 2255 907 3903 983; baseline -0.002 -17"><span class='ocrx_word' id='word_1_248' title='bbox 2255 912 2356 967; x_wconf 90' lang='lat' dir='ltr'>ille</span> <span class='ocrx_word' id='word_1_249' title='bbox 2385 912 2636 983; x_wconf 86' lang='lat' dir='ltr'>derisus,</span> <span class='ocrx_word' id='word_1_250' title='bbox 2669 929 2799 967; x_wconf 93' lang='lat' dir='ltr'>cum</span> <span class='ocrx_word' id='word_1_251' title='bbox 2837 916 3000 967; x_wconf 88' lang='lat' dir='ltr'>tanta</span> <span class='ocrx_word' id='word_1_252' title='bbox 3052 909 3248 965; x_wconf 70' lang='lat' dir='ltr'>saeculi</span> <span class='ocrx_word' id='word_1_253' title='bbox 3274 914 3554 978; x_wconf 87' lang='lat' dir='ltr'>vetustas,</span> <span class='ocrx_word' id='word_1_254' title='bbox 3586 913 3644 962; x_wconf 91' lang='lat' dir='ltr'>et</span> <span class='ocrx_word' id='word_1_255' title='bbox 3677 914 3759 963; x_wconf 89' lang='lat' dir='ltr'>tot</span> <span class='ocrx_word' id='word_1_256' title='bbox 3774 907 3903 976; x_wconf 76' lang='lat' dir='ltr'>eius</span> 
     </span>
    </p>
   </div>
   <div class='ocr_carea' id='block_1_38' title="bbox 2257 999 3896 1073">
    <p class='ocr_par' dir='ltr' id='par_1_38' title="bbox 2257 999 3896 1073">
     <span class='ocr_line' id='line_1_38' title="bbox 2257 999 3896 1073; baseline -0.002 -18"><span class='ocrx_word' id='word_1_257' title='bbox 2257 1000 2587 1056; x_wconf 87' lang='lat' dir='ltr'>nativitates</span> <span class='ocrx_word' id='word_1_258' title='bbox 2622 1017 2738 1056; x_wconf 92' lang='lat' dir='ltr'>uno</span> <span class='ocrx_word' id='word_1_259' title='bbox 2771 1000 2890 1073; x_wconf 84' lang='lat' dir='ltr'>igni</span> <span class='ocrx_word' id='word_1_260' title='bbox 2930 999 3295 1055; x_wconf 87' lang='lat' dir='ltr'>haurientur.</span> <span class='ocrx_word' id='word_1_261' title='bbox 3329 1000 3463 1064; x_wconf 79' lang='lat' dir='ltr'>Quae</span> <span class='ocrx_word' id='word_1_262' title='bbox 3495 1003 3634 1052; x_wconf 91' lang='lat' dir='ltr'>tunc</span> <span class='ocrx_word' id='word_1_263' title='bbox 3665 1002 3896 1068; x_wconf 84' lang='lat' dir='ltr'>speeta-</span> 
     </span>
    </p>
   </div>
   <div class='ocr_carea' id='block_1_39' title="bbox 2256 1084 3898 1161">
    <p class='ocr_par' dir='ltr' id='par_1_39' title="bbox 2256 1084 3898 1161">
     <span class='ocr_line' id='line_1_39' title="bbox 2256 1084 3898 1161; baseline -0.004 -16"><span class='ocrx_word' id='word_1_264' title='bbox 2256 1089 2369 1145; x_wconf 92' lang='lat' dir='ltr'>culi</span> <span class='ocrx_word' id='word_1_265' title='bbox 2393 1089 2660 1154; x_wconf 87' lang='lat' dir='ltr'>latitudo,</span> <span class='ocrx_word' id='word_1_266' title='bbox 2683 1090 2796 1161; x_wconf 72' lang='grc'>(14)</span> <span class='ocrx_word' id='word_1_267' title='bbox 2821 1089 2832 1144; x_wconf 90' lang='grc'>1</span> <span class='ocrx_word' id='word_1_268' title='bbox 2858 1089 2999 1160; x_wconf 89' lang='lat' dir='ltr'>quid</span> <span class='ocrx_word' id='word_1_269' title='bbox 3022 1087 3316 1145; x_wconf 79' lang='lat' dir='ltr'>admirer?</span> <span class='ocrx_word' id='word_1_270' title='bbox 3344 1087 3482 1159; x_wconf 91' lang='lat' dir='ltr'>quid</span> <span class='ocrx_word' id='word_1_271' title='bbox 3509 1086 3773 1141; x_wconf 84' lang='lat' dir='ltr'>rideam?</span> <span class='ocrx_word' id='word_1_272' title='bbox 3798 1084 3898 1139; x_wconf 89' lang='lat' dir='ltr'>ubi</span> 
     </span>
    </p>
   </div>
   <div class='ocr_carea' id='block_1_40' title="bbox 2255 1174 3900 1249">
    <p class='ocr_par' dir='ltr' id='par_1_40' title="bbox 2255 1174 3900 1249">
     <span class='ocr_line' id='line_1_40' title="bbox 2255 1174 3900 1249; baseline -0.002 -17"><span class='ocrx_word' id='word_1_273' title='bbox 2255 1178 2560 1248; x_wconf 86' lang='lat' dir='ltr'>gaudeam,</span> <span class='ocrx_word' id='word_1_274' title='bbox 2576 1177 2673 1232; x_wconf 90' lang='lat' dir='ltr'>ubi</span> <span class='ocrx_word' id='word_1_275' title='bbox 2693 1177 3000 1248; x_wconf 83' lang='lat' dir='ltr'>exsultem,</span> <span class='ocrx_word' id='word_1_276' title='bbox 3017 1183 3289 1249; x_wconf 89' lang='lat' dir='ltr'>spectans</span> <span class='ocrx_word' id='word_1_277' title='bbox 3301 1182 3383 1230; x_wconf 89' lang='lat' dir='ltr'>tot</span> <span class='ocrx_word' id='word_1_278' title='bbox 3396 1193 3461 1230; x_wconf 92' lang='lat' dir='ltr'>ac</span> <span class='ocrx_word' id='word_1_279' title='bbox 3476 1179 3667 1230; x_wconf 89' lang='lat' dir='ltr'>tantos</span> <span class='ocrx_word' id='word_1_280' title='bbox 3685 1174 3900 1246; x_wconf 74' lang='lat' dir='ltr'>reges”</span> 
     </span>
    </p>
   </div>
   <div class='ocr_carea' id='block_1_41' title="bbox 2258 1263 3894 1338">
    <p class='ocr_par' dir='ltr' id='par_1_41' title="bbox 2258 1263 3894 1338">
     <span class='ocr_line' id='line_1_41' title="bbox 2258 1263 3894 1338; baseline -0.002 -18"><span class='ocrx_word' id='word_1_281' title='bbox 2258 1267 2358 1338; x_wconf 88' lang='lat' dir='ltr'>qui</span> <span class='ocrx_word' id='word_1_282' title='bbox 2408 1267 2467 1322; x_wconf 93' lang='lat' dir='ltr'>in</span> <span class='ocrx_word' id='word_1_283' title='bbox 2534 1266 2678 1321; x_wconf 75' lang='grc'>661</span> <span class='ocrx_word' id='word_1_284' title='bbox 2744 1265 2950 1322; x_wconf 78' lang='lat' dir='ltr'>cmlum</span> <span class='ocrx_word' id='word_1_285' title='bbox 3011 1265 3224 1336; x_wconf 90' lang='lat' dir='ltr'>recepti</span> <span class='ocrx_word' id='word_1_286' title='bbox 3282 1266 3391 1336; x_wconf 89' lang='grc'>(15)</span> <span class='ocrx_word' id='word_1_287' title='bbox 3447 1263 3894 1333; x_wconf 84' lang='lat' dir='ltr'>nuntiabuntur,</span> 
     </span>
    </p>
   </div>
   <div class='ocr_carea' id='block_1_42' title="bbox 2258 1353 3900 1427">
    <p class='ocr_par' dir='ltr' id='par_1_42' title="bbox 2258 1353 3900 1427">
     <span class='ocr_line' id='line_1_42' title="bbox 2258 1353 3900 1427; baseline -0.002 -16"><span class='ocrx_word' id='word_1_288' title='bbox 2258 1372 2391 1411; x_wconf 91' lang='lat' dir='ltr'>cum</span> <span class='ocrx_word' id='word_1_289' title='bbox 2426 1356 2551 1427; x_wconf 91' lang='lat' dir='ltr'>ipso</span> <span class='ocrx_word' id='word_1_290' title='bbox 2584 1356 2720 1411; x_wconf 86' lang='lat' dir='ltr'>Jove</span> <span class='ocrx_word' id='word_1_291' title='bbox 2751 1361 2806 1411; x_wconf 92' lang='lat' dir='ltr'>et</span> <span class='ocrx_word' id='word_1_292' title='bbox 2855 1355 2998 1427; x_wconf 88' lang='lat' dir='ltr'>ipsis</span> <span class='ocrx_word' id='word_1_293' title='bbox 3039 1354 3163 1410; x_wconf 89' lang='lat' dir='ltr'>suis</span> <span class='ocrx_word' id='word_1_294' title='bbox 3195 1355 3444 1410; x_wconf 86' lang='lat' dir='ltr'>testibus</span> <span class='ocrx_word' id='word_1_295' title='bbox 3474 1353 3532 1408; x_wconf 91' lang='lat' dir='ltr'>in</span> <span class='ocrx_word' id='word_1_296' title='bbox 3567 1353 3702 1407; x_wconf 86' lang='lat' dir='ltr'>imis</span> <span class='ocrx_word' id='word_1_297' title='bbox 3737 1359 3900 1408; x_wconf 89' lang='lat' dir='ltr'>tene-</span> 
     </span>
    </p>
   </div>
   <div class='ocr_carea' id='block_1_43' title="bbox 2257 1443 3901 1516">
    <p class='ocr_par' dir='ltr' id='par_1_43' title="bbox 2257 1443 3901 1516">
     <span class='ocr_line' id='line_1_43' title="bbox 2257 1443 3901 1516; baseline -0.002 -17"><span class='ocrx_word' id='word_1_298' title='bbox 2257 1444 2380 1500; x_wconf 90' lang='lat' dir='ltr'>bris</span> <span class='ocrx_word' id='word_1_299' title='bbox 2412 1443 2955 1516; x_wconf 84' lang='lat' dir='ltr'>congemiscentes?</span> <span class='ocrx_word' id='word_1_300' title='bbox 2989 1445 3128 1500; x_wconf 91' lang='lat' dir='ltr'>item</span> <span class='ocrx_word' id='word_1_301' title='bbox 3161 1443 3463 1516; x_wconf 78' lang='lat' dir='ltr'>praesides,</span> <span class='ocrx_word' id='word_1_302' title='bbox 3497 1447 3901 1513; x_wconf 89' lang='lat' dir='ltr'>persecutores</span> 
     </span>
    </p>
   </div>
   <div class='ocr_carea' id='block_1_44' title="bbox 2257 1531 3901 1603">
    <p class='ocr_par' dir='ltr' id='par_1_44' title="bbox 2257 1531 3901 1603">
     <span class='ocr_line' id='line_1_44' title="bbox 2257 1531 3901 1603; baseline -0.002 -16"><span class='ocrx_word' id='word_1_303' title='bbox 2257 1532 2537 1587; x_wconf 91' lang='lat' dir='ltr'>dominici</span> <span class='ocrx_word' id='word_1_304' title='bbox 2587 1533 2864 1599; x_wconf 88' lang='lat' dir='ltr'>nominis,</span> <span class='ocrx_word' id='word_1_305' title='bbox 2935 1532 3296 1599; x_wconf 66' lang='lat' dir='ltr'>saevioribus,</span> <span class='ocrx_word' id='word_1_306' title='bbox 3341 1548 3519 1603; x_wconf 87' lang='lat' dir='ltr'>quam</span> <span class='ocrx_word' id='word_1_307' title='bbox 3553 1531 3665 1601; x_wconf 89' lang='lat' dir='ltr'>ipsi</span> <span class='ocrx_word' id='word_1_308' title='bbox 3696 1534 3901 1586; x_wconf 90' lang='lat' dir='ltr'>contra</span> 
     </span>
    </p>
   </div>
   <div class='ocr_carea' id='block_1_45' title="bbox 2258 1618 3896 1691">
    <p class='ocr_par' dir='ltr' id='par_1_45' title="bbox 2258 1618 3896 1691">
     <span class='ocr_line' id='line_1_45' title="bbox 2258 1618 3896 1691; baseline -0.001 -15"><span class='ocrx_word' id='word_1_309' title='bbox 2258 1620 2623 1677; x_wconf 88' lang='lat' dir='ltr'>Christianos</span> <span class='ocrx_word' id='word_1_310' title='bbox 2707 1621 3040 1691; x_wconf 57' lang='lat' dir='ltr'>saevierunt,</span> <span class='ocrx_word' id='word_1_311' title='bbox 3111 1621 3366 1676; x_wconf 87' lang='lat' dir='ltr'>ﬂammis</span> <span class='ocrx_word' id='word_1_312' title='bbox 3444 1618 3896 1686; x_wconf 86' lang='lat' dir='ltr'>insultantibus,</span> 
     </span>
    </p>
   </div>
   <div class='ocr_carea' id='block_1_46' title="bbox 2256 1707 3900 1783">
    <p class='ocr_par' dir='ltr' id='par_1_46' title="bbox 2256 1707 3900 1783">
     <span class='ocr_line' id='line_1_46' title="bbox 2256 1707 3900 1783; baseline -0.001 -19"><span class='ocrx_word' id='word_1_313' title='bbox 2256 1708 2643 1782; x_wconf 88' lang='lat' dir='ltr'>liquescentes</span> <span class='ocrx_word' id='word_1_314' title='bbox 2666 1711 2693 1766; x_wconf 80' lang='lat'>‘?</span> <span class='ocrx_word' id='word_1_315' title='bbox 2716 1715 2987 1783; x_wconf 60' lang='lat' dir='ltr'>praeterea</span> <span class='ocrx_word' id='word_1_316' title='bbox 3019 1711 3316 1783; x_wconf 88' lang='lat' dir='ltr'>sapientes</span> <span class='ocrx_word' id='word_1_317' title='bbox 3355 1708 3486 1766; x_wconf 91' lang='lat' dir='ltr'>illos</span> <span class='ocrx_word' id='word_1_318' title='bbox 3513 1707 3900 1782; x_wconf 87' lang='lat' dir='ltr'>philosophos</span> 
     </span>
    </p>
   </div>
   <div class='ocr_carea' id='block_1_47' title="bbox 2259 1799 3904 1871">
    <p class='ocr_par' dir='ltr' id='par_1_47' title="bbox 2259 1799 3904 1871">
     <span class='ocr_line' id='line_1_47' title="bbox 2259 1799 3904 1871; baseline -0.001 -18"><span class='ocrx_word' id='word_1_319' title='bbox 2259 1814 2454 1853; x_wconf 91' lang='lat' dir='ltr'>coram</span> <span class='ocrx_word' id='word_1_320' title='bbox 2479 1799 2785 1871; x_wconf 91' lang='lat' dir='ltr'>discipulis</span> <span class='ocrx_word' id='word_1_321' title='bbox 2807 1800 2932 1856; x_wconf 89' lang='lat' dir='ltr'>suis</span> <span class='ocrx_word' id='word_1_322' title='bbox 2958 1817 3072 1855; x_wconf 90' lang='lat' dir='ltr'>una</span> <span class='ocrx_word' id='word_1_323' title='bbox 3103 1799 3600 1870; x_wconf 82' lang='lat' dir='ltr'>conﬂagrantibus</span> <span class='ocrx_word' id='word_1_324' title='bbox 3631 1799 3743 1870; x_wconf 85' lang='lat'><strong>(16)</strong></span> <span class='ocrx_word' id='word_1_325' title='bbox 3771 1814 3904 1853; x_wconf 89' lang='lat' dir='ltr'>eru-</span> 
     </span>
    </p>
   </div>
   <div class='ocr_carea' id='block_1_48' title="bbox 2258 1886 3905 1960">
    <p class='ocr_par' dir='ltr' id='par_1_48' title="bbox 2258 1886 3905 1960">
     <span class='ocr_line' id='line_1_48' title="bbox 2258 1886 3905 1960; baseline 0 -18"><span class='ocrx_word' id='word_1_326' title='bbox 2258 1887 2582 1957; x_wconf 86' lang='lat' dir='ltr'>bescentes,</span> <span class='ocrx_word' id='word_1_327' title='bbox 2629 1889 2844 1960; x_wconf 90' lang='lat' dir='ltr'>quibus</span> <span class='ocrx_word' id='word_1_328' title='bbox 2897 1888 3042 1943; x_wconf 86' lang='lat' dir='ltr'>nihil</span> <span class='ocrx_word' id='word_1_329' title='bbox 3099 1889 3171 1943; x_wconf 91' lang='lat' dir='ltr'>ad</span> <span class='ocrx_word' id='word_1_330' title='bbox 3215 1888 3397 1943; x_wconf 91' lang='lat' dir='ltr'>Deum</span> <span class='ocrx_word' id='word_1_331' title='bbox 3432 1886 3720 1959; x_wconf 89' lang='lat' dir='ltr'>pertinere</span> <span class='ocrx_word' id='word_1_332' title='bbox 3766 1902 3905 1942; x_wconf 86' lang='lat' dir='ltr'>sua-</span> 
     </span>
    </p>
   </div>
   <div class='ocr_carea' id='block_1_49' title="bbox 2256 1975 3900 2049">
    <p class='ocr_par' dir='ltr' id='par_1_49' title="bbox 2256 1975 3900 2049">
     <span class='ocr_line' id='line_1_49' title="bbox 2256 1975 3900 2049; baseline -0.001 -18"><span class='ocrx_word' id='word_1_333' title='bbox 2256 1977 2494 2046; x_wconf 88' lang='lat' dir='ltr'>debant,</span> <span class='ocrx_word' id='word_1_334' title='bbox 2527 1979 2742 2049; x_wconf 88' lang='lat' dir='ltr'>quibus</span> <span class='ocrx_word' id='word_1_335' title='bbox 2765 1978 2993 2034; x_wconf 89' lang='lat' dir='ltr'>animas</span> <span class='ocrx_word' id='word_1_336' title='bbox 3023 1983 3126 2033; x_wconf 89' lang='lat' dir='ltr'>aut</span> <span class='ocrx_word' id='word_1_337' title='bbox 3155 1976 3367 2045; x_wconf 90' lang='lat' dir='ltr'>nullas,</span> <span class='ocrx_word' id='word_1_338' title='bbox 3394 1982 3495 2033; x_wconf 87' lang='lat' dir='ltr'>aut</span> <span class='ocrx_word' id='word_1_339' title='bbox 3517 1994 3630 2033; x_wconf 89' lang='lat' dir='ltr'>non</span> <span class='ocrx_word' id='word_1_340' title='bbox 3662 1977 3720 2031; x_wconf 93' lang='lat' dir='ltr'>in</span> <span class='ocrx_word' id='word_1_341' title='bbox 3755 1975 3900 2046; x_wconf 87' lang='lat' dir='ltr'>pris-</span> 
     </span>
    </p>
   </div>
   <div class='ocr_carea' id='block_1_50' title="bbox 2255 2065 3896 2138">
    <p class='ocr_par' dir='ltr' id='par_1_50' title="bbox 2255 2065 3896 2138">
     <span class='ocr_line' id='line_1_50' title="bbox 2255 2065 3896 2138; baseline 0 -18"><span class='ocrx_word' id='word_1_342' title='bbox 2255 2065 2377 2121; x_wconf 90' lang='lat' dir='ltr'>tina</span> <span class='ocrx_word' id='word_1_343' title='bbox 2408 2083 2652 2138; x_wconf 90' lang='lat' dir='ltr'>corpora</span> <span class='ocrx_word' id='word_1_344' title='bbox 2701 2068 2991 2123; x_wconf 90' lang='lat' dir='ltr'>redituras</span> <span class='ocrx_word' id='word_1_345' title='bbox 3031 2067 3426 2132; x_wconf 81' lang='lat' dir='ltr'>affirmabant,</span> <span class='ocrx_word' id='word_1_346' title='bbox 3459 2066 3635 2121; x_wconf 89' lang='lat' dir='ltr'>etiam</span> <span class='ocrx_word' id='word_1_347' title='bbox 3692 2068 3896 2137; x_wconf 87' lang='lat' dir='ltr'>poetas</span> 
     </span>
    </p>
   </div>
   <div class='ocr_carea' id='block_1_51' title="bbox 2255 2152 3893 2225">
    <p class='ocr_par' dir='ltr' id='par_1_51' title="bbox 2255 2152 3893 2225">
     <span class='ocr_line' id='line_1_51' title="bbox 2255 2152 3893 2225; baseline -0.002 -16"><span class='ocrx_word' id='word_1_348' title='bbox 2255 2171 2369 2209; x_wconf 90' lang='lat' dir='ltr'>non</span> <span class='ocrx_word' id='word_1_349' title='bbox 2404 2156 2474 2210; x_wconf 90' lang='lat' dir='ltr'>ad</span> <span class='ocrx_word' id='word_1_350' title='bbox 2508 2155 2916 2225; x_wconf 85' lang='lat' dir='ltr'>Rhadamanti,</span> <span class='ocrx_word' id='word_1_351' title='bbox 2963 2172 3067 2210; x_wconf 92' lang='lat' dir='ltr'>nec</span> <span class='ocrx_word' id='word_1_352' title='bbox 3097 2155 3168 2211; x_wconf 89' lang='lat' dir='ltr'>ad</span> <span class='ocrx_word' id='word_1_353' title='bbox 3203 2155 3432 2222; x_wconf 89' lang='lat' dir='ltr'>Minois,</span> <span class='ocrx_word' id='word_1_354' title='bbox 3466 2155 3565 2210; x_wconf 92' lang='lat' dir='ltr'>sed</span> <span class='ocrx_word' id='word_1_355' title='bbox 3600 2155 3672 2209; x_wconf 90' lang='lat' dir='ltr'>ad</span> <span class='ocrx_word' id='word_1_356' title='bbox 3704 2152 3893 2225; x_wconf 83' lang='lat' dir='ltr'>inopi-</span> 
     </span>
    </p>
   </div>
   <div class='ocr_carea' id='block_1_52' title="bbox 2255 2242 3890 2316">
    <p class='ocr_par' dir='ltr' id='par_1_52' title="bbox 2255 2242 3890 2316">
     <span class='ocr_line' id='line_1_52' title="bbox 2255 2242 3890 2316; baseline -0.001 -18"><span class='ocrx_word' id='word_1_357' title='bbox 2255 2244 2373 2298; x_wconf 89' lang='lat' dir='ltr'>nati</span> <span class='ocrx_word' id='word_1_358' title='bbox 2407 2244 2617 2300; x_wconf 87' lang='lat' dir='ltr'>Christi</span> <span class='ocrx_word' id='word_1_359' title='bbox 2642 2245 2892 2300; x_wconf 89' lang='lat' dir='ltr'>lribunal</span> <span class='ocrx_word' id='word_1_360' title='bbox 2927 2243 3278 2316; x_wconf 87' lang='lat' dir='ltr'>palpitantes</span> <span class='ocrx_word' id='word_1_361' title='bbox 3299 2244 3326 2298; x_wconf 83' lang='lat'>?</span> <span class='ocrx_word' id='word_1_362' title='bbox 3356 2245 3520 2298; x_wconf 89' lang='lat' dir='ltr'>Tunc</span> <span class='ocrx_word' id='word_1_363' title='bbox 3558 2242 3746 2315; x_wconf 87' lang='lat' dir='ltr'>magis</span> <span class='ocrx_word' id='word_1_364' title='bbox 3768 2246 3890 2297; x_wconf 90' lang='lat' dir='ltr'>tra-</span> 
     </span>
    </p>
   </div>
   <div class='ocr_carea' id='block_1_53' title="bbox 2255 2332 3891 2405">
    <p class='ocr_par' dir='ltr' id='par_1_53' title="bbox 2255 2332 3891 2405">
     <span class='ocr_line' id='line_1_53' title="bbox 2255 2332 3891 2405; baseline -0.001 -17"><span class='ocrx_word' id='word_1_365' title='bbox 2255 2333 2406 2405; x_wconf 78' lang='lat' dir='ltr'>gmtli</span> <span class='ocrx_word' id='word_1_366' title='bbox 2441 2333 2736 2402; x_wconf 88' lang='lat' dir='ltr'>audiendi,</span> <span class='ocrx_word' id='word_1_367' title='bbox 2770 2334 2955 2403; x_wconf 86' lang='lat' dir='ltr'>magis</span> <span class='ocrx_word' id='word_1_368' title='bbox 2985 2333 3207 2388; x_wconf 89' lang='lat' dir='ltr'>scilicet</span> <span class='ocrx_word' id='word_1_369' title='bbox 3263 2332 3486 2389; x_wconf 90' lang='lat' dir='ltr'>vocales</span> <span class='ocrx_word' id='word_1_370' title='bbox 3513 2333 3572 2387; x_wconf 92' lang='lat' dir='ltr'>in</span> <span class='ocrx_word' id='word_1_371' title='bbox 3629 2349 3737 2387; x_wconf 89' lang='lat' dir='ltr'>sua</span> <span class='ocrx_word' id='word_1_372' title='bbox 3758 2347 3891 2402; x_wconf 86' lang='lat' dir='ltr'>pro-</span> 
     </span>
    </p>
   </div>
   <div class='ocr_carea' id='block_1_54' title="bbox 2256 2418 3892 2494">
    <p class='ocr_par' dir='ltr' id='par_1_54' title="bbox 2256 2418 3892 2494">
     <span class='ocr_line' id='line_1_54' title="bbox 2256 2418 3892 2494; baseline -0.002 -17"><span class='ocrx_word' id='word_1_373' title='bbox 2256 2423 2383 2494; x_wconf 89' lang='lat' dir='ltr'>pria</span> <span class='ocrx_word' id='word_1_374' title='bbox 2411 2422 2761 2478; x_wconf 89' lang='lat' dir='ltr'>calamitate.</span> <span class='ocrx_word' id='word_1_375' title='bbox 2788 2424 2950 2478; x_wconf 91' lang='lat' dir='ltr'>Tunc</span> <span class='ocrx_word' id='word_1_376' title='bbox 2980 2422 3294 2478; x_wconf 87' lang='lat' dir='ltr'>histriones</span> <span class='ocrx_word' id='word_1_377' title='bbox 3325 2418 3892 2494; x_wconf 89' lang='lat' dir='ltr'>cognoscendisolu-</span> 
     </span>
    </p>
   </div>
   <div class='ocr_carea' id='block_1_55' title="bbox 2257 2511 3892 2584">
    <p class='ocr_par' dir='ltr' id='par_1_55' title="bbox 2257 2511 3892 2584">
     <span class='ocr_line' id='line_1_55' title="bbox 2257 2511 3892 2584; baseline -0.001 -18"><span class='ocrx_word' id='word_1_378' title='bbox 2257 2511 2432 2567; x_wconf 89' lang='lat' dir='ltr'>tiores</span> <span class='ocrx_word' id='word_1_379' title='bbox 2464 2512 2574 2584; x_wconf 85' lang='lat'><strong>(17)</strong></span> <span class='ocrx_word' id='word_1_380' title='bbox 2599 2512 2782 2568; x_wconf 92' lang='lat' dir='ltr'>multo</span> <span class='ocrx_word' id='word_1_381' title='bbox 2815 2529 2916 2584; x_wconf 91' lang='lat' dir='ltr'>per</span> <span class='ocrx_word' id='word_1_382' title='bbox 2941 2513 3133 2584; x_wconf 90' lang='lat' dir='ltr'>ignem</span> <span class='ocrx_word' id='word_1_383' title='bbox 3161 2527 3172 2567; x_wconf 93' lang='lat'>:</span> <span class='ocrx_word' id='word_1_384' title='bbox 3206 2515 3346 2566; x_wconf 89' lang='lat' dir='ltr'>tunc</span> <span class='ocrx_word' id='word_1_385' title='bbox 3404 2511 3758 2582; x_wconf 88' lang='lat' dir='ltr'>spectandus</span> <span class='ocrx_word' id='word_1_386' title='bbox 3785 2526 3892 2565; x_wconf 91' lang='lat' dir='ltr'>au-</span> 
     </span>
    </p>
   </div>
   <div class='ocr_carea' id='block_1_56' title="bbox 2257 2600 3893 2673">
    <p class='ocr_par' dir='ltr' id='par_1_56' title="bbox 2257 2600 3893 2673">
     <span class='ocr_line' id='line_1_56' title="bbox 2257 2600 3893 2673; baseline -0.001 -18"><span class='ocrx_word' id='word_1_387' title='bbox 2257 2601 2382 2673; x_wconf 89' lang='lat' dir='ltr'>riga</span> <span class='ocrx_word' id='word_1_388' title='bbox 2413 2602 2469 2656; x_wconf 92' lang='lat' dir='ltr'>in</span> <span class='ocrx_word' id='word_1_389' title='bbox 2529 2602 2800 2656; x_wconf 82' lang='lat' dir='ltr'>flammea</span> <span class='ocrx_word' id='word_1_390' title='bbox 2847 2605 2976 2657; x_wconf 86' lang='lat' dir='ltr'>rota</span> <span class='ocrx_word' id='word_1_391' title='bbox 3020 2604 3176 2656; x_wconf 87' lang='lat' dir='ltr'>totus</span> <span class='ocrx_word' id='word_1_392' title='bbox 3229 2600 3445 2655; x_wconf 89' lang='lat' dir='ltr'>rubens</span> <span class='ocrx_word' id='word_1_393' title='bbox 3493 2601 3538 2634; x_wconf 83' lang='grc'><strong>⁹³</strong></span> <span class='ocrx_word' id='word_1_394' title='bbox 3568 2600 3715 2670; x_wconf 83' lang='grc'>(18);</span> <span class='ocrx_word' id='word_1_395' title='bbox 3751 2603 3893 2654; x_wconf 90' lang='lat' dir='ltr'>tunc</span> 
     </span>
    </p>
   </div>
   <div class='ocr_carea' id='block_1_57' title="bbox 2254 2687 3892 2762">
    <p class='ocr_par' dir='ltr' id='par_1_57' title="bbox 2254 2687 3892 2762">
     <span class='ocr_line' id='line_1_57' title="bbox 2254 2687 3892 2762; baseline -0.002 -18"><span class='ocrx_word' id='word_1_396' title='bbox 2254 2690 2459 2761; x_wconf 81' lang='lat' dir='ltr'>xystici</span> <span class='ocrx_word' id='word_1_397' title='bbox 2493 2689 2927 2762; x_wconf 88' lang='lat' dir='ltr'>contemplandi</span> <span class='ocrx_word' id='word_1_398' title='bbox 2962 2689 3153 2744; x_wconf 91' lang='lat' dir='ltr'>nonin</span> <span class='ocrx_word' id='word_1_399' title='bbox 3185 2687 3507 2761; x_wconf 83' lang='lat' dir='ltr'>gymnasiis</span> <span class='ocrx_word' id='word_1_400' title='bbox 3532 2695 3543 2758; x_wconf 69' lang='grc' dir='ltr'>ζ</span> <span class='ocrx_word' id='word_1_401' title='bbox 3565 2688 3666 2758; x_wconf 84' lang='grc'>19),</span> <span class='ocrx_word' id='word_1_402' title='bbox 3699 2687 3799 2743; x_wconf 91' lang='lat' dir='ltr'>sed</span> <span class='ocrx_word' id='word_1_403' title='bbox 3831 2687 3892 2741; x_wconf 92' lang='lat' dir='ltr'>in</span> 
     </span>
    </p>
   </div>
   <div class='ocr_carea' id='block_1_58' title="bbox 2255 2775 3895 2850">
    <p class='ocr_par' dir='ltr' id='par_1_58' title="bbox 2255 2775 3895 2850">
     <span class='ocr_line' id='line_1_58' title="bbox 2255 2775 3895 2850; baseline 0 -18"><span class='ocrx_word' id='word_1_404' title='bbox 2255 2779 2388 2850; x_wconf 87' lang='lat' dir='ltr'>igne</span> <span class='ocrx_word' id='word_1_405' title='bbox 2422 2778 2678 2850; x_wconf 79' lang='lat' dir='ltr'>iaculati,</span> <span class='ocrx_word' id='word_1_406' title='bbox 2715 2777 2827 2834; x_wconf 91' lang='lat' dir='ltr'>nisi</span> <span class='ocrx_word' id='word_1_407' title='bbox 2859 2779 3014 2849; x_wconf 92' lang='lat' dir='ltr'>quod</span> <span class='ocrx_word' id='word_1_408' title='bbox 3047 2793 3150 2832; x_wconf 91' lang='lat' dir='ltr'>nec</span> <span class='ocrx_word' id='word_1_409' title='bbox 3182 2783 3321 2832; x_wconf 93' lang='lat' dir='ltr'>tunc</span> <span class='ocrx_word' id='word_1_410' title='bbox 3361 2777 3598 2848; x_wconf 90' lang='lat' dir='ltr'>quidem</span> <span class='ocrx_word' id='word_1_411' title='bbox 3632 2775 3764 2832; x_wconf 88' lang='lat' dir='ltr'>illos</span> <span class='ocrx_word' id='word_1_412' title='bbox 3798 2794 3895 2832; x_wconf 88' lang='lat' dir='ltr'>ve-</span> 
     </span>
    </p>
   </div>
   <div class='ocr_carea' id='block_1_59' title="bbox 2256 2855 3894 2938">
    <p class='ocr_par' dir='ltr' id='par_1_59' title="bbox 2256 2855 3894 2938">
     <span class='ocr_line' id='line_1_59' title="bbox 2256 2855 3894 2938; baseline -0.001 -16"><span class='ocrx_word' id='word_1_413' title='bbox 2256 2855 2366 2923; x_wconf 27' lang='lat' dir='ltr'>lim.</span> <span class='ocrx_word' id='word_1_414' title='bbox 2389 2867 2562 2936; x_wconf 91' lang='lat' dir='ltr'>visos,</span> <span class='ocrx_word' id='word_1_415' title='bbox 2596 2873 2659 2922; x_wconf 91' lang='lat' dir='ltr'>ut</span> <span class='ocrx_word' id='word_1_416' title='bbox 2702 2867 2802 2938; x_wconf 91' lang='lat' dir='ltr'>qui</span> <span class='ocrx_word' id='word_1_417' title='bbox 2833 2867 2984 2922; x_wconf 72' lang='lat'><strong>662</strong></span> <span class='ocrx_word' id='word_1_418' title='bbox 3044 2865 3244 2921; x_wconf 91' lang='lat' dir='ltr'>malim</span> <span class='ocrx_word' id='word_1_419' title='bbox 3293 2867 3365 2920; x_wconf 91' lang='lat' dir='ltr'>ad</span> <span class='ocrx_word' id='word_1_420' title='bbox 3396 2882 3495 2922; x_wconf 87' lang='lat' dir='ltr'>eos</span> <span class='ocrx_word' id='word_1_421' title='bbox 3527 2865 3719 2937; x_wconf 91' lang='lat' dir='ltr'>potius</span> <span class='ocrx_word' id='word_1_422' title='bbox 3750 2881 3894 2921; x_wconf 88' lang='lat' dir='ltr'>con-</span> 
     </span>
    </p>
   </div>
   <div class='ocr_carea' id='block_1_60' title="bbox 2256 2956 3892 3031">
    <p class='ocr_par' dir='ltr' id='par_1_60' title="bbox 2256 2956 3892 3031">
     <span class='ocr_line' id='line_1_60' title="bbox 2256 2956 3892 3031; baseline -0.003 -16"><span class='ocrx_word' id='word_1_423' title='bbox 2256 2963 2518 3031; x_wconf 89' lang='lat' dir='ltr'>spectum</span> <span class='ocrx_word' id='word_1_424' title='bbox 2579 2957 2970 3014; x_wconf 89' lang='lat' dir='ltr'>insatiabilem</span> <span class='ocrx_word' id='word_1_425' title='bbox 3007 2957 3290 3024; x_wconf 87' lang='lat' dir='ltr'>conferre,</span> <span class='ocrx_word' id='word_1_426' title='bbox 3322 2956 3423 3030; x_wconf 91' lang='lat' dir='ltr'>qui</span> <span class='ocrx_word' id='word_1_427' title='bbox 3471 2957 3529 3012; x_wconf 93' lang='lat' dir='ltr'>in</span> <span class='ocrx_word' id='word_1_428' title='bbox 3580 2957 3892 3012; x_wconf 90' lang='lat' dir='ltr'>Dominum</span> 
     </span>
    </p>
   </div>
   <div class='ocr_carea' id='block_1_61' title="bbox 2255 3045 3890 3119">
    <p class='ocr_par' dir='ltr' id='par_1_61' title="bbox 2255 3045 3890 3119">
     <span class='ocr_line' id='line_1_61' title="bbox 2255 3045 3890 3119; baseline -0.003 -14"><span class='ocrx_word' id='word_1_429' title='bbox 2255 3049 2657 3105; x_wconf 79' lang='lat' dir='ltr'>desaevierunt.</span> <span class='ocrx_word' id='word_1_430' title='bbox 2711 3047 2817 3103; x_wconf 88' lang='lat' dir='ltr'>Hic</span> <span class='ocrx_word' id='word_1_431' title='bbox 2864 3052 2954 3104; x_wconf 90' lang='lat' dir='ltr'>est</span> <span class='ocrx_word' id='word_1_432' title='bbox 2985 3046 3082 3102; x_wconf 91' lang='lat' dir='ltr'>ille</span> <span class='ocrx_word' id='word_1_433' title='bbox 3109 3047 3349 3119; x_wconf 90' lang='lat' dir='ltr'>(dicam)</span> <span class='ocrx_word' id='word_1_434' title='bbox 3380 3045 3526 3102; x_wconf 85' lang='lat' dir='ltr'>fabri</span> <span class='ocrx_word' id='word_1_435' title='bbox 3585 3049 3685 3101; x_wconf 90' lang='lat' dir='ltr'>aut</span> <span class='ocrx_word' id='word_1_436' title='bbox 3733 3063 3890 3116; x_wconf 73' lang='lat' dir='ltr'>quie-</span> 
     </span>
    </p>
   </div>
   <div class='ocr_carea' id='block_1_62' title="bbox 2255 3135 3895 3208">
    <p class='ocr_par' dir='ltr' id='par_1_62' title="bbox 2255 3135 3895 3208">
     <span class='ocr_line' id='line_1_62' title="bbox 2255 3135 3895 3208; baseline -0.002 -14"><span class='ocrx_word' id='word_1_437' title='bbox 2255 3138 2489 3195; x_wconf 81' lang='lat' dir='ltr'>stuariae</span> <span class='ocrx_word' id='word_1_438' title='bbox 2509 3136 2667 3193; x_wconf 84' lang='lat' dir='ltr'>ﬁlius</span> <span class='ocrx_word' id='word_1_439' title='bbox 2696 3137 2741 3172; x_wconf 78' lang='lat'><strong>“</strong></span> <span class='ocrx_word' id='word_1_440' title='bbox 2765 3138 2898 3208; x_wconf 73' lang='grc'>(20),</span> <span class='ocrx_word' id='word_1_441' title='bbox 2927 3136 3165 3192; x_wconf 89' lang='lat' dir='ltr'>Sabbati</span> <span class='ocrx_word' id='word_1_442' title='bbox 3191 3136 3541 3202; x_wconf 91' lang='lat' dir='ltr'>destructor,</span> <span class='ocrx_word' id='word_1_443' title='bbox 3573 3135 3895 3190; x_wconf 86' lang='lat' dir='ltr'>Samarites</span> 
     </span>
    </p>
   </div>
   <div class='ocr_carea' id='block_1_63' title="bbox 2255 3223 3895 3296">
    <p class='ocr_par' dir='ltr' id='par_1_63' title="bbox 2255 3223 3895 3296">
     <span class='ocr_line' id='line_1_63' title="bbox 2255 3223 3895 3296; baseline -0.003 -12"><span class='ocrx_word' id='word_1_444' title='bbox 2255 3231 2315 3284; x_wconf 90' lang='lat' dir='ltr'>et</span> <span class='ocrx_word' id='word_1_445' title='bbox 2344 3227 2699 3282; x_wconf 74' lang='lat' dir='ltr'>daemonium</span> <span class='ocrx_word' id='word_1_446' title='bbox 2731 3226 2972 3282; x_wconf 86' lang='lat' dir='ltr'>habens.</span> <span class='ocrx_word' id='word_1_447' title='bbox 3007 3225 3107 3280; x_wconf 83' lang='lat' dir='ltr'>Hic</span> <span class='ocrx_word' id='word_1_448' title='bbox 3162 3229 3252 3282; x_wconf 90' lang='lat' dir='ltr'>est</span> <span class='ocrx_word' id='word_1_449' title='bbox 3280 3241 3455 3296; x_wconf 90' lang='lat' dir='ltr'>quem</span> <span class='ocrx_word' id='word_1_450' title='bbox 3487 3242 3521 3280; x_wconf 92' lang='lat' dir='ltr'>a</span> <span class='ocrx_word' id='word_1_451' title='bbox 3545 3225 3700 3280; x_wconf 88' lang='lat' dir='ltr'>Juda</span> <span class='ocrx_word' id='word_1_452' title='bbox 3729 3223 3895 3280; x_wconf 89' lang='lat' dir='ltr'>rede-</span> 
     </span>
    </p>
   </div>
   <div class='ocr_carea' id='block_1_64' title="bbox 1939 3360 2488 3421">
    <p class='ocr_par' dir='ltr' id='par_1_64' title="bbox 1939 3360 2488 3421">
     <span class='ocr_line' id='line_1_64' title="bbox 1939 3360 2488 3421; baseline 0.002 -2"><span class='ocrx_word' id='word_1_453' title='bbox 1939 3361 2139 3421; x_wconf 71' lang='lat' dir='ltr'>Variaa</span> <span class='ocrx_word' id='word_1_454' title='bbox 2171 3360 2488 3421; x_wconf 86' lang='lat' dir='ltr'>lectiones.</span> 
     </span>
    </p>
   </div>
   <div class='ocr_carea' id='block_1_65' title="bbox 574 3462 3903 3552">
    <p class='ocr_par' dir='ltr' id='par_1_65' title="bbox 574 3462 3903 3552">
     <span class='ocr_line' id='line_1_65' title="bbox 574 3462 3903 3552; baseline 0.002 -37"><span class='ocrx_word' id='word_1_455' title='bbox 574 3462 965 3552; x_wconf 31' lang='lat' dir='ltr'>{iyartyrum</span> <span class='ocrx_word' id='word_1_456' title='bbox 1280 3464 1570 3552; x_wconf 39' lang='lat' dir='ltr'>“Scienti:</span> <span class='ocrx_word' id='word_1_457' title='bbox 1604 3467 1736 3552; x_wconf 38' lang='grc' dir='ltr'>Εἰσί.</span> <span class='ocrx_word' id='word_1_458' title='bbox 1765 3468 1844 3552; x_wconf 52' lang='grc' dir='ltr'>Λθο</span> <span class='ocrx_word' id='word_1_459' title='bbox 1894 3468 2018 3552; x_wconf 77' lang='lat' dir='ltr'>Non</span> <span class='ocrx_word' id='word_1_460' title='bbox 2067 3483 2253 3552; x_wconf 63' lang='lat' dir='ltr'>pauca</span> <span class='ocrx_word' id='word_1_461' title='bbox 2283 3467 2460 3524; x_wconf 91' lang='lat' dir='ltr'>simul</span> <span class='ocrx_word' id='word_1_462' title='bbox 2509 3465 2716 3537; x_wconf 79' lang='lat' dir='ltr'>Rigalt.</span> <span class='ocrx_word' id='word_1_463' title='bbox 2793 3467 2836 3502; x_wconf 75' lang='grc' dir='ltr'>οι</span> <span class='ocrx_word' id='word_1_464' title='bbox 2889 3465 3310 3522; x_wconf 79' lang='lat' dir='ltr'>Adumbratam</span> <span class='ocrx_word' id='word_1_465' title='bbox 3343 3466 3472 3522; x_wconf 87' lang='lat' dir='ltr'>Par.</span> <span class='ocrx_word' id='word_1_466' title='bbox 3505 3467 3630 3537; x_wconf 85' lang='lat' dir='ltr'>Rig.</span> <span class='ocrx_word' id='word_1_467' title='bbox 3709 3465 3755 3500; x_wconf 81' lang='grc'>⁹²</span> <span class='ocrx_word' id='word_1_468' title='bbox 3788 3466 3903 3522; x_wconf 83' lang='lat' dir='ltr'>Tot</span> 
     </span>
    </p>
   </div>
   <div class='ocr_carea' id='block_1_66' title="bbox 505 3535 2308 3609">
    <p class='ocr_par' dir='ltr' id='par_1_66' title="bbox 505 3535 2308 3609">
     <span class='ocr_line' id='line_1_66' title="bbox 505 3535 2308 3609; baseline 0.003 -21"><span class='ocrx_word' id='word_1_469' title='bbox 505 3537 777 3604; x_wconf 84' lang='lat' dir='ltr'>spectans</span> <span class='ocrx_word' id='word_1_470' title='bbox 808 3550 970 3606; x_wconf 86' lang='lat' dir='ltr'>reges</span> <span class='ocrx_word' id='word_1_471' title='bbox 1003 3536 1126 3604; x_wconf 83' lang='lat' dir='ltr'>Rig.</span> <span class='ocrx_word' id='word_1_472' title='bbox 1204 3535 1249 3570; x_wconf 66' lang='grc'>³³</span> <span class='ocrx_word' id='word_1_473' title='bbox 1280 3535 1475 3592; x_wconf 81' lang='lat' dir='ltr'>Rubor</span> <span class='ocrx_word' id='word_1_474' title='bbox 1504 3537 1622 3609; x_wconf 68' lang='grc' dir='ltr'>Βία.</span> <span class='ocrx_word' id='word_1_475' title='bbox 1675 3535 1742 3573; x_wconf 72' lang='grc'>’⁹⁴</span> <span class='ocrx_word' id='word_1_476' title='bbox 1763 3535 2107 3603; x_wconf 67' lang='lat' dir='ltr'>Quiestuarii</span> <span class='ocrx_word' id='word_1_477' title='bbox 2140 3542 2308 3596; x_wconf 85' lang='lat' dir='ltr'>Fran.</span> 
     </span>
    </p>
   </div>
   <div class='ocr_carea' id='block_1_67' title="bbox 1970 3676 2491 3738">
    <p class='ocr_par' dir='ltr' id='par_1_67' title="bbox 1970 3676 2491 3738">
     <span class='ocr_line' id='line_1_67' title="bbox 1970 3676 2491 3738; baseline -0.004 -1"><span class='ocrx_word' id='word_1_478' title='bbox 1970 3676 2491 3738; x_wconf 89' lang='lat' dir='ltr'>Commentarius.</span> 
     </span>
    </p>
   </div>
   <div class='ocr_carea' id='block_1_68' title="bbox 575 3774 3676 3850">
    <p class='ocr_par' dir='ltr' id='par_1_68' title="bbox 575 3774 3676 3850">
     <span class='ocr_line' id='line_1_68' title="bbox 575 3774 3676 3850; baseline 0.003 -23"><span class='ocrx_word' id='word_1_479' title='bbox 575 3774 652 3846; x_wconf 85' lang='lat'><strong>(9)</strong></span> <span class='ocrx_word' id='word_1_480' title='bbox 684 3775 960 3850; x_wconf 78' lang='lat' dir='ltr'>Circenses</span> <span class='ocrx_word' id='word_1_481' title='bbox 989 3776 1156 3831; x_wconf 85' lang='lat' dir='ltr'>ludos.</span> <span class='ocrx_word' id='word_1_482' title='bbox 1189 3779 1322 3842; x_wconf 56' lang='lat' dir='ltr'>Quae</span> <span class='ocrx_word' id='word_1_483' title='bbox 1385 3779 1455 3833; x_wconf 89' lang='lat' dir='ltr'>ad</span> <span class='ocrx_word' id='word_1_484' title='bbox 1507 3779 1726 3835; x_wconf 89' lang='lat' dir='ltr'>circum</span> <span class='ocrx_word' id='word_1_485' title='bbox 1779 3781 2138 3850; x_wconf 89' lang='lat' dir='ltr'>spectabant,</span> <span class='ocrx_word' id='word_1_486' title='bbox 2174 3783 2216 3848; x_wconf 75' lang='grc' dir='ltr'>Ο</span> <span class='ocrx_word' id='word_1_487' title='bbox 2255 3779 2554 3850; x_wconf 88' lang='lat' dir='ltr'>senatorii,</span> <span class='ocrx_word' id='word_1_488' title='bbox 2588 3783 2816 3835; x_wconf 89' lang='lat' dir='ltr'>constat</span> <span class='ocrx_word' id='word_1_489' title='bbox 2836 3794 2904 3834; x_wconf 85' lang='lat' dir='ltr'>ex</span> <span class='ocrx_word' id='word_1_490' title='bbox 2933 3779 3203 3834; x_wconf 91' lang='lat' dir='ltr'>Suetonio</span> <span class='ocrx_word' id='word_1_491' title='bbox 3230 3783 3287 3834; x_wconf 90' lang='lat' dir='ltr'>et</span> <span class='ocrx_word' id='word_1_492' title='bbox 3314 3779 3514 3834; x_wconf 89' lang='lat' dir='ltr'>Dione.</span> <span class='ocrx_word' id='word_1_493' title='bbox 3551 3780 3676 3835; x_wconf 60' lang='lat' dir='ltr'>an.</span> 
     </span>
    </p>
   </div>
   <div class='ocr_carea' id='block_1_69' title="bbox 501 3846 2138 3973">
    <p class='ocr_par' dir='ltr' id='par_1_69' title="bbox 501 3846 2138 3973">
     <span class='ocr_line' id='line_1_69' title="bbox 501 3846 2138 3973; baseline 0.005 -74"><span class='ocrx_word' id='word_1_494' title='bbox 501 3846 597 3973; x_wconf 55' lang='lat' dir='ltr'>lﬁic</span> <span class='ocrx_word' id='word_1_495' title='bbox 619 3847 848 3970; x_wconf 53' lang='lat' dir='ltr'>ggregie</span> <span class='ocrx_word' id='word_1_496' title='bbox 879 3850 1285 3904; x_wconf 89' lang='lat' dir='ltr'>accommodat</span> <span class='ocrx_word' id='word_1_497' title='bbox 1323 3851 1394 3904; x_wconf 91' lang='lat' dir='ltr'>ad</span> <span class='ocrx_word' id='word_1_498' title='bbox 1431 3868 1617 3907; x_wconf 89' lang='lat' dir='ltr'>mores</span> <span class='ocrx_word' id='word_1_499' title='bbox 1649 3846 2138 3909; x_wconf 83' lang='lat' dir='ltr'>Christianorum.</span> 
     </span>
     <span class='ocr_line' id='line_1_70' title="bbox 552 3935 720 3973; baseline 0.006 -1"><span class='ocrx_word' id='word_1_500' title='bbox 552 3935 584 3972; x_wconf 75' lang='grc' dir='ltr'><strong>Ε</strong></span> <span class='ocrx_word' id='word_1_501' title='bbox 664 3935 720 3973; x_wconf 86' lang='lat' dir='ltr'>a.</span> 
     </span>
    </p>
   </div>
   <div class='ocr_carea' id='block_1_70' title="bbox 552 3922 720 3974">
    <p class='ocr_par' dir='ltr' id='par_1_70' title="bbox 552 3922 720 3974">
     <span class='ocr_line' id='line_1_71' title="bbox 552 3922 720 3974; baseline 0.012 -2"><span class='ocrx_word' id='word_1_502' title='bbox 552 3935 584 3972; x_wconf 76' lang='grc' dir='ltr'><strong>Ε</strong></span> <span class='ocrx_word' id='word_1_503' title='bbox 619 3922 720 3974; x_wconf 85' lang='lat' dir='ltr'>Pa.</span> 
     </span>
    </p>
   </div>
   <div class='ocr_carea' id='block_1_71' title="bbox 574 3990 2143 4066">
    <p class='ocr_par' dir='ltr' id='par_1_71' title="bbox 574 3990 2143 4066">
     <span class='ocr_line' id='line_1_72' title="bbox 574 3990 2143 4066; baseline 0.003 -23"><span class='ocrx_word' id='word_1_504' title='bbox 574 3990 686 4066; x_wconf 79' lang='lat'><strong>(11)</strong></span> <span class='ocrx_word' id='word_1_505' title='bbox 727 3992 838 4044; x_wconf 73' lang='lat' dir='ltr'>Nec</span> <span class='ocrx_word' id='word_1_506' title='bbox 880 3990 1422 4066; x_wconf 67' lang='lat' dir='ltr'>strephw._Explica</span> <span class='ocrx_word' id='word_1_507' title='bbox 1470 3993 1720 4066; x_wconf 84' lang='lat' dir='ltr'>technas</span> <span class='ocrx_word' id='word_1_508' title='bbox 1775 3998 1832 4048; x_wconf 91' lang='lat' dir='ltr'>et</span> <span class='ocrx_word' id='word_1_509' title='bbox 1892 3994 2143 4061; x_wconf 81' lang='lat' dir='ltr'>fraudes,</span> 
     </span>
    </p>
   </div>
   <div class='ocr_carea' id='block_1_72' title="bbox 505 4061 2142 4132">
    <p class='ocr_par' dir='ltr' id='par_1_72' title="bbox 505 4061 2142 4132">
     <span class='ocr_line' id='line_1_73' title="bbox 505 4061 2142 4132; baseline 0.001 -16"><span class='ocrx_word' id='word_1_510' title='bbox 505 4061 604 4116; x_wconf 90' lang='lat' dir='ltr'>sed</span> <span class='ocrx_word' id='word_1_511' title='bbox 638 4078 770 4117; x_wconf 89' lang='lat' dir='ltr'>cum</span> <span class='ocrx_word' id='word_1_512' title='bbox 805 4069 1068 4132; x_wconf 87' lang='lat' dir='ltr'>respectu</span> <span class='ocrx_word' id='word_1_513' title='bbox 1103 4062 1170 4117; x_wconf 89' lang='lat' dir='ltr'>ad</span> <span class='ocrx_word' id='word_1_514' title='bbox 1202 4061 1476 4132; x_wconf 86' lang='lat' dir='ltr'>strophas</span> <span class='ocrx_word' id='word_1_515' title='bbox 1519 4069 1575 4120; x_wconf 86' lang='lat' dir='ltr'>et</span> <span class='ocrx_word' id='word_1_516' title='bbox 1600 4068 1739 4121; x_wconf 82' lang='lat' dir='ltr'>odas</span> <span class='ocrx_word' id='word_1_517' title='bbox 1772 4065 2142 4131; x_wconf 74' lang='lat' dir='ltr'>hristrionim,</span> 
     </span>
    </p>
   </div>
   <div class='ocr_carea' id='block_1_73' title="bbox 503 4131 2148 4207">
    <p class='ocr_par' dir='ltr' id='par_1_73' title="bbox 503 4131 2148 4207">
     <span class='ocr_line' id='line_1_74' title="bbox 503 4131 2148 4207; baseline 0.004 -21"><span class='ocrx_word' id='word_1_518' title='bbox 503 4131 735 4207; x_wconf 77' lang='lat' dir='ltr'>quibus</span> <span class='ocrx_word' id='word_1_519' title='bbox 780 4131 1059 4207; x_wconf 67' lang='lat' dir='ltr'>oppositas</span> <span class='ocrx_word' id='word_1_520' title='bbox 1090 4131 1467 4207; x_wconf 68' lang='lat' dir='ltr'>antistrophaa</span> <span class='ocrx_word' id='word_1_521' title='bbox 1525 4141 1580 4192; x_wconf 90' lang='lat' dir='ltr'>et</span> <span class='ocrx_word' id='word_1_522' title='bbox 1627 4139 1872 4193; x_wconf 74' lang='lat' dir='ltr'>antodte.</span> <span class='ocrx_word' id='word_1_523' title='bbox 1916 4139 2046 4203; x_wconf 89' lang='lat' dir='ltr'>Sed,</span> <span class='ocrx_word' id='word_1_524' title='bbox 2083 4144 2148 4192; x_wconf 89' lang='lat' dir='ltr'>ut</span> 
     </span>
    </p>
   </div>
   <div class='ocr_carea' id='block_1_74' title="bbox 506 4203 2146 4279">
    <p class='ocr_par' dir='ltr' id='par_1_74' title="bbox 506 4203 2146 4279">
     <span class='ocr_line' id='line_1_75' title="bbox 506 4203 2146 4279; baseline 0.004 -21"><span class='ocrx_word' id='word_1_525' title='bbox 506 4203 645 4279; x_wconf 78' lang='lat' dir='ltr'>dixi,</span> <span class='ocrx_word' id='word_1_526' title='bbox 680 4203 780 4279; x_wconf 72' lang='lat' dir='ltr'>hic</span> <span class='ocrx_word' id='word_1_527' title='bbox 805 4203 1242 4279; x_wconf 82' lang='lat' dir='ltr'>fraudes_sunt,</span> <span class='ocrx_word' id='word_1_528' title='bbox 1275 4203 1357 4279; x_wconf 53' lang='lat' dir='ltr'>et&#39;</span> <span class='ocrx_word' id='word_1_529' title='bbox 1389 4208 1470 4262; x_wconf 90' lang='lat' dir='ltr'>ita</span> <span class='ocrx_word' id='word_1_530' title='bbox 1523 4209 1693 4264; x_wconf 90' lang='lat' dir='ltr'>etiam</span> <span class='ocrx_word' id='word_1_531' title='bbox 1751 4211 1961 4279; x_wconf 89' lang='lat' dir='ltr'>accipit</span> <span class='ocrx_word' id='word_1_532' title='bbox 1989 4209 2146 4264; x_wconf 92' lang='lat' dir='ltr'>hunc</span> 
     </span>
    </p>
   </div>
   <div class='ocr_carea' id='block_1_75' title="bbox 505 4275 2142 4352">
    <p class='ocr_par' dir='ltr' id='par_1_75' title="bbox 505 4275 2142 4352">
     <span class='ocr_line' id='line_1_76' title="bbox 505 4275 2142 4352; baseline 0.002 -22"><span class='ocrx_word' id='word_1_533' title='bbox 505 4275 695 4352; x_wconf 80' lang='lat' dir='ltr'>locum</span> <span class='ocrx_word' id='word_1_534' title='bbox 738 4275 986 4352; x_wconf 80' lang='lat' dir='ltr'>Carolus</span> <span class='ocrx_word' id='word_1_535' title='bbox 1040 4276 1242 4333; x_wconf 84' lang='lat' dir='ltr'>Pasch.</span> <span class='ocrx_word' id='word_1_536' title='bbox 1277 4278 1382 4352; x_wconf 12' lang='lat' dir='ltr'>libr.</span> <span class='ocrx_word' id='word_1_537' title='bbox 1417 4295 1434 4332; x_wconf 83' lang='lat'><strong>1</strong></span> <span class='ocrx_word' id='word_1_538' title='bbox 1463 4279 1532 4335; x_wconf 89' lang='lat' dir='ltr'>de</span> <span class='ocrx_word' id='word_1_539' title='bbox 1562 4284 1686 4335; x_wconf 91' lang='lat' dir='ltr'>Cor.</span> <span class='ocrx_word' id='word_1_540' title='bbox 1734 4298 1859 4352; x_wconf 88' lang='lat' dir='ltr'>cap.</span> <span class='ocrx_word' id='word_1_541' title='bbox 1881 4275 1980 4336; x_wconf 50' lang='lat'><strong>&#39;11.</strong></span> <span class='ocrx_word' id='word_1_542' title='bbox 2018 4283 2142 4336; x_wconf 60' lang='lat' dir='ltr'>Lac.</span> 
     </span>
    </p>
   </div>
   <div class='ocr_carea' id='block_1_76' title="bbox 577 4348 2144 4425">
    <p class='ocr_par' dir='ltr' id='par_1_76' title="bbox 577 4348 2144 4425">
     <span class='ocr_line' id='line_1_77' title="bbox 577 4348 2144 4425; baseline 0.004 -24"><span class='ocrx_word' id='word_1_543' title='bbox 577 4348 689 4419; x_wconf 91' lang='grc'>(11)</span> <span class='ocrx_word' id='word_1_544' title='bbox 729 4349 1239 4425; x_wconf 39' lang='lat' dir='ltr'>Ipsiucoronamur.</span> <span class='ocrx_word' id='word_1_545' title='bbox 1264 4351 1403 4425; x_wconf 87' lang='lat' dir='ltr'>Quis</span> <span class='ocrx_word' id='word_1_546' title='bbox 1463 4352 1648 4425; x_wconf 84' lang='lat' dir='ltr'>nescit</span> <span class='ocrx_word' id='word_1_547' title='bbox 1691 4348 1936 4409; x_wconf 82' lang='lat' dir='ltr'>coronas</span> <span class='ocrx_word' id='word_1_548' title='bbox 1983 4369 2144 4425; x_wconf 86' lang='lat' dir='ltr'>gym-_</span> 
     </span>
    </p>
   </div>
   <div class='ocr_carea' id='block_1_77' title="bbox 506 4418 2147 4481">
    <p class='ocr_par' dir='ltr' id='par_1_77' title="bbox 506 4418 2147 4481">
     <span class='ocr_line' id='line_1_78' title="bbox 506 4418 2147 4481; baseline 0.002 -8"><span class='ocrx_word' id='word_1_549' title='bbox 506 4418 678 4474; x_wconf 86' lang='lat' dir='ltr'>nicas</span> <span class='ocrx_word' id='word_1_550' title='bbox 699 4419 929 4475; x_wconf 84' lang='lat' dir='ltr'>stadii?</span> <span class='ocrx_word' id='word_1_551' title='bbox 962 4420 1077 4475; x_wconf 92' lang='lat' dir='ltr'>imo</span> <span class='ocrx_word' id='word_1_552' title='bbox 1109 4422 1179 4476; x_wconf 86' lang='lat' dir='ltr'>de</span> <span class='ocrx_word' id='word_1_553' title='bbox 1231 4422 1319 4478; x_wconf 92' lang='lat' dir='ltr'>his</span> <span class='ocrx_word' id='word_1_554' title='bbox 1379 4422 1512 4478; x_wconf 91' lang='lat' dir='ltr'>unis</span> <span class='ocrx_word' id='word_1_555' title='bbox 1563 4424 1727 4478; x_wconf 68' lang='lat' dir='ltr'>dicta:</span> <span class='ocrx_word' id='word_1_556' title='bbox 1779 4418 2147 4481; x_wconf 51' lang='lat' dir='ltr'>coronie&#39;aaz’</span> 
     </span>
    </p>
   </div>
   <div class='ocr_carea' id='block_1_78' title="bbox 505 4489 2148 4567">
    <p class='ocr_par' dir='ltr' id='par_1_78' title="bbox 505 4489 2148 4567">
     <span class='ocr_line' id='line_1_79' title="bbox 505 4489 2148 4567; baseline 0.005 -25"><span class='ocrx_word' id='word_1_557' title='bbox 505 4489 724 4567; x_wconf 63' lang='grc' dir='ltr'>ζξφχήν.</span> <span class='ocrx_word' id='word_1_558' title='bbox 759 4492 818 4545; x_wconf 91' lang='lat' dir='ltr'>Id</span> <span class='ocrx_word' id='word_1_559' title='bbox 880 4493 1474 4567; x_wconf 82' lang='lat' dir='ltr'>pe_rse_qui_otiosum,</span> <span class='ocrx_word' id='word_1_560' title='bbox 1516 4495 1633 4550; x_wconf 92' lang='lat' dir='ltr'>imo</span> <span class='ocrx_word' id='word_1_561' title='bbox 1679 4497 1973 4567; x_wconf 88' lang='lat' dir='ltr'>putidum.</span> <span class='ocrx_word' id='word_1_562' title='bbox 2011 4497 2148 4551; x_wconf 88' lang='lat' dir='ltr'>Inde</span> 
     </span>
    </p>
   </div>
   <div class='ocr_carea' id='block_1_79' title="bbox 513 4563 2144 4638">
    <p class='ocr_par' dir='ltr' id='par_1_79' title="bbox 513 4563 2144 4638">
     <span class='ocr_line' id='line_1_80' title="bbox 513 4563 2144 4638; baseline 0.002 -20"><span class='ocrx_word' id='word_1_563' title='bbox 513 4563 902 4638; x_wconf 82' lang='lat' dir='ltr'>Hieronymus</span> <span class='ocrx_word' id='word_1_564' title='bbox 930 4565 981 4616; x_wconf 87' lang='lat'>2.</span> <span class='ocrx_word' id='word_1_565' title='bbox 1031 4565 1093 4638; x_wconf 79' lang='lat' dir='ltr'>in</span> <span class='ocrx_word' id='word_1_566' title='bbox 1151 4564 1340 4638; x_wconf 89' lang='lat' dir='ltr'>Jovin.</span> <span class='ocrx_word' id='word_1_567' title='bbox 1391 4565 1533 4621; x_wconf 88' lang='lat' dir='ltr'>dum</span> <span class='ocrx_word' id='word_1_568' title='bbox 1573 4563 1781 4638; x_wconf 68' lang='lat' dir='ltr'>quaerit</span> <span class='ocrx_word' id='word_1_569' title='bbox 1833 4569 2144 4624; x_wconf 90' lang='lat' dir='ltr'>verborum</span> 
     </span>
    </p>
   </div>
   <div class='ocr_carea' id='block_1_80' title="bbox 509 4634 2145 4705">
    <p class='ocr_par' dir='ltr' id='par_1_80' title="bbox 509 4634 2145 4705">
     <span class='ocr_line' id='line_1_81' title="bbox 509 4634 2145 4705; baseline 0.004 -17"><span class='ocrx_word' id='word_1_570' title='bbox 509 4634 972 4700; x_wconf 85' lang='lat' dir='ltr'>consecutiones,</span> <span class='ocrx_word' id='word_1_571' title='bbox 1031 4635 1415 4692; x_wconf 79' lang='lat' dir='ltr'>luctatoribus</span> <span class='ocrx_word' id='word_1_572' title='bbox 1459 4639 1557 4692; x_wconf 89' lang='lat' dir='ltr'>dat</span> <span class='ocrx_word' id='word_1_573' title='bbox 1591 4634 1870 4705; x_wconf 53' lang='lat' dir='ltr'>&#39;eoronas,</span> <span class='ocrx_word' id='word_1_574' title='bbox 1907 4642 1977 4695; x_wconf 88' lang='lat' dir='ltr'>ad</span> <span class='ocrx_word' id='word_1_575' title='bbox 2012 4657 2145 4695; x_wconf 88' lang='lat' dir='ltr'>eum</span> 
     </span>
    </p>
   </div>
   <div class='ocr_carea' id='block_1_81' title="bbox 511 4706 2147 4783">
    <p class='ocr_par' dir='ltr' id='par_1_81' title="bbox 511 4706 2147 4783">
     <span class='ocr_line' id='line_1_82' title="bbox 511 4706 2147 4783; baseline 0.005 -24"><span class='ocrx_word' id='word_1_576' title='bbox 511 4706 753 4783; x_wconf 76' lang='lat' dir='ltr'>modum</span> <span class='ocrx_word' id='word_1_577' title='bbox 787 4722 900 4775; x_wconf 91' lang='lat' dir='ltr'>quo</span> <span class='ocrx_word' id='word_1_578' title='bbox 932 4707 1341 4783; x_wconf 74' lang='lat' dir='ltr'>navigantibus</span> <span class='ocrx_word' id='word_1_579' title='bbox 1373 4715 1626 4780; x_wconf 88' lang='lat' dir='ltr'>portum,</span> <span class='ocrx_word' id='word_1_580' title='bbox 1661 4717 1718 4766; x_wconf 88' lang='lat' dir='ltr'>et</span> <span class='ocrx_word' id='word_1_581' title='bbox 1749 4713 2147 4783; x_wconf 87' lang='lat' dir='ltr'>pugnantibus</span> 
     </span>
    </p>
   </div>
   <div class='ocr_carea' id='block_1_82' title="bbox 507 4775 1059 4846">
    <p class='ocr_par' dir='ltr' id='par_1_82' title="bbox 507 4775 1059 4846">
     <span class='ocr_line' id='line_1_83' title="bbox 507 4775 1059 4846; baseline 0.004 -16"><span class='ocrx_word' id='word_1_582' title='bbox 507 4775 895 4846; x_wconf 87' lang='lat' dir='ltr'>triumphum.</span> <span class='ocrx_word' id='word_1_583' title='bbox 929 4782 1059 4832; x_wconf 78' lang='lat' dir='ltr'>LAC.</span> 
     </span>
    </p>
   </div>
   <div class='ocr_carea' id='block_1_83' title="bbox 581 4849 2146 4924">
    <p class='ocr_par' dir='ltr' id='par_1_83' title="bbox 581 4849 2146 4924">
     <span class='ocr_line' id='line_1_84' title="bbox 581 4849 2146 4924; baseline 0.006 -23"><span class='ocrx_word' id='word_1_584' title='bbox 581 4849 688 4924; x_wconf 85' lang='grc'>(12)</span> <span class='ocrx_word' id='word_1_585' title='bbox 751 4851 848 4924; x_wconf 49' lang='lat' dir='ltr'>{iis</span> <span class='ocrx_word' id='word_1_586' title='bbox 894 4854 1075 4904; x_wconf 76' lang='lat' dir='ltr'>autem</span> <span class='ocrx_word' id='word_1_587' title='bbox 1131 4856 1185 4903; x_wconf 85' lang='lat' dir='ltr'>et</span> <span class='ocrx_word' id='word_1_588' title='bbox 1239 4853 1530 4924; x_wconf 64' lang='lat' dir='ltr'>sanguinis</span> <span class='ocrx_word' id='word_1_589' title='bbox 1558 4853 1828 4924; x_wconf 79' lang='lat' dir='ltr'>aliquid?</span> <span class='ocrx_word' id='word_1_590' title='bbox 1877 4855 2146 4910; x_wconf 87' lang='lat' dir='ltr'>Cruentis</span> 
     </span>
    </p>
   </div>
   <div class='ocr_carea' id='block_1_84' title="bbox 506 4917 2144 5002">
    <p class='ocr_par' dir='ltr' id='par_1_84' title="bbox 506 4917 2144 5002">
     <span class='ocr_line' id='line_1_85' title="bbox 506 4917 2144 5002; baseline 0.005 -30"><span class='ocrx_word' id='word_1_591' title='bbox 506 4917 904 5002; x_wconf 77' lang='lat' dir='ltr'>voluptatibus</span> <span class='ocrx_word' id='word_1_592' title='bbox 934 4927 989 4974; x_wconf 91' lang='lat' dir='ltr'>et</span> <span class='ocrx_word' id='word_1_593' title='bbox 1029 4917 1385 5002; x_wconf 67' lang='lat' dir='ltr'>spectaculis</span> <span class='ocrx_word' id='word_1_594' title='bbox 1406 4917 2144 5002; x_wconf 54' lang='lat' dir='ltr'>opponit&#39;ChristiDomini</span> 
     </span>
    </p>
   </div>
   <div class='ocr_carea' id='block_1_85' title="bbox 507 4996 2141 5064">
    <p class='ocr_par' dir='ltr' id='par_1_85' title="bbox 507 4996 2141 5064">
     <span class='ocr_line' id='line_1_86' title="bbox 507 4996 2141 5064; baseline 0.007 -21"><span class='ocrx_word' id='word_1_595' title='bbox 507 4996 854 5064; x_wconf 79' lang='lat' dir='ltr'>sanguinem</span> <span class='ocrx_word' id='word_1_596' title='bbox 889 5009 990 5063; x_wconf 92' lang='lat' dir='ltr'>pro</span> <span class='ocrx_word' id='word_1_597' title='bbox 1032 4996 1428 5064; x_wconf 86' lang='lat' dir='ltr'>recuperanda</span> <span class='ocrx_word' id='word_1_598' title='bbox 1450 5001 1717 5052; x_wconf 87' lang='lat' dir='ltr'>nostrum</span> <span class='ocrx_word' id='word_1_599' title='bbox 1749 4997 2015 5053; x_wconf 90' lang='lat' dir='ltr'>omnium</span> <span class='ocrx_word' id='word_1_600' title='bbox 2048 5016 2141 5054; x_wconf 86' lang='lat' dir='ltr'>sa-</span> 
     </span>
    </p>
   </div>
   <div class='ocr_carea' id='block_1_86' title="bbox 507 5060 1188 5120">
    <p class='ocr_par' dir='ltr' id='par_1_86' title="bbox 507 5060 1188 5120">
     <span class='ocr_line' id='line_1_87' title="bbox 507 5060 1188 5120; baseline 0.006 -5"><span class='ocrx_word' id='word_1_601' title='bbox 507 5060 644 5118; x_wconf 40' lang='lat' dir='ltr'>lute“</span> <span class='ocrx_word' id='word_1_602' title='bbox 662 5060 934 5119; x_wconf 76' lang='lat' dir='ltr'>effusum.</span> <span class='ocrx_word' id='word_1_603' title='bbox 981 5068 1052 5120; x_wconf 76' lang='lat' dir='ltr'>Ls</span> <span class='ocrx_word' id='word_1_604' title='bbox 1084 5060 1188 5119; x_wconf 58' lang='lat' dir='ltr'>Pa:</span> 
     </span>
    </p>
   </div>
   <div class='ocr_carea' id='block_1_87' title="bbox 2325 3850 3896 3935">
    <p class='ocr_par' dir='ltr' id='par_1_87' title="bbox 2325 3850 3896 3935">
     <span class='ocr_line' id='line_1_88' title="bbox 2325 3850 3896 3935; baseline 0 -29"><span class='ocrx_word' id='word_1_605' title='bbox 2325 3853 2437 3935; x_wconf 69' lang='grc'>(16)</span> <span class='ocrx_word' id='word_1_606' title='bbox 2471 3855 2594 3934; x_wconf 69' lang='lat' dir='ltr'>Una</span> <span class='ocrx_word' id='word_1_607' title='bbox 2620 3853 3115 3935; x_wconf 71' lang='lat' dir='ltr'>conﬂagrantibus.</span> <span class='ocrx_word' id='word_1_608' title='bbox 3149 3850 3266 3906; x_wconf 90' lang='lat' dir='ltr'>Hoc</span> <span class='ocrx_word' id='word_1_609' title='bbox 3318 3851 3728 3935; x_wconf 70' lang='lat' dir='ltr'>malumcanit</span> <span class='ocrx_word' id='word_1_610' title='bbox 3757 3867 3896 3935; x_wconf 73' lang='lat' dir='ltr'>gen-</span> 
     </span>
    </p>
   </div>
   <div class='ocr_carea' id='block_1_88' title="bbox 2256 3922 3892 3995">
    <p class='ocr_par' dir='ltr' id='par_1_88' title="bbox 2256 3922 3892 3995">
     <span class='ocr_line' id='line_1_89' title="bbox 2256 3922 3892 3995; baseline 0 -16"><span class='ocrx_word' id='word_1_611' title='bbox 2256 3922 2478 3995; x_wconf 88' lang='lat' dir='ltr'>tilibus,</span> <span class='ocrx_word' id='word_1_612' title='bbox 2499 3924 2594 3994; x_wconf 88' lang='lat' dir='ltr'>qui</span> <span class='ocrx_word' id='word_1_613' title='bbox 2624 3925 2910 3995; x_wconf 78' lang='lat' dir='ltr'>putabant</span> <span class='ocrx_word' id='word_1_614' title='bbox 2939 3939 3053 3977; x_wconf 92' lang='lat' dir='ltr'>non</span> <span class='ocrx_word' id='word_1_615' title='bbox 3084 3939 3212 3977; x_wconf 89' lang='lat' dir='ltr'>esse</span> <span class='ocrx_word' id='word_1_616' title='bbox 3245 3922 3892 3980; x_wconf 90' lang='lat' dir='ltr'>resurrectionem.Non</span> 
     </span>
    </p>
   </div>
   <div class='ocr_carea' id='block_1_89' title="bbox 2255 3994 3540 4065">
    <p class='ocr_par' dir='ltr' id='par_1_89' title="bbox 2255 3994 3540 4065">
     <span class='ocr_line' id='line_1_90' title="bbox 2255 3994 3540 4065; baseline -0.003 -14"><span class='ocrx_word' id='word_1_617' title='bbox 2255 3994 2339 4051; x_wconf 89' lang='lat' dir='ltr'>sic</span> <span class='ocrx_word' id='word_1_618' title='bbox 2364 4001 2484 4050; x_wconf 88' lang='lat' dir='ltr'>est:</span> <span class='ocrx_word' id='word_1_619' title='bbox 2513 3994 2852 4065; x_wconf 84' lang='lat' dir='ltr'>resurgetis,</span> <span class='ocrx_word' id='word_1_620' title='bbox 2886 3995 2986 4048; x_wconf 92' lang='lat' dir='ltr'>sed</span> <span class='ocrx_word' id='word_1_621' title='bbox 3015 3995 3083 4050; x_wconf 91' lang='lat' dir='ltr'>ad</span> <span class='ocrx_word' id='word_1_622' title='bbox 3123 4011 3370 4064; x_wconf 64' lang='lat' dir='ltr'>poenam.</span> <span class='ocrx_word' id='word_1_623' title='bbox 3409 4001 3540 4050; x_wconf 59' lang='grc' dir='ltr'>[Λα.</span> 
     </span>
    </p>
   </div>
   <div class='ocr_carea' id='block_1_90' title="bbox 2325 4064 3892 4137">
    <p class='ocr_par' dir='ltr' id='par_1_90' title="bbox 2325 4064 3892 4137">
     <span class='ocr_line' id='line_1_91' title="bbox 2325 4064 3892 4137; baseline 0.001 -17"><span class='ocrx_word' id='word_1_624' title='bbox 2325 4068 2439 4134; x_wconf 86' lang='grc'>(17)</span> <span class='ocrx_word' id='word_1_625' title='bbox 2470 4064 2766 4122; x_wconf 69' lang='grc' dir='ltr'>Ηίδίνίοήθδ</span> <span class='ocrx_word' id='word_1_626' title='bbox 2791 4065 3078 4122; x_wconf 74' lang='lat' dir='ltr'>solutiores</span> <span class='ocrx_word' id='word_1_627' title='bbox 3105 4066 3281 4120; x_wconf 74' lang='lat' dir='ltr'>multo</span> <span class='ocrx_word' id='word_1_628' title='bbox 3325 4081 3428 4137; x_wconf 81' lang='lat' dir='ltr'>per</span> <span class='ocrx_word' id='word_1_629' title='bbox 3465 4068 3668 4130; x_wconf 79' lang='lat' dir='ltr'>ignem.</span> <span class='ocrx_word' id='word_1_630' title='bbox 3703 4064 3892 4122; x_wconf 90' lang='lat' dir='ltr'>Soluti</span> 
     </span>
    </p>
   </div>
   <div class='ocr_carea' id='block_1_91' title="bbox 2256 4137 3895 4208">
    <p class='ocr_par' dir='ltr' id='par_1_91' title="bbox 2256 4137 3895 4208">
     <span class='ocr_line' id='line_1_92' title="bbox 2256 4137 3895 4208; baseline 0 -16"><span class='ocrx_word' id='word_1_631' title='bbox 2256 4137 2588 4203; x_wconf 77' lang='lat' dir='ltr'>histriones,</span> <span class='ocrx_word' id='word_1_632' title='bbox 2621 4137 2761 4208; x_wconf 90' lang='lat' dir='ltr'>quia</span> <span class='ocrx_word' id='word_1_633' title='bbox 2787 4137 3033 4192; x_wconf 88' lang='lat' dir='ltr'>mollitia</span> <span class='ocrx_word' id='word_1_634' title='bbox 3090 4144 3145 4192; x_wconf 89' lang='lat' dir='ltr'>et</span> <span class='ocrx_word' id='word_1_635' title='bbox 3173 4137 3408 4194; x_wconf 88' lang='lat' dir='ltr'>lascivia</span> <span class='ocrx_word' id='word_1_636' title='bbox 3457 4137 3793 4204; x_wconf 73' lang='lat' dir='ltr'>effeminati,</span> <span class='ocrx_word' id='word_1_637' title='bbox 3827 4155 3895 4193; x_wconf 89' lang='lat' dir='ltr'>ac</span> 
     </span>
    </p>
   </div>
   <div class='ocr_carea' id='block_1_92' title="bbox 2255 4208 3896 4280">
    <p class='ocr_par' dir='ltr' id='par_1_92' title="bbox 2255 4208 3896 4280">
     <span class='ocr_line' id='line_1_93' title="bbox 2255 4208 3896 4280; baseline 0.001 -16"><span class='ocrx_word' id='word_1_638' title='bbox 2255 4227 2401 4280; x_wconf 90' lang='lat' dir='ltr'>pene</span> <span class='ocrx_word' id='word_1_639' title='bbox 2460 4209 2611 4265; x_wconf 91' lang='lat' dir='ltr'>ultra</span> <span class='ocrx_word' id='word_1_640' title='bbox 2693 4209 2973 4263; x_wconf 82' lang='lat' dir='ltr'>feminam</span> <span class='ocrx_word' id='word_1_641' title='bbox 3057 4208 3324 4280; x_wconf 82' lang='lat' dir='ltr'>ﬂuentes.</span> <span class='ocrx_word' id='word_1_642' title='bbox 3386 4209 3704 4265; x_wconf 85' lang='lat' dir='ltr'>Solutiores</span> <span class='ocrx_word' id='word_1_643' title='bbox 3760 4225 3896 4266; x_wconf 87' lang='lat' dir='ltr'>vero</span> 
     </span>
    </p>
   </div>
   <div class='ocr_carea' id='block_1_93' title="bbox 2256 4279 3895 4408">
    <p class='ocr_par' dir='ltr' id='par_1_93' title="bbox 2256 4279 3895 4408">
     <span class='ocr_line' id='line_1_94' title="bbox 2256 4279 3895 4408; baseline 0.001 -73"><span class='ocrx_word' id='word_1_644' title='bbox 2256 4298 2359 4408; x_wconf 37' lang='lat' dir='ltr'>lpter</span> <span class='ocrx_word' id='word_1_645' title='bbox 2391 4282 2606 4353; x_wconf 90' lang='lat' dir='ltr'>ignem,</span> <span class='ocrx_word' id='word_1_646' title='bbox 2664 4280 2944 4336; x_wconf 88' lang='lat' dir='ltr'>membris</span> <span class='ocrx_word' id='word_1_647' title='bbox 3001 4279 3356 4336; x_wconf 89' lang='lat' dir='ltr'>ustulatione</span> <span class='ocrx_word' id='word_1_648' title='bbox 3406 4281 3895 4353; x_wconf 75' lang='lat' dir='ltr'>liquescentihus.</span> 
     </span>
     <span class='ocr_line' id='line_1_95' title="bbox 2309 4369 2383 4407; baseline -0.014 0"><span class='ocrx_word' id='word_1_649' title='bbox 2309 4369 2383 4407; x_wconf 71' lang='grc' dir='ltr'>ια.</span> 
     </span>
    </p>
   </div>
   <div class='ocr_carea' id='block_1_94' title="bbox 2309 4369 2383 4407">
    <p class='ocr_par' dir='ltr' id='par_1_94' title="bbox 2309 4369 2383 4407">
     <span class='ocr_line' id='line_1_96' title="bbox 2309 4369 2383 4407; baseline -0.014 0"><span class='ocrx_word' id='word_1_650' title='bbox 2309 4369 2383 4407; x_wconf 84' lang='lat' dir='ltr'>1G.</span> 
     </span>
    </p>
   </div>
   <div class='ocr_carea' id='block_1_95' title="bbox 2329 4423 3899 4495">
    <p class='ocr_par' dir='ltr' id='par_1_95' title="bbox 2329 4423 3899 4495">
     <span class='ocr_line' id='line_1_97' title="bbox 2329 4423 3899 4495; baseline 0.001 -17"><span class='ocrx_word' id='word_1_651' title='bbox 2329 4424 2439 4495; x_wconf 75' lang='lat'><strong>(18)</strong></span> <span class='ocrx_word' id='word_1_652' title='bbox 2489 4423 2698 4492; x_wconf 84' lang='lat' dir='ltr'>Auriga</span> <span class='ocrx_word' id='word_1_653' title='bbox 2728 4425 2787 4479; x_wconf 88' lang='lat' dir='ltr'>in</span> <span class='ocrx_word' id='word_1_654' title='bbox 2838 4425 3091 4492; x_wconf 84' lang='lat' dir='ltr'>ﬂammea</span> <span class='ocrx_word' id='word_1_655' title='bbox 3123 4429 3242 4495; x_wconf 77' lang='lat' dir='ltr'>rota</span> <span class='ocrx_word' id='word_1_656' title='bbox 3289 4427 3429 4478; x_wconf 80' lang='lat' dir='ltr'>lotus</span> <span class='ocrx_word' id='word_1_657' title='bbox 3458 4424 3640 4479; x_wconf 85' lang='lat' dir='ltr'>ruber.</span> <span class='ocrx_word' id='word_1_658' title='bbox 3675 4423 3899 4480; x_wconf 89' lang='lat' dir='ltr'>Alludit</span> 
     </span>
    </p>
   </div>
   <div class='ocr_carea' id='block_1_96' title="bbox 2256 4494 3615 4565">
    <p class='ocr_par' dir='ltr' id='par_1_96' title="bbox 2256 4494 3615 4565">
     <span class='ocr_line' id='line_1_98' title="bbox 2256 4494 3615 4565; baseline 0 -14"><span class='ocrx_word' id='word_1_659' title='bbox 2256 4494 2713 4565; x_wconf 81' lang='lat' dir='ltr'>adagitatorum</span> <span class='ocrx_word' id='word_1_660' title='bbox 2759 4495 3068 4550; x_wconf 79' lang='lat' dir='ltr'>factionem</span> <span class='ocrx_word' id='word_1_661' title='bbox 3123 4494 3455 4550; x_wconf 80' lang='lat' dir='ltr'>Russatam.</span> <span class='ocrx_word' id='word_1_662' title='bbox 3490 4496 3615 4551; x_wconf 79' lang='lat' dir='ltr'>R10.</span> 
     </span>
    </p>
   </div>
   <div class='ocr_carea' id='block_1_97' title="bbox 2328 4565 3898 4638">
    <p class='ocr_par' dir='ltr' id='par_1_97' title="bbox 2328 4565 3898 4638">
     <span class='ocr_line' id='line_1_99' title="bbox 2328 4565 3898 4638; baseline 0.001 -18"><span class='ocrx_word' id='word_1_663' title='bbox 2328 4567 2438 4635; x_wconf 82' lang='lat'><strong>(19)</strong></span> <span class='ocrx_word' id='word_1_664' title='bbox 2460 4569 2575 4622; x_wconf 81' lang='lat' dir='ltr'>Non</span> <span class='ocrx_word' id='word_1_665' title='bbox 2597 4569 2657 4621; x_wconf 86' lang='lat' dir='ltr'>in</span> <span class='ocrx_word' id='word_1_666' title='bbox 2676 4568 3006 4637; x_wconf 80' lang='lat' dir='ltr'>gymnasiis.</span> <span class='ocrx_word' id='word_1_667' title='bbox 3030 4565 3291 4636; x_wconf 88' lang='lat' dir='ltr'>Gymnici</span> <span class='ocrx_word' id='word_1_668' title='bbox 3314 4566 3470 4622; x_wconf 88' lang='lat' dir='ltr'>ludis</span> <span class='ocrx_word' id='word_1_669' title='bbox 3493 4567 3675 4632; x_wconf 90' lang='lat' dir='ltr'>locus,</span> <span class='ocrx_word' id='word_1_670' title='bbox 3701 4567 3898 4638; x_wconf 90' lang='lat' dir='ltr'>inquit</span> 
     </span>
    </p>
   </div>
   <div class='ocr_carea' id='block_1_98' title="bbox 2256 4638 3894 4710">
    <p class='ocr_par' dir='ltr' id='par_1_98' title="bbox 2256 4638 3894 4710">
     <span class='ocr_line' id='line_1_100' title="bbox 2256 4638 3894 4710; baseline 0.001 -18"><span class='ocrx_word' id='word_1_671' title='bbox 2256 4639 2396 4692; x_wconf 82' lang='lat' dir='ltr'>Isid.</span> <span class='ocrx_word' id='word_1_672' title='bbox 2430 4638 2530 4692; x_wconf 90' lang='lat' dir='ltr'>lib.</span> <span class='ocrx_word' id='word_1_673' title='bbox 2563 4655 2723 4705; x_wconf 85' lang='lat' dir='ltr'>xvm,</span> <span class='ocrx_word' id='word_1_674' title='bbox 2745 4655 2870 4708; x_wconf 84' lang='lat' dir='ltr'>cap.</span> <span class='ocrx_word' id='word_1_675' title='bbox 2909 4638 2991 4703; x_wconf 87' lang='lat'>17,</span> <span class='ocrx_word' id='word_1_676' title='bbox 3036 4638 3409 4710; x_wconf 86' lang='lat' dir='ltr'>gymnasium</span> <span class='ocrx_word' id='word_1_677' title='bbox 3437 4640 3758 4707; x_wconf 90' lang='lat' dir='ltr'>dicebatur,</span> <span class='ocrx_word' id='word_1_678' title='bbox 3793 4638 3894 4693; x_wconf 91' lang='lat' dir='ltr'>ubi</span> 
     </span>
    </p>
   </div>
   <div class='ocr_carea' id='block_1_99' title="bbox 2255 4709 3891 4775">
    <p class='ocr_par' dir='ltr' id='par_1_99' title="bbox 2255 4709 3891 4775">
     <span class='ocr_line' id='line_1_101' title="bbox 2255 4709 3891 4775; baseline 0.001 -13"><span class='ocrx_word' id='word_1_679' title='bbox 2255 4710 2677 4765; x_wconf 86' lang='lat' dir='ltr'>exercebantur</span> <span class='ocrx_word' id='word_1_680' title='bbox 2701 4709 2951 4775; x_wconf 69' lang='lat' dir='ltr'>athletae,</span> <span class='ocrx_word' id='word_1_681' title='bbox 2986 4715 3043 4763; x_wconf 91' lang='lat' dir='ltr'>et</span> <span class='ocrx_word' id='word_1_682' title='bbox 3089 4725 3394 4764; x_wconf 90' lang='lat' dir='ltr'>cursorum</span> <span class='ocrx_word' id='word_1_683' title='bbox 3429 4711 3702 4766; x_wconf 90' lang='lat' dir='ltr'>velocitas</span> <span class='ocrx_word' id='word_1_684' title='bbox 3734 4727 3891 4764; x_wconf 88' lang='lat' dir='ltr'>com-</span> 
     </span>
    </p>
   </div>
   <div class='ocr_carea' id='block_1_100' title="bbox 2256 4781 3891 4853">
    <p class='ocr_par' dir='ltr' id='par_1_100' title="bbox 2256 4781 3891 4853">
     <span class='ocr_line' id='line_1_102' title="bbox 2256 4781 3891 4853; baseline 0.001 -18"><span class='ocrx_word' id='word_1_685' title='bbox 2256 4781 2616 4853; x_wconf 87' lang='lat' dir='ltr'>probabatur</span> <span class='ocrx_word' id='word_1_686' title='bbox 2645 4799 2656 4837; x_wconf 91' lang='lat'><strong>:</strong></span> <span class='ocrx_word' id='word_1_687' title='bbox 2690 4783 2770 4837; x_wconf 91' lang='lat' dir='ltr'>ita</span> <span class='ocrx_word' id='word_1_688' title='bbox 2817 4782 3066 4846; x_wconf 89' lang='lat' dir='ltr'>dictum,</span> <span class='ocrx_word' id='word_1_689' title='bbox 3099 4781 3252 4852; x_wconf 90' lang='lat' dir='ltr'>quod</span> <span class='ocrx_word' id='word_1_690' title='bbox 3279 4783 3523 4851; x_wconf 85' lang='lat' dir='ltr'>juvenes</span> <span class='ocrx_word' id='word_1_691' title='bbox 3556 4783 3697 4838; x_wconf 91' lang='lat' dir='ltr'>nudi</span> <span class='ocrx_word' id='word_1_692' title='bbox 3727 4798 3891 4837; x_wconf 85' lang='lat' dir='ltr'>exer-</span> 
     </span>
    </p>
   </div>
   <div class='ocr_carea' id='block_1_101' title="bbox 2255 4853 3886 4928">
    <p class='ocr_par' dir='ltr' id='par_1_101' title="bbox 2255 4853 3886 4928">
     <span class='ocr_line' id='line_1_103' title="bbox 2255 4853 3886 4928; baseline 0.001 -20"><span class='ocrx_word' id='word_1_693' title='bbox 2255 4857 2481 4928; x_wconf 88' lang='lat' dir='ltr'>centu_r._</span> <span class='ocrx_word' id='word_1_694' title='bbox 2539 4853 2684 4908; x_wconf 87' lang='lat' dir='ltr'>Hinc</span> <span class='ocrx_word' id='word_1_695' title='bbox 2734 4853 2950 4928; x_wconf 73' lang='lat' dir='ltr'>accidit</span> <span class='ocrx_word' id='word_1_696' title='bbox 2995 4855 3059 4906; x_wconf 92' lang='lat' dir='ltr'>ut</span> <span class='ocrx_word' id='word_1_697' title='bbox 3113 4853 3376 4928; x_wconf 72' lang='lat' dir='ltr'>omnium</span> <span class='ocrx_word' id='word_1_698' title='bbox 3437 4871 3616 4928; x_wconf 88' lang='lat' dir='ltr'>prepe</span> <span class='ocrx_word' id='word_1_699' title='bbox 3673 4855 3886 4910; x_wconf 90' lang='lat' dir='ltr'>artium</span> 
     </span>
    </p>
   </div>
   <div class='ocr_carea' id='block_1_102' title="bbox 2253 4923 3363 4996">
    <p class='ocr_par' dir='ltr' id='par_1_102' title="bbox 2253 4923 3363 4996">
     <span class='ocr_line' id='line_1_104' title="bbox 2253 4923 3363 4996; baseline -0.003 -15"><span class='ocrx_word' id='word_1_700' title='bbox 2253 4924 2524 4981; x_wconf 87' lang='lat' dir='ltr'>exercitia</span> <span class='ocrx_word' id='word_1_701' title='bbox 2554 4925 2859 4996; x_wconf 81' lang='lat' dir='ltr'>gymnasia</span> <span class='ocrx_word' id='word_1_702' title='bbox 2897 4923 3186 4979; x_wconf 90' lang='lat' dir='ltr'>dicantur.</span> <span class='ocrx_word' id='word_1_703' title='bbox 3217 4925 3363 4980; x_wconf 78' lang='lat' dir='ltr'>PAM.</span> 
     </span>
    </p>
   </div>
   <div class='ocr_carea' id='block_1_103' title="bbox 2325 4995 3890 5068">
    <p class='ocr_par' dir='ltr' id='par_1_103' title="bbox 2325 4995 3890 5068">
     <span class='ocr_line' id='line_1_105' title="bbox 2325 4995 3890 5068; baseline 0.002 -19"><span class='ocrx_word' id='word_1_704' title='bbox 2325 4996 2432 5066; x_wconf 87' lang='lat'><strong>(20)</strong></span> <span class='ocrx_word' id='word_1_705' title='bbox 2486 4995 2650 5052; x_wconf 82' lang='lat' dir='ltr'>Fabri</span> <span class='ocrx_word' id='word_1_706' title='bbox 2703 4999 2806 5068; x_wconf 73' lang='lat' dir='ltr'>aut</span> <span class='ocrx_word' id='word_1_707' title='bbox 2862 4996 3220 5068; x_wconf 72' lang='lat' dir='ltr'>quaestuaria:</span> <span class='ocrx_word' id='word_1_708' title='bbox 3257 4995 3890 5068; x_wconf 34' lang='lat' dir='ltr'>ﬁliusLHieronymus,</span> 
     </span>
    </p>
   </div>
   <div class='ocr_carea' id='block_1_104' title="bbox 2251 5067 3895 5150">
    <p class='ocr_par' dir='ltr' id='par_1_104' title="bbox 2251 5067 3895 5150">
     <span class='ocr_line' id='line_1_106' title="bbox 2251 5067 3895 5150; baseline 0.002 -28"><span class='ocrx_word' id='word_1_709' title='bbox 2251 5069 2431 5150; x_wconf 71' lang='lat' dir='ltr'>Epist.</span> <span class='ocrx_word' id='word_1_710' title='bbox 2463 5070 2562 5150; x_wconf 78' lang='lat' dir='ltr'>acl_</span> <span class='ocrx_word' id='word_1_711' title='bbox 2599 5067 2963 5150; x_wconf 60' lang='lat' dir='ltr'>Heliodorum.</span> <span class='ocrx_word' id='word_1_712' title='bbox 2998 5084 3016 5120; x_wconf 87' lang='lat'><strong><em>:</em></strong></span> <span class='ocrx_word' id='word_1_713' title='bbox 3053 5089 3103 5150; x_wconf 36' lang='lat' dir='ltr'><strong>«ﬁ</strong></span> <span class='ocrx_word' id='word_1_714' title='bbox 3124 5067 3228 5122; x_wconf 91' lang='lat' dir='ltr'>Hic</span> <span class='ocrx_word' id='word_1_715' title='bbox 3268 5075 3373 5150; x_wconf 57' lang='lat' dir='ltr'>est</span> <span class='ocrx_word' id='word_1_716' title='bbox 3403 5067 3501 5122; x_wconf 87' lang='lat' dir='ltr'>ille</span> <span class='ocrx_word' id='word_1_717' title='bbox 3554 5067 3802 5150; x_wconf 77' lang='lat' dir='ltr'>operarii</span> <span class='ocrx_word' id='word_1_718' title='bbox 3834 5077 3895 5125; x_wconf 88' lang='lat' dir='ltr'>et</span> 
     </span>
    </p>
   </div>
   <div class='ocr_carea' id='block_1_105' title="bbox 577 5135 3896 5221">
    <p class='ocr_par' dir='ltr' id='par_1_105' title="bbox 577 5135 3896 5221">
     <span class='ocr_line' id='line_1_107' title="bbox 577 5135 3896 5221; baseline 0.002 -31"><span class='ocrx_word' id='word_1_719' title='bbox 577 5135 689 5205; x_wconf 85' lang='lat'><strong>(13)</strong></span> <span class='ocrx_word' id='word_1_720' title='bbox 721 5136 1127 5221; x_wconf 64' lang='lat' dir='ltr'>Qualis_ciyilus</span> <span class='ocrx_word' id='word_1_721' title='bbox 1146 5153 1287 5219; x_wconf 58' lang='grc' dir='ltr'>γιουα</span> <span class='ocrx_word' id='word_1_722' title='bbox 1319 5138 1664 5221; x_wconf 73' lang='lat' dir='ltr'>Jerusalem?</span> <span class='ocrx_word' id='word_1_723' title='bbox 1693 5138 1849 5194; x_wconf 89' lang='lat' dir='ltr'>istud</span> <span class='ocrx_word' id='word_1_724' title='bbox 1877 5140 2142 5221; x_wconf 63' lang='lat' dir='ltr'>fortassis</span> <span class='ocrx_word' id='word_1_725' title='bbox 2176 5153 2218 5216; x_wconf 75' lang='grc' dir='ltr'>ι)</span> <span class='ocrx_word' id='word_1_726' title='bbox 2251 5135 2614 5221; x_wconf 61' lang='lat' dir='ltr'>quaistuaria}</span> <span class='ocrx_word' id='word_1_727' title='bbox 2636 5139 2811 5221; x_wconf 61' lang='lat' dir='ltr'>lilius.</span> <span class='ocrx_word' id='word_1_728' title='bbox 2845 5159 2869 5192; x_wconf 72' lang='grc' dir='ltr'><strong>ρ</strong></span> <span class='ocrx_word' id='word_1_729' title='bbox 2905 5138 3036 5221; x_wconf 61' lang='lat' dir='ltr'>llaec</span> <span class='ocrx_word' id='word_1_730' title='bbox 3075 5135 3609 5221; x_wconf 34' lang='lat' dir='ltr'>fuereoJudmorum&#39;</span> <span class='ocrx_word' id='word_1_731' title='bbox 3630 5140 3690 5221; x_wconf 79' lang='lat' dir='ltr'>in</span> <span class='ocrx_word' id='word_1_732' title='bbox 3724 5157 3896 5221; x_wconf 70' lang='lat' dir='ltr'>sanc-</span> 
     </span>
    </p>
   </div>
   <div class='ocr_carea' id='block_1_106' title="bbox 505 5206 2138 5280">
    <p class='ocr_par' dir='ltr' id='par_1_106' title="bbox 505 5206 2138 5280">
     <span class='ocr_line' id='line_1_108' title="bbox 505 5206 2138 5280; baseline 0.004 -18"><span class='ocrx_word' id='word_1_733' title='bbox 505 5206 574 5262; x_wconf 89' lang='lat' dir='ltr'>ad</span> <span class='ocrx_word' id='word_1_734' title='bbox 594 5224 852 5280; x_wconf 79' lang='lat' dir='ltr'>errorem</span> <span class='ocrx_word' id='word_1_735' title='bbox 878 5207 1328 5263; x_wconf 84' lang='lat' dir='ltr'>Millenariorum</span> <span class='ocrx_word' id='word_1_736' title='bbox 1356 5210 1621 5280; x_wconf 88' lang='lat' dir='ltr'>pertinet,</span> <span class='ocrx_word' id='word_1_737' title='bbox 1648 5211 2138 5276; x_wconf 72' lang='lat' dir='ltr'>quemadmodum</span> 
     </span>
    </p>
   </div>
   <div class='ocr_carea' id='block_1_107' title="bbox 503 5278 2141 5350">
    <p class='ocr_par' dir='ltr' id='par_1_107' title="bbox 503 5278 2141 5350">
     <span class='ocr_line' id='line_1_109' title="bbox 503 5278 2141 5350; baseline 0.004 -16"><span class='ocrx_word' id='word_1_738' title='bbox 503 5283 561 5334; x_wconf 90' lang='lat' dir='ltr'>et</span> <span class='ocrx_word' id='word_1_739' title='bbox 592 5278 732 5333; x_wconf 89' lang='lat' dir='ltr'>illud</span> <span class='ocrx_word' id='word_1_740' title='bbox 768 5280 922 5350; x_wconf 92' lang='lat' dir='ltr'>quod</span> <span class='ocrx_word' id='word_1_741' title='bbox 984 5280 1239 5350; x_wconf 82' lang='lat' dir='ltr'>subjicit.</span> <span class='ocrx_word' id='word_1_742' title='bbox 1273 5278 1467 5336; x_wconf 42' lang='lat' dir='ltr'>tle—loi-</span> <span class='ocrx_word' id='word_1_743' title='bbox 1496 5283 1686 5337; x_wconf 61' lang='lat' dir='ltr'>amuli</span> <span class='ocrx_word' id='word_1_744' title='bbox 1741 5285 2141 5340; x_wconf 79' lang='lat' dir='ltr'>nalim&#39;lalibus.</span> 
     </span>
    </p>
   </div>
   <div class='ocr_carea' id='block_1_108' title="bbox 503 5356 654 5407">
    <p class='ocr_par' dir='ltr' id='par_1_108' title="bbox 503 5356 654 5407">
     <span class='ocr_line' id='line_1_110' title="bbox 503 5356 654 5407; baseline 0 -2"><span class='ocrx_word' id='word_1_745' title='bbox 503 5356 578 5407; x_wconf 82' lang='grc' dir='ltr'>ΡΑ</span> <span class='ocrx_word' id='word_1_746' title='bbox 588 5370 626 5406; x_wconf 80' lang='grc' dir='ltr'>Μ</span> <span class='ocrx_word' id='word_1_747' title='bbox 641 5391 654 5405; x_wconf 93' lang='grc'><strong>.</strong></span> 
     </span>
    </p>
   </div>
   <div class='ocr_carea' id='block_1_109' title="bbox 573 5423 2143 5496">
    <p class='ocr_par' dir='ltr' id='par_1_109' title="bbox 573 5423 2143 5496">
     <span class='ocr_line' id='line_1_111' title="bbox 573 5423 2143 5496; baseline 0.003 -18"><span class='ocrx_word' id='word_1_748' title='bbox 573 5425 682 5493; x_wconf 79' lang='grc'>(14)</span> <span class='ocrx_word' id='word_1_749' title='bbox 715 5424 848 5496; x_wconf 62' lang='lat' dir='ltr'>Qua;</span> <span class='ocrx_word' id='word_1_750' title='bbox 878 5426 1006 5496; x_wconf 80' lang='lat' dir='ltr'>(anc</span> <span class='ocrx_word' id='word_1_751' title='bbox 1032 5424 1337 5496; x_wconf 73' lang='lat' dir='ltr'>spectaculi</span> <span class='ocrx_word' id='word_1_752' title='bbox 1372 5423 1623 5478; x_wconf 54' lang='lat' dir='ltr'>latitudo.</span> <span class='ocrx_word' id='word_1_753' title='bbox 1659 5424 1807 5487; x_wconf 88' lang='lat' dir='ltr'>Quot</span> <span class='ocrx_word' id='word_1_754' title='bbox 1831 5432 1885 5481; x_wconf 92' lang='lat' dir='ltr'>et</span> <span class='ocrx_word' id='word_1_755' title='bbox 1925 5433 2143 5496; x_wconf 88' lang='lat' dir='ltr'>quanta</span> 
     </span>
    </p>
   </div>
   <div class='ocr_carea' id='block_1_110' title="bbox 499 5493 2032 5565">
    <p class='ocr_par' dir='ltr' id='par_1_110' title="bbox 499 5493 2032 5565">
     <span class='ocr_line' id='line_1_112' title="bbox 499 5493 2032 5565; baseline 0.001 -16"><span class='ocrx_word' id='word_1_756' title='bbox 499 5500 806 5550; x_wconf 87' lang='lat' dir='ltr'>occurrent</span> <span class='ocrx_word' id='word_1_757' title='bbox 836 5494 893 5549; x_wconf 92' lang='lat' dir='ltr'>in</span> <span class='ocrx_word' id='word_1_758' title='bbox 920 5495 1018 5548; x_wconf 90' lang='lat' dir='ltr'>illo</span> <span class='ocrx_word' id='word_1_759' title='bbox 1048 5493 1379 5565; x_wconf 83' lang='lat' dir='ltr'>spectaculo</span> <span class='ocrx_word' id='word_1_760' title='bbox 1403 5496 1861 5553; x_wconf 87' lang='lat' dir='ltr'>consideranda!</span> <span class='ocrx_word' id='word_1_761' title='bbox 1907 5493 2032 5552; x_wconf 68' lang='lat' dir='ltr'>Hie.</span> 
     </span>
    </p>
   </div>
   <div class='ocr_carea' id='block_1_111' title="bbox 573 5566 2140 5639">
    <p class='ocr_par' dir='ltr' id='par_1_111' title="bbox 573 5566 2140 5639">
     <span class='ocr_line' id='line_1_113' title="bbox 573 5566 2140 5639; baseline 0.003 -19"><span class='ocrx_word' id='word_1_762' title='bbox 573 5567 680 5634; x_wconf 87' lang='grc'>(15)</span> <span class='ocrx_word' id='word_1_763' title='bbox 699 5567 770 5639; x_wconf 63' lang='lat' dir='ltr'>in</span> <span class='ocrx_word' id='word_1_764' title='bbox 817 5566 1010 5620; x_wconf 65' lang='lat' dir='ltr'>malum</span> <span class='ocrx_word' id='word_1_765' title='bbox 1043 5568 1262 5639; x_wconf 80' lang='lat' dir='ltr'>recepti.</span> <span class='ocrx_word' id='word_1_766' title='bbox 1302 5566 1523 5622; x_wconf 85' lang='lat' dir='ltr'>[ndicat</span> <span class='ocrx_word' id='word_1_767' title='bbox 1568 5569 1870 5639; x_wconf 78' lang='lat' dir='ltr'>gentilieas</span> <span class='ocrx_word' id='word_1_768' title='bbox 1903 5568 2140 5638; x_wconf 90' lang='lat' dir='ltr'>apothe-</span> 
     </span>
    </p>
   </div>
   <div class='ocr_carea' id='block_1_112' title="bbox 501 5636 2141 5709">
    <p class='ocr_par' dir='ltr' id='par_1_112' title="bbox 501 5636 2141 5709">
     <span class='ocr_line' id='line_1_114' title="bbox 501 5636 2141 5709; baseline 0.003 -19"><span class='ocrx_word' id='word_1_769' title='bbox 501 5651 660 5709; x_wconf 81' lang='lat' dir='ltr'>oses:</span> <span class='ocrx_word' id='word_1_770' title='bbox 698 5636 919 5692; x_wconf 69' lang='lat' dir='ltr'>illustre</span> <span class='ocrx_word' id='word_1_771' title='bbox 959 5637 1286 5708; x_wconf 79' lang='lat' dir='ltr'>exemplum</span> <span class='ocrx_word' id='word_1_772' title='bbox 1320 5643 1408 5694; x_wconf 91' lang='lat' dir='ltr'>est</span> <span class='ocrx_word' id='word_1_773' title='bbox 1436 5640 1488 5692; x_wconf 89' lang='lat' dir='ltr'>in</span> <span class='ocrx_word' id='word_1_774' title='bbox 1519 5636 1840 5695; x_wconf 79' lang='lat' dir='ltr'>llérodiano</span> <span class='ocrx_word' id='word_1_775' title='bbox 1871 5636 2141 5709; x_wconf 85' lang='lat' dir='ltr'>loquente</span> 
     </span>
    </p>
   </div>
   <div class='ocr_carea' id='block_1_113' title="bbox 502 5707 2140 5779">
    <p class='ocr_par' dir='ltr' id='par_1_113' title="bbox 502 5707 2140 5779">
     <span class='ocr_line' id='line_1_115' title="bbox 502 5707 2140 5779; baseline 0.005 -19"><span class='ocrx_word' id='word_1_776' title='bbox 502 5707 573 5779; x_wconf 71' lang='lat' dir='ltr'>de</span> <span class='ocrx_word' id='word_1_777' title='bbox 619 5711 845 5768; x_wconf 84' lang='lat' dir='ltr'>Severo.</span> <span class='ocrx_word' id='word_1_778' title='bbox 909 5709 1005 5779; x_wconf 92' lang='lat' dir='ltr'>qui</span> <span class='ocrx_word' id='word_1_779' title='bbox 1067 5710 1208 5763; x_wconf 82' lang='lat' dir='ltr'>vixit</span> <span class='ocrx_word' id='word_1_780' title='bbox 1263 5727 1378 5764; x_wconf 85' lang='lat' dir='ltr'>aevo</span> <span class='ocrx_word' id='word_1_781' title='bbox 1445 5710 1809 5766; x_wconf 87' lang='lat' dir='ltr'>Tertulliani.</span> <span class='ocrx_word' id='word_1_782' title='bbox 1869 5707 2140 5768; x_wconf 83' lang='lat' dir='ltr'>Justinus</span> 
     </span>
    </p>
   </div>
   <div class='ocr_carea' id='block_1_114' title="bbox 503 5775 2140 5858">
    <p class='ocr_par' dir='ltr' id='par_1_114' title="bbox 503 5775 2140 5858">
     <span class='ocr_line' id='line_1_116' title="bbox 503 5775 2140 5858; baseline 0.005 -28"><span class='ocrx_word' id='word_1_783' title='bbox 503 5775 1194 5858; x_wconf 37' lang='lat' dir='ltr'>Mart:.f1polog.’it,_s_ane</span> <span class='ocrx_word' id='word_1_784' title='bbox 1227 5781 1290 5858; x_wconf 85' lang='lat' dir='ltr'>in</span> <span class='ocrx_word' id='word_1_785' title='bbox 1306 5783 1559 5858; x_wconf 43' lang='lat' dir='ltr'>{iugasti</span> <span class='ocrx_word' id='word_1_786' title='bbox 1592 5783 1908 5858; x_wconf 84' lang='lat' dir='ltr'>funer_e,_ac</span> <span class='ocrx_word' id='word_1_787' title='bbox 1941 5787 2140 5858; x_wconf 82' lang='lat' dir='ltr'>postea</span> 
     </span>
    </p>
   </div>
   <div class='ocr_carea' id='block_1_115' title="bbox 502 5846 2139 5913">
    <p class='ocr_par' dir='ltr' id='par_1_115' title="bbox 502 5846 2139 5913">
     <span class='ocr_line' id='line_1_117' title="bbox 502 5846 2139 5913; baseline 0.005 -9"><span class='ocrx_word' id='word_1_788' title='bbox 502 5846 766 5904; x_wconf 58' lang='lat' dir='ltr'>Drusilla:</span> <span class='ocrx_word' id='word_1_789' title='bbox 799 5846 952 5905; x_wconf 81' lang='lat' dir='ltr'>idem</span> <span class='ocrx_word' id='word_1_790' title='bbox 1012 5852 1190 5908; x_wconf 83' lang='lat' dir='ltr'>fuisse</span> <span class='ocrx_word' id='word_1_791' title='bbox 1237 5846 1596 5910; x_wconf 69' lang='lat' dir='ltr'>affirmatum</span> <span class='ocrx_word' id='word_1_792' title='bbox 1649 5871 1680 5910; x_wconf 89' lang='lat' dir='ltr'>a</span> <span class='ocrx_word' id='word_1_793' title='bbox 1730 5846 1867 5910; x_wconf 81' lang='lat' dir='ltr'>viris</span> <span class='ocrx_word' id='word_1_794' title='bbox 1918 5846 2139 5913; x_wconf 76' lang='lat' dir='ltr'>ordinis</span> 
     </span>
    </p>
   </div>
   <div class='ocr_carea' id='block_1_116' title="bbox 2251 5209 3894 5282">
    <p class='ocr_par' dir='ltr' id='par_1_116' title="bbox 2251 5209 3894 5282">
     <span class='ocr_line' id='line_1_118' title="bbox 2251 5209 3894 5282; baseline 0.001 -17"><span class='ocrx_word' id='word_1_795' title='bbox 2251 5209 2615 5267; x_wconf 81' lang='lat' dir='ltr'>tissimamet</span> <span class='ocrx_word' id='word_1_796' title='bbox 2641 5211 3076 5282; x_wconf 79' lang='lat' dir='ltr'>immaculatum</span> <span class='ocrx_word' id='word_1_797' title='bbox 3104 5209 3401 5282; x_wconf 88' lang='lat' dir='ltr'>Virginem</span> <span class='ocrx_word' id='word_1_798' title='bbox 3424 5212 3701 5277; x_wconf 89' lang='lat' dir='ltr'>convicia,</span> <span class='ocrx_word' id='word_1_799' title='bbox 3720 5212 3894 5267; x_wconf 81' lang='lat' dir='ltr'>llam-</span> 
     </span>
    </p>
   </div>
   <div class='ocr_carea' id='block_1_117' title="bbox 2255 5281 3895 5354">
    <p class='ocr_par' dir='ltr' id='par_1_117' title="bbox 2255 5281 3895 5354">
     <span class='ocr_line' id='line_1_119' title="bbox 2255 5281 3895 5354; baseline 0.001 -18"><span class='ocrx_word' id='word_1_800' title='bbox 2255 5283 2366 5337; x_wconf 91' lang='lat' dir='ltr'>mis</span> <span class='ocrx_word' id='word_1_801' title='bbox 2402 5281 2613 5339; x_wconf 89' lang='lat' dir='ltr'>luenda</span> <span class='ocrx_word' id='word_1_802' title='bbox 2644 5281 3505 5354; x_wconf 29' lang='lat' dir='ltr'>sulphuratissimis.’Satanica</span> <span class='ocrx_word' id='word_1_803' title='bbox 3549 5283 3895 5352; x_wconf 89' lang='lat' dir='ltr'>hujusmodi</span> 
     </span>
    </p>
   </div>
   <div class='ocr_carea' id='block_1_118' title="bbox 2252 5354 3891 5425">
    <p class='ocr_par' dir='ltr' id='par_1_118' title="bbox 2252 5354 3891 5425">
     <span class='ocr_line' id='line_1_120' title="bbox 2252 5354 3891 5425; baseline 0.002 -17"><span class='ocrx_word' id='word_1_804' title='bbox 2252 5354 2529 5421; x_wconf 77' lang='lat' dir='ltr'>leguntur</span> <span class='ocrx_word' id='word_1_805' title='bbox 2594 5355 2744 5424; x_wconf 91' lang='lat' dir='ltr'>apud</span> <span class='ocrx_word' id='word_1_806' title='bbox 2832 5354 3262 5410; x_wconf 89' lang='lat' dir='ltr'>Theodoretum</span> <span class='ocrx_word' id='word_1_807' title='bbox 3325 5354 3423 5409; x_wconf 90' lang='lat' dir='ltr'>lib.</span> <span class='ocrx_word' id='word_1_808' title='bbox 3479 5371 3563 5419; x_wconf 80' lang='lat' dir='ltr'>ill,</span> <span class='ocrx_word' id='word_1_809' title='bbox 3623 5373 3749 5425; x_wconf 90' lang='lat' dir='ltr'>cap.</span> <span class='ocrx_word' id='word_1_810' title='bbox 3804 5358 3891 5425; x_wconf 86' lang='grc'>11.</span> 
     </span>
    </p>
   </div>
   <div class='ocr_carea' id='block_1_119' title="bbox 2255 5423 3893 5497">
    <p class='ocr_par' dir='ltr' id='par_1_119' title="bbox 2255 5423 3893 5497">
     <span class='ocr_line' id='line_1_121' title="bbox 2255 5423 3893 5497; baseline 0 -17"><span class='ocrx_word' id='word_1_811' title='bbox 2255 5426 2462 5497; x_wconf 80' lang='lat' dir='ltr'>Felicis</span> <span class='ocrx_word' id='word_1_812' title='bbox 2518 5423 2641 5481; x_wconf 86' lang='lat' dir='ltr'>sub</span> <span class='ocrx_word' id='word_1_813' title='bbox 2683 5425 2920 5497; x_wconf 84' lang='lat' dir='ltr'>Juliano</span> <span class='ocrx_word' id='word_1_814' title='bbox 2970 5425 3192 5480; x_wconf 62' lang='lat' dir='ltr'>Caesare</span> <span class='ocrx_word' id='word_1_815' title='bbox 3236 5427 3398 5480; x_wconf 63' lang='lat' dir='ltr'>Gazae</span> <span class='ocrx_word' id='word_1_816' title='bbox 3432 5423 3745 5497; x_wconf 73' lang='lat' dir='ltr'>praepositi,</span> <span class='ocrx_word' id='word_1_817' title='bbox 3775 5423 3893 5480; x_wconf 73' lang='grc' dir='ltr'>ἶδιὺ</span> 
     </span>
    </p>
   </div>
   <div class='ocr_carea' id='block_1_120' title="bbox 2253 5495 3896 5569">
    <p class='ocr_par' dir='ltr' id='par_1_120' title="bbox 2253 5495 3896 5569">
     <span class='ocr_line' id='line_1_122' title="bbox 2253 5495 3896 5569; baseline 0.003 -19"><span class='ocrx_word' id='word_1_818' title='bbox 2253 5495 2303 5550; x_wconf 80' lang='grc' dir='ltr'>ἐν</span> <span class='ocrx_word' id='word_1_819' title='bbox 2339 5497 2513 5556; x_wconf 73' lang='grc' dir='ltr'>ποίοις</span> <span class='ocrx_word' id='word_1_820' title='bbox 2570 5496 2803 5550; x_wconf 77' lang='grc' dir='ltr'>σκεύεσιν</span> <span class='ocrx_word' id='word_1_821' title='bbox 2860 5496 3200 5568; x_wconf 79' lang='grc' dir='ltr'>ὑπηρετεῖται</span> <span class='ocrx_word' id='word_1_822' title='bbox 3235 5497 3262 5550; x_wconf 87' lang='grc' dir='ltr'>ὁ</span> <span class='ocrx_word' id='word_1_823' title='bbox 3314 5497 3528 5569; x_wconf 79' lang='grc' dir='ltr'>Μαρίας</span> <span class='ocrx_word' id='word_1_824' title='bbox 3556 5495 3704 5567; x_wconf 16' lang='grc' dir='ltr'>ήυὶός,</span> <span class='ocrx_word' id='word_1_825' title='bbox 3737 5501 3896 5568; x_wconf 88' lang='lat' dir='ltr'>quod</span> 
     </span>
    </p>
   </div>
   <div class='ocr_carea' id='block_1_121' title="bbox 2255 5568 3900 5642">
    <p class='ocr_par' dir='ltr' id='par_1_121' title="bbox 2255 5568 3900 5642">
     <span class='ocr_line' id='line_1_123' title="bbox 2255 5568 3900 5642; baseline 0.002 -19"><span class='ocrx_word' id='word_1_826' title='bbox 2255 5569 2505 5625; x_wconf 85' lang='lat' dir='ltr'>Historia</span> <span class='ocrx_word' id='word_1_827' title='bbox 2566 5569 2859 5642; x_wconf 81' lang='lat' dir='ltr'>tripertita</span> <span class='ocrx_word' id='word_1_828' title='bbox 2913 5570 3112 5642; x_wconf 89' lang='lat' dir='ltr'>Latine</span> <span class='ocrx_word' id='word_1_829' title='bbox 3160 5568 3351 5642; x_wconf 85' lang='lat' dir='ltr'>reddit</span> <span class='ocrx_word' id='word_1_830' title='bbox 3383 5568 3456 5624; x_wconf 53' lang='grc'>;⁷‹‹</span> <span class='ocrx_word' id='word_1_831' title='bbox 3507 5569 3650 5625; x_wconf 87' lang='lat' dir='ltr'>Ecce</span> <span class='ocrx_word' id='word_1_832' title='bbox 3683 5571 3900 5642; x_wconf 88' lang='lat' dir='ltr'>quibus</span> 
     </span>
    </p>
   </div>
   <div class='ocr_carea' id='block_1_122' title="bbox 2249 5639 3896 5710">
    <p class='ocr_par' dir='ltr' id='par_1_122' title="bbox 2249 5639 3896 5710">
     <span class='ocr_line' id='line_1_124' title="bbox 2249 5639 3896 5710; baseline 0.001 -14"><span class='ocrx_word' id='word_1_833' title='bbox 2249 5642 2405 5696; x_wconf 87' lang='lat' dir='ltr'>vasis</span> <span class='ocrx_word' id='word_1_834' title='bbox 2461 5639 2661 5695; x_wconf 74' lang='lat' dir='ltr'>Mariae</span> <span class='ocrx_word' id='word_1_835' title='bbox 2715 5640 2832 5695; x_wconf 81' lang='lat' dir='ltr'>ﬁlio</span> <span class='ocrx_word' id='word_1_836' title='bbox 2891 5639 3298 5696; x_wconf 88' lang='lat' dir='ltr'>ministratur!</span> <span class='ocrx_word' id='word_1_837' title='bbox 3334 5663 3362 5690; x_wconf 84' lang='lat'>»</span> <span class='ocrx_word' id='word_1_838' title='bbox 3421 5643 3585 5710; x_wconf 86' lang='lat' dir='ltr'>Apud</span> <span class='ocrx_word' id='word_1_839' title='bbox 3618 5639 3896 5698; x_wconf 86' lang='lat' dir='ltr'>eumdem</span> 
     </span>
    </p>
   </div>
   <div class='ocr_carea' id='block_1_123' title="bbox 2249 5712 3896 5788">
    <p class='ocr_par' dir='ltr' id='par_1_123' title="bbox 2249 5712 3896 5788">
     <span class='ocr_line' id='line_1_125' title="bbox 2249 5712 3896 5788; baseline 0.001 -19"><span class='ocrx_word' id='word_1_840' title='bbox 2249 5713 2618 5788; x_wconf 85' lang='lat' dir='ltr'>scriptorem,</span> <span class='ocrx_word' id='word_1_841' title='bbox 2653 5713 2750 5788; x_wconf 69' lang='lat' dir='ltr'>ubi</span> <span class='ocrx_word' id='word_1_842' title='bbox 2784 5713 3179 5788; x_wconf 74' lang='lat' dir='ltr'>de_l_l_ormisde</span> <span class='ocrx_word' id='word_1_843' title='bbox 3201 5712 3478 5788; x_wconf 73' lang='lat' dir='ltr'>martyrio</span> <span class='ocrx_word' id='word_1_844' title='bbox 3510 5714 3723 5785; x_wconf 88' lang='lat' dir='ltr'>agitur,</span> <span class='ocrx_word' id='word_1_845' title='bbox 3756 5739 3780 5764; x_wconf 78' lang='grc' dir='ltr'>α</span> <span class='ocrx_word' id='word_1_846' title='bbox 3806 5721 3896 5788; x_wconf 84' lang='lat' dir='ltr'>ty-</span> 
     </span>
    </p>
   </div>
   <div class='ocr_carea' id='block_1_124' title="bbox 2249 5784 3460 5856">
    <p class='ocr_par' dir='ltr' id='par_1_124' title="bbox 2249 5784 3460 5856">
     <span class='ocr_line' id='line_1_126' title="bbox 2249 5784 3460 5856; baseline -0.001 -15"><span class='ocrx_word' id='word_1_847' title='bbox 2249 5801 2470 5856; x_wconf 88' lang='lat' dir='ltr'>rannus</span> <span class='ocrx_word' id='word_1_848' title='bbox 2501 5784 2620 5856; x_wconf 82' lang='lat' dir='ltr'>ait:</span> <span class='ocrx_word' id='word_1_849' title='bbox 2661 5784 2820 5856; x_wconf 89' lang='lat' dir='ltr'>Nega</span> <span class='ocrx_word' id='word_1_850' title='bbox 2850 5784 3038 5840; x_wconf 82' lang='lat' dir='ltr'>filium</span> <span class='ocrx_word' id='word_1_851' title='bbox 3071 5785 3238 5841; x_wconf 87' lang='lat' dir='ltr'>fabri.</span> <span class='ocrx_word' id='word_1_852' title='bbox 3271 5805 3297 5834; x_wconf 81' lang='grc'><strong>››</strong></span> <span class='ocrx_word' id='word_1_853' title='bbox 3335 5785 3460 5840; x_wconf 79' lang='lat' dir='ltr'>Bis.</span> 
     </span>
    </p>
   </div>
   <div class='ocr_carea' id='block_1_125' title="bbox 2319 5854 3900 5930">
    <p class='ocr_par' dir='ltr' id='par_1_125' title="bbox 2319 5854 3900 5930">
     <span class='ocr_line' id='line_1_127' title="bbox 2319 5854 3900 5930; baseline 0.003 -18"><span class='ocrx_word' id='word_1_854' title='bbox 2319 5888 2385 5899; x_wconf 89' lang='lat'><strong><em>—</em></strong></span> <span class='ocrx_word' id='word_1_855' title='bbox 2415 5854 2578 5912; x_wconf 84' lang='lat' dir='ltr'>Fabri</span> <span class='ocrx_word' id='word_1_856' title='bbox 2595 5865 2692 5912; x_wconf 83' lang='lat' dir='ltr'>aut</span> <span class='ocrx_word' id='word_1_857' title='bbox 2715 5854 3076 5929; x_wconf 60' lang='lat' dir='ltr'>qawsluariae</span> <span class='ocrx_word' id='word_1_858' title='bbox 3102 5856 3272 5930; x_wconf 80' lang='lat' dir='ltr'>ﬁlius.</span> <span class='ocrx_word' id='word_1_859' title='bbox 3295 5858 3418 5913; x_wconf 80' lang='lat' dir='ltr'>Non</span> <span class='ocrx_word' id='word_1_860' title='bbox 3443 5871 3681 5929; x_wconf 87' lang='lat' dir='ltr'>possum</span> <span class='ocrx_word' id='word_1_861' title='bbox 3716 5855 3900 5916; x_wconf 86' lang='lat' dir='ltr'>liben-</span> 
     </span>
    </p>
   </div>
  </div>
