4262 6354
262 347 378 408 73⁸7
1621 337 1725 404 DE
1769 337 2320 404 IDOLOLATRIA.
3551 349 3676 418 738

261 480 482 549 mistis,
515 477 608 534 hic
634 481 722 534 est
755 477 849 534 ille
880 475 1170 532 arundine
1202 479 1260 532 et
1290 474 1554 548 colaphis
1585 473 1912 530 diverbera-
1945 479 1995 544 Α
2028 475 2134 530 dos
2160 475 2232 530 de
2263 491 2371 530 sua
2415 473 2762 530 liberalitate
2791 477 3094 549 praestabit
3122 479 3151 533 ‘t
3191 483 3248 534 et
3307 483 3499 536 tamen
3551 484 3672 539 haec

258 575 380 641 tus,
417 567 810 642 sputamentis
841 567 1173 636 decoratus,
1229 565 1362 621 felle
1421 567 1476 620 et
1533 568 1694 620 aceto
1751 565 1916 636 pota-
2027 563 2143 634 iam
2179 565 2614 636 quodammodo
2645 563 2934 622 habemus
2967 582 3067 638 per
3099 569 3268 624 fidem
3289 570 3498 642 spiritu
3529 573 3671 628 ima-

261 665 382 716 tus.
417 657 520 712 Hic
550 661 638 714 est
659 673 833 728 quem
861 655 1008 711 clam
1046 655 1340 710 discentes
1373 653 1820 726 subripuerunt,
1855 655 1916 706 ut
2029 652 2266 724 ginante
2307 659 2738 726 repraesentata.
2799 655 3080 712 Castorum
3133 659 3329 729 qualia
3377 659 3477 716 illa
3535 667 3675 720 sunt

263 747 656 807 resurrexisse
678 745 928 814 dicatur,
965 743 1051 801 vel
1103 743 1454 801 hortulanus
1502 743 1752 799 detraxit
1781 741 1917 814 (21),
2031 757 2157 812 quae
2183 757 2290 796 nec
2321 741 2526 796 oculus
2575 741 2740 810 vidit,
2805 761 2908 799 nec
2955 746 3114 800 auris
3153 748 3394 815 audivit,
3459 767 3563 806 nec
3615 753 3673 807 in

264 857 338 897 ne
363 839 607 894 lactucae
642 853 759 892 suae
791 835 1124 907 frequentia
1174 833 1594 890 commentium
1636 831 1920 887 laederen-
2031 846 2130 886 cor
2159 829 2419 888 hominis
2451 833 2893 888 ascenderunt?
2923 835 3124 906 Credo,
3153 836 3304 892 circo
3339 841 3395 892 et
3425 843 3675 912 utraque

265 927 584 999 tur"(2‘2).
637 925 711 980 Ut
761 923 900 979 talia
949 927 1200 996 spectes,
1255 927 1320 978 ut
1371 921 1591 977 talibus
1643 919 1923 990 exsultas,
2035 935 2206 974 cavea
2227 923 2282 974 et
2312 919 2471 975 omni
2509 919 2700 976 stadio
2731 921 3008 994 gratiora.

268 1017 398 1090 quis
429 1015 534 1072 tibi
569 1019 780 1088 praeter
808 1017 909 1069 aut
933 1011 1166 1084 consul,
1193 1015 1296 1068 aut
1325 1013 1710 1084 quiestor,aut
1731 1027 1926 1065 sacer-

1707 1153 1910 1216 Varite
1943 1151 2260 1214 lectiones.

339 1267 385 1309 95
415 1265 850 1322 Adlmderentur
873 1264 996 1334 Rig.

1721 1359 2246 1424 Commentarios.

273 1480 358 1532 ter
388 1471 662 1530 assentiri
721 1469 1152 1544 huicﬂRigaltii
1206 1467 1466 1544 lectioni,
1525 1467 1924 1544 nequeetiam
2047 1540 2056 1544 _
2107 1468 2218 1544 (22)
2250 1467 2580 1544 Nelactucm
2608 1485 2722 1526 sum
2749 1473 3068 1544 frequentia
3123 1480 3540 1536 commeantium
3580 1483 3677 1538 ad-

271 1547 668 1624 alteri_quan_i
727 1559 794 1598 ex
835 1540 1184 1624 Hieronme
1242 1541 1508 1624 adducit.
1541 1543 1596 1596 in
1633 1541 1925 1624 ambobus
2037 1540 2389 1624 (irritarentur.
2451 1542 2700 1624 ideoque.
2751 1540 2814 1597 'in
2851 1540 3018 1624 'l‘ocis
3064 1549 3256 1624 sacris
3296 1551 3678 1624 mdificnndis,

272 1619 416 1674 locis
449 1613 722 1678 Lacerda,
753 1613 1102 1685 quaestuaria
1136 1614 1281 1670 Nam
1301 1613 1400 1668 diu
1429 1617 1517 1668 est
1549 1615 1702 1684 quod
1739 1629 1923 1666 anno-
2036 1627 2166 1680 quae
2196 1613 2348 1682 apud
2384 1613 2659 1684 antiquos
2685 1615 2739 1668 in
2773 1619 3026 1671 continio
3059 1621 3195 1684 tere,
3250 1623 3347 1676 ubi
3381 1623 3556 1680 trium
3588 1613 3680 1682 vel

273 1697 476 1747 taruut
505 1685 1156 1762 eruditijurisconsulti
1189 1685 1608 1762 qumstuariam
1636 1700 1920 1762 esse,qua3
2033 1689 2292 1762 quatuor
2319 1687 2765 1762 posscssionum
2791 1690 3127 1746 terminatio
3159 1697 3513 1762 conveniret,
3547 1715 3683 1754 con-

275 1763 504 1818 lucrum
537 1765 638 1816 aut
669 1755 957 1830 quaestum
991 1755 1447 1831 facit_corp9re_;
1480 1757 1564 1812 sic
1597 1756 1654 1810 in
1685 1757 1919 1810 Glossa-
2031 1755 2920 1831 stituisolebant,unusquisque
2937 1779 3244 1831 possessor
3271 1755 3529 1822 donabat
3554 1785 3682 1824 cer-

277 1835 360 1890 rio
390 1827 740 1910 quaestuaria
769 1829 1040 1910 πρακτιηή
1075 1827 1275 1910 πόργηξ
1303 1829 1376 1910 ita
1401 1828 1502 1910 Pe.
1523 1899 1536 1910 θ
1727 1897 1740 1909 ι
1765 1897 1779 1910 ι
1827 1901 1836 1910 ι

2031 1829 2157 1910 tum
2191 1828 2624 1910 modumsacro
2675 1827 2756 1910 illi
2791 1827 2858 1910 ei:
2915 1827 3054 1910 agro
3097 1851 3245 1910 Asuo,
3303 1841 3360 1910 et
3391 1845 3679 1910 quantum

347 1897 459 1982 (ᾗ)
495 1897 944 1982 Velhortulanus
972 1897 1254 1982 detraxit.
1307 1901 1496 1954 ironia
1523 1897 1920 1982 haecﬂvi'detur
2029 1898 2304 1982 donasset
2332 1899 2547 1982 scripto
2583 1902 2828 1982 iaciebat
2853 1897 3682 1982 ;utiperfliemisolemnitatis,

275 1970 514 2033 irridere
533 1970 1915 2056 aliquemillorumbmreticorumquiChristum
2027 1971 2386 2056 priuatorum
2424 1975 2546 2056 agri
2583 1973 2804 2056 nullam
2835 1970 3213 2056 .melestiam_
3237 1979 3552 2056 iaculantis
3591 1970 3689 2056 ροί-

273 2065 406 2104 vere
463 2041 702 2118 passu'm
731 2052 990 2118 negant,
1023 2045 1370 2100 Marcionem
1389 2041 1624 2118 _nez_i_i_p_e
1657 2059 1670 2104 ;
1703 2041 1912 2118 Cerdho-
2025 2041 2557 2118 pul_i_su,s_t_iucrent.
2590 2045 2764 2100 Notat
2817 2049 3090 2118 Aggenus
3148 2053 3219 2106 ad
3267 2053 3370 2106 lib.
3417 2041 3682 2115 Ειιοηιῖιίί

276 2136 410 2177 nem
441 2113 566 2190 ejus
589 2113 960 2190 magistr—um,
992 2122 1050 2173 et
1079 2123 1216 2173 aute
1257 2131 1356 2172 eos
1387 2113 1698 2171 Basilidcm
1731 2118 1787 2168 et
1830 2113 1915 2168 Si-
2021 2115 2087 2168 de
2113 2115 2352 2170 Limitib.
2383 2132 2564 2186 agror.
2597 2120 2724 2172 Βία.

277 2189 508 2248 moneri]
541 2191 800 2263 Magum.
835 2189 984 2244 ΡΑΜ.

457 2513 645 2714 Q,
777 2511 1336 2701 SEPT,
1463 2506 2043 2700 FLOR,
2169 2509 3514 2688 TERTULLIANI

973 2861 976 2864 .
1458 2781 1622 2873 DE
1688 2780 2528 2875 IDOLOLATRIA

1869 2975 2094 3030 LIBER.

2729 2351 3683 2381 ___..__.._____.__________

349 3268 742 3322 Anouuaxruu.
775 3265 899 3320 Post
954 3265 1247 3318 tractatum
1299 3261 1370 3316 de
1421 3259 1752 3332 Spectaculis
1799 3261 2038 3315 alterum
2091 3261 2416 3332 conscripsit
2472 3261 2765 3334 Septimius
2813 3262 2877 3318 de
2905 3263 3248 3339 idololatria,
3273 3271 3332 3325 in
3373 3287 3478 3343 quo
3515 3274 3697 3331 varios

279 3355 376 3428 (sit
433 3357 514 3410 ita
561 3355 714 3425 loqui
759 3355 845 3424 fas
895 3355 994 3421 est)
1049 3352 1402 3408 conscientiae
1459 3366 1612 3405 casus
1666 3349 1947 3421 proponit,
2007 3350 2248 3416 discutit,
2299 3351 2540 3407 resolvit.
2586 3355 2709 3408 Non
2765 3353 2992 3408 deerant
3045 3357 3339 3430 siquidem,
3397 3363 3494 3434 qui
3541 3370 3696 3420 tanta

285 3445 606 3501 laborarent
663 3445 1007 3514 ignorantia.
1039 3447 1100 3496 ut
1147 3443 1559 3498 arbitrarentur
1615 3441 1950 3496 idololatriae
2003 3442 2240 3495 crimine
2294 3455 2404 3496 non
2451 3442 2656 3514 pollui,
2691 3446 2802 3500 nisi
2834 3446 2978 3513 illos,
3011 3447 3115 3518 qui
3161 3447 3326 3503 idolis
3381 3453 3464 3506 vel
3521 3453 3699 3510 thura

284 3532 596 3604 adolerent,
630 3533 714 3588 vel
767 3533 967 3587 hostias
1019 3531 1411 3603 offerrent,vel
1450 3547 1640 3588 eorum
1685 3530 1966 3600 mysteriis
2020 3533 2116 3584 aut
2158 3531 2396 3601 profano
2455 3532 2758 3589 sacerdotio
2817 3535 3184 3591 initiarentur
3230 3537 3370 3609 (cap.
3426 3541 3501 3611 2).
3567 3541 3700 3599 Inde

287 3621 662 3678 idololatriam
699 3621 888 3691 definit
922 3639 934 3676 :
966 3643 994 3672 α
1057 3621 1247 3678 Omnis
1303 3623 1454 3676 circa
1509 3621 1716 3678 idolum
1771 3620 2074 3690 famulatus
2121 3629 2172 3674 et
2228 3621 2488 3692 servitus,
2539 3631 2588 3677 et
2644 3625 2790 3678 nihil
2847 3626 3095 3692 interest,
3149 3627 3306 3698 dicit,
3360 3646 3439 3684 an
3492 3631 3700 3702 plastes

287 3713 538 3785 efﬁngat,
590 3717 688 3767 aut
733 3713 962 3766 caelator
1005 3713 1304 3783 exsculpat,
1360 3729 1432 3767 an
1487 3711 1724 3782 phrygio
1790 3710 2032 3776 detexat,
2089 3726 2186 3764 nec
2241 3709 2306 3764 de
2355 3714 2588 3766 materia
2651 3715 2839 3784 refert,
2900 3731 2974 3768 an
3028 3731 3216 3786 gypso,
3275 3733 3348 3771 an
3395 3719 3700 3786 coloribus,

291 3819 362 3856 an
398 3801 598 3872 lapide,
631 3818 708 3855 an
765 3816 900 3866 sere,
931 3818 1002 3856 an
1059 3811 1317 3869 argento,
1355 3817 1426 3854 an
1476 3801 1572 3870 [ita
1645 3801 1918 3869 formetur
1990 3797 2206 3853 idolum
2279 3801 2417 3870 (cap.
2451 3799 2527 3871 3).
2563 3822 2588 3850 ››
2621 3801 2860 3858 Addidit
2907 3804 3230 3870 Deum,tam
3290 3804 3421 3874 ﬁeri
3469 3807 3700 3878 idolum,

296 3907 470 3962 quam
517 3891 642 3958 coli,
709 3889 1000 3961 prohibere
1053 3891 1194 3961 (cap.
1255 3890 1330 3960 4).
1391 3890 1527 3943 Hinc
1591 3887 1747 3956 dicit,
1780 3903 1891 3942 non
1948 3887 2110 3942 licere
2172 3887 2325 3942 663
2386 3887 2713 3944 Christianis
2745 3890 2896 3946 idola
2928 3892 3282 3962 fabrefacere,
3317 3899 3416 3947 aut
3471 3895 3704 3952 vendere

303 3978 642 4044 adoraturis,
701 3995 765 4034 ac
831 3977 1048 4049 quidem
1123 3994 1248 4032 cum
1309 3977 1464 4032 aliud
1539 3993 1652 4032 non
1707 3975 1910 4031 habent
1965 3976 2111 4030 unde
2167 3978 2352 4031 vivant
2407 3979 2542 4048 (cap.
2601 3978 2674 4048 5).
2735 3979 2996 4035 Prohibet
3043 3981 3214 4034 etiam
3270 3981 3701 4051 mdiﬁcationem

293 4068 504 4139 templi,
558 4083 692 4137 arar,
760 4065 1032 4134 acdiculae,
1103 4065 1296 4120 domus
1367 4067 1428 4119 in
1499 4065 1756 4120 honorem
1831 4063 2104 4120 idolorum
2159 4069 2301 4137 (cap.
2364 4069 2439 4132 8).
2498 4067 2642 4134 Quin
2717 4069 2894 4124 etiam
2975 4071 3369 4139 negotiationes
3435 4073 3700 4128 mercium

291 4175 505 4224 earum,
565 4173 690 4228 quia
745 4157 814 4212 ad
891 4157 1268 4212 idololatriam
1341 4157 1626 4226 pertinent
1679 4155 1824 4226 (cap.
1879 4155 1967 4224 11)
2025 4172 2036 4210 :
2097 4173 2130 4210 a
2182 4157 2339 4226 festis
2415 4173 2626 4228 quoque
2713 4160 2903 4214 diebus
2976 4163 3146 4215 etiam
3229 4163 3704 4220 extraordinariis

291 4247 680 4302 abstinendum
728 4247 872 4317 (cap.
933 4246 1019 4316 13)
1056 4261 1068 4299 :
1103 4262 1274 4316 neque
1341 4247 1512 4300 servis
1581 4245 1747 4300 licere
1826 4245 2114 4300 ministros
2187 4261 2302 4300 esse
2371 4245 2712 4304 idololatriae
2781 4249 2926 4318 (cap.
2983 4249 3096 4320 18)
3150 4268 3168 4303 :
3226 4265 3404 4322 neque
3487 4253 3703 4310 licitam

293 4337 580 4405 militiam,
643 4338 705 4390 in
755 4352 864 4407 qua
920 4335 1281 4390 militandum
1337 4337 1410 4390 sit
1463 4336 1564 4390 sub
1623 4336 1781 4402 signo
1836 4334 2044 4390 diaboli
2099 4335 2241 4406 (cap.
2304 4335 2432 4406 '19);
2492 4335 2880 4404 deicrationem
2957 4353 3172 4393 omnem
3261 4356 3350 4395 me
3434 4340 3701 4411 Hercule,

295 4425 518 4480 medius
578 4423 785 4494 Fidius,
853 4441 955 4479 nee
1018 4439 1128 4479 non
1192 4424 1595 4494 abjuralionem
1659 4423 1880 4493 Jupiter
1946 4424 2046 4479 libi
2104 4425 2176 4478 sit
2233 4425 2428 4492 iratus,
2489 4430 2543 4480 et
2618 4427 2982 4494 subsecutum,
3072 4429 3499 4500 responsionem,
3583 4431 3700 4487 imo

294 4513 418 4580 libi,
451 4516 682 4570 damnat
738 4523 790 4568 et
845 4517 1180 4569 exsecratur.
1215 4514 1480 4569 Ctelerum
1537 4515 1595 4567 in
1653 4511 1980 4582 perlegenda
2038 4519 2134 4567 hoc
2183 4517 2421 4568 tractatu
2477 4513 2801 4570 discretione
2829 4531 2964 4587 Opus
2992 4520 3071 4570 est
3113 4533 3132 4571 :
3163 4531 3290 4586 qua
3343 4521 3494 4573 enim
3551 4520 3703 4575 velut

292 4603 582 4672 generalia
642 4603 922 4672 principia
977 4601 1344 4657 Tertullianus
1393 4600 1482 4657 hic
1533 4603 1710 4672 ponit,
1739 4603 1856 4672 fere
1896 4602 2082 4657 omnia
2123 4618 2254 4657 vera
2310 4607 2478 4665 sunt;
2523 4619 2634 4659 non
2683 4612 2872 4659 autem
2928 4605 3109 4659 omnia
3185 4621 3315 4660 vera
3386 4615 3530 4676 sunt,
3577 4625 3700 4679 qua:

291 4690 494 4747 exinde
521 4691 766 4747 deducit.
803 4691 976 4746 Luae.

830 4923 1060 4980 CAPUT
1091 4923 1402 4979 PRIMUM.
1969 4939 2017 5003 Β
2048 4925 2174 4978 cida
2205 4929 2312 4979 est.
2345 4927 2566 4990 Quaeris
2589 4943 2764 4998 quem
2799 4929 3132 4986 occiderit?
3163 4931 3210 4986 si
3252 4931 3390 5002 quid
3426 4931 3494 4988 ad
3530 4931 3702 5006 elogii

365 5013 694 5087 Principale
723 5014 942 5070 crimen
976 5014 1206 5086 generis
1237 5013 1503 5084 humani,
1551 5029 1822 5069 summus
1843 5029 1946 5068 εαξ-
2057 5014 2436 5068 ambitionem
2475 5016 2629 5083 Iacit,
2663 5033 2776 5070 non
2812 5021 3176 5086 extraneum,
3209 5035 3314 5074 nec
3372 5020 3699 5093 inimicum,

295 5103 410 5159 culi
444 5109 664 5171 reatus,
717 5108 840 5158 tota
869 5119 1048 5158 causa
1094 5101 1324 5173 judicii,
1383 5100 1732 5157 idololatria.
1792 5101 1940 5156 Nam
2052 5103 2150 5158 sed
2185 5119 2245 5156 se
2302 5101 2520 5173 ipsum.
2553 5103 2774 5166 Quibus
2807 5104 3340 5163 insidiis?erroris
3401 5109 3511 5164 sui.
3575 5111 3698 5174 Quo

297 5195 404 5249 etsi
437 5210 607 5249 suam
640 5193 892 5264 speciem
925 5197 1083 5248 tenet
1139 5192 1600 5263 unumquodque
1645 5189 1941 5256 delicium,
2053 5188 2168 5244 telo
2199 5191 2225 5245 ‘?
2248 5191 2467 5246 offensa
2493 5191 2612 5246 Dei.
2647 5191 2796 5256 Quot
2818 5191 3056 5265 plagis?
3115 5200 3404 5267 quotquot
3457 5196 3698 5253 idolola-

292 5283 398 5340 etsi
431 5300 538 5338 suo
589 5297 822 5354 quoque
879 5281 1156 5336 nomine1
1210 5281 1433 5350 judicio
1483 5281 1832 5347 destinatur,
1881 5280 1942 5335 in
2053 5279 2200 5334 triis.
2236 5280 2342 5344 Qui
2397 5285 2570 5350 negat
2619 5281 2986 5336 idololatrem
3043 5283 3285 5354 perisse,
3343 5285 3394 5340 is
3462 5284 3702 5356 negabit

295 5370 636 5425 idololatrias
671 5375 866 5425 tamen
893 5370 1139 5424 crimine
1169 5370 1540 5441 expungitur.
1565 5369 1783 5424 Omitte
1805 5369 1942 5423 titu-
2051 5367 2415 5424 idololatrem
2449 5369 2832 5424 homicidium
2892 5371 3116 5426 fecisse.
3153 5372 3402 5428 Proinde
3429 5375 3451 5407 ³
3481 5373 3702 5430 adulte-

294 5459 402 5528 Ios,
434 5475 642 5530 operas
677 5457 1070 5529 recognoscea
1106 5455 1506 5528 :idololatres,
1547 5457 1702 5513 idem
1753 5455 1941 5512 bomi-
2053 5455 2206 5510 rium
2268 5461 2323 5512 et
2372 5462 2647 5529 stuprum
2691 5457 2750 5514 in
2809 5459 3008 5513 eodem
3071 5475 3496 5531 recognoscas:
3559 5479 3696 5519 nam

1726 5599 1932 5664 Variae
1963 5599 2288 5662 lectiones.

364 5729 382 5764 ί
412 5727 692 5804 Quodque
721 5726 959 5786 nomine
986 5728 1112 5788 Jun.
1147 5727 1169 5764 ²
1199 5727 1388 5804 Opera
1407 5739 1753 5800 recognosce
1773 5727 1903 5787 Jun.
1937 5727 2116 5786 Latin.
2153 5726 2176 5760 ³
2203 5724 2450 5782 Perinde
2479 5725 2664 5784 Pam.
