4262 6364
482 329 601 391 739
1004 323 1527 387 TERTULLIANI
1572 318 1894 384 OPERUM
1941 321 2143 382 PARS
2189 319 2237 380 Ι.
2270 349 2348 365 -
2375 315 2652 382 SERIES
2698 321 2749 394 Ι,
2793 316 3360 382 APOLOGETICA.
3767 323 3886 385 740
3924 409 3932 416 .

486 464 588 534 qui
619 462 781 518 falsis
811 460 1078 528 deservit,
1149 459 1274 513 sine
1326 457 1504 512 dubio
1567 455 1798 512 adulter
1845 459 1932 511 est
1979 453 2123 510 veri-
2156 459 2208 524 Α
2241 454 2394 508 rium
2425 454 2600 509 etiam
2634 455 2692 510 in
2744 455 3223 527 concupiscentia
3247 456 3538 528 designat,
3570 457 3620 512 si
3652 456 3886 514 oculum

484 551 642 617 tatis,
676 550 813 622 quia
843 565 1015 604 omne
1049 547 1256 601 falsum
1291 545 1642 601 adulterium
1675 549 1779 599 est.
1815 545 1909 599 Sic
1942 549 1996 598 et
2027 543 2127 597 in‘
2237 543 2368 613 quis
2398 544 2706 615 impegerit
2749 544 3084 614 libidinose,
3123 549 3178 599 et
3209 545 3467 601 animam
3502 547 3888 603 commoverit

483 644 686 710 stupro
720 638 1021 708 mergitur.
1059 636 1198 699 Quis
1226 634 1378 688 enim
1440 633 1767 687 immundis
1816 631 2126 703 spiritibus
2234 631 2530 704 impudice
2562 631 2787 704 (lbid.):
2822 649 2952 687 cum
2988 633 3371 689 homicidium
3407 635 3582 690 etiam
3613 635 3673 690 in
3703 637 3881 693 verbo

485 732 778 798 operatus,
813 743 923 779 non
951 719 2126 795 conspurcatusetconstupratusincedit
2159 748 2179 763 ~-
2235 721 2530 776 maledicti
2568 721 2654 776 vel
2702 723 2942 777 convicii
2985 722 3216 792 judicat
3245 724 3286 788 θ,
3345 729 3402 778 et
3459 724 3514 778 in
3575 725 3736 780 omni
3769 727 3882 781 im-

484 815 699 887 (Ezrech.
733 815 896 883 xxxii)
928 813 956 867 ?
998 819 1182 883 Atque
1227 812 1370 866 adeo
1399 810 1708 881 Scripturaa
1753 813 1964 864 sanctae.
2001 812 2123 862 stu-
2235 808 2509 880 petuirm,
2543 814 2600 864 et
2658 811 2714 864 in
2777 810 3133 880 negligentia
3189 812 3450 867 caritatis
3508 812 3567 866 in
3619 815 3879 872 fratrem.

483 904 570 975 pri
591 902 872 958 vocabulo
904 906 1151 957 utuntur
1183 901 1239 954 in
1289 897 1625 954 idololatriae
1658 897 2121 966 exprobratione.
2231 901 2392 953 Sicut
2414 900 2589 968 (Joan.
2625 915 2708 966 ιιι,
2736 899 2818 968 45)
2877 898 3130 953 Joannes
3175 901 3340 955 docet
3371 900 3723 957 homicidam
3749 919 3880 958 esse

481 993 726 1047 Fraudis
756 990 1010 1046 conditio
1059 1006 1126 1044 ea
1175 992 1263 1043 est
1319 988 1544 1059 opinor,
1605 988 1654 1040 si
1704 987 1834 1057 quis
1865 985 2122 1040 alienum
2233 988 2333 1058 qui
2365 988 2550 1042 oderit
2582 988 3109 1057 fratrem.Alioquin
3145 989 3203 1043 in
3240 989 3467 1044 modico
3499 992 3872 1059 consisteret,

482 1082 691 1152 rapiat,
725 1084 826 1134 aut
855 1079 952 1133 alii
986 1079 1249 1133 debitum
1308 1078 1574 1148 deneget,
1635 1081 1693 1130 et
1749 1075 1950 1142 utique
1987 1089 2125 1144 erga

484 1169 782 1224 hominem
831 1167 1092 1222 admissa
1149 1168 1306 1221 traus
1341 1165 1575 1220 maximi
1611 1164 1877 1219 criminis
1910 1178 2122 1217 nomen

481 1264 590 1313 est.
624 1256 852 1312 Etenim
886 1255 1212 1310 idololatria
1244 1256 1507 1309 fraudem
1541 1254 1654 1307 Deo
1688 1252 1844 1316 facit,
1871 1252 2123 1305 honores

479 1346 561 1401 illi
598 1346 1130 1416 suosdenegans,et
1159 1345 1461 1398 conferens
1485 1341 1710 1410 aliis,ut
1741 1340 1924 1394 fraudi
1946 1340 2119 1394 etiam

479 1434 891 1490 contumeliam
943 1416 1281 1503 coniungat.
1315 1432 1471 1494 Quod
1510 1430 1558 1484 si
1602 1434 1719 1484 tam
1757 1429 1914 1483 fraus
1946 1444 2121 1498 quam

479 1529 751 1596 stuprum
785 1527 959 1593 atque
1009 1520 1362 1575 adulterium
1398 1525 1644 1573 mortem
1698 1519 1968 1582 afferunt,
1994 1518 2120 1586 jam

478 1611 538 1667 in
573 1612 662 1667 his
692 1626 856 1682 aeque
887 1611 905 1643 ⁵
951 1608 1279 1664 idololatria
1309 1609 1380 1661 de
1435 1607 1734 1661 homicidii
1785 1611 1943 1660 reatu
2004 1623 2118 1660 non

477 1701 778 1756 liberatur.
821 1699 957 1753 Post
989 1697 1127 1752 talia
1183 1696 1453 1763 crimina,
1512 1701 1632 1750 tam
1681 1695 1944 1760 exitiosa,
1997 1700 2118 1749 tam

479 1788 839 1844 devoratoria
889 1786 1118 1851 salutis,
1179 1791 1386 1839 caetera
1443 1800 1674 1855 quoque
1731 1783 1987 1853 aliquem
2047 1784 2115 1838 ad
2151 1823 2198 1888 Β

483 1879 718 1932 modum
752 1881 809 1931 et
839 1891 1101 1930 seorsum
1144 1874 1387 1946 proinde
1443 1873 1749 1944 disposita,
1791 1872 1848 1926 in
1878 1869 2120 1926 idolola-

482 1967 597 2021 tria
626 1964 1017 2021 conditionem
1077 1978 1244 2017 suam
1302 1965 1741 2032 repraesentant.
1801 1961 1860 2013 In
1916 1958 2018 2012 illa
2063 1962 2120 2013 et

482 2051 968 2124 concupiscentiae
1024 2049 1240 2106 saeculi.
1299 2050 1433 2114 Qua:
1466 2049 1619 2103 enim
1666 2047 2002 2103 idololatria:
2032 2064 2119 2103 so-

480 2141 753 2197 lemnitas
767 2139 890 2195 sine
912 2138 1231 2194 ambitione
1253 2137 1444 2192 cultus
1462 2142 1770 2192 etornatus
1789 2136 1815 2190 ?
1840 2138 1894 2190 in
1919 2135 2019 2190 illa
2034 2135 2116 2190 la-

480 2230 669 2286 scivia:
701 2234 756 2284 et
785 2227 1258 2292 ebrietates,cum
1286 2225 1600 2296 plurimum
1623 2225 1807 2279 victus
1825 2232 1881 2278 et
1901 2224 2117 2278 ventris

478 2325 534 2374 et
563 2317 824 2372 libidinis
857 2333 1032 2371 causa
1051 2316 1492 2385 frequentantur
1518 2315 1559 2368 ³.
1586 2315 1642 2368 In
1673 2313 1768 2368 illa
1802 2313 2112 2383 injustitia.

477 2407 622 2470 Quid
656 2406 812 2460 enim
846 2403 1122 2470 injustius
1156 2421 1242 2469 ea,
1293 2420 1417 2473 quae
1443 2401 1688 2472 justitizn
1723 2402 1948 2456 Patrem
1981 2418 2112 2455 nes-

476 2495 600 2551 cit?
629 2496 688 2550 In
725 2494 823 2548 illa
852 2493 1027 2547 etiam
1088 2492 1331 2551 vanitas.
1393 2508 1574 2561 quum
1628 2495 1746 2545 tota
1792 2491 1920 2560 ejus
1967 2488 2114 2544 ratio

473 2601 623 2639 vana
652 2583 766 2648 sit;
795 2582 854 2636 in
889 2581 989 2635 illa
1013 2580 1563 2645 mendaciumﬁﬁl
1596 2596 1776 2649 quum
1809 2585 1927 2634 tota
1944 2580 2114 2633 subs-

475 2673 659 2728 tantia
682 2672 810 2741 ejus
844 2670 1089 2723 mendax
1122 2667 1312 2722 sit.lta
1345 2668 1428 2731 ﬁt,
1468 2675 1531 2721 ut
1558 2668 1755 2722 omnia
1787 2667 1842 2720 in
1878 2667 2114 2721 idolola-

472 2761 607 2829 tria,
639 2764 697 2813 et
734 2759 790 2812 in
825 2757 1098 2812 omnibus
1130 2755 1455 2810 idololatria
1486 2755 1977 2826 deprehendatur.
2003 2756 2111 2810 Sed

475 2854 532 2905 ct
577 2849 721 2904 alias
750 2864 930 2917 quum
966 2846 1234 2900 universa
1263 2844 1778 2900 delictaadversus
1802 2845 2111 2899 Dominum

476 2937 727 3009 sapiant,
783 2934 925 2989 nihil
983 2937 1176 2988 autem
1235 2935 1390 3003 quod
1439 2934 1718 2988 adversus
1754 2934 2058 2987 Dominum
2090 2933 2111 2966 ⁷

476 3027 686 3097 sapiat,
714 3041 827 3078 non
851 3022 1155 3077 dmmoniis
1186 3027 1244 3075 et
1266 3021 1585 3075 immundis
1609 3021 1916 3091 spiritibus
1938 3022 2111 3092 depu-

473 3120 650 3179 tetur,
710 3113 927 3184 quibus
979 3109 1137 3166 idola
1221 3110 1634 3180 mancipantur
1685 3134 1698 3170 ς
1758 3111 1883 3164 sine
1933 3109 2110 3164 dubio

2232 1082 2289 1129 et
2321 1076 2539 1132 diaboli
2574 1076 2872 1147 ingenium
2904 1077 2974 1130 de
3031 1075 3278 1146 malitia,
3315 1084 3369 1132 et
3411 1079 3504 1133 Dei
3569 1080 3794 1134 Domini
3833 1081 3880 1116 ¹⁰

2233 1166 2304 1219 de
2333 1163 2665 1235 disciplina,
2701 1181 2815 1235 qua
2857 1181 2963 1220 nos
3021 1165 3299 1220 adversus
3363 1166 3579 1222 diaboli
3609 1167 3877 1224 altitudi-

2233 1253 2393 1306 nes“
2430 1251 2852 1323 munit(Matth.
2886 1269 2938 1307 v.
2966 1252 3048 1322 Cf.
3075 1258 3239 1326 Apoc.
3271 1271 3326 1321 v,
3353 1256 3465 1324 24),
3519 1257 3565 1310 si
3613 1257 3670 1311 in
3705 1257 3797 1313 his
3833 1258 3878 1293 ¹²

2229 1345 2458 1396 tantum
2491 1340 2716 1395 delictis
2748 1342 3172 1410 judicaremur,
3221 1360 3347 1413 quae
3378 1345 3552 1399 etiam
3606 1348 3876 1401 nationes

2231 1431 2609 1484 decreverunt
2638 1430 3008 1485 vindicanda.
3034 1432 3328 1495 Quomodo
3361 1433 3876 1504 abundabitjusti-

2231 1519 2311 1572 tia
2343 1527 2535 1572 nostra
2573 1535 2748 1589 super
2778 1520 3000 1574 scribas
3033 1525 3088 1575 et
3134 1521 3471 1592 pharisaeus,
3507 1529 3572 1578 ut
3597 1525 3876 1580 Dominus

2232 1607 2604 1678 praescripsit,
2654 1607 2763 1661 nisi
2797 1608 3214 1664 abundantiam
3250 1611 3594 1666 adversaria:
3629 1613 3779 1682 ejus,
3813 1614 3872 1668 id

2230 1699 2319 1750 est
2348 1695 2646 1766 injustitiae
2678 1697 3146 1767 perspexerimus
3179 1699 3380 1762 PQuod
3401 1699 3450 1755 si
3482 1701 3877 1772 caputinjus-

2231 1784 2366 1839 titiae
2401 1784 2731 1839 idololatria
2766 1790 2873 1851 est,
2907 1786 3068 1856 prius
3116 1792 3207 1842 est
3247 1789 3328 1843 uti
3380 1790 3661 1846 adversus
3690 1791 3876 1847 abun-

2237 1873 2496 1926 dantiam
2531 1873 2867 1928 idololatria:
2903 1877 3532 1949 praemuniamur,dum
3567 1879 3726 1935 illam
3755 1898 3872 1938 non

2236 1962 2426 2014 solum
2463 1963 2515 2015 in
2560 1963 2888 2018 manifestis
2921 1965 3404 2033 recognoscimus.

2859 2104 3085 2160 CAPUT
3133 2106 3230 2160 lll.

2304 2209 2531 2264 idolum
2562 2209 2899 2280 aliquandiu
2936 2216 3087 2266 retro
3139 2230 3250 2267 non
3309 2219 3452 2270 erat.
3507 2216 3864 2289 Priusquam

2231 2298 2408 2368 hujus
2441 2298 2683 2352 monstri
2714 2300 2964 2355 artiﬁces
2994 2300 3363 2369 ebullissent,
3397 2303 3523 2359 sola
3552 2305 3774 2377 templa
3813 2312 3873 2364 et

2228 2404 2420 2441 vacum
2452 2388 2603 2441 mdes
2635 2396 2816 2457 erant,
2852 2388 3004 2443 sicut
3036 2389 3093 2443 in
3127 2389 3476 2447 hodiernum
3508 2395 3866 2464 quibusdam

2228 2474 2369 2529 locis
2400 2476 2708 2530 vetustatis
2751 2476 2992 2545 vestigia
3025 2485 3385 2548 permanent.
3436 2486 3646 2538 Tamen
3683 2483 3866 2539 idolo-

2225 2563 2395 2618 latria
2420 2565 2723 2635 agebatur,
2755 2582 2867 2618 non
2903 2565 2959 2618 in
2994 2566 3105 2620 isto
3157 2569 3413 2637 nomine,
3469 2573 3568 2625 sed
3633 2572 3686 2627 in
3749 2573 3863 2629 isto

2224 2668 2414 2722 Opere.
2448 2652 2592 2706 Nam
2625 2659 2680 2707 et
2712 2653 2882 2708 hodie
2914 2659 3075 2709 extra
3105 2656 3384 2728 templum
3445 2665 3502 2713 et
3533 2660 3660 2715 sine
3701 2661 3856 2718 idolo

2223 2740 2311 2809 agi
2349 2745 2553 2811 potest.
2588 2743 2654 2795 At
2686 2740 2780 2795 ubi
2806 2742 3060 2798 artiﬁces
3079 2748 3403 2801 statuarum
3427 2752 3484 2802 et
3506 2748 3857 2820 imaginum,

2221 2835 2279 2884 et
2307 2829 2500 2884 omnis
2531 2830 2760 2901 generis
2819 2830 3262 2888 simulacrorum
3325 2835 3591 2891 diabolus
3649 2841 3862 2896 saeculo

2220 2917 2589 2985 intulit,rude
2608 2919 2755 2974 665
2776 2917 2921 2974 illud
2945 2921 3243 2991 negotium
3263 2921 3535 2980 humana:
3556 2925 3857 2982 calamitat

2219 3008 2379 3071 tis,et
2411 3023 2614 3062 nomen
2639 3007 2709 3061 de
2727 3007 2896 3062 idolis
2921 3014 3304 3065 consecutum
3325 3016 3494 3081 est,et
3514 3013 3863 3084 profectum.

2221 3096 2436 3150 Exinde
2460 3097 2582 3165 jam
2611 3101 2788 3166 caput
2821 3097 2968 3150 facta
3000 3103 3090 3152 est
3137 3097 3476 3154 idololatriae
3527 3118 3622 3156 ars
3669 3103 3865 3160 omnis

472 3202 861 3259 idololatriam
893 3198 1513 3269 admittit,quicunque
1533 3197 1857 3269 delinquit:
1883 3198 1940 3252 id
1957 3198 2110 3253 enim

2225 3200 2351 3256 quis
2385 3184 2603 3238 idolum
2635 3186 2926 3254 quomodo
2957 3186 3095 3240 edit.
3128 3186 3327 3258 Neque
3385 3189 3541 3244 enim
3591 3191 3858 3260 interest,

472 3292 610 3348 facit
639 3289 794 3362 quod
825 3289 894 3343 ad
929 3287 1217 3342 idolorum
1252 3287 1549 3358 mancipes
1582 3287 1853 3358 pertinet.

1127 3402 1353 3456 CAPUT
1381 3400 1448 3456 Il.

545 3495 652 3550 Sed
715 3492 982 3548 universa
1031 3487 1268 3543 nomina
1323 3488 1629 3544 criminem
1702 3489 2003 3545 discedant
2049 3491 2106 3546 in

475 3599 717 3657 operum
751 3595 990 3634 suorum
1017 3576 1429 3647 proprietates:
1456 3583 1753 3632 remaneat
1784 3577 2110 3635 idololatria

477 3675 536 3729 in
569 3689 634 3727 eo
668 3669 817 3742 quod
852 3669 976 3738 ipsa
1007 3671 1132 3721 est:
1191 3666 1410 3721 sufﬁcit
1468 3666 1578 3720 sibi
1639 3671 1756 3721 tam
1802 3667 2106 3721 inimicum

477 3763 592 3818 Deo
620 3775 850 3822 nomen,
873 3763 989 3810 tam
1023 3753 1280 3825 locuples
1305 3753 1636 3808 substantia
1666 3753 1946 3821 criminis,
1983 3773 2107 3829 quae

474 3856 559 3906 tot
588 3865 781 3905 ramos
813 3843 1199 3917 porrigit,tam
1231 3859 1407 3897 venas
1438 3843 1772 3912 defundit",
1808 3849 1869 3897 ut
1901 3844 1970 3899 de
2001 3845 2108 3900 hoc

474 3957 607 3996 cum
632 3937 884 3992 maxime
903 3932 1147 3988 materia
1169 3937 1439 4001 suscepta
1453 3931 1548 3996 sit,
1574 3936 1717 4002 quot
1738 3932 1924 3986 modis
1939 3933 2107 3988 nobis

473 4027 843 4102 praecavenda
873 4022 949 4078 sit
973 4019 1314 4076 idololatrize
1335 4019 1605 4074 latitudo.
1631 4020 1913 4083 Quoniam
1949 4021 2106 4075 mul-

469 4117 724 4174 tifariam
760 4129 955 4169 servos
993 4111 1085 4166 Dei
1117 4127 1219 4165 nec
1250 4115 1479 4164 tantum
1504 4109 1788 4180 ignorata,
1811 4111 1906 4165 sed
1932 4111 2107 4165 etiam

470 4203 842 4262 dissimulata
873 4200 1175 4256 subvertit.
1210 4198 1476 4268 Plerique
1535 4197 1917 4253 idololatriam
1965 4199 2105 4255 sim-

469 4295 696 4367 pliciter
725 4291 1062 4348 existimant
1086 4289 1175 4343 his
1191 4287 1329 4343 solis
1352 4287 1539 4341 modis
1569 4287 2063 4358 interpretandum
2091 4306 2105 4346 :

468 4385 516 4440 si
551 4383 684 4456 quis
716 4386 816 4436 aut
847 4379 1142 4442 incendat,
1197 4381 1303 4431 aut
1360 4376 1751 4442 immolet,aut
1795 4377 2104 4449 polluceat,

469 4478 570 4528 aut
624 4473 810 4526 sacris
868 4465 1164 4539 aliquibus
1218 4470 1321 4521 aut
1368 4466 1711 4521 sacerdotiis
1763 4465 2100 4539 obligetur:

468 4559 965 4633 quemadmodum
1017 4556 1064 4609 si
1123 4553 1257 4626 quis
1306 4553 1596 4608 existimet
1654 4554 2002 4610 adulterium
2046 4557 2106 4612 in
2139 4561 2183 4625 D

469 4648 706 4717 osculis,
741 4652 796 4702 et
825 4647 882 4700 in
920 4643 1310 4715 amplexibus,
1343 4649 1401 4697 et
1445 4644 1500 4697 in
1565 4643 1691 4714 ipsa
1747 4645 1939 4700 carnis
1970 4662 2106 4701 con-

468 4737 770 4810 gressione
824 4733 1226 4790 censendum:
1285 4738 1386 4786 aut
1426 4732 1808 4787 homicidium
1867 4733 1926 4788 in
1983 4734 2108 4791 sola

468 4823 778 4895 sanguinis
813 4822 1170 4894 profusione,
1203 4824 1260 4875 et
1291 4819 1346 4874 in
1374 4820 1580 4874 animae
1613 4822 1906 4891 ereptione
1937 4840 2105 4894 repu-

470 4913 713 4969 tandum
745 4912 956 4982 (Matth.
1003 4927 1055 4978 ν,
1085 4909 1197 4978 22).
1261 4913 1332 4962 At
1381 4908 1535 4963 enim
1597 4909 1880 4965 Dominus
1931 4927 2103 4981 quam

469 5002 767 5058 extensius
798 4999 910 5055 ista
939 4999 1211 5069 disponat
1241 4997 1380 5052 certi
1434 5014 1666 5066 sumus,
1698 5014 1828 5052 cum
1878 4999 2106 5055 adulte-

2220 3289 2292 3328 an
2326 3272 2543 3344 plastes
2567 3273 2906 3344 effingat,an
2940 3273 3170 3330 crelator
3191 3276 3589 3349 exsculpat,an
3615 3279 3861 3352 phrygio

2217 3362 2484 3416 detexat:
2519 3360 2657 3431 quia
2688 3377 2792 3416 nec
2820 3360 2891 3416 de
2923 3362 3167 3419 materia
3198 3364 3394 3436 refert,
3428 3383 3500 3420 an
3549 3382 3748 3440 gypso,
3782 3386 3857 3424 au

2218 3448 2528 3514 coloribus,
2567 3466 2636 3503 an
2671 3447 2883 3520 lapide,
2911 3466 2981 3503 an
3015 3467 3145 3516 aere,
3209 3469 3278 3507 an
3331 3459 3593 3524 argento,
3653 3473 3724 3511 an
3759 3457 3858 3512 ﬁlo

2219 3540 2499 3592 formetur
2528 3537 2767 3592 idolum.
2803 3539 3043 3603 Quando
3065 3540 3218 3595 enim
3253 3547 3309 3596 et
3330 3542 3454 3598 sine
3485 3544 3638 3600 idolo
3669 3546 3854 3602 idolo-

2219 3626 2387 3682 latria
2418 3628 2536 3690 ﬁat,
2573 3626 2771 3698 utique
2802 3644 2934 3682 cum
2983 3629 3148 3683 adest
3179 3630 3396 3685 idolum
3432 3632 3575 3686 nihil
3610 3633 3853 3691 interest

2217 3715 2387 3787 quale
2419 3714 2514 3779 sit,
2548 3730 2664 3785 qua
2694 3716 2762 3770 de
2796 3715 3054 3782 materia,
3088 3735 3204 3788 qua
3235 3719 3304 3773 de
3333 3719 3522 3790 efﬁgie
3553 3724 3615 3791 '3,
3652 3739 3720 3777 ne
3747 3723 3852 3795 qui

2217 3804 2456 3876 putetid
2491 3803 2677 3858 solum
2724 3805 2944 3860 idolum
2996 3805 3353 3873 habendum,
3404 3812 3555 3879 quod
3591 3812 3854 3870 humana

2215 3892 2404 3964 efﬁgie
2435 3892 2512 3946 sit
2542 3899 2963 3948 consecratum.
2997 3894 3077 3947 Ad
3130 3894 3239 3949 hoc
3283 3899 3609 3954 necessaria
3635 3907 3722 3955 est
3753 3919 3850 3957 vo-

2215 3981 2407 4036 cabuli
2440 3981 2882 4052 interpretatio:
2914 3978 3053 4042 εἶδος
3112 3988 3304 4039 Graece
3364 3986 3605 4042 formam
3632 3995 3803 4047 sonat
3837 4017 3852 4060 ;

2216 4071 2286 4125 ab
2329 4087 2394 4126 eo
2453 4087 2556 4141 per
2613 4069 3059 4126 diminutionem
3120 4073 3162 4107 ¹⁶
3218 4070 3447 4127 εἷ’δωλον
3509 4077 3853 4151 deductum,

2214 4176 2376 4231 teque
2403 4160 2555 4230 apud
2593 4175 2698 4214 nos
2732 4159 3040 4214 formulam
3074 4161 3224 4216 fecit.
3252 4163 3434 4234 lgitur
3452 4166 3640 4221 omnis
3670 4167 3856 4226 forma

2213 4248 2300 4303 vel
2336 4247 2586 4303 formula
2634 4247 2855 4302 idolum
2915 4266 2976 4303 se
3035 4250 3148 4304 dici
3190 4253 3470 4323 eXposcit.
3504 4256 3644 4311 Inde
3677 4258 3858 4314 idolo-

2215 4336 2386 4392 latria
2442 4336 2633 4392 omnis
2697 4337 2851 4392 circa
2904 4355 3077 4393 omne
3147 4340 3362 4395 idolum
3421 4344 3740 4402 famulatus
3797 4353 3857 4404 et

2214 4426 2485 4482 servitus.
2522 4425 2662 4481 Inde
2688 4429 2744 4480 et
2771 4425 2962 4482 omnis
3008 4427 3148 4482 idoli
3201 4429 3427 4500 artifex,
3481 4434 3747 4503 ejusdem
3795 4442 3857 4493 et

2217 4515 2390 4569 unius
2417 4519 2506 4570 est
2533 4515 2828 4570 criminis:
2862 4515 2971 4571 nisi
3015 4533 3218 4587 parum
3252 4518 3636 4576 idololatriam
3669 4541 3854 4596 pupu-

2215 4603 2307 4659 lus
2339 4602 2597 4673 admisit,
2623 4604 2760 4674 quia
2787 4603 3170 4661 simulacrum
3200 4605 3392 4676 vituli,
3436 4618 3488 4664 et
3528 4628 3642 4666 non
3673 4613 3860 4668 homi-

2217 4691 2308 4747 nis
2338 4691 2450 4747 sibi
2472 4693 2824 4748 consecravil
2840 4735 2852 4747 .

2852 4807 3081 4864 CAPUT
3123 4809 3210 4865 ιν.

2289 4913 2513 4967 Idolum
2572 4917 2684 4968 tam
2722 4914 2866 4978 ﬁeri,
2929 4931 3104 4986 quam
3165 4917 3297 4985 coli,
3359 4919 3508 4975 Deus
3564 4925 3857 4992 prohibet.

2217 5003 2442 5066 Quanto
2472 5004 2746 5074 praecedit
2776 5009 2841 5058 ut
2871 5003 2971 5058 ﬁat
3001 5007 3079 5071 (1)
3109 5007 3264 5074 quod
3315 5008 3422 5062 coli
3458 5013 3664 5080 possit,
3697 5019 3860 5071 tanto

1887 5144 2088 5206 Variae
2118 5145 2435 5208 lectiones.

535 5274 558 5310 ⁴
588 5273 646 5330 In
680 5273 828 5330 abest
858 5272 981 5340 Rig.
1007 5270 1027 5305 ⁸
1055 5270 1187 5325 Jam
1213 5266 1304 5322 his
1332 5283 1493 5343 atque
1519 5271 1652 5324 Jun.
1682 5269 1708 5343 ‘_
1741 5271 2196 5343 Frequententur
2227 5273 2342 5342 Rig.
2379 5272 2396 5306 ⁷
2421 5273 2604 5328 Deum
2639 5305 2706 5314 —
2738 5273 2918 5328 Deum
2955 5275 3074 5343 Βία.
3098 5275 3118 5309 ⁸
3154 5276 3436 5332 Dill‘undit
3467 5279 3661 5334 Wouw.
3698 5285 3762 5338 Μ.
3797 5286 3856 5341 S.

464 5349 486 5383 9
508 5347 730 5421 Iudicat
757 5345 974 5421 Jun._‘°
1009 5343 1316 5421 Domipupm
1348 5341 1478 5396 Jun.
1513 5343 1554 5375 “
1592 5340 1922 5398 Latitudine
1958 5342 2151 5398 Wouw.
2175 5343 2240 5398 Μ.
2277 5340 2358 5413 3.,
2391 5345 2507 5416 Rig.
2546 5346 2590 5380 ¹²
2612 5346 2672 5401 Si
2711 5345 2804 5401 his
2831 5347 2954 5401 alii.
2992 5340 3246 5413 u'Quave
3276 5351 3467 5421 efﬁgie
3495 5353 3622 5408 Jun.
3680 5356 3722 5390 ³⁸
3755 5340 3863 5412 υθέ

468 5419 858 5474 minutionem
889 5416 1015 5471 Jun.
1049 5431 1118 5469 ex
1143 5412 1208 5467 Μ.
1240 5411 1297 5466 8.

1917 5514 2441 5575 Commentarius.

538 5638 613 5707 (1)
640 5639 851 5705 Quanto
907 5634 1143 5708 prxcedi
1200 5636 1259 5686 ut
1305 5632 1428 5702 ﬁat.
1466 5631 1658 5708 _l_.ocus_
1692 5633 2104 5708 notatissimus

472 5702 720 5768 ut's'cias
752 5702 1054 5779 nunquam
1088 5707 1223 5779 jure
1253 5703 1506 5762 naturali
1535 5702 1868 5778 prohibitus
1898 5704 2105 5780 imagi-

2215 5652 2317 5714 nes
2340 5634 2469 5714 veri
2493 5635 2607 5714 Dei,
2646 5640 2848 5709 Itaque
2881 5638 2951 5714 ab
2982 5637 3140 5714 omni
3173 5655 3313 5706 aevo,
3375 5641 3444 5714 ab
3497 5642 3623 5714 ipso
3670 5647 3861 5704 Admo

2213 5707 2406 5783 potuit
2434 5706 2560 5767 ﬁeri
2593 5706 2786 5784 imago
2817 5710 2916 5768 Dei
2947 5715 3014 5770 ut
3041 5709 3353 5771 coleretur.
3398 5706 3587 5789 Hujus
3619 5721 3864 5781 senten-
