4262 6360
433 357 550 420 ’743

957 341 1476 412 TERTULLIANI
1521 337 1846 404 OPERUM
1891 335 2090 399 PARS
2135 335 2186 398 Ι.
2214 366 2289 379 -
2330 330 2603 397 SERIES
2645 333 2696 408 Ι,
2743 331 3308 398 APOLOGETICA.

3715 337 3834 399 744

438 487 616 559 igitur
644 499 846 540 omnes
876 482 933 536 in
977 479 1228 551 peccatis
1260 490 1630 548 perseverare
1661 489 1729 528 ex
1764 471 1878 525 ista
1908 469 2082 523 inter-
2117 471 2166 536 Α
2197 465 2532 559 v_as,_bah_es
2565 465 2748 559 legem
2793 466 2924 537 ejus
2969 467 3164 537 (Exod.
3221 485 3314 559 sx,
3375 468 3446 538 4).
3505 471 3588 523 Ne
3641 469 3836 559 feceris

436 573 780 646 pretatione.
814 571 927 624 Nec
979 569 1136 623 enim
1186 567 1230 600 ⁸⁸
1279 565 1591 636 quisquam
1644 565 1909 615 nostrum
1963 573 2079 611 non

439 660 1000 737 peccatorinvenius
1033 661 1119 711 est
1177 657 1222 726 (Ι
1284 654 1406 708 Cor.
1465 653 1562 721 iv),
1621 666 1752 706 cum
1811 647 2079 704 Christus

439 771 552 808 non
607 751 716 806 alia
767 765 835 804 ex
865 763 1042 802 causa
1075 743 1464 810 descenderit,
1498 755 1670 811 quam
1708 741 2079 810 peccatorum

438 839 897 896 liberandorum.
932 835 1072 890 Item
1101 832 1372 887 eumdem
1408 827 1754 902 prazcepisse
1804 825 1849 894 (Ι
1899 824 2079 878 Thess.

441 947 516 995 xv,
549 929 632 997 11)
661 927 864 981 dicunt
893 923 1218 979 secundum
1252 936 1426 974 suum
1458 914 1814 987 exemplum,
1849 917 1914 967 ut
1953 927 2082 966 ma-

439 1018 613 1074 nibus
665 1013 1074 1085 unusquisque
1125 1013 1399 1081 operetur
1453 1007 1520 1062 ad
1573 1005 1814 1059 victum.
1865 1001 1923 1056 Si
1974 998 2083 1054 hoc

357 1165 378 1179 ο
441 1107 793 1178 praeceptum
827 1102 900 1156 ab
927 1099 1204 1155 omnibus
1237 1096 1510 1151 manibus
1541 1087 2082 1179 det‘endatur,credo

438 1177 496 1251 et
525 1195 682 1248 fures
712 1189 1042 1246 balnearios
1071 1187 1117 1221 ⁸⁸
1146 1186 1224 1256 (9)
1280 1183 1552 1239 manibus
1594 1180 1718 1236 suis
1771 1178 1978 1243 vivere,
2029 1177 2086 1230 et

441 1283 599 1355 ipsos
657 1279 910 1334 latrones
969 1275 1243 1330 manibus
1301 1288 1469 1344 agere
1515 1287 1628 1342 quo
1676 1267 1888 1321 vivant.
1943 1265 2083 1355 Item

443 1351 710 1428 falsarios
742 1368 942 1437 utique
977 1381 1089 1419 non
1123 1362 1389 1434 pedibus,
1425 1361 1524 1414 sed
1563 1357 1832 1413 manibus
1860 1351 2086 1425 operari

443 1458 628 1514 malas
658 1455 901 1510 litteras.
937 1452 1260 1506 Histrioues
1287 1465 1420 1503 vero
1455 1464 1566 1501 non
1599 1445 1871 1499 manibus
1923 1441 2086 1508 solis,

442 1548 542 1602 sed
593 1545 728 1600 totis
780 1541 1060 1597 membris
1108 1540 1325 1593 victum
1381 1536 1677 1590 elaborare
1722 1535 1854 1600 (10).
1893 1531 2088 1584 Patrat

439 1637 617 1707 igitur
648 1631 903 1686 Ecclesia
927 1629 1224 1694 omnibus,
1260 1626 1356 1697 qui
1391 1624 1663 1679 manibus
1693 1627 1748 1676 et.
1779 1637 1886 1674 suo
1917 1633 2089 1707 opere

442 1706 784 1788 tolerantur,
818 1719 864 1773 si
899 1717 1062 1773 nulla
1091 1714 1349 1786 exceptio
1382 1719 1464 1768 est
1501 1712 1737 1777 artium,
1788 1726 1937 1781 quas
1986 1706 2087 1762 Dei

443 1809 752 1881 disciplina
797 1823 908 1861 non
960 1805 1166 1876 recipit
1195 1803 1258 1858 ’⁷.
1291 1803 1395 1857 Sed
1433 1801 1515 1856 ait
1545 1801 1782 1871 quidam
1810 1798 2088 1853 adversus

446 1895 854 1956 similitudinis
885 1893 1205 1947 interdictas
1241 1889 1706 1961 praepositionem
1741 1887 1918 1956 (Num.
1957 1887 2086 1952 xx):

447 1990 564 2044 Cur
593 2003 728 2057 ergo
759 1987 945 2038 Moses
977 1981 1036 2036 in
1064 1996 1258 2034 eremo
1291 1977 1672 2033 simulacrum
1705 1973 1993 2045 serpentis
2022 1987 2090 2027 ex

448 2093 560 2133 iere
591 2073 769 2129 fecit?
799 2072 1072 2141 Seorsum
1107 2069 1325 2139 figurae,
1358 2083 1484 2136 quas
1513 2062 1880 2136 dispositioni
1917 2060 2088 2116 alicui

449 2181 674 2222 arcana:
704 2160 1222 2233 prmstrucbantur,
1270 2173 1382 2210 non
1435 2156 1503 2209 ad
1560 2151 1993 2224 derogationem
2044 2150 2087 2183 ³⁸

447 2251 720 2325 legis,sed
755 2249 822 2304 ad
856 2245 1270 2318 exemplarium
1304 2245 1413 2315 (11)
1443 2260 1633 2299 causae
1662 2259 1782 2296 suae
1805 2238 2089 2306 (12).Alioo

448 2341 590 2415 quin
641 2339 687 2394 si
747 2337 868 2392 haec
925 2339 990 2390 ut
1043 2332 1358 2390 adversarii
1417 2331 1562 2402 legis
1615 2330 2085 2400 interpretemur,

451 2428 738 2500 numquid
770 2432 828 2480 et
860 2441 986 2488 nos,
1016 2423 1167 2494 quod
1211 2426 1268 2476 et
1325 2419 1696 2485 Marcionita},
1752 2419 2086 2472 inconstan-

451 2520 595 2574 tiam
643 2515 996 2572 ascribimus
1044 2509 1488 2581 Omnipotcnti?
1537 2525 1708 2578 quem
1760 2507 1845 2560 illi
1892 2507 1938 2540 ²⁹
1979 2505 2088 2560 hoc

452 2606 624 2662 modo
656 2607 966 2659 destruunt
1016 2607 1078 2655 ut
1117 2599 1485 2664 mutabilem,
1537 2598 1675 2650 dum
1723 2595 1862 2650 alibi
1912 2597 2086 2662 vetat,

451 2693 590 2750 alibi
626 2690 908 2747 mandat?
940 2689 997 2743 Si
1031 2688 1162 2760 quis
1194 2693 1384 2742 autem
1409 2684 1743 2740 dissimulat
1775 2683 1933 2738 illam
1963 2682 2088 2736 effi-

452 2783 602 2856 giem
637 2780 765 2835 aerei
796 2777 1106 2850 serpentis,
1138 2775 1407 2847 suspensi
1442 2777 1501 2828 in
1533 2774 1793 2836 modum,
1842 2773 2088 2843 ﬁguram

451 2871 794 2940 designasse
825 2866 1131 2922 dominica:
1162 2865 1352 2918 crucis
1381 2863 1497 2934 (13)
1528 2879 1560 2916 a
1590 2860 1982 2933 serpentibus,
2029 2858 2087 2914 id

451 2963 542 3014 est
569 2956 722 3013 668
756 2955 829 3011 ab
872 2953 1096 3026 angelis
1140 2950 1354 3007 diaboli
1401 2950 1730 3005 liberaturus
1772 2965 1894 3017 nos,
1947 2949 2087 3004 dum

451 3064 555 3120 per
575 3045 955 3116 semetipsum
981 3040 1367 3106 diabolum,id
1402 3044 1511 3106 est,
1544 3043 1870 3110 serpentem
1905 3037 2087 3092 inter-
2135 3069 2150 3079 ι

451 3139 665 3192 fectum
701 3131 1034 3205 suspendit,
1067 3131 1185 3186 sive
1217 3146 1344 3200 quae
1374 3129 1487 3183 alia
1519 3128 1719 3200 figura:
1771 3127 1942 3182 istius
1991 3142 2087 3181 ex-

2188 555 2633 610 simititudinem.
2688 555 2746 609 Si
2803 560 3154 627 prisceptum
3211 557 3377 612 facta;
3424 562 3620 628 postea
3670 557 3837 612 simi-

2188 643 2451 698 litudinis
2483 644 2742 715 respicis,
2777 650 2832 699 et
2865 651 2922 698 tu
2958 645 3185 700 imitare
3234 646 3487 718 Moysen,
3537 662 3609 701 ne
3658 647 3839 702 facias

2188 733 2467 787 adversus
2499 733 2684 804 legem
2718 733 3101 788 simulacrum
3156 733 3412 805 aliquod,
3465 734 3576 789 nisi
3629 740 3685 791 et
3731 734 3839 791 tibi

2190 820 2343 876 Deus
2367 821 2633 891 jusserit.

2831 964 3062 1019 CAPUT
3095 965 3190 1019 Vl.

2261 1085 2320 1142 Si
2353 1086 2515 1141 nulla
2546 1086 2632 1142 lex
2667 1087 2766 1141 Dei
2800 1087 3199 1158 prohibuisset
3231 1088 3384 1142 idola
3416 1088 3540 1142 fieri
3583 1105 3617 1144 a
3649 1088 3842 1155 nobis,

2193 1173 2241 1229 si
2276 1174 2434 1229 nulla
2465 1191 2569 1230 vox
2619 1175 2874 1247 Spiritus
2923 1177 3109 1231 sancti
3160 1177 3611 1233 fabricatoribus
3655 1177 3842 1232 idolo-

2193 1279 2324 1317 rum
2375 1279 2488 1319 non
2539 1264 2736 1319 minus
2767 1281 2944 1336 quam
2977 1265 3302 1320 cultoribus
3331 1265 3791 1322 comminaretur
3827 1281 3840 1321 :

2193 1351 2264 1407 de
2290 1351 2416 1424 ipso
2455 1358 2820 1408 sacramento
2855 1360 3054 1409 nostro
3105 1355 3626 1426 interpretaremur
3673 1355 3844 1410 nobis

2194 1441 2468 1495 adversas
2523 1457 2650 1496 esse
2704 1443 2835 1497 ﬁdei
2869 1443 2982 1512 (14)
3013 1444 3304 1512 ejusmodi
3337 1449 3509 1499 artes.
3540 1444 3844 1510 Quomodo

2195 1528 2349 1581 enim
2412 1530 2878 1584 renuntiavimus
2929 1531 3158 1586 diabolo
3210 1537 3267 1586 et
3316 1532 3540 1603 angelis
3589 1535 3738 1604 ejus,
3792 1533 3843 1588 si

2195 1633 2293 1671 eos
2327 1619 2602 1672 facimus?
2635 1619 2794 1684 Quod
2831 1621 3138 1690 repudium
3172 1621 3430 1676 diximus
3464 1622 3675 1685 iis,non
3709 1622 3840 1677 dico

2197 1723 2329 1760 eum
2363 1706 2702 1777 quibus,sed
2736 1709 2805 1762 de
2837 1708 3052 1779 quibus
3082 1709 3374 1764 vivimus?
3403 1711 3586 1774 Quam
3620 1712 3845 1766 discor-

2196 1794 2350 1848 diam
2384 1796 2754 1866 suscepimus
2789 1797 2843 1850 in
2877 1813 2995 1862 eos,
3030 1798 3247 1868 quibus
3279 1798 3656 1854 exbibitionis
3703 1816 3843 1856 nos-

2198 1887 2300 1937 trrr
2330 1885 2510 1953 gratia
2541 1886 2650 1954 (15)
2683 1885 2921 1955 obligati
2973 1887 3226 1940 sumus?
3274 1887 3440 1942 Potes
3492 1888 3689 1960 lingua
3743 1905 3843 1946 ne-

2198 1988 2390 2043 gasse.
2446 1973 2598 2042 quod
2658 1989 2830 2028 manu
2888 1975 3232 2030 conﬁteris?
3289 1977 3460 2032 verbo
3519 1979 3843 2048 destruere,

2198 2061 2350 2131 quod
2412 2062 2560 2116 facto
2617 2063 2839 2117 struis?
2898 2080 3078 2118 unum
3131 2065 3310 2120 Deum
3359 2067 3691 2138 praedicare,
3741 2068 3844 2139 qui

2198 2154 2390 2204 tantos
2421 2150 2646 2204 efﬁcis?
2677 2167 2874 2206 verum
2906 2152 3085 2207 Deum
3119 2154 3452 2224 praedicare,
3506 2155 3602 2226 qui
3658 2155 3840 2212 falsos

2197 2237 2386 2293 facis?
2439 2238 2608 2293 Facio
2661 2239 2764 2309 (ait
2795 2241 3075 2310 quidam),
3109 2243 3207 2297 sed
3237 2259 3348 2297 non
3379 2243 3522 2299 colo.
3557 2245 3730 2309 Quasi
3764 2244 3840 2300 ob

2196 2326 2453 2397 aliquam
2499 2327 2544 2361 ⁸³
2590 2344 2826 2382 causam
2886 2330 3072 2385 colere
3133 2347 3243 2384 non
3307 2333 3536 2399 audeat,
3598 2334 3706 2387 nisi
3763 2333 3840 2390 ob

2197 2432 2372 2486 quam
2422 2421 2479 2470 et
2528 2417 2711 2472 facere
2761 2435 2875 2472 non
2907 2419 3135 2482 debeat,
3169 2420 3391 2476 scilicet
3421 2423 3494 2475 ob
3525 2421 3624 2477 Dei
3655 2421 3844 2478 offen-

2196 2520 2322 2558 sam
2355 2504 2681 2575 utrobique.
2717 2505 2838 2561 Emo
2871 2511 2928 2560 tu
2963 2506 3127 2573 colis,
3169 2509 3266 2578 qui
3303 2507 3444 2564 facis
3477 2515 3539 2563 ut
3568 2512 3678 2564 coli
3712 2527 3843 2581 pos-

2195 2593 2333 2648 sint.
2384 2592 2537 2647 Colis
2586 2597 2805 2662 autem,
2858 2611 2970 2649 non
3021 2596 3233 2666 spiritu
3284 2596 3555 2652 vilissimi
3615 2599 3841 2656 nidoris

2197 2680 2466 2751 alicujus,
2498 2682 2597 2736 sed
2631 2688 2730 2738 tuo
2763 2683 2996 2754 proprio
3031 2701 3043 2738 :
3078 2701 3181 2739 nec
3213 2686 3410 2740 anima
3454 2688 3694 2757 pecudis
3729 2687 3842 2744 im-

2197 2785 2398 2840 pensa,
2431 2770 2529 2825 sed
2566 2770 2762 2826 anima
2791 2776 2912 2826 tua.
2949 2771 3068 2827 Illis
3106 2773 3400 2844 ingenium
3434 2778 3600 2830 tuum
3634 2775 3844 2832 immo-

2195 2857 2425 2926 las,illis
2457 2861 2730 2914 sudorem
2765 2866 2933 2914 tuum
2959 2861 3250 2930 libas,illis
3274 2863 3642 2934 prudentiam
3676 2869 3843 2920 tuam

2197 2946 2483 3002 accendis.
2518 2946 2651 3002 Plus
2681 2965 2744 3004 es
2775 2947 2892 3004 illis
2934 2965 3110 3020 quam
3138 2951 3432 3019 sacerdos,
3464 2969 3598 3007 cum
3643 2969 3746 3025 per
3787 2955 3846 3010 te

2197 3035 2450 3090 habeant
2479 3037 2631 3090 669
2665 3038 3045 3093 sacerdotem.
3073 3039 3386 3111 Diligentia
3416 3046 3519 3095 tua
3550 3058 3763 3097 numen
3799 3041 3849 3076 ”

2199 3124 2431 3179 illorum
2465 3131 2571 3180 est.
2605 3125 2790 3196 Negas
2821 3132 2898 3194 te,
2931 3128 3084 3198 quod
3122 3129 3285 3197 facis,
3317 3129 3550 3185 colere?
3599 3132 3705 3186 Sed
3758 3129 3845 3185 illi

452 3223 664 3296 positio
697 3202 1062 3294 dignioribus
1095 3217 1342 3274 revelata
1372 3216 1806 3281 est,dummodo
1835 3216 1878 3287 (Ι
1903 3215 2086 3287 Cor.x)
2117 3202 2160 3268 C
2202 3231 2312 3268 non
2348 3219 2580 3285 negant,
2613 3215 2826 3286 quibus
2861 3216 3007 3271 hanc
3039 3217 3451 3288 saginatiorem
3484 3223 3540 3274 et
3589 3219 3846 3275 auratis-

450 3310 761 3383 Apostolus
792 3309 1045 3364 affirmet
1065 3306 1260 3361 omnia
1282 3309 1420 3359 tunc
1439 3304 1682 3376 ﬁgurate
1703 3303 1914 3375 populo
1938 3303 2088 3359 acci-

450 3401 782 3455 dissezbene
811 3397 963 3467 quod
997 3396 1151 3450 idem
1185 3395 1339 3448 Deus
1371 3393 1470 3464 qui
1504 3392 1628 3463 lege
1657 3393 1701 3425 ³ο
1722 3393 1902 3447 vetuit
1933 3393 2092 3448 simi-

447 3488 757 3543 litudinem
793 3484 934 3550 fieri,
969 3483 1429 3540 extraordinario
1477 3486 1758 3551 praecepto
1806 3482 2090 3554 serpentis

442 3575 895 3632 similitudinem
929 3573 1140 3627 indixit
1169 3572 1231 3625 ¹³.
1265 3571 1320 3624 Si
1352 3571 1622 3626 eumdem
1658 3569 1841 3625 Deum
1888 3573 2087 3627 obser-

2201 3319 2320 3357 rem
2352 3307 2408 3357 et
2439 3304 2716 3374 majorem
2753 3303 3003 3359 hostiam
3036 3306 3148 3376 (16)
3175 3306 3626 3374 cardis,salutem
3659 3315 3846 3374 tuam,

2825 3448 3054 3503 CAPUT
3094 3449 3210 3504 Vll.

2267 3573 2411 3627 Tota
2441 3573 2532 3627 die
2563 3572 2634 3626 ad
2667 3572 2815 3627 hanc
2849 3577 3069 3644 partem
3117 3573 3274 3628 zelus
3324 3575 3457 3630 ﬁdei
3508 3577 3845 3648 perforabit,

1860 3701 2062 3760 Varia:
2094 3700 2416 3761 lectiones.

514 3808 560 3844 ²⁸
592 3808 758 3864 Enim
789 3807 934 3862 abest
960 3807 1142 3861 Paris.
1218 3807 1264 3841 ²⁶
1296 3811 1472 3860 Fures
1502 3809 1559 3860 et
1588 3805 1868 3860 aleatores
1901 3806 2015 3876 Rz'g.

438 3884 579 3937 tenti
603 3881 631 3936 Ἰ
659 3881 817 3944 Quod
855 3879 932 3933 illi
972 3879 1233 3934 Wouwer.
1268 3878 1330 3931 Μ.
1366 3877 1419 3931 S.

442 3956 602 4009 Fran.
680 3952 726 3986 ³²
758 3951 940 4006 Aliam
973 3955 1138 4006 Fran.
1214 3950 1259 3983 ³³
1292 3953 1510 4003 Nomen
1549 3951 1726 4003 Venet.

2112 3807 2154 3842 ³⁷
2191 3805 2426 3875 Recepit
2456 3810 2624 3860 Fran.

1513 3879 1557 3911 ³ο
1591 3883 1653 3930 Et
1686 3877 1807 3947 lege
1841 3877 2019 3933 Paris.
2051 3879 2178 3934 Jun.

2724 3805 2768 3839 ⁸⁸
2801 3805 3201 3880 Erogationem
3234 3807 3399 3880 Semt.
3495 3808 3540 3842 ⁸⁸
3568 3808 3845 3880 Omnipo-

2276 3877 2317 3912 ⁸¹
2356 3877 2498 3932 Fieri
2524 3876 2710 3946 jussit
2741 3879 2920 3931 Latin.
2979 3877 3297 3933 interduxit
3340 3880 3468 3934 Jun.
3520 3876 3846 3937 interdu‘xit

1875 4055 2397 4116 (iommentarius.

534 4165 591 4234 9)
649 4165 809 4219 Fures
865 4164 1195 4219 batnearios.
1256 4163 1394 4218 Cod.
1456 4163 1768 4233 Agobardi,
1829 4165 1993 4217 Fures
2040 4169 2091 4217 et

441 4235 802 4292 vatneatores.
866 4237 1149 4290 Emendat
1207 4235 1420 4306 Rigalt.
1485 4238 1649 4289 Fures
1703 4244 1754 4289 et
1805 4235 2090 4290 aleatores.

445 4309 585 4363 Nam
619 4313 677 4364 et
707 4310 834 4362 alea
866 4308 1140 4362 manibus
1170 4311 1484 4360 excreetur.
1519 4307 1570 4360 Si
1607 4307 1739 4376 quis
1779 4310 1971 4360 tamen
2008 4322 2092 4361 re-

446 4382 631 4436 tinere
673 4380 830 4442 velit,
883 4381 1045 4433 Fures
1126 4378 1492 4442 balneatores,
1550 4395 1661 4432 non
1725 4378 2089 4432 contradicit.

449 4452 593 4508 Nam
627 4457 683 4505 et
711 4451 858 4505 libro
891 4451 960 4504 de
997 4452 1168 4521 Fuga,
1201 4451 1346 4503 dixit
1374 4449 1600 4517 Noster,
1635 4451 1829 4503 Futues
1875 4451 2094 4504 balnea-

447 4539 596 4577 rum.
640 4522 761 4577 Imo
793 4521 1036 4590 addidit,
1069 4522 1118 4574 et
1147 4523 1386 4576 ateones.
1425 4521 1480 4574 In
1511 4522 1865 4592 apotogetico,
1902 4521 2091 4592 p.196,

449 4594 781 4664 rcpertitur,
814 4593 1144 4647 Lavantium
1173 4594 1380 4664 praedo.
1421 4596 1541 4664 Bm.

517 4661 588 4704 ‘—
616 4665 819 4720 Futnes
853 4661 1388 4727 balnearios'habet,
1427 4662 1736 4729 Pamelius,
1787 4678 1961 4732 quam
2011 4661 2090 4718 le-

449 4735 698 4790 ctionem
731 4751 922 4789 veram
957 4739 1115 4806 puto,
1150 4736 1400 4806 namrsic
1429 4734 1638 4788 Catull.

519 4835 591 4876 -έ
626 4807 679 4861 Io
725 4807 920 4876 furum
957 4804 1169 4876 optime
1217 4805 1642 4860 balneariorum.
1703 4804 1874 4858 Fures
1927 4807 2095 4859 erant
2123 4808 2169 4873 D

451 4875 732 4931 nimirum
769 4878 1046 4930 adversus
1076 4892 1220 4946 quos
1266 4877 1323 4930 in
1379 4876 1602 4931 balneis
1651 4875 2089 4930 constitueban-

454 4953 552 5003 tur
583 4949 854 5002 custodes
886 4948 957 5002 ad
991 4948 1303 5002 servandas
1329 4947 1817 5010 vestes,custodes
1850 4947 1921 5001 iis
1945 4947 2094 5002 dice-

452 5020 668 5073 bantur
693 5021 953 5089 capsari'i.
1001 5019 1054 5072 Si
1107 5035 1240 5073 vero
1286 5019 1325 5072 ii
1375 5036 1605 5090 quoque
1657 5018 1828 5073 furati
1876 5022 2090 5090 essent,

450 5091 508 5145 in
535 5092 636 5157 jus
668 5091 1023 5145 vocabantur
1049 5107 1245 5144 eorum
1284 5089 1549 5159 praefecto
1595 5091 1864 5157 virgilum
1916 5095 2000 5146 sie
2049 5089 2090 5142 l.

450 5163 597 5218 Nam
624 5163 854 5217 salutem
881 5163 932 5230 3,
971 5161 1090 5232 Dig.
1124 5162 1188 5217 de
1215 5163 1307 5233 oﬂ‘.
1337 5165 1492 5233 pra'f.
1525 5163 1629 5232 vig.
1668 5163 1744 5216 Ls
1774 5161 1873 5214 Pa.

522 5235 637 5301 (10)
669 5235 807 5288 Totis
837 5230 1100 5288 membris
1133 5230 1654 5289 victum—elaborare.
1690 5230 2092 5287 Pantomimos

452 5305 767 5375 signiﬁcat.
802 5305 926 5360 Rio.

523 5373 634 5445 (11)
667 5375 1263 5447 Exemptariquuod
1300 5379 1454 5430 esset
1486 5373 1736 5446 posteris
1767 5389 1868 5443 pro
1898 5374 2092 5444 signo,

453 5447 569 5518 ﬁgu
582 5465 642 5501 ra
672 5451 999 5519 mnigmate.
1031 5447 1154 5519 Bia.

525 5519 640 5590 (12)
675 5513 877 5576 (ἶααῖςᾶ
903 5533 1036 5574 δαῖε.
1070 5517 1187 5590 Hoc
1216 5521 1326 5581 est,
1375 5517 1454 5570 rei
1507 5515 1868 5587 significate,
1913 5513 2093 5570 nimi-

458 5604 588 5642 rum
627 5590 933 5644 Dominicze
964 5589 1175 5644 crucis.
1212 5593 1334 5644 Rue.

528 5659 638 5727 (13)
656 5663 918 5728 Piguram
933 5661 1244 5729 designasse
1257 5661 1552 5714 Dominz‘ezr
1567 5659 1764 5712 erucis.
1776 5657 1971 5713 Latius
1987 5657 2098 5714 hoc

454 5730 665 5786 tractat
692 5730 1239 5807 lib.Adv.Juda?os,et
1267 5729 2096 5798 lib.m,adv.l!arcionem.PAM

2271 4162 2385 4231 (14)
2415 4161 2683 4237 Adversas
2712 4177 2828 4216 esse
2853 4161 3003 4237 ﬁdei.
3039 4163 3118 4217 Ad
3173 4164 3523 4237 sententiam
3575 4163 3848 4237 legantur

2201 4233 2595 4306 quaaiscripta
2648 4235 2718 4287 de
2769 4233 3024 4306 quinque
3084 4235 3457 4304 martyribus,
3509 4233 3846 4306 qui—passi,

2199 4305 2354 4374 quod
2391 4305 2605 4359 nollent
2636 4307 2822 4359 facere
2853 4305 3140 4359 idolorum
3174 4313 3419 4360 statuas.
3452 4305 3756 4362 Habentur
3783 4308 3843 4363 in

2200 4377 2318 4430 vita
2349 4383 2684 4450 sanctorum
2718 4380 2970 4446 quatuor
3011 4383 3438 4450 coronatorum.
3489 4378 3654 4432 Certe
3704 4381 3845 4450 quia

2202 4452 2484 4518 putarunt
2512 4447 2662 4502 hanc
2694 4452 2878 4502 artem
2910 4463 3039 4501 esse
3070 4449 3371 4502 adversam
3404 4450 3559 4504 fidei.
3595 4447 3726 4506 Lac.

2271 4520 2380 4593 (15)
2414 4519 3256 4593 ιίωῂἱὸἰιιόηἱεΑηοξίνφμθνίαιίίι.
3292 4522 3456 4593 Quod,
3486 4522 3673 4592 capite
3707 4537 3846 4593 pm-

2201 4591 2527 4663 cedentiad
2558 4593 2756 4644 vietum
2784 4589 2952 4663 dixit,
2986 4589 3081 4645 hic
3115 4592 3192 4645 ita
3218 4589 3728 4663 circumloquitur',
3783 4593 3844 4646 in

2201 4677 2316 4731 qua
2345 4662 2728 4734 sigiiicatione
2757 4661 2959 4717 eadem
2992 4677 3130 4718 voce
3162 4665 3363 4732 utitur,
3396 4661 3608 4735 capf8,
3648 4671 3704 4720 et
3755 4665 3842 4733 12,

2201 4736 2326 4786 PAM
2337 4775 2348 4787 .

2274 4802 2383 4874 (16)
2427 4802 2792 4876 guratiorem
2845 4807 2913 4876 et_
2951 4803 3235 4876 majorem,
3287 4804 3540 4860 hostiam.
3616 4805 3838 4876 Hostia,

2201 4873 2398 4946 inquit
2427 4873 2649 4946 Festus,
2682 4874 2834 4928 dicta
2865 4874 2938 4928 ab
2967 4891 3054 4940 eo,
3088 4875 3240 4946 quod
3274 4880 3361 4930 est
3392 4876 3630 4940 hostire,
3653 4873 3845 4933 ferire.

2201 4944 2313 5000 Alii
2353 4944 2423 5018 ab
2475 4944 2743 5018 hostibus
2799 4944 3293 5016 derivantaquod
3357 4955 3490 5018 post
3544 4948 3846 5004 victoriam

2203 5015 2495 5072 immolari
2528 5016 2774 5084 soleant,
2808 5017 2978 5072 sicuti
3031 5022 3086 5072 et
3135 5015 3258 5088 ipse
3309 5015 3512 5074 Festus
3534 5020 3693 5073 alibi.
3743 5018 3843 5074 Al-

2204 5088 2353 5143 ludit
2403 5090 2594 5160 autem
2645 5089 2714 5144 ad
2765 5104 2863 5143 eas
2895 5088 3117 5144 hostias
3147 5105 3269 5158 qua:
3294 5107 3436 5145 auro
3466 5091 3847 5160 ornabantur,

2207 5177 2352 5230 quas
2401 5158 2645 5229 proinde
2693 5165 2930 5215 auratas
2978 5165 3175 5226 vocat;
3227 5159 3493 5217 solebant
3539 5162 3692 5218 enim
3746 5158 3848 5216 su;

2207 5232 2381 5358 ainde
2411 5231 2588 5286 boum
2621 5247 2840 5287 cornua
2885 5231 3173 5296 deaurari,
3222 5233 3316 5302 qui
3368 5233 3848 5289 immolabantur.

2227 5319 2354 5357 ΑΜ.

2227 5319 2354 5357 ;‘AM.

2276 5405 2344 5413 —
2376 5373 2438 5426 Et
2469 5375 2726 5444 majorem
2755 5371 3002 5428 hostiam.
3039 5373 3222 5441 Major
3250 5373 3481 5428 victima
3517 5379 3617 5430 aut
3657 5373 3852 5430 hostia

2207 5451 2295 5518 est
2325 5450 2551 5518 taurus,
2583 5445 2709 5518 bos,
2760 5460 2978 5518 vacca:
3014 5445 3222 5512 Minor,
3275 5446 3419 5518 ovis,
3473 5462 3672 5518 capra,
3721 5462 3849 5518 sus.

2207 5516 2323 5572 Hoc
2355 5517 2570 5571 certius
2602 5515 2915 5571 discrimen
2950 5532 3124 5586 quam
3160 5520 3224 5571 ut
3246 5516 3466 5585 majora
3486 5515 3758 5572 dicantur
3778 5517 3852 5574 de

2206 5588 2481 5654 victimis,
2517 5586 2743 5643 minora
2775 5587 2843 5642 de
2871 5587 3097 5644 hostiis.
3124 5587 3293 5660 (Scias
3325 5588 3493 5644 etiam
3529 5589 3681 5644 inter
3728 5589 3848 5660 pri-

2209 5676 2334 5714 mas
2367 5659 2647 5734 majorem
2679 5675 2808 5718 esse
2838 5665 3094 5731 taurum,
3118 5659 3270 5716 inter
3299 5660 3512 5717 alteras
3565 5659 3846 5734 majorem

2207 5747 2337 5793 esse
2365 5745 2551 5792 ovem.
2585 5731 2718 5790 LAG.
