4262 6360
496 367 612 430 ’747

1013 365 1540 430 TERTULLIANI
1586 363 1909 429 OPERUM
1955 367 2154 428 PARS
2197 364 2246 426 Ι.
2279 395 2357 411 --
2387 361 2662 428 SERIES
2706 362 2756 439 Ι,
2801 362 3362 427 APOLOGETICA.

3783 364 3901 424 748

498 503 655 558 nitas
689 504 909 570 erogat.
943 501 1086 557 Cum
1119 501 1297 572 igitur
1337 501 1409 555 ad
1439 501 1559 555 hac
1613 501 1989 556 artificiorum
2034 514 2130 572 ge-
2167 503 2220 569 Α
2250 499 2576 571 astrologia
2606 499 2755 556 inter
2793 516 2856 556 se
2887 501 3246 556 societatem.
3305 497 3485 554 Primi
3534 498 3716 570 igitur
3757 497 3900 554 stel—

497 609 636 648 nera
667 591 1194 660 cobortemur,qua
1227 589 1448 644 idolum
1483 590 1814 660 quidem,et
1842 606 1967 661 qua
1988 589 2141 644 idolo

499 684 980 752 competunt,non
1014 679 1324 750 attingant,
1349 679 1468 733 sint
1490 683 1685 734 autem
1718 683 1776 734 et
1803 678 2143 734 hominibus

503 768 841 826 communia
871 784 1021 834 sape
1053 785 1180 838 qua
1211 773 1268 822 et
1297 767 1492 832 idolis,
1524 767 1634 823 hoc
1683 784 1914 839 quoque
1947 784 2144 823 cavere

504 859 807 923 debemus,
839 871 912 911 ne
942 857 1110 928 quid.
1144 857 1468 913 scientibus
1495 857 1684 922 nobis,
1729 857 1801 912 ab
1849 855 2144 926 aliquibus

505 947 578 1002 de
608 946 880 1002 manibus
916 945 1131 1000 nostris
1169 945 1229 999 in
1281 961 1403 999 rem
1455 944 1744 1000 idolorum
1793 945 2141 1017 postuletur,

507 1035 670 1100 Quod
701 1035 752 1090 si
782 1034 1331 1102 concesserimus,et
1363 1050 1474 1088 non
1510 1034 1782 1089 remediis
1807 1036 1932 1104 jam
1954 1033 1999 1068 “
2029 1033 2145 1089 usi-

507 1122 646 1179 tatis
676 1123 991 1195 egerimus,
1035 1138 1150 1178 non
1202 1126 1340 1194 puto
1371 1139 1477 1178 nos
1524 1139 1559 1177 a
1587 1122 1856 1194 contagio
1905 1121 2145 1177 idolola-

505 1211 630 1267 tria
660 1227 886 1278 vacare,
926 1227 1183 1289 quorum
1234 1227 1446 1267 manus
1493 1228 1608 1266 non
1657 1211 2053 1283 ignorantium
2087 1210 2145 1264 in

505 1300 696 1357 ofﬁcio
727 1300 817 1357 vel
847 1300 906 1355 in
937 1301 1155 1356 honors
1203 1305 1259 1356 et
1315 1317 1424 1355 usu
1479 1299 1902 1355 damoniorum
1951 1300 2148 1370 depre-

506 1389 862 1445 henduntur.

1142 1512 1378 1568 CAPUT
1417 1513 1507 1568 IX.

577 1653 1116 1710 Animadvertimus
1147 1655 1299 1709 inter
1347 1659 1499 1709 artes
1531 1655 1705 1710 etiam
1755 1657 2149 1728 professiones

506 1743 786 1814 quasdam
821 1741 1103 1797 obnoxias
1134 1741 1497 1798 idololatria.
1533 1743 1617 1799 De
1640 1744 1954 1816 astrologis
1981 1761 2052 1800 ne
2073 1745 2150 1802 lo-

510 1831 811 1903 quendum
843 1831 1079 1902 quidem
1111 1835 1218 1886 est.
1255 1830 1364 1886 Sed
1398 1831 1674 1902 quoniam
1722 1834 1961 1903 quidam
2017 1834 2148 1888 istis

512 1919 720 1974 diebus
753 1919 1079 1986 provocavit
1130 1919 1445 1975 defendens
1495 1920 1605 1975 sibi
1657 1923 2147 1992 perseverantiam

513 2007 893 2079 professionis
923 2006 1116 2073 istius,
1149 2008 1347 2079 paucis
1387 2013 1537 2063 utar.
1590 2009 1714 2064 Non
1755 2009 1942 2082 allego
1991 2011 2145 2082 quod

513 2095 671 2151 idola
719 2095 984 2160 honoret,
1033 2111 1286 2166 quorum
1335 2097 1575 2152 nomina
1616 2099 1758 2153 coelo
1824 2099 2146 2171 inscripsit,

513 2183 732 2255 quibus
764 2200 994 2238 omnem
1018 2184 1115 2238 Dei
1151 2189 1498 2256 potestatem
1531 2187 1790 2241 addixit:
1826 2189 1980 2258 quod
2012 2206 2147 2260 pro-

510 2277 708 2344 pterea
736 2272 1000 2328 homines
1030 2290 1144 2328 non
1177 2279 1386 2345 putant
1416 2274 1460 2309 ⁵³
1499 2275 1683 2330 Deum
1733 2278 2148 2348 requirendum

511 2367 934 2433 prasumentes
981 2361 1282 2417 stellarum
1333 2379 1439 2418 nos
1503 2364 1859 2419 immutabili
1910 2365 2148 2423 arbitrio

513 2449 828 2522 agi.Unum
859 2451 1386 2523 propono,angelos
1409 2468 1538 2507 esse
1560 2451 1691 2507 illos
1705 2453 2028 2509 desertores
2052 2455 2151 2510 Dei

512 2539 666 2609 (Gen.
700 2541 803 2606 v1),
835 2543 1125 2594 amatores
1177 2540 1550 2609 feminarum,
1605 2543 1931 2612 proditores
1976 2545 2151 2599 etiam

513 2627 691 2696 hujus
721 2626 1102 2698 curiositatis,
1145 2635 1447 2699 propterea
1495 2647 1726 2701 quoque
1783 2632 2089 2686 damnatos
2119 2649 2154 2688 a

514 2715 652 2770 Deo.
683 2713 728 2769 Ο
759 2715 958 2770 divina
989 2717 1277 2771 sententia
1306 2733 1494 2788 usque
1515 2718 1584 2773 ad
1619 2725 1832 2774 terram
1865 2725 2149 2790 pertinax,

517 2804 611 2859 cui
643 2802 819 2857 etiam
871 2803 1207 2873 ignorantes
1258 2805 1660 2861 testimonium
1721 2807 1992 2866 reddunt.
2043 2811 2151 2865 Ex-

517 2890 814 2964 pelluntur
868 2891 1265 2948 mathematici
1312 2894 1425 2964 (27)
1483 2894 1635 2950 sicut
1685 2896 1871 2967 angeli
1927 2915 2149 2954 eorum.

516 2978 664 3035 Urbs
693 2984 751 3035 et
781 2979 947 3035 Italia
976 2980 1346 3036 interdicitur
1392 2984 1839 3056 mathematicis,
1862 2988 2014 3043 sicut
2036 3005 2151 3044 cm-

514 3067 636 3122 lum
669 3067 894 3139 angelis
923 3084 1146 3123 eorum.
1191 3069 1400 3125 Eadem
1436 3089 1605 3142 pana
1651 3078 1739 3129 est
1768 3075 1931 3130 exilii
1983 3077 2153 3134 disci-

513 3155 669 3228 pulis
699 3156 852 3212 072
886 3163 942 3212 et
973 3157 1290 3229 magistris.
1325 3159 1434 3214 Sed
1469 3161 1622 3232 magi
1675 3167 1732 3217 et
1759 3165 2033 3238 astrologi
2070 3168 2143 3222 ab

2251 587 2437 642 larum
2470 586 2815 660 interpretes
2848 589 2959 660 (28)
2994 593 3196 643 natum
3229 586 3526 643 Christum
3577 586 3896 642 annuntia-

2251 680 2477 743 vcrunt,
2537 677 2710 748 primi
2774 680 3230 733 muneraverunt
3285 677 3420 747 (29).
3481 675 3600 731 Hoc
3658 675 3898 732 nomine

2251 765 2546 820 Christum
2581 765 2830 837 (opinor)
2877 766 2991 822 sibi
3044 765 3470 837 obligaverunt.
3519 763 3664 828 Quid
3719 763 3896 818 tum?

2253 855 2384 910 Ideo
2415 871 2570 909 nunc
2601 859 2656 909 et
2687 854 3117 910 mathematicis
3149 853 3612 927 patrocinabitur
3659 853 3895 909 illorum

2256 959 2560 1015 magorum
2596 943 2841 1015 religio?
2870 944 2950 999 De
2979 943 3210 999 Christo
3241 942 3466 998 scilicet
3493 947 3583 998 est
3614 941 3898 998 mathesis

2258 1033 2429 1088 hodie
2459 1033 2592 1104 (30).
2626 1033 2825 1089 stellas
2854 1033 2900 1068 “
2929 1031 3164 1101 Christi,
3199 1049 3313 1088 non
3346 1031 3584 1088 Saturni
3613 1036 3670 1087 et
3694 1030 3894 1087 Martis

2256 1128 2309 1177 et
2355 1122 2663 1193 cujusque,
2713 1137 2778 1177 ex
2828 1122 3029 1177 eodem
3083 1121 3286 1177 ordine
3345 1127 3710 1177 mortuorum
3778 1120 3892 1192 (31)

2256 1211 2526 1267 observat
2553 1214 2611 1266 et
2641 1210 2935 1283 pradicet.
2975 1211 3047 1266 At
3074 1210 3230 1265 enim
3262 1209 3506 1265 scientia
3555 1208 3657 1265 illa
3703 1224 3895 1280 usque

2255 1301 2327 1355 ad
2359 1299 2737 1371 Evangelium
2766 1299 2876 1370 (32)
2905 1299 3017 1354 fuit
3046 1315 3343 1365 concessa,
3375 1303 3441 1354 ut
3467 1297 3698 1354 Christo
3739 1297 3895 1354 edito

2257 1406 2426 1445 nemo
2458 1389 2662 1444 exinde
2693 1388 3054 1444 nativitatem
3103 1387 3356 1458 alicujus
3398 1388 3469 1443 de
3527 1387 3669 1442 coelo
3715 1387 3898 1442 inter-

2256 1483 2516 1550 pretetur
2535 1477 2749 1533 “.Nam
2781 1482 2838 1532 et
2867 1477 3005 1533 thus
3028 1476 3167 1531 illud
3201 1480 3255 1532 et
3280 1476 3574 1549 myrrham
3605 1480 3661 1531 et
3681 1492 3894 1532 aurum

2258 1567 2385 1622 ideo
2411 1565 2620 1622 infanti
2654 1570 2792 1621 tunc
2823 1565 3069 1621 Domino
3124 1565 3483 1634 obtulerunt,
3516 1565 3686 1637 quasi
3731 1563 3894 1619 clau-

2256 1655 2445 1712 sulam
2475 1654 2918 1712 sacrificationis
2949 1655 3060 1725 (33)
3090 1658 3147 1709 et
3175 1653 3374 1725 gloria
3391 1652 3896 1725 sacularis,quam

2255 1745 2524 1801 Christus
2553 1749 2676 1800 erat
2704 1745 3106 1816 adempturus.
3139 1743 3300 1807 Quod
3332 1743 3514 1816 igitur
3542 1743 3750 1799 iisdem
3767 1758 3898 1799 ma-

2257 1833 2346 1905 gis
2376 1833 2668 1888 somnium
2702 1833 2829 1888 sine
2858 1831 3035 1887 dubio
3067 1847 3134 1886 ex
3169 1831 3263 1887 Dei
3301 1831 3598 1888 voluntate
3651 1847 3898 1905 sugges-

2259 1922 2354 1987 sit,
2389 1925 2453 1976 ut
2482 1922 2632 1976 irent
2661 1921 2718 1975 in
2753 1937 2880 1988 sua,
2931 1920 3033 1975 sed
3082 1919 3219 1988 alia,
3265 1936 3378 1976 non
3431 1937 3546 1991 qua
3592 1922 3892 1990 venerant,

2257 2010 2369 2080 via,
2413 2011 2467 2064 id
2529 2014 2636 2076 est,
2698 2026 2770 2064 ne
2825 2008 3073 2081 pristina
3131 2013 3289 2064 secta
3347 2025 3454 2065 sua
3511 2009 3893 2066 incederent:

2259 2115 2451 2156 nonne
2506 2100 2549 2134 ‘°
2607 2099 2738 2154 illos
2793 2099 3048 2154 Herodes
3099 2102 3567 2170 persequeretur,
3621 2098 3722 2170 qui
3789 2111 3896 2154 nec

2256 2192 2598 2260 persecutus
2643 2191 2750 2256 est,
2799 2186 2972 2242 etiam
3006 2186 3283 2258 ignorans
3305 2187 3419 2242 alia
3447 2187 3540 2242 via
3575 2187 3895 2258 digresso,

2257 2277 2534 2350 quoniam
2567 2281 2623 2332 et
2680 2292 2796 2346 qua
2825 2280 3105 2330 venerant
3160 2275 3493 2346 ignorabat.
3542 2275 3697 2331 Adeo
3744 2275 3898 2332 viam

2263 2372 2476 2422 rectam
2503 2367 2545 2401 ἰτ
2575 2372 2629 2420 et
2676 2363 3047 2434 disciplinam
3097 2363 3423 2435 intelligere
3453 2363 3755 2420 debemus.
3789 2365 3900 2420 Ita-

2263 2471 2374 2528 que
2407 2455 2594 2526 magis
2623 2456 2997 2525 praceptum,
3031 2455 3094 2506 ut
3119 2452 3326 2507 exinde
3357 2451 3899 2508 aliterincederent.

2260 2545 2354 2600 Sic
2384 2547 2440 2598 et
2489 2542 2603 2597 alia
2658 2541 2759 2596 illa
2801 2541 3024 2613 species
3073 2541 3117 2575 ⁴⁸
3151 2544 3354 2612 magia
3411 2557 3539 2612 qua
3598 2539 3901 2596 miraculis

2263 2635 2550 2704 operatur,
2610 2630 2786 2686 etiam
2853 2629 3134 2684 adversus
3193 2629 3386 2700 (Exod.
3458 2632 3604 2697 vm).
3660 2629 3897 2702 Moysen

2261 2739 2364 2776 am
2377 2717 2896 2792 ulata,patientiam
2915 2717 3017 2773 Dei
3033 2717 3290 2773 traxitad
3313 2717 3686 2791 Evangelium
3711 2735 3900 2790 usque

2263 2811 2395 2881 (Act.
2426 2827 2548 2874 vin,
2593 2809 2701 2877 18).
2736 2811 2880 2862 Nam
2929 2806 3135 2861 exinde
3165 2810 3222 2861 et
3266 2806 3462 2862 Simon
3498 2807 3747 2878 Magnus
3770 2807 3898 2877 jam

2263 2899 2469 2966 fidelis,
2502 2896 2779 2969 quoniam
2798 2894 3017 2967 aliquid
3044 2894 3234 2950 adhuc
3255 2895 3327 2950 de
3357 2895 3724 2951 circulatoria
3738 2900 3901 2952 secta

2261 2987 2558 3060 cogitaret,
2606 2989 2667 3039 ut
2723 2984 2947 3039 scilicet
2975 2983 3125 3039 inter
3173 2982 3455 3039 miracula
3512 2983 3894 3056 professionis

2260 3094 2378 3134 sua
2408 3076 2580 3131 etiam
2615 3072 2897 3144 Spiritum
2938 3077 3206 3128 sanctum
3242 3088 3344 3144 per
3393 3088 3677 3129 manuum
3713 3073 3897 3144 impo-

2262 3166 2534 3221 sitionem
2580 3164 2734 3218 673
2789 3160 3180 3217 enundinaret
3228 3160 3360 3233 (34),
3419 3160 3765 3217 maledictus
3822 3161 3896 3217 ab

511 3243 734 3301 oriente
785 3249 1070 3302 venerunt
1123 3246 1330 3318 (Matth.
1408 3253 1490 3319 ιι).
1564 3249 1796 3307 Scimus
1845 3255 2048 3324 magia
2095 3260 2153 3311 et
2183 3239 2226 3306 C
2265 3256 2399 3327 (Act.
2430 3270 2556 3321 vm,
2602 3251 2693 3323 20)
2744 3249 3024 3323 apostolis
3072 3249 3144 3305 de
3173 3249 3287 3305 ﬁde
3331 3250 3376 3285 ⁸³
3425 3250 3648 3320 ejectus
3677 3255 3768 3306 est
3800 3266 3814 3304 :
3850 3253 3912 3306 et

1921 3405 2125 3466 Varia
2154 3405 2476 3467 lectiones.

594 3517 640 3552 ⁴²
665 3517 1003 3600 _Tani_S§ml.
1080 3522 1366 3600 “Patent
1391 3525 1523 3600 Jan.
1597 3527 1912 3600 ’f‘Stellam
1949 3535 2156 3588 Wouw.
2189 3530 2255 3585 Μ.
2289 3529 2345 3586 S.
2394 3528 2591 3600 Rigalt.
2669 3527 2714 3562 “
2771 3526 3195 3600 Interpretatur
3240 3524 3444 3600 Rigalt.
3521 3527 3564 3562 ‘°
3593 3530 3720 3584 Non
3764 3526 3918 3584 abest

527 3589 700 3646 Seml.

800 3591 842 3625 ‘7
865 3592 1088 3647 Sectam
1117 3595 1244 3648 Jun.
1321 3595 1364 3629 ‘3
1393 3595 1579 3652 Aliam
1609 3596 1771 3655 illam
1801 3602 2057 3672 speciem
2086 3633 2156 3642 —
2186 3591 2481 3675 patientia'
2498 3602 2662 3655 Fran.
2742 3599 2787 3634 ‘9
2816 3591 2952 3654 Fide
2981 3597 3243 3669 dejectus
3267 3591 3356 3654 est
3381 3599 3508 3654 Jun.

1963 3743 2482 3806 Commentarius.

599 3855 710 3926 (27)
733 3857 1114 3937 Expellantur
1141 3861 1541 3937 mathematici.
1592 3864 1660 3937 Si
1701 3864 1833 3936 quis
1863 3866 2003 3937 hac,
2031 3873 2161 3924 tan-

529 3942 705 4010 quam
731 3927 963 4010 inutilia
992 3934 1049 3984 et
1077 3931 1394 4010 superflua,
1428 3934 1601 3990 deleri
1635 3927 1901 4010 oportere
1931 3927 2165 3996 censue-

529 3999 622 4068 rit,
655 3997 832 4054 habet
855 4015 988 4056 ecce
1018 4018 1110 4056 me
1139 3997 1645 4068 adstipulatorem.
1672 3997 1809 4063 Ric.

575 4069 711 4153 ⁹(28)
758 4071 940 4153 Primi
967 4073 1162 4153 jgiiur
1197 4069 1501 4153 stellarum
1521 4079 1887 4153 _interpreles.
1940 4081 2162 4137 Chalci-

529 4139 674 4222 dius.
696 4139 753 4194 in
787 4143 924 4198 Tim.
965 4139 1110 4200 Plat.
1146 4147 1213 4201 ad
1249 4147 1450 4222 Osium
1511 4139 1943 4207 Cordubensem
1977 4170 2044 4208 cx
2078 4153 2162 4208 bi-

531 4214 1122 4293 st-oria‘quamyocat
1164 4219 1514 4293 sanctiorem
1563 4226 1619 4275 et
1660 4224 2160 4292 venerabiliorem,

521 4285 626 4366 ait,
659 4287 786 4366 ortu
812 4285 1001 4366 stella
1031 4291 1339 4359 cujusdam
1358 4308 1496 4366 _non
1551 4295 1803 4366 morbos
1834 4285 2165 4366 mortesque

521 4353 916 4426 denuntiatae,
965 4353 1307 4416 descensum
1357 4362 1456 4418 Dei
1518 4365 1866 4422 venerabilis
1932 4369 2003 4424 ad
2055 4353 2163 4422 hu-

519 4440 705 4510 mana
720 4432 1202 4510 conservationis,
1222 4450 1533 4510 rerumque
1557 4437 1888 4510 mortalium
1914 4439 2162 4510 gratiam

518 4525 587 4579 _—_-
616 4499 870 4579 SrsLLAM
900 4500 1150 4579 Οξῃῑξξτι.
1189 4506 1333 4579 Magi
1369 4499 1456 4559 in'
1478 4507 1785 4579 Evangelio
1837 4499 2160 4566 secundum

517 4565 856 4646 Matthaun'.
889 4587 903 4646 ξ
945 4572 1203 4646 Vidimus,
1233 4565 1450 4631 “Ellam
1479 4580 1596 4646 ejus
1634 4565 1704 4634 ῗη
1757 4565 2009 4637 Oriente.
2037 4565 2153 4636 Pri?

2271 3871 2578 3938 Saturnus,
2611 3864 2994 3938 etc.r_Frustra
3041 3867 3238 3921 autem
3288 3881 3357 3938 ex
3385 3864 3494 3938 hoc
3535 3864 3662 3921 loco
3692 3863 3912 3920 Christi

2272 3940 2532 4011 genesim
2564 3935 2615 4011 'e
2645 3935 2948 3992 stellarum
2992 3952 3167 3992 cursu
3197 3937 3402 4011 metiri
3462 3951 3633 4009 posse
3683 3941 3916 4011 conten-

2273 4008 2423 4066 dunt
2456 4008 2719 4066 homines
2769 4024 3032 4080 perverse
3084 4009 3322 4080 curiosi,
3358 4008 3512 4080 inter
3567 4024 3714 4080 quos
3746 4008 3916 4063 fami-

2274 4081 2411 4136 liam
2446 4083 2669 4137 ducunt
2697 4077 2902 4135 Petrus
2936 4079 3005 4135 de
3033 4077 3337 4148 Alliaco,et
3362 4077 3748 4152 Hieronymus
3776 4084 3912 4136 Car-

2273 4157 2480 4209 danus.
2515 4153 2591 4208 Ls
2629 4155 2727 4207 PR.

2344 4227 2456 4295 (31)
2499 4226 2564 4280 Et
2613 4223 2987 4295 cujusqueex
3041 4220 3226 4276 eodem
3289 4223 3486 4295 ordine
3544 4225 3911 4279 mortuorum.

2273 4291 2390 4351 Hoc
2421 4291 2529 4360 est,
2561 4311 2628 4350 ex
2658 4291 2862 4365 ordine
2894 4291 3352 4365 illo_septenario
3392 4293 3782 4365 planetarum,
3811 4296 3914 4365 Sas-

2273 4365 2706 4450 turnizuhlartis,
2739 4363 3033 4450 Mercurii,
3067 4369 3123 4419 et
3152 4364 3239 4450 id.
3266 4363 3453 4450 genus
3502 4363 3776 4450 aliorum,
3807 4364 3912 4450 qui

2273 4456 2387 4493 non
2422 4439 2526 4510 dii,
2554 4438 2655 4494 sed
2688 4411 2957 4492 homines
2989 4411 3169 4502 fuere,
3192 4439 3248 4491 et
3266 4411 3396 4507 iam
3429 4436 3665 4508 quidem
3698 4411 3916 4492 mortui

2275 4515 2399 4565 RIG.

2324 4527 2399 4564 IG.

2344 4581 2457 4652 (32)
2491 4581 2665 4661 Ufgue
2688 4579 2778 4661 ἀεὶ.
2802 4577 3196 4661 Ερᾳησθίἰωζι..
3236 4576 3317 4661 Ne
3367 4583 3530 4661 putet
3561 4577 3743 4661 lector
3771 4594 3916 4661 con-

520 4639 762 4725 masius,
796 4641 854 4725 ip
888 4640 1154 4725 haeresim
1187 4628 1765 4725 Prisgilliarfistapum
1800 4668 1812 4705 :
1863 4675 1887 4700 υ
1911 4628 2154 4725 Xsigno
2189 4628 2232 4692 Ῑ)
2264 4628 2734 4725 ορὲεθξηνᾷἷνίηἱε
2765 4628 3151 4725 legibuas,_sed
3172 4628 3411 4725 tantum
3445 4651 3744 4718 humanis,
3777 4649 3919 4725 quia

516 4706 850 4792 Cblrj’s‘ti'ad.
868 4712 1038 4792 signa
1068 4717 1415 4790 astrologica
1454 4721 1868 4792 migraverunt.
1901 4706 2090 4780 {llic}.

588 4779 702 4851 (29)
749 4779 952 4837 Primi'
974 4779 1420 4845 muneravervunt.
1479 4779 1814 4849 Cbhlcidius
1848 4811 1861 4851 :
1896 4819 1922 4846 α
1985 4779 2156 4852 Chal-

523 4845 785 4907 daeorum
817 4857 1072 4978 profecto
1105 4861 1398 4930 sapientes
1430 4845 2157 4929 viri,het_con—si‘deratmh-e

523 4935 714 4976 rerum
738 4941 819 4978 σω
848 4933 1058 4978 estium
1094 4932 1238 4978 satis
1269 4934 1562 4978 ειμι-(ξηειίὶ
1621 4938 1901 4978 minuian
1949 4940 2154 4978 dimm-

514 4935 714 5007 rerum
738 4932 1059 5007 caelestium
1094 4932 1238 5007 satis
1267 4934 1588 5007 exercitati,
1621 4938 1902 5007 quasisse
1949 4940 2154 4995 dicun-

513 4995 616 5082 tur
634 5002 930 5082 recentem
955 5005 1145 5082 ortum
1176 5003 1275 5058 Dei
1312 5022 1324 5060 :
1359 4995 1700 5082 repertaque
1721 5009 1821 5065 illa
1852 5012 2156 5082 majestate

512 5065 744 5147 puerili,
806 5077 1108 5129 veneratos
1139 5091 1288 5140 esse,
1321 5081 1377 5131 et
1407 5065 1536 5132 vota
1584 5065 1698 5135 Deo
1747 5086 1908 5137 tanto
1943 5065 2154 5139 tanta;

510 5141 1163 5214 niep‘tia_nun‘cupasse.
1197 5177 1268 5186 -—
1301 5168 1326 5194 »
1358 5152 1480 5204 Rm.

739 5210 813 5294 De
863 5207 1071 5294 Christo
1125 5218 1334 5294 scilicet
1373 5223 1455 5274 est
1506 5224 1764 5294 mathesis
1813 5224 1987 5279 hodie.
2037 5224 2152 5279 Ho-

508 5275 1017 5368 gierpak‘inquith
1055 5289 1337 5368 mathesis
1403 5275 2150 5368 estdisciplina-“Christi.

506 5347 687 5436 Stella
719 5347 957 5436 Christi,
985 5347 1129 5436 'hoc_
1159 5367 1269 5428 est,
1329 5363 1556 5436 genesis
1604 5347 1844 5436 Christi,
1888 5347 2153 5436 assem

506 5424 564 5474 et
593 5425 872 5480 mandata
902 5429 1030 5499 ejus
1080 5424 1442 5488 observanda
1471 5439 1611 5491 sunt
1659 5424 1838 5494 nobis,
1857 5443 1913 5494 et
1942 5424 2149 5510 pradi-

504 5492 708 5548 canda.
745 5494 871 5550 Rm.

538 5509 708 5548 anaa.
745 5509 871 5551 HIG.

580 5591 646 5643 τ
679 5569 756 5618 De
803 5567 1018 5643 Qﬁristo
1075 5575 1298 5630 scilicet.
1357 5576 1599 5641 Ironice,
1654 5579 1934 5634 mathesis
1992 5579 2147 5634 enim

510 5627 1497 5731 293323.925991diseipiina12.05
1523 5627 1621 5731 st
1644 5627 2147 5731 ςῖιῖιέᾱιτῖιῖιιιῑιίῑ

631 5704 802 5789 stella
833 5708 1100 5789 Christus
1695 5698 2023 5778 iila'eSFdiﬁ
2054 5698 2148 5780 est

509 5783 606 5842 qui
640 5783 1040 5846 cognominem
1072 5787 1302 5844 stellam
1333 5787 1666 5847 habuerunt
1697 5795 1760 5849 ut
1793 5792 2044 5869 Jupiter,
2081 5798 2145 5852 ut

2265 4729 2398 4780 ante
2429 4722 2728 4778 Christum
2759 4719 2873 4794 non
2910 4720 3139 4794 punita,
3169 4719 3435 4794 imoper
3481 4739 3696 4794 omnes
3720 4719 3914 4794 natio-

2268 4812 2371 4851 nes
2401 4800 2610 4866 vagata
2641 4791 2980 4866 insolenter,
3004 4796 3060 4847 et
3088 4792 3144 4846 in
3175 4791 3356 4864 pretio
3388 4811 3454 4850 ac
3483 4793 3671 4866 gloria
3684 4792 3909 4849 habita.

2266 4863 2696 4938 Neque'contra
2727 4863 2835 4920 hoc
2880 4868 2993 4938 est,
3020 4863 3361 4938 concessam
3409 4863 3594 4938 Magis
3643 4866 3910 4938 adorato-

2267 4934 2431 4993 ribus
2463 4937 2699 5005 Christi,
2733 4952 2866 4991 nam
2899 4935 2996 4991 isti
3037 4934 3138 5007 illa
3169 4935 3258 4991 usi
3291 4941 3432 4992 sunt
3479 4934 3549 4993 ei
3596 4953 3756 4992 mera
3785 4936 3907 5007 pie-

2266 5016 2381 5065 tate
2405 5015 2461 5064 et
2492 5008 2788 5078 religione,
2823 5023 2936 5062 non
2967 5010 3032 5060 ut
3063 5006 3185 5061 alia
3217 5013 3420 5078 gentes
3451 5009 3522 5064 ad
3555 5025 3701 5064 usus
3732 5006 3913 5063 male-

2266 5082 2427 5137 ﬁcos.
2461 5080 2570 5135 Sed
2611 5077 2674 5134 et
2715 5077 3394 5150 explicandusuTe’rtull.
3453 5097 3587 5136 cum
3656 5080 3738 5136 ait
3767 5095 3908 5136 con-

2265 5168 2489 5208 cessam
2530 5148 2829 5223 usquead
2871 5148 3269 5222 Evangelium,
3304 5150 3527 5209 scilicet
3568 5167 3910 5208 concessam

2264 5233 2323 5279 ut
2347 5222 2858 5294 plurimum._Lxc.

2333 5291 2446 5366 (33)
2477 5292 2809 5366 Clausulam
2835 5291 3276 5366 sacriﬁcationis.
3308 5297 3381 5349 Ut
3405 5293 3610 5351 exinde
3639 5293 3911 5351 Christus

2261 5361 2460 5422 fideles
2492 5384 2631 5423 suos
2663 5365 2956 5436 abstinere
2987 5361 3235 5436 voluerit
3262 5367 3606 5436 pontiﬁcatu
3638 5371 3697 5423 et
3725 5381 3909 5422 sacu-

2260 5438 2365 5492 lari
2408 5437 2611 5509 gloria.
2664 5434 3020 5509 Clausulam,
3071 5434 3185 5491 ﬁde
3231 5434 3289 5509 et
3330 5438 3673 5494 terminum.
3723 5437 3817 5493 Sic
3843 5437 3905 5493 in

2258 5506 2457 5582 Scorp.
2491 5510 2587 5565 ubi
2615 5510 2685 5564 de
2706 5510 2870 5564 Joan.
2901 5506 3068 5578 Bapt.
3104 5522 3116 5562 :
3158 5529 3178 5556 ι
3214 5506 3488 5567 Clausula
3517 5509 3662 5583 legis
3694 5513 3752 5565 et
3774 5525 3908 5582 pro-

2258 5583 2590 5653 phetarum.
2628 5604 2654 5630 ››
2689 5585 2814 5634 Hic.

2327 5653 2739 5735 (34).Spiritugi
2767 5652 3162 5735 sanetymnper
3188 5666 3462 5735 manuu‘m
3490 5652 3902 5735 impositionem

2257 5718 2642 5781 enundinaret.
2685 5718 3251 5778 Convenientissimo
3291 5723 3468 5780 verbo
3525 5718 3784 5780 Simonis
3817 5722 3898 5777 is-

2255 5795 2376 5852 tius
2406 5795 2627 5853 crimen
2658 5795 2920 5852 damnat.
2951 5791 3060 5848 Sed
3093 5796 3148 5850 et
3172 5793 3454 5854 hodiernae
3480 5792 3899 5854 nundinationi
