4262 6356
337 349 452 409 749

337 570 757 626 adversabatur
786 570 1092 642 apostolis,
1128 569 1422 625 luminum
1477 570 1797 625 amissione
1848 570 1999 625 mul-

337 664 527 714 etatus
559 663 649 714 est
679 660 816 730 (Act.
856 676 978 729 xm,
1010 660 1044 712 6
1111 658 1326 729 seqq.).
1359 662 1478 713 Hoc
1507 662 1564 712 et
1597 658 1871 730 astrologi
1904 675 1998 714 re-

337 747 634 815 tulissent,
667 749 862 815 credo,
899 749 948 803 si
976 748 1109 818 quis
1139 747 1198 801 in
1232 747 1531 819 apostolos
1590 747 1899 803 incidisset
1932 749 1993 802 ⁵ο.

336 838 608 892 Attamen
652 853 783 891 eum
816 837 1013 908 magia
1074 837 1336 907 punitur,
1400 838 1570 906 cujus
1629 842 1717 892 est
1775 838 1996 907 species

336 925 675 997 astrologia,
707 926 909 997 utique
943 930 1000 979 et
1032 925 1260 996 species
1311 926 1367 978 in
1413 941 1626 996 genere
1655 926 1993 980 damnatur.

338 1020 477 1070 Post
508 1014 883 1086 Evangelium
919 1030 1215 1084 nusquam
1252 1016 1517 1069 invenias
1548 1020 1649 1070 aut
1678 1015 1996 1084 sephistas,

341 1112 443 1159 aut
470 1103 791 1171 Chaldaeos,
825 1108 926 1157 aut
984 1103 1400 1169 incantatores,
1453 1110 1555 1158 aut
1617 1104 1994 1173 conjectores,

339 1198 441 1248 aut
500 1209 720 1264 magos,
772 1192 886 1247 nisi
939 1192 1111 1263 plane
1172 1194 1434 1263 punitos.
1503 1194 1601 1247 Ubi
1629 1194 1869 1262 sapiens,
1903 1194 1998 1247 ubi

339 1283 634 1349 litterator,
670 1283 762 1336 ubi
802 1284 1138 1352 conquisitor
1167 1283 1330 1349 hujus
1360 1283 1510 1335 (ευέῖ
1538 1284 1725 1336 Nonne
1755 1284 1997 1352 infatua-

339 1378 412 1429 vz't
434 1376 572 1430 Deus
603 1376 935 1447 sapientiam
967 1376 1132 1441 huius
1163 1376 1355 1429 saeculi
1385 1378 1408 1425 1’
1438 1375 1483 1442 (I
1522 1374 1642 1429 Cor.
1680 1392 1716 1441 ι,
1772 1380 1859 1441 20)
1893 1375 1995 1427 Ni-

340 1464 419 1519 hil
475 1464 590 1518 seis
646 1464 1084 1530 mathematice,
1146 1464 1193 1518 si
1256 1462 1559 1518 nesciebas
1618 1469 1668 1517 te
1730 1464 1993 1519 futurum

334 1553 751 1608 Christianum.
787 1552 887 1607 Sin
913 1553 1166 1619 sciebas,
1204 1551 1312 1605 hoc
1338 1568 1571 1621 quoque
1604 1552 1750 1606 scire
1785 1553 1995 1607 debue-

333 1658 452 1711 ras,
485 1640 631 1695 nihil
660 1641 766 1695 tibi
800 1641 1061 1695 futurum
1095 1658 1232 1695 cum
1264 1640 1377 1695 ista
1429 1641 1823 1711 professione.
1861 1646 1994 1711 lpsa

335 1735 392 1785 te
419 1730 491 1785 de
519 1728 781 1800 periculo
813 1745 921 1785 suo
953 1729 1292 1795 instrueret,
1341 1746 1468 1799 quis
1503 1729 1752 1785 aliorum
1788 1729 1991 1785 clima-

343 1819 556 1874 cterica
587 1817 863 1890 priscanit
895 1819 1028 1889 (35),
1058 1822 1180 1874 Non
1208 1822 1287 1873 est
1328 1818 1430 1872 tibi
1479 1835 1616 1888 pars
1673 1834 1848 1889 neque
1877 1834 1991 1875 sors

342 1907 535 1964 inista
590 1909 805 1962 ratione
834 1906 970 1978 (Act.
1031 1923 1158 1973 V111,
1214 1906 1326 1975 21).
1388 1906 1513 1961 Non
1574 1911 1764 1977 potest
1818 1923 1993 1978 regna

339 1996 616 2052 caelorum
652 2012 905 2069 sperare,
930 1996 1101 2065 cujus
1134 1994 1355 2068 digitus
1377 1999 1480 2051 aut
1502 1995 1703 2052 radius
1728 1996 1992 2052 abutitur

346 2084 507 2140 coelo.

1702 346 1801 408 DE
1850 345 2409 411 lDOLOLATltIA.

336 481 482 536 alter
509 496 720 551 magus
749 480 1004 551 quicum
1035 480 1235 552 Sergio
1257 479 1459 546 Paulo,
1486 480 1762 551 quoniam
1789 480 1997 537 iisdem
2028 488 2081 552 Α

3641 348 3761 414 750

2766 480 2997 538 CAPUT
3036 482 3100 537 X.

2180 572 2568 635 Quzerendum
2602 577 2796 626 autem
2844 576 2933 627 est
2988 572 3163 627 etiam
3200 572 3271 627 de
3322 570 3758 643 ludimagistris
3805 568 3813 575 ’

2108 661 2261 715 674
2293 665 2348 716 et
2377 661 2447 715 de
2496 660 2717 715 caeteris
2778 660 3208 731 professoribus
3257 658 3608 727 litterarum,
3640 660 3756 717 imo

2108 766 2223 804 non
2256 749 2647 803 dubitandum
2679 749 2885 803 afﬁnes
2914 747 3045 803 illos
3077 763 3206 803 esse
3239 747 3599 803 multimoda:
3630 748 3757 803 ido-

2108 838 2368 892 lolatriaz.
2406 838 2691 903 Primum,
2718 838 2935 908 quibus
2968 853 3205 893 necesse
3259 841 3349 891 est
3380 838 3518 892 deos
3570 839 3758 893 natio-

2108 944 2248 981 num
2304 928 2635 997 praedicare,
2713 927 2972 995 nomina,
3030 925 3427 998 genealogias,
3502 926 3754 996 fabulas,

2106 1023 2450 1071 ornamenta
2500 1017 2825 1071 honorifica
2877 1032 3124 1085 quaeque
3172 1032 3372 1070 eorum
3427 1016 3757 1083 enuntiare,

2106 1110 2228 1159 tum
2264 1106 2546 1160 solemnia
2575 1107 2847 1176 festaque
2905 1106 3245 1159 eorumdem
3304 1104 3633 1171 observare,
3690 1109 3757 1160 ut

2107 1194 2321 1265 quibus
2350 1194 2643 1265 vectigalia
2672 1212 2779 1249 sua
2809 1198 3140 1265 SUppetant.
3160 1194 3300 1256 Quis
3322 1193 3753 1265 ludimagister.

2107 1284 2231 1337 sine
2283 1283 2485 1338 tabula
2541 1289 2763 1354 septem
2825 1282 3114 1336 idolorum
3177 1284 3310 1350 (3(5),
3372 1282 3755 1352 quinquatria

2107 1379 2298 1426 tamen
2336 1376 2374 1406 ³¹
2412 1373 2803 1442 frequentabit
2834 1373 2942 1441 (3‘7)
2972 1372 2997 1423 ‘t
3058 1372 3250 1442 Ipsam
3311 1371 3562 1441 primam
3622 1372 3753 1425 novi

2105 1460 2380 1531 discipuli
2410 1462 2622 1531 stipem
2658 1461 2928 1515 Minervas
2960 1465 3016 1514 et
3047 1460 3249 1514 honori
3282 1466 3337 1514 et
3361 1460 3583 1514 nomini
3617 1477 3751 1515 con-

2105 1554 2315 1616 secrat,
2346 1556 2407 1604 ut
2431 1550 2540 1604 etsi
2565 1551 2608 1582 ⁵³
2637 1567 2749 1604 non
2786 1550 3124 1620 profanatus
3155 1549 3329 1603 alicui
3360 1548 3752 1619 idolo,verbo-

2104 1642 2279 1693 tenus
2311 1639 2380 1693 de
2415 1638 2735 1711 idolothyto
2767 1654 2894 1693 esse
2929 1637 3158 1692 dicatur
3189 1638 3321 1708 (38).
3357 1637 3503 1701 Quid
3553 1640 3752 1695 minus

2103 1733 2191 1783 est
2219 1728 2649 1798 inquinamenti
2692 1728 2737 1761 ⁵³
2770 1743 2835 1782 eo
2868 1727 3021 1797 quod
3083 1731 3324 1796 praestat
3378 1732 3639 1797 quaestus
3696 1732 3754 1784 et

2104 1817 2438 1873 nominibus
2469 1821 2525 1871 et
2582 1816 2907 1871 honoribus
2952 1815 3107 1870 idolo
3167 1821 3541 1887 nuncupatus
3573 1816 3600 1869 ?
3628 1820 3751 1872 tam

2099 1905 2435 1961 Minervalia
2492 1906 2781 1973 Minervae,
2845 1921 3020 1974 quam
3078 1903 3411 1959 Saturnalia
3489 1906 3753 1976 Saturni,

2101 2013 2225 2068 qua}
2276 1996 2454 2051 etiam
2510 1994 2813 2051 serviculis
2870 1994 2981 2049 sub
3028 1998 3289 2065 tempore
3348 1993 3752 2050 Saturnalium

2099 2085 2378 2142 celebrari
2410 2101 2648 2141 necesse
2677 2088 2787 2140 est.
2820 2084 3006 2140 Etiam
3040 2088 3247 2140 strenas
3310 2085 3635 2155 captandas,
3695 2089 3753 2141 et

1780 2228 1982 2290 Variae
2011 2229 2331 2289 lectiones.

409 2344 452 2385 ⁵ο
483 2345 541 2399 Si
574 2346 673 2415 qui
701 2378 767 2385 —
799 2346 1147 2402 incidissent
1176 2344 1387 2416 Rigalt.
1411 2346 1452 2381 ⁶¹
1487 2346 1575 2399 Sic
1602 2347 1864 2416 scriptam
1894 2353 1971 2399 est
2000 2345 2057 2399 in
2089 2346 2205 2398 cod.
2238 2346 2423 2413 Agob.,
2462 2344 2706 2399 lthenan.
2731 2363 2751 2397 :
2786 2343 2919 2415 quis
2940 2341 3346 2416 ludimagister
3366 2341 3425 2416 si
3446 2357 3561 2397 non
3586 2342 3752 2416 tabu-

343 2414 495 2470 laria
526 2413 940 2488 frequentabit.
974 2420 1176 2488 Rigalt.
1208 2413 1448 2473 :tamcn
1481 2434 1595 2473 non
1622 2413 2030 2488 frequentabit.
2074 2418 2253 2472 Latin.
2278 2424 2475 2471 tamen
2504 2433 2638 2469 non.
2662 2413 3050 2471 Junfmavult.
3106 2431 3219 2469 non
3270 2413 3651 2483 Quinquatria
3702 2416 3747 2468 t.

344 2488 747 2559 frequentabit
774 2489 801 2543 ‘I
830 2491 873 2524 ⁸⁸
902 2491 969 2544 Et
996 2496 1060 2545 ut
1090 2492 1139 2546 si
1172 2492 1357 2546 Paris.
1390 2490 1435 2523 ⁵³
1457 2490 1908 2561 lnquinamento
1938 2493 2124 2544 Paris.
2160 2489 2287 2543 Jun.
2324 2504 2389 2543 eo
2420 2488 2568 2542 abest
2589 2489 2770 2542 Paris.
2802 2488 2931 2543 Jun.

1781 2639 2303 2702 Commentarius.

339 2780 542 2819 eorum
577 2779 708 2836 quin
738 2762 953 2818 feudali
982 2764 1265 2819 vocabulo
1324 2764 1606 2819 beneﬁcia
1648 2781 1994 2836 nuncupan-

340 2841 465 2905 tur,
497 2835 763 2889 simoniaa
798 2836 1018 2890 crimen
1052 2837 1310 2891 tribuere
1362 2837 1641 2901 solemus,
1703 2839 1812 2892 etsi
1844 2835 1995 2891 inter

344 2912 666 2979 emptorem
701 2912 758 2961 et
786 2908 1149 2962 venditorem
1199 2910 1269 2963 de
1329 2908 1725 2979 comparando
1772 2909 1990 2979 Spiritu

344 2985 547 3035 sancto
581 2979 893 3049 nequidem
937 2980 1245 3049 cogitetur.
1303 2983 1451 3033 Nam
1522 2980 1674 3033 inter
1728 2995 1825 3034 eos
1884 2980 1991 3034 hoe

342 3057 571 3106 tantum
604 3054 799 3122 agitur
826 3055 889 3105 ut
919 3051 979 3104 in
1012 3057 1333 3122 emptorem
1359 3056 1617 3104 transeat
1648 3050 1750 3119 jus
1798 3051 1987 3121 perci-

340 3121 537 3194 piendi
586 3121 809 3177 reditus
840 3138 908 3178 ex
964 3121 1435 3194 possessionibus
1494 3121 1759 3176 beneﬁcii
1821 3122 1988 3177 titulo

340 3194 803 3265 comprehensis.
842 3196 909 3248 Et
940 3211 1066 3265 qua
1098 3196 1249 3265 apud
1269 3210 1372 3248 nos
1392 3194 1630 3266 pinguia
1652 3198 1791 3246 sunt
1816 3194 1985 3247 bene-

340 3266 491 3331 ficia,
526 3273 768 3333 veteres,
817 3267 993 3321 etiam
1051 3271 1212 3321 extra
1270 3265 1744 3329 Dei’civitatem,
1794 3265 1987 3319 dixere

2104 2763 2394 2819 idolorum
2419 2762 2800 2834 quinquatria
2823 2767 3019 2817 tamen
3044 2760 3453 2834 frequentabit.
3478 2781 3507 2809 »
3539 2759 3753 2834 Verum

2106 2843 2170 2890 ut
2201 2832 2453 2890 constet“
2477 2832 2710 2900 sensus,
2772 2834 3106 2889 adhibenda
3150 2832 3461 2888 distinctio
3491 2849 3503 2887 :
3550 2854 3577 2881 ‹‹
3608 2832 3749 2896 Quis

2104 2907 2533 2979 ludimagistcr,
2593 2906 2719 2961 sine
2769 2906 2974 2961 tabula
3043 2911 3264 2976 septem
3326 2903 3665 2959 idolorum?
3718 2924 3747 2952 ››

2104 2979 2320 3033 Deinde
2398 2995 2510 3033 non
2599 2979 3072 3049 interrogatione,
3160 2984 3260 3032 sed
3318 2980 3745 3049 asseveranter,

2101 3074 2127 3099 ‹‹
2165 3050 2549 3120 quinquatria
2578 3054 2773 3104 tamen
2807 3046 3216 3119 frequentabit.
3247 3067 3274 3120 in
3336 3050 3451 3120 Aut
3480 3046 3530 3101 si
3562 3047 3742 3120 inter-

2100 3117 2849 3193 rogatio—poniturpinﬁne,
2884 3117 3211 3193 necessario
3243 3119 3555 3193 legendum
3590 3117 3744 3171 sicut

2098 3191 2430 3247 edidimus:
2462 3215 2489 3241 ‹‹
2515 3191 2653 3257 Quis
2693 3191 3101 3263 ludimagister
3128 3191 3253 3245 sine
3284 3191 3489 3245 tabula
3519 3193 3743 3263 septem

2099 3265 2808 3333 idolorum,quinquatria
2838 3260 3029 3317 tamen
3064 3279 3179 3317 non
3239 3260 3680 3333 frequentabit?
3710 3281 3739 3311 »

337 3312 533 3410 ἀγαθέις
577 3312 895 3409 ἱερωσῖίνας.
944 3338 1072 3393 Jam
1118 3354 1274 3410 vero?
1312 3337 1531 3410 pridem
1595 3312 1791 3410 seaculi
1846 3337 1985 3410 vitio

2103 3338 2210 3401 Sic,
2243 3312 2461 3397 utrov’is
2496 3312 2664 3410 meite
2696 3336 3196 3410 legas,_idem_er_it
3229 3312 3436 3410 sensus
3462 3349 3479 3410 :_
3509 3331 3740 3410 n_ullum

337 3407 722 3465 evanuere'de
764 3412 940 3465 rebus
972 3409 1312 3464 christianis
1368 3408 1642 3480 praeclara
1670 3407 1770 3461 illa
1802 3408 1989 3462 sancti

346 3482 934 3553 Spiritusimiracula.
968 3482 1093 3535 Rm.

412 3554 524 3625 (35)
556 3552 810 3608 Aliorum
857 3554 1225 3608 ctimacterica
1274 3553 1570 3623 przecanit.
1623 3549 2023 3605 Climaterica.

349 3624 681 3680 dicitcerta
710 3626 835 3679 vitae
856 3627 1045 3695 spatia
1061 3640 1160 3694 per
1189 3640 1374 3679 annos
1406 3638 1608 3677 novem
1634 3628 1735 3677 aut
1765 3626 1987 3695 septem

2099 3424 2227 3463 esse
2263 3408 2756 3479 ludimagistrum,
2790 3407 2889 3479 qui
2926 3424 3038 3460 non
3072 3406 3282 3479 habeat
3340 3406 3398 3459 in
3468 3405 3604 3479 ludo
3637 3419 3745 3458 suo

2100 3481 2220 3535 sive
2264 3478 2463 3534 schola
2519 3478 2779 3533 tabulam
2808 3476 3049 3549 'septem
3109 3477 3420 3540 idolorum,
3477 3476 3604 3549 hoc,
3636 3480 3746 3541 est,

2100 3562 2321 3622 septem
2364 3551 2755 3621 planetarum,
2813 3547 3021 3622 Lunai,
3064 3547 3631 3622 Martis,rMereur_ii,
3692 3552 3750 3602 et

2099 3619 2461 3691 czeterorum,
2496 3624 2648 3678 unde
2680 3622 2919 3676 nomina
2969 3621 3195 3675 dierum
3228 3619 3614 3674 hebdomadis
3643 3635 3749 3691 cu:

346 3697 584 3751 scansili
618 3698 840 3751 ratione
872 3690 1188 3761 currentia,
1221 3713 1348 3766 qua:
1378 3695 1628 3750 Chaldaei
1664 3690 1991 3766 periculosa
2089 3697 2350 3766 jusque;
2381 3690 2482 3749 aut
2514 3696 2561 3750 si
2594 3695 2723 3764 quis
2757 3692 3080 3765 reperiatur
3114 3693 3355 3766 absque
3403 3690 3747 3761 hujusmodi

344 3785 476 3824 esse
498 3769 816 3833 affirmant,
866 3769 1151 3839 praecipue
1211 3765 1342 3821 vero
1400 3783 1618 3821 annum
1676 3768 1763 3820 (33.
1830 3765 1988 3818 Hanc

340 3840 499 3895 enim
534 3839 616 3893 illi
646 3838 977 3894 climactera
1004 3840 1340 3893 androclam
1399 3855 1527 3893 esse
1576 3838 1742 3891 aiunt
1792 3840 1986 3891 Grmco

337 3911 641 3967 vocabulo.
675 3912 835 3976 Quod
869 3911 1057 3965 Latini
1080 3910 1340 3965 dicerent
1368 3911 1733 4034 virit‘ragum.
1768 3908 1846 3961 De
1880 3909 1987 3962 hoc

340 4000 471 4034 vero
513 3983 847 4034 climactere
909 3982 1072 4034 locus
1125 3988 1215 4034 est
1273 3981 1523 4034 insignis
1612 3980 1688 4032 ul.
1752 3979 1985 4033 Firmici

340 4000 471 4039 vero
513 3983 847 4038 climactere
909 3982 1072 4036 locus
1125 3988 1215 4036 est
1273 3981 1523 4052 insignis
1572 3979 1688 4034 Jul.
1752 3979 1985 4052 lf‘irmici

336 4055 577 4110 Mathes.
610 4054 700 4119 lV,
728 4068 900 4123 quem
935 4053 1005 4108 ab
1065 4053 1186 4107 Jos.
1238 4050 1524 4123 Scaligero
1574 4052 1703 4123 jam
1760 4050 1980 4123 indica-

336 4133 464 4181 tum
497 4126 640 4181 satis
670 4121 800 4180 esse
834 4124 1233 4188 concederem,
1269 4121 1778 4179 nisi'emendatior
1804 4121 1898 4175 hic
1954 4138 1987 4175 a

336 4199 504 4254 nobis
537 4198 721 4251 exiret
750 4213 779 4251 e
812 4195 1080 4251 biblioth.
1140 4195 1332 4266 Regia.
1394 4198 1488 4250 Sic
1545 4194 1700 4247 enim
1735 4192 1986 4266 legimus

337 4272 395 4325 in
420 4274 648 4325 vetusto
676 4268 989 4339 exemplari
1042 4283 1111 4322 :«
1171 4262 1317 4322 sane
1363 4273 1524 4321 extra
1576 4272 1816 4339 caeteros
1875 4262 1982 4318 cli-

335 4337 1112 4411 macteras,etiam'rseptimi
1173 4339 1312 4411 anni
1337 4343 1392 4392 et
1460 4337 1619 4403 noni,
1684 4353 1783 4405 per
1813 4351 1986 4390 omne

335 4414 468 4470 vita:
498 4419 732 4484 tempus
772 4410 1161 4484 multiplicata
1210 4410 1431 4465 ratione
1462 4413 1785 4484 currentes,
1817 4412 1986 4484 natu-

340 4485 447 4540 rali
474 4480 729 4556 quad-am
780 4488 837 4539 et
893 4480 1116 4556 latenti
1147 4483 1395 4548 ratione,
1454 4480 1654 4556 variis
1690 4480 1983 4556 hominem

344 4550 734 4628 periculorum
775 4553 1215 4628 discriminibus
1246 4569 1478 4624 semper
1506 4552 1788 4628 afﬁciunt.
1826 4550 1986 4604 Unde

342 4626 400 4684 et
426 4630 496 4683 63
527 4645 740 4695 annus,
774 4628 914 4698 quia
943 4626 1247 4697 utriusque
1271 4626 1522 4698 Anumeri
1557 4639 1850 4698 summam
1882 4638 1984 4698 pa-

347 4674 740 4771 Haases:
776 4674 1792 4771 against;statim;animi
1812 4674 1986 4771 ρειτυιο
2018 4674 2063 4736 ι)

345 4778 511 4843 post:
546 4795 573 4821 «
611 4765 722 4826 Hac
753 4788 821 4826 ex
852 4788 1029 4826 causa
1052 4770 1123 4824 ab
1152 4765 1434 4843 i‘Egyptiis
1458 4765 1764 4843 androclas
1796 4767 1988 4843 dictus

344 4838 454 4909 est,
488 4844 642 4914 quod
677 4860 908 4898 omnem
942 4843 1047 4898 viri
1080 4838 1469 4914 substantiam
1529 4842 1757 4914 frangat
1792 4854 1857 4891 ac
1887 4838 1987 4914 de-

346 4908 550 4970 bilitet.
587 4934 611 4965 ν
648 4920 861 4971 Eadem
892 4932 1026 4970 vero
1077 4915 1383 4968 occasione
1440 4911 1847 4966 describantur
1898 4908 1990 4962 hic

346 4988 519 5042 etiam
553 4988 901 5042 eveteribus
932 4985 1097 5041 libris
1130 4985 1398 5053 quaedam
1435 4985 1505 5038 ab
1548 4983 1761 5053 Agellio
1817 4982 1994 5036 citata

347 5076 414 5114 ex
438 5058 626 5129 primo
657 5058 938 5113 librorum
968 5074 1125 5129 quos
1148 5053 1224 5110 M.
1263 5057 1434 5111 Varro
1492 5053 1795 5129 inscripsit
1840 5053 1992 5129 [Ieb-

346 5124 649 5199 domades,
691 5131 778 5185 vel
827 5131 896 5185 de
953 5124 1311 5199 imaginibus
1359 5124 1990 5199 septenarii’numcri:

351 5223 372 5250 (ι
407 5197 786 5257 Climacteras
816 5197 1197 5273 gravissimos
1231 5216 1495 5272 quosque
1554 5197 1676 5252 ﬁeri
1736 5201 1995 5267 septena-

349 5273 489 5329 rios.
532 5295 555 5324 »
592 5275 716 5329 R10.

413 5346 524 5415 (36)
556 5368 583 5395 ‹‹
648 5345 782 5412 Quis
845 5343 961 5415 ludi
1016 5344 1295 5411 magister,
1355 5341 1479 5415 sine
1532 5340 1722 5415 tabam
1793 5347 1994 5415 septem

346 5410 645 5471 idetorum.
667 5410 710 5466 3»
742 5419 927 5469 Antea
946 5410 1248 5483 legebatur
1275 5431 1287 5469 :
1316 5436 1341 5461 ‹‹
1377 5413 1517 5475 Quis
1543 5412 1663 5466 ludi
1692 5410 1995 5480 magister,

346 5490 392 5543 si
428 5506 540 5543 non
575 5486 866 5544 tabularia
896 5485 1206 5555 idolorum,
1240 5485 1620 5555 quinquatria
1650 5488 1847 5536 tamen
1883 5483 1994 5555 tre-

349 5561 671 5629 quentabit.
706 5582 732 5609 ››
782 5558 948 5612 Nullo
1000 5552 1201 5611 sensu.
1260 5552 1611 5629 Rectissima
1668 5559 1792 5608 erat
1850 5552 1992 5606 scri-

351 5627 523 5703 ptura
551 5639 738 5700 vetus,
764 5632 883 5703 jam
913 5627 1488 5703 observataquidem
1535 5632 1795 5703 garrieo,
1838 5638 1994 5703 nunc

350 5696 522 5757 etiam
559 5696 849 5776 Agebardi
881 5700 1076 5776 codice
1109 5696 1471 5776 confirmata.
1535 5699 1611 5776 Ea
1642 5704 1732 5776 est
1786 5696 1996 5776 hujus-

355 5776 545 5833 modi:
583 5769 780 5845 «"Quis
828 5774 952 5831 ludi
1007 5771 1287 5845 magister
1343 5771 1470 5827 sine
1529 5769 1732 5827 tabula
1771 5773 1993 5841 septem

2098 3765 2314 3836 tabula,
2342 3768 2495 3821 hunc
2550 3770 2749 3820 tamen
2783 3765 3164 3836 quinquatria
3212 3765 3745 3836 frequentaturum.

2098 3841 2237 3904 Quis
2270 3833 2465 3893 autem
2502 3838 2673 3893 fuerit
2699 3833 2849 3909 apud
2873 3833 3508 3909 ludimagistros’istius
3530 3833 3741 3909 tabulas

2097 3913 2217 3965 sive
2276 3909 2538 3965 Iaterculi
2591 3906 2813 3981 septem
2870 3906 3125 3981 dierum'
3179 3925 3343 3973 usus,
3396 3906 3740 3981 diligentius

2098 3982 2392 4053 inquirere
2423 3979 2707 4053 nontan'ti
2739 3984 2849 4034 est.
2884 3980 3149 4035 Forsitan
3194 3979 3600 4053 praescriptum
3634 3981 3739 4053 aut

2095 4046 2491 4131 signiﬁcatum
2527 4052 2644 4107 illic
2676 4054 2955 4131 fuitquid
3015 4046 3275 4131 quaquen
3303 4050 3396 4131 die
3429 4046 3740 4119 discipulis

2093 4122 2241 4180 tradi
2277 4125 2509 4179 reddive
2538 4129 2848 4196 Oporteret.
2881 4122 3200 4187 Juvenalis,
3245 4125 3362 4176 Sat.
3396 4136 3475 4174 vn
3511 4137 3522 4174 :

2189 4239 2267 4286 Nil
2298 4239 2417 4287 salit
2447 4238 2694 4287 arcadico
2719 4238 2928 4301 juveni,
2952 4237 3106 4299 cujus
3140 4236 3445 4301 mihisexta

2186 4302 2407 4364 Quaque
2438 4302 2522 4349 die
2552 4296 2804 4349 miserum
2838 4296 2988 4348 dirus
3017 4296 3195 4361 'caput
3248 4296 3507 4347 Hannibal
3538 4296 3745 4359 implet.

2098 4408 2173 4461 Ea
2205 4407 2317 4473 die,
2351 4405 2600 4472 scilicet,
2631 4406 2812 4460 totius
2847 4403 3234 4459 hebdomadis
3288 4418 3527 4457 summa
3583 4399 3745 4456 colli-

2095 4480 2358 4550 gebatur.
2411 4479 2674 4548 Septima
2705 4478 2817 4550 die,
2852 4477 3020 4541 quies
3051 4482 3108 4550 et
3162 4476 3369 4530 otium.
3435 4475 3564 4544 ipse
3608 4473 3745 4550 'I_‘er-

2093 4543 2382 4605 t'ullianus
2414 4543 2559 4604 libro
2593 4551 2663 4604 ad
2696 4543 2976 4603 Nationes
2998 4548 3210 4619 primo,
3231 4562 3356 4617 cap.
3388 4543 3490 4598 xm
3526 4561 3538 4598 :
3571 4566 3599 4594 ‹‹
3632 4543 3748 4619 Υοε

2095 4626 2250 4677 certe
2282 4622 2446 4687 estis,
2482 4620 2581 4691 qui
2612 4622 2670 4674 in
2706 4616 3055 4675 latercnlum
3110 4616 3332 4690 septem
3359 4619 3606 4691 dierum
3639 4616 3748 4670 So-

2100 4694 2211 4748 lem
2248 4688 2637 4765 recepistis,et
2666 4709 2731 4748 ex
2765 4692 2974 4765 diebus
3007 4688 3204 4765 ipsum
3236 4688 3753 4765 praelegistis,_quo

2099 4766 2189 4820 die
2221 4759 2514 4819 lavacrum
2548 4764 2936 4831 subtrahatis,
2971 4759 3073 4817 aut
3129 4762 3187 4816 in
3220 4759 3519 4833 vesperam
3579 4759 3751 4815 diffe-

2099 4838 2265 4903 ratis,
2299 4844 2400 4891 aut
2431 4838 2613 4891 otium
2646 4842 2701 4890 et
2734 4837 3047 4908 prandium
3082 4833 3380 4908 curetisrtn
3414 4837 3540 4908 Bia.

2172 4909 2283 4979 (37)
2340 4902 2950 4978 Quinquatriaaamen
2998 4905 3390 4979 frequentabit.
3448 4902 3751 4979 Quinqua-

2105 4975 2234 5047 tria,
2268 4975 2370 5034 Seu
2405 4975 2825 5049 Quinquatrus,
2860 5000 2887 5028 «
2947 4975 3122 5033 Sacra
3182 4978 3470 5046 Minerva),
3513 4975 3755 5049 nomina

2104 5046 2233 5122 quae
2264 5052 2542 5119 ajunctis
2574 5046 2839 5121 quinque
2892 5050 3100 5105 diebus
3159 5049 3459 5122 habent.»
3515 5046 3754 5122 Adhaec

2103 5116 2268 5177 sacra
2317 5116 2767 5194 ludimagistros
2810 5128 2977 5177 vocat
3035 5123 3190 5176 idem
3243 5120 3505 5185 Ovidius,
3558 5116 3657 5171 lib.
3692 5132 3756 5169 in

2103 5197 2310 5249 Faster.
2351 5213 2363 5250 :

2166 5312 2270 5358 Nec
2304 5324 2396 5357 vos
2427 5310 2581 5358 turba
2612 5308 2708 5356 feri
2739 5322 2901 5357 censu
2935 5308 3180 5356 fraudata
3210 5305 3452 5367 magistri

2199 5375 2464 5436 Spernite,
2497 5371 2785 5433 discipulos
2818 5372 3036 5419 attrahit
3072 5371 3159 5418 ille
3182 5365 3372 5418 novos.
3472 5365 3587 5412 Rm.

2177 5480 2289 5550 (38)
2328 5479 2660 5535 Verbotcnus
2715 5478 2778 5532 de
2824 5476 3140 5550 idolothyto
3197 5492 3342 5550 esse_
3360 5472 3622 5550 dicatur._
3659 5470 3760 5550 Se-

2105 5542 2307 5621 quitur
2338 5553 2393 5605 in
2454 5550 2709 5621 vulgatis
2769 5542 3175 5603 editionibvus:
3227 5570 3254 5596 ‹‹
3310 5542 3763 5621 Pro_i_dol_olatra

2105 5615 2337 5678 vitetur.
2371 5646 2397 5672 ‘)
2429 5615 2590 5686 Quod
2627 5639 2739 5676 non
2776 5622 3003 5675 videtur
3055 5635 3182 5674 esse
3229 5615 3592 5679 Tertulliani,
3651 5615 3762 5671 etsi

2109 5696 2166 5749 in
2202 5696 2329 5750 cod.
2388 5695 2677 5763 Agobardi
2741 5693 3068 5765 reperiatur
3115 5707 3128 5746 :
3191 5712 3218 5740 «
3271 5690 3377 5745 Pro
3428 5687 3761 5747 idololatria

2108 5769 2342 5823 vitatur.
2380 5789 2408 5816 ››
