4262 6372
510 364 619 428 751

1028 362 1552 427 TERTULLIANI
1597 360 1922 426 OPERUM
1967 362 2165 425 PARS
2210 362 2257 423 Ι.
2286 397 2363 409 -
2394 362 2668 427 SERIES
2713 364 2763 441 Ι,
2812 360 3376 428 APOLOGETICA.

3792 354 3913 425 752

452 537 463 547 -
511 500 983 572 septimuntium,
1024 504 1080 555 et
1121 500 1363 567 brumze,
1395 503 1453 554 et
1480 516 1623 555 cara:
1656 498 2023 571 cognationis
2055 498 2155 554 lio-
2184 499 2236 565 Α
2268 498 2367 570 qui
2397 499 2591 555 sciens
2619 514 2905 555 venenum
2938 500 3011 555 ab
3060 498 3262 573 ignaro
3310 497 3542 570 accipit,
3574 513 3681 553 nec
3736 494 3907 551 bibit.

515 589 750 644 neraria
780 589 1059 661 exigenda
1116 588 1333 658 omnia,
1394 587 1571 643 Florae
1617 588 1662 622 ⁵⁸
1721 587 1932 643 schola
1990 603 2156 642 coro-

518 678 722 733 nanda
791 678 926 749 (39).
984 676 1315 731 Flaminicze
1389 686 1444 732 et
1523 676 1719 731 aediles
1802 677 2156 739 sacriﬁcant,

519 765 727 821 creatis
758 766 801 800 ³⁸
832 765 1032 821 schola
1064 766 1386 821 honoratur
1408 766 1717 836 feriis(40).
1754 766 1906 820 Idem
1936 763 2159 819 ﬁtidoli

520 854 697 910 natali
739 854 932 910 omnis
990 854 1202 909 diaboli
1255 871 1468 925 pompa
1527 856 1947 924 frequentatur.
2006 850 2158 907 675

518 942 656 1006 Quis
716 942 836 997 hac
867 949 1194 1015 competere
1245 942 1565 997 christiano
1624 941 1979 997 existimabit
2024 941 2159 1013 (41),

519 1031 632 1087 nisi
668 1033 769 1104 qui
810 1031 1041 1103 putabit
1070 1032 1376 1088 convenire
1426 1031 1596 1085 etiam
1662 1047 1775 1086 non
1822 1029 2103 1101 magistro
2132 1028 2160 1083 7

518 1120 747 1178 Scimus
778 1121 891 1176 dici
924 1138 1095 1193 posse
1126 1139 1139 1176 :
1174 1145 1201 1171 ‹‹
1244 1121 1299 1174 Si
1352 1121 1557 1175 docere
1597 1119 1817 1175 litteras
1848 1119 1947 1173 Dei
1978 1118 2160 1174 servis

520 1228 635 1266 non
666 1208 821 1280 licet,
844 1211 1022 1265 etiam
1067 1226 1171 1264 nec
1229 1210 1451 1264 discere
1509 1207 1726 1264 licebit.
1772 1212 1839 1262 Et
1867 1208 2159 1280 quomodo

520 1298 652 1372 quis
684 1297 1086 1355 institueretur
1116 1299 1187 1354 ad
1231 1298 1603 1369 prudentiam
1664 1297 1891 1353 interim
1947 1297 2159 1351 huma-

520 1405 680 1456 nam,
736 1387 826 1444 vel
881 1388 953 1443 ad
1026 1404 1456 1459 quemcumque
1504 1402 1743 1441 sensum
1804 1384 1889 1440 vel
1940 1389 2155 1451 actum,

521 1494 654 1533 cum
681 1478 724 1511 ⁸⁸
757 1476 1216 1531 instrumentum
1253 1475 1329 1530 sit
1358 1476 1427 1530 ad
1462 1492 1693 1529 omnem
1728 1474 1902 1528 vitam
1937 1474 2159 1529 littera-

524 1568 698 1622 tura?
728 1566 1026 1628 Quomodo
1058 1566 1435 1634 repudiamus
1459 1565 1757 1617 sincularia
1789 1565 2001 1627 studia,
2034 1564 2159 1617 sine

524 1654 739 1727 quibus
796 1653 991 1708 divina
1044 1670 1155 1707 non
1190 1654 1485 1724 possunt?
1546 1676 1570 1697 »ι
1618 1652 1932 1705 Videamus
1981 1652 2162 1721 igitur

526 1742 931 1799 necessitatem
962 1740 1315 1796 litteratoria:
1349 1740 1693 1794 eruditionis
1728 1757 1741 1799 :
1779 1740 2161 1810 respiciamus

526 1849 594 1888 ex
627 1836 787 1904 parte
816 1846 942 1885 eam
977 1830 1208 1884 admitti
1270 1846 1383 1883 non
1445 1846 1632 1899 posse,
1666 1846 1734 1883 ex
1766 1836 1926 1900 parte
1970 1831 2159 1883 vitari.

529 1919 750 1976 Fideles
782 1919 968 1991 magis
1000 1920 1244 1980 discere,
1277 1935 1451 1989 quam
1484 1919 1687 1974 docere
1720 1919 1940 1973 litteras
1972 1919 2149 1989 capit.

524 2009 764 2065 Diversa
818 2011 907 2063 est
964 2006 1118 2062 enim
1185 2005 1331 2061 ratio
1381 2007 1640 2061 discendi
1686 2011 1742 2061 et
1792 2006 2057 2061 docendi.
2100 2007 2157 2061 Si

523 2097 712 2153 ﬁdelis
741 2096 965 2151 litteras
997 2097 1199 2151 doceat
1232 2095 1482 2150 insertas
1514 2096 1553 2129 57
1610 2094 1899 2149 idolorum
1951 2096 2156 2165 praedi-

522 2185 747 2243 catione
778 2185 842 2253 ⁵⁸,
876 2184 1003 2240 sine
1036 2183 1233 2250 dubio,
1291 2184 1431 2237 dum
1492 2184 1677 2249 docet,
1737 2185 2109 2238 commendat
2141 2202 2154 2241 :

523 2274 660 2329 dum
696 2273 892 2341 tradit,
927 2272 1180 2326 afﬁrmat
1214 2272 1388 2326 :dum
1437 2276 1868 2340 commemorat,
1901 2271 2159 2326 testimo-

506 2364 682 2429 nium
715 2362 860 2419 dicit
890 2361 1081 2432 (Exod.
1115 2378 1275 2426 xxxii,
1334 2361 1419 2430 l3)
1452 2381 1465 2425 ς
1500 2362 1639 2415 deos
1688 2361 1845 2431 ipsos
1900 2359 2007 2415 hoc
2057 2378 2155 2416 no-

520 2452 677 2507 mine
706 2452 1002 2522 obsignat,
1057 2466 1189 2504 cum
1239 2450 1325 2504 lex
1388 2449 1689 2520 prohibeat
1740 2451 1829 2519 (ut
1880 2450 2157 2519 diximus)

524 2542 665 2596 deos
723 2538 1093 2611 pronuntiari
1151 2539 1339 2609 (Exod.
1395 2538 1508 2608 xx).
1565 2543 1622 2592 et
1670 2554 1878 2591 nomen
1938 2537 2047 2592 hoc
2099 2539 2160 2591 in

522 2643 670 2683 vano
702 2626 990 2682 collocari.
1013 2626 1153 2680 Hinc
1186 2625 1374 2697 prima
1406 2625 1637 2680 diabolo
1670 2627 1814 2679 ﬁdes
1843 2626 2163 2680 aediﬁcatur

524 2716 596 2773 ab
618 2715 802 2771 initiis
825 2715 1191 2771 eruditionis.
1227 2721 1425 2781 Quzere
1459 2733 1529 2770 an
1582 2714 1971 2770 idololatriam
2005 2732 2160 2770 com-

520 2806 719 2861 mittat
749 2803 850 2876 qui
881 2805 951 2858 de
982 2804 1153 2858 idolis
1172 2804 1617 2874 catechizatMZ)
1649 2803 1675 2857 ‘1
1706 2808 1775 2857 At
1805 2820 1936 2858 cum
1975 2805 2159 2860 ﬁdelis

522 2892 645 2947 haec
674 2892 892 2957 discit;
929 2892 976 2945 si
1016 2892 1139 2961 jam
1174 2892 1326 2961 sapit
1383 2892 1476 2960 qui
1539 2893 1637 2959 sit,
1696 2908 1882 2962 neque
1931 2893 2155 2962 recipit,

520 2996 711 3052 neque
737 2979 1011 3044 admittit,
1048 2978 1230 3034 multo
1280 2967 1473 3050 magis.
1508 2981 1555 3033 si
1615 2981 1871 3034 nondum
1908 2980 1952 3013 ω
1982 2981 2152 3050 sapit.

514 3072 628 3125 Aut
659 3068 757 3124 ubi
788 3067 1027 3139 cmperit
1055 3083 1281 3139 sapere,
1315 3070 1479 3139 prius
1496 3067 1685 3140 sapiat
1731 3072 1976 3137 oportet,
2001 3069 2152 3139 quod

515 3158 681 3231 prius
710 3157 938 3226 didicit,
972 3157 1025 3211 id
1059 3161 1169 3221 est,
1214 3158 1284 3211 de
1315 3156 1429 3211 Deo
1460 3163 1517 3212 et
1573 3158 1683 3211 fide
1712 3174 1725 3211 :
1763 3157 2000 3229 proinde
2053 3158 2154 3213 illa

2267 586 2410 642 Huic
2438 588 2759 643 necessitas
2780 590 2848 643 ad
2910 588 3344 644 excusationem
3398 587 3734 659 deputatur,
3768 583 3908 657 quia

2268 675 2433 730 aliter
2464 677 2688 732 discere
2730 694 2845 732 non
2907 682 3115 749 potest.
3176 677 3363 733 Tanto
3420 681 3619 732 autem
3681 672 3913 729 facilius

2267 771 2353 819 est
2380 765 2606 820 litteras
2640 783 2753 821 non
2786 768 3011 836 docere,
3043 783 3216 837 quam
3270 782 3385 821 non
3417 763 3661 831 discere,
3692 766 3914 834 quanto

2270 858 2326 908 et
2350 852 2572 924 reliqua
2603 854 2936 910 scholarum
2970 856 3040 910 de
3073 854 3326 926 publicis
3356 853 3606 925 propriis
3630 851 3913 908 solemni—

2268 942 2488 997 tatibus
2516 942 2959 1013 inquinamenta
2979 942 3212 998 facilius
3238 941 3545 1014 discipulis
3574 940 3761 996 ﬁdelis
3793 956 3910 995 non

2270 1031 2475 1101 adibit,
2508 1047 2684 1102 quam
2711 1031 2991 1103 magister
3021 1048 3134 1088 non
3179 1030 3594 1103 frequentabit.

2906 1172 3142 1229 CAPUT
3171 1172 3266 1228 XI.

2339 1295 2419 1350 De
2451 1296 2943 1368 negotiationibus
2978 1297 3045 1367 ⁸ο,
3076 1296 3128 1352 si
3167 1301 3373 1352 caetera
3420 1294 3766 1351 delictorum
3821 1310 3910 1350 re-

2268 1384 2609 1455 cogitemus,
2633 1385 2688 1439 in
2724 1385 2929 1457 primis
2960 1384 3339 1457 cupiditatem
3358 1384 3613 1440 radicem
3645 1382 3913 1439 omnium

2269 1472 2421 1527 010
2445 1472 2754 1541 malorum,
2787 1490 2902 1544 qua
2945 1474 3180 1544 quidam
3246 1472 3475 1543 irretiti,
3521 1474 3675 1528 circa
3731 1472 3912 1527 ﬁdem

2271 1562 2637 1632 naufragium
2673 1568 2809 1615 sunt
2832 1562 2985 1633 passi
3018 1563 3128 1633 (43)
3163 1581 3177 1627 ;
3228 1561 3498 1632 quamvis
3555 1567 3613 1616 et
3669 1560 3915 1616 idolola-

2271 1649 2379 1701 tria
2410 1649 2708 1703 flllf'tidmn
2744 1652 3008 1720 apostolo
3059 1652 3215 1704 dicta
3264 1651 3339 1704 sit
3397 1649 3709 1721 cupiditas.
3761 1649 3916 1703 Tum

2272 1738 2660 1799 mendacium,
2693 1738 3034 1810 cupiditatis
3063 1738 3423 1793 ministrum.
3463 1742 3645 1793 Taceo
3676 1739 3747 1792 de
3779 1754 3918 1809 per-

2263 1827 2442 1896 jurio,
2472 1828 2706 1897 quando
2729 1844 2799 1881 ne
2834 1844 3022 1895 iurare
3063 1827 3299 1899 quidem
3333 1827 3523 1883 liceat.
3583 1827 3918 1899 Negotiatio

2267 1932 2430 1970 servo
2461 1915 2557 1969 Dei
2588 1919 2725 1988 apta
2760 1920 2850 1971 est
2880 1917 2908 1970 ’ἶ
2932 1917 3235 1979 Caeterum,
3281 1916 3332 1972 si
3388 1915 3679 1988 cupiditas
3709 1915 3917 1972 absce-

2268 2004 2387 2069 dat,
2447 2020 2573 2074 quae
2632 2010 2722 2059 est
2778 2021 2954 2061 causa
3010 2004 3373 2077 acquirendi,
3418 2007 3683 2061 cessante
3736 2020 3921 2061 causa

2267 2091 2619 2162 acquirendi,
2681 2110 2794 2147 non
2848 2095 2958 2148 erit
3014 2094 3333 2149 necessitas
3390 2093 3749 2166 negotiandi.
3818 2093 3910 2149 Sit

2267 2198 2423 2235 nune
2450 2179 2897 2252 aliquajustitia
2918 2186 3201 2253 quaestus,
3235 2198 3443 2238 secura
3460 2182 3531 2237 de
3560 2180 3908 2253 cupiditatis

2266 2273 2322 2323 et
2375 2269 2662 2323 mendacii
2723 2270 3143 2337 observatione,
3213 2269 3272 2324 in
3333 2270 3553 2326 crimen
3614 2269 3911 2325 offendere

2268 2356 2603 2411 idololatriae
2634 2374 2761 2412 eam
2792 2357 3016 2430 opinor,
3061 2376 3191 2431 quae
3250 2359 3320 2413 ad
3371 2359 3556 2429 ipsam
3618 2358 3912 2415 idolorum

2268 2448 2525 2501 animam
2560 2452 2616 2503 et
2643 2448 2915 2519 spiritum
2966 2449 3235 2520 pertinet,
3292 2466 3420 2520 quae
3478 2465 3652 2503 omne
3695 2449 3911 2504 daemo-

2271 2535 2431 2587 nium
2467 2536 2716 2606 saginat.
2748 2542 2897 2590 Sane
2927 2552 3120 2591 annon
3154 2535 3254 2591 illa
3281 2535 3623 2608 principalis
3656 2536 3907 2592 idolola-

2269 2623 2379 2678 tria
2409 2624 2519 2694 (44)
2551 2623 2577 2677 7
2608 2625 2858 2680 viderint
2916 2624 2963 2679 si
3022 2625 3204 2679 aedem
3254 2640 3500 2689 merces,
3557 2624 3733 2680 thura
3779 2626 3915 2682 dico

2269 2718 2326 2767 et
2363 2720 2565 2768 caetera
2596 2712 3028 2785 peregrinitatis
3058 2714 3170 2784 (45)
3233 2715 3304 2770 ad
3340 2714 3696 2770 sacriﬁcium
3728 2713 3915 2770 idolo-

2270 2820 2422 2873 rum,
2481 2804 2653 2858 etiam
2708 2803 3045 2859 hominibus
3103 2804 3170 2857 ad
3244 2803 3541 2875 pigmenta
3598 2804 3915 2860 medicina-

2266 2891 2343 2946 lia
2372 2893 2505 2962 (46),
2542 2893 2710 2946 nobis
2741 2908 2972 2962 quoque
3002 2892 3243 2964 insuper
3266 2893 3337 2946 ad
3362 2893 3569 2948 solatia
3593 2893 3908 2964 sepultum

2267 2980 2398 3034 usui
2441 2986 2598 3035 sunt.
2648 2986 2809 3035 Certe
2866 2996 2999 3035 cum
3059 2996 3307 3053 pompae,
3365 2996 3496 3036 cum
3554 2981 3907 3047 sacerdotia,

2264 3085 2398 3123 cum
2432 3068 2719 3123 sacriﬁcia
2749 3067 3037 3124 idolorum
3070 3069 3141 3123 de
3172 3066 3471 3140 periculis,
3528 3069 3599 3124 de
3646 3068 3907 3137 damnis,

2264 3158 2334 3211 de
2366 3156 2778 3224 incommodis,
2813 3158 2882 3211 de
2929 3156 3402 3228 cogitationibus,
3435 3157 3506 3212 de
3535 3156 3906 3215 discursibus

520 3230 777 3319 respuet,
827 3261 933 3301 nec
962 3245 1216 3317 recipiet.
1277 3246 1345 3299 Et
1399 3247 1510 3300 erit
1555 3252 1672 3301 tam
1734 3253 1916 3311 tutus,
1976 3262 2153 3317 quam
2186 3230 2228 3295 Ο
2269 3245 2831 3316 negotiationibusve
2860 3246 2973 3316 (47)
3006 3246 3400 3313 instruuntur,
3422 3245 3523 3317 qui
3544 3246 3702 3301 aliud
3729 3262 3909 3317 quam

1936 3380 2136 3441 Variae
2167 3379 2488 3442 lectiones.

588 3503 633 3537 ⁸⁴
661 3501 1021 3576 Flo_re_Fran.
1054 3502 1355 3576 “gf/Edibus
1384 3503 1567 3576 sacris
1598 3502 1809 3559 Cereri.
1843 3504 2086 3560 Rhenan.
2110 3504 2150 3539 ⁵⁸

2270 3504 2281 3557 i
2318 3504 2524 3576 Rigalt.
2553 3504 2595 3539 ⁸⁷
2630 3504 2845 3559 Inserta
2876 3504 3070 3559 Wouw.
3132 3503 3197 3558 Ill.
3228 3505 3289 3576 ξ,
3348 3502 3391 3537 ⁵⁸
3452 3504 3908 3561 Ρινεᾱίοελιὶοηθε

522 3574 720 3647 Rigalt.
752 3573 808 3647 ‘°_
825 3572 1055 3647 Dudum
1092 3573 1267 3647 Venet,
1301 3574 1467 3628 Seml.
1497 3575 1541 3608 ⁵ο
1578 3576 2064 3647 Degenerabimus
2092 3578 2253 3630 Fran.
2289 3572 2845 3647 Degenerationibus
2872 3576 2999 3630 Jun.
3024 3575 3202 3629 Paris.
3236 3575 3315 3647 De
3358 3577 3748 3647 gravioribus,
3780 3578 3905 3633 Lat.

519 3644 600 3719 De
622 3644 1009 3719 negotiatione
1040 3662 1189 3712 vero,
1224 3645 1270 3700 si
1305 3651 1509 3700 caetera
1530 3651 1637 3701 etc.
1660 3644 1737 3701 de
1769 3646 2022 3718 publicis
2044 3666 2107 3703 ac
2141 3644 2401 3718 propriis
2419 3647 2889 3703 solemnitatibus
2918 3647 3113 3702 Wouw.
3146 3647 3214 3702 Μ.
3250 3646 3304 3702 S.
3332 3644 3405 3703 D'e
3428 3648 3909 3719 generationibus

516 3717 769 3773 Rhenan.
800 3720 854 3772 et
879 3718 1007 3773 Jun.

1942 3808 2461 3870 Commentarius.

583 3911 696 3985 (39)
726 3911 904 3985 Flora:
922 3909 1123 3967 scholae
1148 3910 1498 3968 coronanda‘z.
1527 3911 1846 3969 Floralibus
1901 3914 2143 3980 scilicet,

513 3983 691 4040 Fiam
723 3983 925 4038 sacris.

583 4055 696 4127 (40)
729 4054 939 4127 Creatis
986 4052 1173 4108 schola
1218 4052 1534 4127 honoratur
1586 4056 1765 4124 feriis.
1827 4056 1920 4110 Sic
1970 4056 2145 4112 habet

509 4124 691 4198 vetus:
706 4126 1018 4196 exemplar.
1044 4124 1402 4196 lneptissimi
1434 4132 1605 4198 antea
1635 4126 1957 4198 legebatur,
1983 4128 2141 4183 Cere-

509 4197 589 4251 ris
616 4196 818 4253 schola.
861 4200 1098 4268 creatas
1154 4197 1326 4252 ferias
1383 4197 1541 4261 dicit,
1599 4196 1725 4268 quas
1804 4196 1945 4254 non
1978 4204 2145 4255 erant

510 4271 672 4323 stataa
693 4275 795 4324 aut
822 4266 1135 4333 solemnes,
1197 4269 1296 4324 sed
1356 4266 1688 4324 indictivse:
1730 4270 1802 4324 ab
1860 4270 2144 4327 [Edilibus

505 4339 731 4465 scilicet
760 4343 864 4396 aut
910 4339 1245 4395 Flaminicis
1292 4340 1364 4395 ob
1405 4341 1693 4397 sacriﬁcia
1748 4343 2009 4413 quaedam
2051 4342 2143 4397 in-

548 4427 600 4465 io
628 4428 697 4465 te.

548 4411 697 4467 ictae.

580 4482 693 4554 (41)
754 4482 884 4549 Quis
940 4481 1067 4554 haec
1091 4485 1358 4554 complere
1409 4481 1741 4554 Christiano
1783 4486 2143 4539 existimabit.

507 4551 749 4627 Ho'cest
798 4553 955 4627 omni
1012 4551 1362 4627 Qhristiano,
1402 4562 1541 4627 tam
1602 4553 1907 4627 discipulo,
1967 4571 2143 4627 quam

505 4625 803 4695 magistro.
838 4624 933 4698 Ai_t_
958 4623 1113 4677 enim
1132 4624 1414 4698 excusari
1446 4643 1619 4698 posse
1646 4623 2023 4698 discipulum,
2052 4627 2146 4682 cui

2254 3915 2371 3970 fere
2402 3911 2800 3969 Tertullianus
2822 3912 2961 3968 dum
2981 3912 3125 3986 citat
3144 3912 3400 3986 aliquem
3431 3929 3463 3969 e
3492 3912 3674 3970 sacris
3689 3912 3899 3969 codici-

2252 3987 2385 4050 bus.
2418 3986 2644 4042 Graecos
2668 3989 2959 4052 sectatur;
2990 3984 3084 4039 hic
3113 3984 3476 4056 naufragium
3518 3986 3670 4056 passi
3695 3990 3894 4043 tamen

2251 4060 2331 4114 ait
2388 4074 2509 4128 pro.
2559 4064 2902 4128 erraverunt,
2952 4056 3200 4128 habetur
3251 4058 3466 4128 quippe
3540 4058 3597 4111 in
3649 4056 3891 4115 Grmco:

2250 4124 2706 4197 ἀπεπλανήθησαν
2739 4125 2843 4180 ἀπὸ
2872 4131 2970 4195 τῆς
3001 4124 3486 4187 πίστεωςῘΙδΒ-Ριι.

2323 4202 2436 4283 (44)
2468 4203 2611 4255 Sane
2633 4200 2955 4283 annouan
2983 4200 3318 4283 principalis
3346 4199 3664 4283 Idololalrz'a
3749 4198 3900 4255 scri-

2255 4268 2340 4344 psi
2371 4268 2577 4355 aunoa,
2600 4278 2707 4355 etc.
2742 4270 2948 4355 Notam
2980 4268 3456 4355 iq‘terrogatiqnis
3486 4268 3729 4355 adiunxi
3780 4286 3900 4355 qua

2254 4341 2684 4414 carentvulgati
2716 4341 2969 4414 codices.
3018 4341 3237 4412 Scripsi
3283 4341 3354 4397 ad
3408 4341 3899 4414 sacriﬁciumrido-

2255 4417 2456 4484 lorum,
2489 4413 2725 4470 secutus
2764 4413 3031 4468 Junium.
3086 4429 3225 4469 nam
3282 4414 3343 4469 in
3401 4414 3679 4469 omnibus
3734 4413 3901 4469 deest

2257 4487 2603 4559 prmpositio,
2651 4489 2716 4559 ut
2774 4485 2998 4559 videtur
3048 4485 3317 4559 addenda
3371 4502 3440 4541 ex
3487 4485 3896 4557 sequentibus.

2257 4554 2338 4614 ita
2360 4554 2515 4613 enim
2548 4557 2794 4612 clariora
2823 4554 3036 4611 omnia.
3069 4556 3209 4611 Lac.

2327 4631 2437 4710 (45)
2472 4629 2677 4710 Caetera
2703 4643 2867 4710 persp
2884 4628 3155 4710 riml‘atis.
3187 4627 3553 4710 constructio
3581 4633 3669 4683 est
3689 4642 3897 4710 graeca,

505 4676 742 4770 nodosae
772 4699 860 4749 est
880 4695 1102 4749 discere
1132 4694 1364 4770 litteras,
1404 4676 1477 4751 ab
1533 4698 1765 4753 ethnico
1796 4676 2104 4770 rmagistro
2131 4724 2145 4765 ς
2177 4676 2223 4740 Ῑ)
2257 4676 2672 4756 uolat/scilicet
2701 4676 2919 4754 Exotica
2942 4698 3343 4770 odoramenta,
3382 4713 3512 4770 qua:
3569 4715 3638 4754 ex
3685 4676 3900 4753 Xrabia

505 4771 566 4839 at
596 4767 731 4821 ferri
776 4782 890 4839 non
945 4783 1114 4839 posse
1167 4767 1574 4837 christianum,
1635 4772 1730 4839 qui
1789 4767 2139 4839 post'ﬁdem

501 4836 729 4892 Christo
760 4837 952 4890 datam
984 4838 1528 4903 ﬁatludimagistor,
1562 4836 1894 4895 'et'littoras
1939 4842 2143 4896 doceat

504 4908 721 4963 crebris
752 4913 1054 4982 poetarum
1084 4909 1573 4982 praelectionibus,
1618 4912 1904 4967 idolorum
1957 4913 2139 4982 inqui-

503 4981 818 5045 namentis,
844 4994 967 5050 qua:
1002 4980 1245 5048 probare
1275 4986 1469 5050 tamen
1523 4982 1778 5039 videatur
1814 4980 2139 5039 enarrando

500 5048 983 5122 explicandoque.
1008 5050 1133 5106 Rio.
1457 5048 1465 5056 ’

2250 4777 2305 4826 in
2363 4779 2621 4828 nostrum
2657 4772 2855 4826 orbem
2879 4769 3267 4825 advehuntur.
3304 4769 3436 4826 Lac.

2317 4844 2427 4914 (46)
2454 4846 2632 4899 Etiam
2672 4843 2983 4896 hominibus
3040 4841 3121 4914 ad
3164 4845 3444 4913 pigmenta
3501 4840 3893 4914 medicinalia,

2248 4919 2386 4995 Nam
2414 4911 2801 4998 etpigmenta
2829 4920 2968 4998 sunt
3001 4911 3173 4969 utilia
3224 4911 3548 4998 medicinae.
3585 4911 3772 4998 “Unde
3800 4997 3803 4998 ν
3833 4916 3895 4966 et

2248 4983 2616 5057 pigmentarii
2650 4985 2786 5039 dicti
2829 4984 3315 5057 pharm‘aCOpolee.
3355 4983 3550 5057 Julius
3582 4984 3892 5057 Firmicus,

2249 5055 2347 5112 lib.
2385 5076 2501 5123 VIII,
2541 5074 2667 5126 cap.
2724 5057 2791 5110 17
2815 5055 2884 5111 ;’‹‹
2943 5055 3308 5127 Quicumque
3366 5058 3477 5111 sub
3532 5055 3645 5127 hoc
3701 5056 3895 5127 sidere

568 5120 682 5196 (42)
704 5123 810 5192 Qui
837 5120 901 5176 de
932 5120 1089 5196 idolis
1144 5123 1462 5177 caterhimt.
1524 5124 1669 5179 Hinc
1718 5130 1959 5196 apparet
2014 5133 2134 5179 Au-

496 5195 673 5249 ctoris
699 5192 1009 5267 sententia,
1042 5198 1195 5263 quod
1229 5195 1285 5248 in
1319 5192 1779 5265 praecedentibus
1801 5192 1916 5252 ‘non
1950 5197 2136 5267 loqui-

496 5273 594 5321 tur
622 5267 692 5341 de
724 5266 881 5341 nuda
909 5265 1148 5341 deorum
1183 5281 1262 5341 ac_
1293 5268 1600 5341 nominum
1632 5265 2131 5341 eorumdempro-

495 5338 881 5411 nuntiatione,
925 5337 1025 5392 sed
1087 5336 1538 5411 catechizatione
1594 5346 1651 5394 et
1706 5336 2130 5411 prmdicatibue,

492 5426 561 5463 ac
591 5410 910 5466 honoriﬁca
943 5407 1258 5473 mentione,
1292 5410 1426 5463 utid
1473 5427 1641 5467 nemo
1674 5407 1874 5467 contra
1917 5429 2007 5467 me
2037 5413 2132 5467 de-

494 5486 783 5552 torqueat,
817 5479 914 5552 qui
950 5478 1216 5552 fortassis
1259 5480 1609 5549 quiliusdnm
1663 5485 1901 5539 videbor
1946 5483 2002 5536 in
2040 5483 2130 5539 his

491 5550 853 5621 explicandis
902 5550 1194 5621 prolixior.
1257 5554 1363 5605 Sed
1426 5554 1757 5611 meminerit
1802 5555 1982 5609 lector
2038 5571 2130 5611 me

494 5635 609 5692 non
634 5623 839 5685 doctis,
873 5623 970 5675 sed
1015 5621 1387 5692 potissimum
1438 5626 1685 5681 rudibus
1736 5627 1842 5683 has
1892 5627 2132 5683 adnota-

493 5689 682 5747 tiones
715 5692 987 5747 scribere.
1016 5689 1167 5747 ῬΑΜ.

567 5762 677 5841 (45)
710 5763 869 5821 Circa
891 5762 1049 5834 ﬁdem
1102 5764 1462 5836 naufragium
1516 5768 1643 5823 sunt
1693 5770 1864 5841 passi.
1899 5766 2127 5844 Ubique

2246 5130 2363 5183 nati
2401 5125 2634 5191 fuerint,
2664 5127 2845 5183 marsi
2876 5142 3068 5191 erunt,
3096 5127 3181 5183 vel
3210 5125 3312 5199 qui
3343 5126 3579 5199 venenis
3628 5143 3706 5199 ex_
3753 5125 3887 5199 her-

2243 5201 2447 5255 barum
2484 5202 2797 5272 pigmentis
2831 5199 3109 5254 confectis
3140 5196 3420 5272 salutaria
3450 5198 3674 5272 soleant
3694 5196 3890 5272 homi-

2244 5272 2417 5327 nibus
2449 5269 2704 5327 rernedia
2724 5287 3084 5342 comparare.
3108 5270 3469 5343 pPigmenta
3497 5271 3673 5343 etiam
3692 5269 3890 5325 dixere

2242 5344 2631 5399 condimenta.
2657 5340 2997 5410 Cassianus,
3030 5340 3261 5414 Collat—
3292 5344 3380 5408 15,
3413 5358 3542 5414 cap.
3574 5341 3656 5414 3_:
3690 5363 3718 5391 ‹‹
3746 5346 3886 5414 90r-

2240 5432 2381 5498 pora
2406 5421 2772 5498 mortuorum
2822 5413 3147 5498 pigmentis
3196 5415 3434 5498 condita
3477 5411 3886 5498 redolentibus

2240 5482 2295 5542 in
2355 5488 2700 5543 editioribus
2752 5482 2977 5540 cellulis
3048 5485 3526 5542 recondantur.»
3586 5482 3645 5540 Si
3704 5483 3888 5539 etiam

2237 5559 2414 5614 Exodi
2466 5576 2592 5630 cap.
2644 5574 2853 5623 xxxvn,
2911 5554 3021 5630 sub
3071 5557 3269 5630 ﬁnem,
3326 5556 3901 5630 Opusgpigrrwnlarii

2237 5631 2470 5694 dicitur,
2505 5623 2660 5703 quod
2694 5628 3125 5703 Septuaginta,_
3157 5623 3310 5703 ἔργον
3343 5623 3605 5703 μῐυρεξιςι(ὶ›ὗἶ
3639 5626 3768 5703 Bis.

2308 5703 2421 5773 (47)
2444 5698 3018 5773 Ωίηεθοιίαῐιξοηίζῖυδ.
3052 5698 3265 5773 Mirum
3298 5698 3449 5773 sane
3468 5698 3574 5773 hic,
3592 5698 3885 5773 interpre-

2234 5769 2420 5831 tesita
2439 5769 2629 5831 varias
2655 5770 2927 5846 amplecti
2957 5770 3319 5830 sententias:
3354 5772 3455 5831 alii
3483 5770 3640 5829 enim
3689 5769 3755 5826 de
3783 5783 3884 5844 ge-
