4262 6356
345 399 465 462 753

1728 399 1829 462 DE
1871 401 2428 465 IDOLOLATIIIA.

3654 389 3772 452 75‘

343 533 690 604 procurator
717 529 1017 587 idolorum
1051 531 1478 588 demonstreris
1503 535 1526 588 ἒ
1553 532 1734 588 Nemo
1765 537 2008 590 conten-
2035 539 2086 602 Α
2119 535 2335 606 quibus
2361 535 2486 608 ipse
2517 532 2859 606 prospexit?
2888 531 3012 594 Qua
3043 525 3373 586 constantia
3419 523 3771 582 exorcizabit

344 621 444 677 dat
475 635 647 693 posse
677 619 786 676 hoc
821 621 991 677 modo
1024 621 1299 677 omnibus
1335 621 1836 694 negotiationibus
1867 639 2004 680 con-

344 709 688 766 troversiam
768 709 912 766 fieri.
993 709 1270 766 Graviore.
1334 710 1542 766 delicta
1603 728 1846 784 quaeque
1903 728 2006 784 pro

347 797 753 872 magnitudine
785 797 1026 870 periculi
1062 797 1424 870 diligentiam
1457 801 1780 856 extendunt
1809 800 2005 856 obser-

345 887 617 956 vationis,
651 890 716 942 ut
751 903 867 942 non
901 888 974 942 ab
1023 887 1116 943 his
1163 891 1398 944 tantum
1451 889 1861 958 abscedamus,
1905 889 2004 944 sed

347 979 405 1032 et
435 977 506 1032 ab
547 977 621 1032 iis
653 991 757 1048 per
789 992 918 1048 quae
969 976 1137 1031 ﬁunt.
1173 977 1330 1032 Licet
1383 978 1538 1032 enim
1583 979 1654 1032 ab
1704 978 1836 1034 aliis
1885 980 2003 1048 flat,

347 1081 462 1122 non
495 1066 759 1134 interest,
793 1065 842 1120 si
897 1065 941 1100 ⁶¹
997 1082 1100 1138 per
1147 1083 1256 1121 me.
1317 1067 1378 1120 ln
1434 1065 1596 1122 nullo
1639 1068 2005 1124 necessarius

344 1170 474 1211 esse
523 1155 703 1210 debeo
756 1153 878 1221 alii,
930 1171 1064 1210 cum
1109 1154 1246 1210 facit
1302 1155 1454 1226 quod
1507 1155 1652 1210 mihi
1701 1173 1813 1210 non
1850 1155 2002 1210 licet.

343 1243 422 1298 Ex
499 1242 608 1298 hoc
685 1242 844 1315 quod
913 1245 1071 1296 vetor
1145 1243 1352 1314 facere,
1433 1243 1756 1314 intelligere
1823 1245 2002 1299 debeo

341 1332 669 1388 curandum
704 1331 844 1388 mihi
879 1347 1028 1398 esse,
1067 1347 1138 1388 ne
1187 1331 1288 1388 fiat
1335 1348 1436 1404 per
1485 1350 1596 1388 me.
1633 1333 1893 1405 Denique
1942 1333 2003 1387 in

342 1419 458 1478 alia
489 1437 668 1476 causa
698 1437 813 1476 non
865 1419 1100 1476 levioris
1141 1427 1339 1476 reatus
1390 1423 1800 1493 praejudicium
1843 1421 2000 1476 istud

343 1509 608 1565 observo.
657 1513 804 1564 Nam
853 1510 1008 1580 quod
1063 1509 1207 1564 mihi
1257 1511 1326 1566 de
1375 1515 1578 1582 stupro
1629 1511 2001 1566 interdictum

346 1597 444 1666 sit,
468 1597 601 1654 aliis
631 1598 702 1653 ad
735 1614 864 1653 eam
901 1613 1017 1654 rem
1053 1597 1199 1654 nihil
1228 1603 1326 1652 aut
1357 1617 1542 1671 operai
1574 1605 1673 1655 aut
1703 1600 2003 1656 conscien-

345 1685 440 1742 tiai
493 1686 763 1743 exhibeo.
822 1687 968 1742 Nam
1018 1689 1172 1758 quod
1205 1688 1394 1759 ipsam
1455 1705 1686 1746 carnem
1741 1706 1930 1744 meam
1973 1705 2006 1744 a

347 1774 734 1846 lupanaribus
766 1775 1086 1847 segregavi,
1120 1792 1372 1848 agnosco
1424 1794 1536 1846 me,
1570 1794 1758 1849 neque
1789 1777 2003 1832 lenoci-

347 1863 538 1934 nium,
571 1879 762 1934 neque
799 1863 857 1920 id
888 1879 1073 1934 genus
1105 1863 1335 1920 lucrum
1367 1865 1608 1922 alterius
1639 1883 1816 1922 causa
1841 1883 2004 1920 excr-

349 1969 479 2008 cere
535 1953 684 2008 077
766 1969 959 2024 posse.
1020 1952 1113 2008 Sic
1190 1959 1246 2008 et
1315 1953 1618 2010 homicidii
1677 1955 2003 2010 interdictio

349 2041 607 2096 ostendit
654 2040 794 2096 mihi
857 2040 1129 2096 lanistam
1189 2057 1421 2113 quoque
1468 2042 1580 2114 (48)
1638 2044 1708 2097 ab
1755 2042 2004 2098 Ecclesia

347 2128 580 2185 arceri:
631 2145 736 2185 nec
791 2147 895 2202 per
939 2146 1000 2184 se
1045 2145 1160 2186 non
1211 2131 1400 2197 faciet,
1453 2133 1610 2203 quod
1671 2133 2000 2188 faciendum

347 2217 482 2274 aliis
531 2218 963 2274 subministrat.
999 2219 1142 2274 Ecce
1175 2219 1359 2291 magis
1409 2221 1737 2292 proximum
1789 2222 2002 2292 praeju-

347 2307 590 2362 dicium.
623 2308 678 2362 Si
711 2307 1080 2379 publicarum
1129 2308 1518 2364 victimarium
1568 2311 1900 2382 redemptor
1930 2311 2000 2365 ad

347 2396 524 2452 fidem
556 2398 815 2466 accedat,
847 2397 1154 2469 permittes
1199 2399 1246 2452 ei
1297 2397 1358 2452 in
1409 2413 1474 2454 eo
1508 2400 1736 2471 negotio
1769 2416 2001 2472 permao

352 2485 542 2540 nere?
571 2488 686 2540 Aut
740 2485 788 2540 si
833 2486 956 2556 jam
993 2485 1180 2541 fidelis
1231 2485 1286 2540 id
1334 2487 1380 2520 ⁶²
1437 2504 1604 2556 agere
1661 2488 2003 2559 susceperit,

351 2574 724 2630 retinendum
785 2575 844 2628 in
915 2574 1172 2630 Ecclesia
1247 2575 1535 2647 putabis?
1592 2576 1712 2632 Non
1775 2577 2001 2648 opinor,

353 2661 466 2716 nisi
500 2661 548 2716 si
583 2662 716 2733 quis
745 2667 803 2716 et
826 2663 896 2716 de
932 2662 1195 2718 thurario
1224 2664 1642 2735 dissimulabit,
1669 2665 1890 2720 scilicet
1931 2667 2001 2720 ad

351 2749 498 2805 alios
539 2750 800 2821 pervenit
831 2751 1161 2822 procuratio
1209 2753 1538 2823 sanguinis,
1573 2755 1644 2808 ad
1693 2754 1835 2810 alios
1865 2755 2002 2809 odo-

355 2855 508 2893 rum.
561 2838 622 2893 Si
672 2843 987 2908 autequam
1045 2839 1202 2894 idolo
1263 2842 1320 2895 in
1380 2841 1590 2896 saeculo
1645 2849 1861 2914 essent,
1913 2843 2005 2897 his

351 2926 646 2980 mercibus
690 2927 882 2981 adhuc
929 2926 1199 2982 informis
1238 2929 1348 2999 (49)
1403 2929 1732 2986 idololatria
1787 2931 2004 2986 transi-

346 3015 614 3085 gebatur,
649 3013 733 3068 sic
764 3019 820 3069 et
875 3031 1030 3070 nunc
1081 3016 1194 3070 fere
1225 3017 1352 3072 sine
1383 3017 1535 3073 idolo
1577 3035 1725 3090 opus
1756 3019 2004 3075 idolola-

344 3103 470 3158 tria:
493 3102 781 3158 incendiis
813 3104 1058 3159 odorum
1091 3111 1479 3176 perpetretur,
1513 3107 1718 3179 ecquid
1762 3111 2003 3180 majoris

345 3207 536 3262 operm
563 3196 620 3247 et
649 3208 786 3263 erga
816 3193 1106 3248 daemonia
1151 3195 1456 3252 thurarius
1479 3197 1522 3232 ⁸³
1549 3197 1576 3250 ?
1609 3215 1740 3254 nam
1774 3197 2001 3254 facilius

2117 624 2388 680 alumnos
2445 643 2602 694 suos,
2661 624 2876 696 quibus
2934 622 3172 676 domum
3231 633 3400 673 suam
3473 613 3766 670 cellariam

2117 713 2399 785 praestat?
2433 713 2530 770 Ille
2553 713 2786 786 quidem
2817 712 2864 768 si
2898 707 3208 766 excluserit
3239 704 3616 772 daemonium,
3649 719 3764 760 non

2114 803 2226 860 sibi
2257 803 2481 875 placeat
2511 805 2580 858 de
2615 803 2744 858 fide.
2779 802 2976 871 Neque
3019 797 3172 854 enim
3225 795 3532 850 inimicum
3573 790 3766 848 exclu-

2115 891 2211 948 sit.
2251 893 2439 948 Facile
2469 891 2670 948 debuit
2717 892 2786 946 de
2830 905 2894 945 co
2951 889 3272 960 impetrare,
3305 899 3479 956 quem
3509 880 3766 954 quotidie

2117 981 2318 1052 passit.
2353 980 2522 1036 Nulla
2575 980 2751 1052 igitur
2781 997 2896 1044 ars,
2931 975 3092 1033 nulla
3131 973 3435 1046 professio,
3470 969 3632 1026 nulla
3663 985 3760 1025 ne-

2114 1069 2376 1140 gotiatio,
2409 1087 2534 1140 qua)
2580 1069 2720 1140 quid
2770 1073 2870 1122 aut
2911 1064 3273 1122 instruendis
3312 1065 3414 1116 aut
3444 1057 3764 1114 formandis

2113 1158 2286 1213 idolis
2316 1157 2708 1224 administrat,
2735 1172 2928 1210 carere
2962 1153 3170 1227 poterit
3198 1150 3370 1206 titulo
3401 1147 3760 1206 idololatriae:

2115 1245 2228 1300 nisi
2275 1244 2320 1300 si
2371 1244 2530 1298 aliud
2585 1243 2822 1299 omnino
2855 1242 3307 1313 interpretemur
3351 1234 3762 1304 idololatriam,

2112 1350 2286 1405 quam
2321 1332 2666 1388 famulatum
2702 1331 2992 1386 idolorum
3025 1329 3131 1398 (5'3)
3165 1325 3564 1383 colendorum.

2738 1472 2969 1528 CAPUT
3007 1471 3128 1527 XII.

2188 1598 2333 1654 Male
2367 1599 2530 1654 nobis
2561 1599 2631 1654 de
2663 1597 3112 1653 necessitatibus
3153 1594 3423 1650 humanae
3455 1591 3760 1648 exhibitio-

2115 1688 2206 1744 nis
2239 1688 2713 1760 supplaudimus,
2749 1687 2797 1742 si
2831 1689 2962 1758 post
3007 1684 3180 1738 fidem
3213 1683 3584 1754 obsignatam
3619 1681 3762 1736 dici-

2115 1795 2248 1834 mus
2281 1797 2294 1834 :
2329 1779 2480 1833 678
2515 1795 2626 1833 non
2660 1777 2844 1831 habeo
2898 1791 3008 1844 quo
3051 1773 3262 1828 vivam.
3295 1773 3426 1829 Jam
3468 1771 3560 1826 hic
3607 1769 3764 1824 enim

2119 1865 2346 1938 plenius
2379 1867 2462 1920 illi
2493 1867 2752 1938 abrupta
2781 1862 3163 1936 propositioni
3195 1859 3558 1932 respondebo
3590 1862 3763 1912 :Sero

2112 1955 2346 2012 dicitur.
2377 1957 2522 2012 Ante
2553 1956 2710 2011 enim
2745 1955 2852 2009 fuit
2886 1951 3352 2014 deliberandum,
3384 1966 3452 2004 ex
3483 1947 3764 2004 similitu-

2113 2045 2248 2100 dine
2293 2043 2788 2118 providentissimi
2836 2041 3074 2098 zediticis
3121 2039 3281 2096 illius
3329 2037 3562 2112 (35)qui
3597 2037 3762 2108 prius

2113 2141 2384 2206 sumptus
2415 2134 2606 2206 operis
2637 2151 2771 2188 cum
2802 2132 3024 2188 viribus
3055 2129 3180 2185 suis
3211 2132 3510 2200 supputat,
3537 2143 3628 2193 ne,
3663 2123 3764 2180 ubi

2112 2226 2370 2294 cmperit,
2404 2224 2664 2278 defectus
2693 2223 2738 2256 ⁵³
2769 2225 2968 2292 postea
3020 2219 3343 2274 erubescat.
3377 2217 3486 2272 Sed
3521 2219 3577 2270 et
3608 2231 3761 2270 nunc

2111 2312 2294 2368 habes
2350 2313 2504 2368 dicta
2557 2310 2802 2376 Domini,
2860 2313 2916 2365 et
2966 2308 3230 2378 exempla
3277 2305 3598 2361 adimentia
3654 2303 3760 2358 tibi

2113 2418 2345 2456 omnem
2378 2401 2793 2456 causationem.
2828 2398 2973 2462 Quid
3006 2396 3162 2451 enim
3196 2394 3380 2450 dicis?
3412 2415 3438 2444 ς(
3475 2393 3686 2464 Egebo.
3734 2415 3756 2443 ι

2113 2490 2220 2544 Sed
2275 2488 2467 2544 felices
2525 2505 2739 2560 egenos
2789 2485 3075 2541 Dominus
3118 2482 3394 2554 appellat.
3456 2504 3483 2530 ‹‹
3531 2479 3761 2534 Victum

2115 2597 2228 2634 non
2263 2579 2508 2632 habebo.
2543 2599 2566 2629 ii
2601 2578 2710 2632 Sed
2737 2577 2924 2641 nolite,
2953 2575 3165 2644 inquit,
3215 2575 3456 2640 cogitare
3501 2571 3568 2624 de
3612 2571 3766 2624 victu

2114 2668 2318 2738 (Matth.
2369 2685 2444 2734 Vl,
2494 2667 2605 2737 ‘25).
2661 2667 2724 2720 Et
2777 2665 3037 2720 vestibus
3090 2663 3378 2716 habemus
3433 2657 3763 2730 exemplum

2115 2757 2256 2811 lilia.
2294 2780 2320 2806 α
2351 2756 2688 2812 Substantia
2721 2755 2862 2808 mihi
2896 2770 3044 2824 opus
3075 2755 3234 2808 erat:
3262 2773 3288 2800 ››
3322 2749 3536 2820 Atquin
3570 2747 3768 2803 omnia

2112 2845 2418 2900 vendenda
2449 2851 2608 2912 sunt,
2641 2849 2698 2899 et
2726 2843 3032 2914 egentibus
3073 2839 3406 2895 dividenda.
3435 2859 3460 2886 η
3484 2838 3594 2893 Sed
3629 2835 3766 2892 filiis

2113 2940 2168 2988 et
2199 2933 2518 3005 posteritati
2555 2933 2998 3004 providendum.
3037 2953 3060 2978 ι)
3101 2930 3280 2984 Nemo
3310 2932 3507 2983 aratro
3535 2942 3763 2981 manum

2113 3025 2396 3094 imponens
2425 3031 2476 3077 et
2505 3031 2647 3076 retro
2675 3025 2922 3092 spectans
2951 3023 3112 3092 aptus
3141 3023 3228 3073 est
3275 3017 3432 3089 operi
3483 3017 3632 3087 (Luc.
3681 3032 3760 3083 ιι,

2111 3112 2220 3178 62).
2256 3135 2280 3160 ‹‹
2315 3112 2423 3166 Sed
2468 3110 2879 3166 conditionalis
2926 3125 3084 3164 eram
3118 3107 3252 3176 (54).
3291 3128 3311 3154 ι
3355 3107 3525 3161 Nemo
3555 3104 3764 3160 duobus

2111 3201 2353 3255 dominis
2381 3203 2586 3256 servire
2611 3207 2789 3271 potest
2821 3199 3023 3270 (Matth.
3050 3214 3129 3268 Vi,
3160 3197 3270 3260 24).
3321 3195 3379 3250 Si
3411 3195 3499 3250 vis
3529 3193 3762 3249 Domini

343 3279 471 3333 sine
499 3279 654 3334 idolo
710 3279 1060 3349 idololatria,
1094 3298 1273 3353 quam
1322 3283 1449 3338 sine
1497 3283 1746 3340 thurarii
1789 3302 1999 3342 merce.
2033 3293 2074 3360 α
2114 3289 2444 3360 discipulus
2475 3305 2622 3352 esse,
2656 3305 2888 3343 crucem
2921 3291 3083 3342 tuam
3113 3285 3307 3354 tollas,
3348 3289 3403 3340 et
3449 3282 3763 3339 Dominum

351 3368 544 3439 Ipsius
603 3369 735 3423 ﬁdei
784 3370 1204 3426 conscientiam
1267 3387 1666 3444 perrogemus.
1727 3377 1848 3440 Quo
1907 3393 2004 3431 ore

353 3455 721 3512 Christianus
781 3458 1082 3514 thurarius
1129 3460 1262 3531 (50),
1297 3463 1342 3516 si
1371 3461 1416 3495 ⁸⁸
1445 3477 1548 3532 per
1595 3463 1813 3535 templa
1845 3468 2002 3520 tran-

343 3545 504 3615 sibit,
557 3545 854 3602 fumantes
897 3563 1029 3603 aras
1087 3549 1353 3620 despuet,
1385 3555 1441 3604 et
1478 3552 1812 3608 exsufflabit
1864 3555 1999 3624 (51),

2113 3379 2378 3449 sequaris
2413 3393 2645 3432 necesse
2679 3381 2788 3445 est,
2818 3377 2872 3430 id
2903 3381 3012 3446 est,
3047 3374 3350 3446 angustias
3383 3376 3439 3427 et
3469 3371 3764 3426 cruciatus

2116 3472 2269 3530 tuos,
2303 3466 2386 3520 vel
2439 3482 2649 3537 corpus
2705 3466 2918 3530 solum,
2966 3464 3119 3534 quod
3175 3463 3236 3517 in
3287 3462 3524 3516 modum
3574 3457 3765 3514 crucis

2122 3561 2211 3611 est
2241 3557 2374 3627 (55).
2407 3559 2703 3622 Parentes,
2754 3553 3052 3624 conjuges,
3105 3551 3270 3607 liberi
3315 3553 3551 3622 propter
3578 3547 3764 3604 Deum

1778 3698 1980 3759 Variae
2019 3699 2338 3760 lectiones.

413 3815 457 3850 ⁶¹
491 3813 613 3889 Nisi
643 3817 770 3872 Jun.
845 3817 890 3850 ⁸³
925 3817 984 3872 Id
1015 3817 1173 3873 abest
1203 3819 1322 3889 Rig.

1399 3819 1446 3895 Ῠξ
1475 3821 1665 3895 Niseia
1697 3823 1876 3893 inquit
1911 3828 2097 3893 Leon,
2143 3841 2217 3879 an
2263 3827 2334 3879 sit
2363 3826 2709 3880 scribendum
2731 3841 2747 3877 :
2779 3823 2986 3895 ecquid
3023 3821 3262 3892 majoris
3293 3835 3477 3892 opera:
3508 3821 3596 3872 est
3627 3833 3768 3888 erga

343 3885 653 3956 daemonia,
687 3905 864 3960 quam
893 3889 1238 3946 thurarius?
1272 3885 1288 3889 θ
1312 3891 1359 3926 ⁸⁸
1389 3891 1449 3946 Si
1481 3893 1632 3948 abest
1664 3885 1848 3950 Latin.
1926 3895 1972 3930 ⁸⁵
2001 3885 2323 3952 Defunctus
2353 3899 2516 3952 Fran.

1802 4047 2322 4108 Commentarios.

342 4161 994 4239 nerationibus,_h_abent
1024 4162 1217 4239 aliide
1255 4165 1622 4239 grauioribus,
1673 4165 1791 4233 alii,
1842 4167 2000 4239 dege-

342 4235 684 4307 neriibimus,
719 4232 824 4307 alii
849 4235 913 4290 de
942 4232 1326 4307 negotiatione.
1360 4237 1562 4292 Nescio
1610 4232 1686 4292 an
1726 4232 2002 4294 aesentiri

343 4305 586 4381 debeam
615 4305 903 4381 Ludovico
936 4305 1025 4381 de:
1048 4308 1128 4362 La
1172 4308 1352 4381 Cerda
1402 4308 1504 4379 qui
1549 4309 1854 4365 lectionem
1889 4311 2006 4381 pri-

271 4417 282 4426 .
343 4393 521 4440 mam,
552 4375 617 4431 de
644 4379 1115 4446 gmerafionibus,
1152 4375 1516 4435 retinendam
1551 4387 1764 4437 censet.
1794 4383 1867 4436 Le
1890 4375 2002 4438 'Pa.

417 4449 540 4523 (48)
581 4449 864 4504 Lanistam
920 4467 1151 4522 quoque,
1213 4452 1721 4523 Supervacaneum
1785 4456 2002 4510 forsan.

344 4520 455 4593 erit
485 4520 580 4593 hic
601 4526 860 4593 repetere
926 4520 1080 4593 quod
1115 4541 1284 4578 nemo
1303 4520 1518 4580 ‘nescit.
1548 4526 1841 4580 Lanistam
1876 4545 2005 4583 esse

345 4591 746 4666 gladiatorum
801 4591 1160 4666 prafectum.
1213 4597 1272 4650 In
1304 4595 1486 4666 gloss.
1525 4597 1738 4652 lanista
1787 4596 2002 4652 ἐπιστάσ-

345 4659 463 4738 ’Ῑτηςᾉ
483 4659 836 4738 μοννονλεχῶπῖ.
867 4667 940 4720 LE
970 4667 1072 4720 PR.

417 4736 529 4808 (te)
559 4737 655 4790 llis
683 4736 954 4793 Mercibus
976 4738 1154 4794 adhuc
1173 4739 1450 4808 informis.
1474 4737 1787 4795 Informcm
1813 4741 1998 4796 idolo-

345 4805 577 4862 latriam
610 4808 788 4890 dicit;
823 4827 954 4936 quae
985 4811 1114 4892 sine
1143 4805 1263 4864 ulla
1291 4811 1500 4876 forma,
1531 4811 1648 4868 sive
1682 4818 1874 4868 statua
1901 4819 2000 4868 aut
2030 4817 2076 4881 D

345 4879 556 4936 figura.
589 4895 716 4935 sine
746 4883 842 4936 ldo
870 4899 902 4936 ο
933 4883 1405 4936 transmebatur:
1443 4882 1564 4936 solo
1596 4885 1820 4936 scilicet
1858 4887 1995 4936 odo-

811 4899 842 4936 0

345 4879 556 4953 figura,
589 4879 902 4953 sineidolo
933 4883 1405 4953 transigebatur:
1443 4882 1564 4938 solo
1596 4885 1820 4940 scilicet
1858 4887 1995 4942 odo-

346 4951 800 5024 rumgincendio,
837 4951 1147 5009 mensibus
1171 4955 1442 5017 arabicis,
1476 4955 1668 5020 thure,
1701 4961 1825 5012 Bis.

421 5021 530 5102 (50)
562 5021 675 5089 Quo
705 5021 795 5079 ore
827 5025 1172 5082 Christianus
1198 5025 1509 5102 literarius.
1531 5028 1612 5102 _Si
1656 5029 1802 5102 quis
1846 5029 2001 5102 hanc

347 5090 1006 5172 lectionem._quaisane
1039 5103 1128 5153 est
1157 5097 1374 5152 codicis
1409 5090 1716 5172 agebardi,
1753 5100 2001 5156 retinere

347 5162 506 5232 velit,
538 5162 775 5241 omnino
809 5171 892 5225 sic
938 5170 1262 5241 distinguat
1295 5185 1306 5222 :
1343 5192 1368 5218 ‹‹
1406 5162 1528 5232 Quo
1577 5188 1672 5226 ore
1706 5162 2000 5227 Christia-

350 5251 466 5315 nus
525 5235 843 5315 thurarius,
895 5242 940 5295 si
979 5235 1329 5312 pertempta
1373 5243 1698 5315 transibit?
1757 5261 1871 5315 quo
1904 5263 2002 5299 ore

348 5307 644 5388 fumantes
674 5328 824 5388 “aras
862 5307 1114 5388 despuat
1160 5307 1596 5388 et'exsiif'flabit,
1630 5307 1848 5384 quibus
1879 5317 2004 5388 ipse

349 5381 698 5451 prospexit?
747 5406 772 5432 η
843 5381 1002 5439 Alias
1049 5386 1526 5440 commodissime
1582 5381 1937 5444 Scriberetur
1987 5407 1998 5443 :

353 5473 380 5531 ς(
423 5455 556 5531 Quo
589 5469 708 5531 (ore;
731 5453 1102 5512 Christianus
1149 5457 1473 5531 thurarius,
1525 5457 1572 5512 si
1631 5477 1730 5529 per
1787 5461 2004 5531 templa

350 5523 648 5600 transibit,
685 5528 978 5584 fumantes
1005 5546 1133 5584 aras
1166 5529 1429 5600 despuet,
1459 5523 1486 5580 io
1522 5523 1788 5586 etsIRie.

423 5596 535 5665 (51)
569 5602 642 5652 Et
687 5601 1020 5672 exse/ﬂabit.
1049 5596 1360 5655 Alluditad
1397 5602 1860 5657 exsufﬂationem
1893 5603 2004 5655 die-

354 5681 619 5745 monum,
653 5687 778 5742 quae
835 5675 897 5727 fit
945 5677 1003 5729 in
1051 5672 1394 5727 exorcismis
1441 5679 1574 5726 ante
1620 5675 2002 5745 baptismum.

355 5737 520 5818 [inde
595 5737 1008 5818 subjungitLa
1069 5746 1194 5818 Qua
1257 5745 1608 5818 constantia
1662 5737 2008 5818 eitorcizubit

357 5807 632 5868 alumnos
667 5807 1002 5873 sensim—De
1036 5807 1251 5887 quibus
1290 5815 1565 5871 omnibus
1597 5816 1772 5874 latius
1803 5819 1903 5874 lib.
1946 5817 2009 5874 de

2117 4171 2410 4240 Buptismo.
2447 4169 2520 4222 ΡΑ
2529 4187 2589 4224 Μ.

2187 4234 2298 4310 (52)
2351 4241 2524 4307 Quam
2571 4243 2906 4310 [cumulatum
2963 4238 3254 4293 idolorum.
3315 4234 3551 4310 Proprie
3619 4249 3764 4288 usus

2111 4306 2249 4366 voce
2277 4306 2289 4378 ξ
2327 4306 2488 4367 notat
2517 4306 2672 4367 cnim
2707 4311 3028 4376 servitium,
3063 4311 3120 4364 id
3166 4315 3254 4364 est
3282 4306 3620 4378 servitutem
3653 4321 3770 4376 qua

2114 4376 2359 4457 gentiles
2393 4385 2606 4457 addicti
2641 4383 3021 4457 daemonibus.
3057 4381 3232 4457 Atqui
3287 4376 3764 4457 famulatuspro:

2115 4449 2239 4528 prie
2287 4461 2374 4509 est
2423 4455 2656 4509 illorum
2717 4456 2812 4524 qui
2875 4449 3167 4528 dicunturi
3205 4449 3635 4528 familia_r_es,_i_d
3677 4453 3768 4504 est

2114 4521 2284 4583 servi.
2318 4528 2518 4581 Senec.
2551 4545 2642 4597 ep.
2677 4521 2762 4596 47,
2798 4532 2854 4580 et
2901 4525 3086 4580 Plaut.
3151 4525 3208 4578 in
3267 4521 3766 4597 Amphit._ltaque

2114 4600 2360 4654 honesta
2409 4615 2533 4667 vox,
2569 4592 2639 4653 ne
2689 4592 2834 4652 servi
2871 4601 3210 4652 notarentur
3239 4592 3613 4667 contumelia,
3643 4597 3770 4648 erat

2115 4671 2335 4726 familia
2365 4677 2420 4724 et
2455 4666 2772 4725 famulatus
2825 4687 2836 4725 :
2885 4677 2942 4725 et
2998 4669 3111 4739 ipsi
3157 4666 3380 4722 domini
3418 4667 3766 4720 dicebantur

2115 4748 2308 4816 patres
2339 4743 2607 4816 familias.
2631 4743 2776 4816 Lac.

2181 4815 2293 4886 (33)
2325 4815 2568 4884 {Ediﬁcis
2599 4815 2773 4868 illius.
2816 4811 3038 4886 [Edier
3068 4827 3190 4886 pro
3241 4809 3610 4886 mdificatorc,
3647 4824 3762 4862 non

2107 4883 2318 4939 aedium
2367 4883 2670 4950 duntaxat,
2705 4887 2802 4938 sed
2853 4883 3117 4955 cujusvis
3167 4885 3473 4955 structurae
3524 4885 3580 4955 et
3629 4897 3763 4934 mox

2107 4957 2390 5027 defunctus
2423 4975 2534 5012 non
2571 4976 2670 5028 pro
2705 4952 2955 5024 mortuo,
2990 4957 3088 5010 sed
3127 4971 3227 5026 pro
3261 4970 3326 5009 eo
3359 4953 3458 5024 qui
3489 4952 3561 5006 ab
3593 4968 3765 5023 opere

2110 5037 2294 5106 empto
2329 5031 2684 5106 defungitur.
2717 5029 2883 5106 _PAM_._
3191 5097 3230 5106 _
3395 5096 3408 5106 ,
3491 5093 3503 5106 ,

2181 5096 2295 5170 (54)
2351 5102 2452 5156 Sed
2509 5096 2907 5156 Eonditionalis
2957 5113 3128 5153 eram.
3166 5096 3646 5170 Emendayimus
3693 5109 3762 5149 ex

2112 5167 2308 5226 codice
2343 5174 2652 5244 Agobardi,
2695 5173 2748 5226 in
2786 5187 2900 5243 quo
2951 5173 3034 5224 sic
3067 5167 3280 5240 legitur
3313 5185 3325 5223 :
3359 5191 3385 5216 «
3423 5167 3602 5223 Nemo
3635 5182 3760 5244 aras

2111 5251 2200 5298 tro
2233 5241 2470 5299 manum
2507 5241 2816 5314 imponens
2845 5251 2898 5297 et
2953 5246 3104 5294 retro
3151 5245 3424 5314 spectans
3469 5244 3643 5314 aptus
3674 5241 3763 5292 est

2112 5317 2300 5386 Operi's
2357 5325 2412 5370 et
2457 5308 2870 5371 conditionalis
2899 5330 3080 5368 eram.
3127 5335 3146 5358 ι·
3185 5308 3426 5390 Ὀυω,μι
3452 5308 3764 5390 edidimus,

2113 5379 2396 5458 distingui
2450 5397 2709 5458 Oportere
2761 5388 3140 5458 manifestum
3187 5379 3766 5458 est._t}0nditi0nali8

2113 5454 2329 5514 dicitur
2359 5454 2560 5515 servus
2592 5465 2754 5514 certe:
2789 5455 3110 5512 conditioni
3143 5454 3474 5523 adscriptus
3507 5457 3562 5506 et
3594 5467 3763 5523 man-

2115 5533 2363 5603 cipatus.
2402 5533 2437 5586 l.
2470 5550 2570 5596 vn,
2605 5533 2668 5586 de
2697 5534 2824 5587 lure
2854 5530 2989 5598 ﬁsci.
3027 5526 3276 5603 Actuarii
3309 5522 3761 5603 conditionalcs;

2113 5595 2250 5658 Cod.
2288 5605 2502 5657 Themi.
2538 5605 2601 5658 de
2630 5595 2990 5658 Numerariis.
3025 5600 3294 5660 Actuaris,
3332 5603 3438 5651 etc.
3474 5595 3598 5650 Rm.

2189 5677 2297 5744 (35)
2332 5677 2487 5743 Quod
2517 5679 2572 5729 in
2608 5675 2825 5730 modum
2866 5674 3044 5726 crucis
3090 5681 3184 5725 est.
3239 5670 3395 5723 Hanc
3447 5668 3626 5744 fuisse
3675 5683 3764 5720 vs-

2113 5739 2294 5802 tcrerii
2348 5739 2704 5816 scripturam
2751 5747 3124 5816 arbitramur,
3158 5747 3214 5796 et
3243 5758 3368 5816 quas
3411 5739 3605 5816 adhuc
3637 5755 3758 5793 cer-

2115 5824 2336 5873 nuntur
2365 5819 2423 5874 in
2467 5813 2726 5890 antiquis
2759 5813 3186 5888 exemplaribus
3215 5813 3482 5887 vestigia,
3516 5827 3760 5886 persua-
