4262 6368
505 413 624 472 755

1026 408 1550 470 TEHTULLIANI
1594 408 1918 470 OPEBUM
1968 407 2166 469 PARS
2213 406 2261 469 Ι.
2297 437 2374 456 -
2401 407 2680 470 SERIES
2731 409 2784 483 Ι,
2829 404 3394 469 APOLOGETICA.

3797 404 3926 465 756

504 541 873 614 relinquendi
904 544 1094 597 erunt.
1128 541 1208 595 De
1255 541 1485 596 artibus
1534 546 1593 596 et
1638 540 2153 612 negotiationibus,
2186 543 2238 606 Α
2271 541 2340 594 ad
2390 541 2624 595 eosdem
2672 541 2915 612 spiritus
2958 539 3297 594 immundos
3345 537 3716 610 pertinentis,
3751 537 3928 593 modo

504 638 562 689 et
591 634 662 687 de
693 630 1151 702 professionibus
1185 629 1359 685 etiam
1395 629 1712 685 liberorum
1743 637 1800 686 et
1841 634 2148 701 parentum

504 737 681 776 causa
711 719 948 774 dubitas
968 719 996 773 ‘I
1024 719 1154 774 Jam
1187 722 1326 774 tunc
1373 719 1837 774 demonstratum
1867 723 1954 773 est
1984 717 2152 772 nobis

505 813 563 864 et
592 811 861 880 pignora,
893 814 944 861 et
985 806 1250 872 artiﬁcia,
1305 811 1359 861 et
1409 807 1639 877 negotia
1689 812 1920 879 propter
1967 807 2154 860 Domi-

503 913 645 952 num
675 895 1292 965 derelinquenda,cum
1326 895 1578 950 Jacobus
1603 901 1659 949 et
1687 896 1940 950 Joannes
1969 894 2152 949 vocati

502 1003 535 1042 a
563 985 810 1040 Domino
842 990 898 1040 et
925 990 1147 1056 patrem
1181 1001 1505 1055 navemque
1536 983 1981 1055 derelinquunt;
2017 999 2150 1038 cum

503 1073 808 1129 Matthaeus
845 1075 915 1127 de
945 1072 1170 1128 teloneo
1203 1074 1558 1140 suscitatur;
1611 1089 1744 1128 cum
1776 1073 1951 1128 etiam
1985 1088 2149 1143 sepe-

501 1162 608 1217 lire
638 1167 859 1233 patrem
897 1163 1129 1216 tardum
1166 1162 1275 1215 fuit
1323 1161 1476 1217 fidei.
1524 1162 1704 1216 Nemo
1755 1178 1955 1215 eorum
2004 1177 2151 1231 quos

505 1250 784 1305 Dominus
809 1248 1027 1321 allegit,
1060 1266 1171 1304 non
1202 1251 1388 1312 habeo,
1423 1249 1588 1315 dixit,
1614 1265 1717 1320 quo
1753 1252 1950 1303 vivam.
1985 1250 2153 1304 Fides

502 1339 716 1394 famem
777 1355 890 1393 non
947 1338 1117 1392 timet
1174 1339 1304 1408 (56).
1363 1339 1481 1392 Scit
1532 1337 1707 1392 etiam
1765 1339 1976 1392 famem
2035 1353 2150 1392 non

503 1427 655 1481 679
705 1426 902 1482 minus
951 1425 1059 1480 sibi
1112 1425 1595 1481 contemnendam
1657 1430 1891 1497 propter
1944 1425 2150 1493 Deum,

503 1531 679 1587 quam
711 1530 883 1570 omne
939 1513 1144 1568 mortis
1188 1530 1393 1586 genus.
1440 1514 1651 1568 Didicit
1693 1530 1807 1568 non
1867 1513 2152 1584 respicere

498 1603 702 1670 vitam,
737 1609 955 1674 quanto
987 1601 1178 1672 magis
1210 1603 1426 1657 vietum
1454 1602 1480 1654 ?
1528 1602 2006 1672 Quotusquisque
2033 1602 2151 1656 hac

499 1689 888 1762 adimplevit?
925 1689 1035 1745 Sed
1069 1707 1194 1760 quae
1236 1705 1412 1760 penes
1445 1689 1710 1746 homines
1741 1689 2026 1757 difficilia,
2058 1705 2149 1762 pe-

501 1794 606 1834 nes
635 1778 821 1833 Deum
854 1777 1066 1834 facilia.

1122 1919 1348 1977 CAPUT
1378 1919 1528 1976 Xlll.

573 2045 668 2100 Sic
711 2049 904 2100 tamen
954 2044 1124 2100 nobis
1169 2045 1240 2099 de
1270 2043 1721 2099 mansuetudine
1760 2049 1817 2100 et
1845 2044 2151 2101 clementia

503 2134 601 2190 Dei
622 2133 1016 2198 blandiamur,
1037 2137 1101 2188 ut
1131 2149 1246 2188 non
1272 2150 1459 2202 usque
1491 2134 1558 2188 ad
1596 2133 1934 2188 idololatria:
1967 2135 2150 2189 afﬁni-

499 2226 650 2279 tates
682 2221 1128 2278 necessitatibus
1159 2221 1480 2292 largiamur
1515 2238 1526 2277 :
1561 2221 1660 2276 sed
1703 2238 1936 2277 omnem
1969 2223 2148 2277 adﬂa-

499 2315 624 2368 tum
655 2312 783 2382 ejus
816 2311 937 2366 vice
991 2311 1171 2381 pestis
1211 2310 1387 2365 etiam
1437 2311 1507 2366 de
1556 2311 1875 2382 longinquo
1929 2312 2148 2368 devite-

497 2416 654 2468 mus,
713 2415 827 2455 non
881 2399 972 2454 his
1025 2403 1255 2454 tantum
1306 2415 1430 2470 qua:
1476 2398 1886 2471 praemisimus,
1937 2401 2035 2456 sed
2089 2401 2146 2456 in

497 2488 776 2544 universa
833 2487 983 2543 serie
1040 2487 1308 2542 humans:
1361 2487 1823 2560 superstitionis,
1861 2488 1982 2543 sive
2026 2489 2149 2544 deis

497 2577 647 2643 suis,
702 2576 822 2632 sive
869 2575 1182 2643 defunctis,
1225 2576 1346 2631 sive
1395 2575 1623 2648 legibus
1680 2575 2044 2648 mancipatae,
2086 2583 2151 2633 ut

2177 1901 2226 1967 B

2260 645 2362 700 per
2413 629 2698 684 sacrificia
2731 634 2789 684 et
2819 628 3162 690 sacerdotia,
3197 628 3368 682 modo
3417 645 3517 699 per
3557 625 3923 697 spectacula,

2259 725 2312 772 el
2345 717 2452 772 hoc
2483 733 2687 790 genus,
2721 719 2894 772 modo
2929 733 3029 789 per
3085 718 3260 772 festos
3295 717 3442 771 dies.
3495 717 3604 770 Sed
3640 717 3710 770 de
3741 714 3928 769 sacri-

2262 805 2408 860 ficiis
2437 811 2494 861 et
2524 807 2592 860 de
2620 805 2961 861 sacerdotiis
2985 806 3123 876 quid
3159 805 3370 876 loquar
3394 805 3421 859 ?
3454 805 3532 860 De
3565 803 3921 876 spectaculis

2259 900 2452 950 autem
2477 901 2532 949 et
2551 895 2946 966 voluptatibus
2967 893 3258 966 ejusmodi
3285 911 3458 949 suum
3477 893 3599 964 jam
3651 893 3925 948 volumen

2261 983 2652 1054 implevimus.
2700 983 2813 1037 Hoc
2863 982 2986 1037 loco
3036 982 3333 1037 retractari
3385 987 3612 1053 oportet
3651 982 3721 1036 de
3754 981 3919 1036 festis

2261 1073 2487 1136 diebus,
2543 1077 2598 1127 et
2675 1071 2808 1126 aliis
2864 1071 3343 1126 extraordinariis
3424 1070 3918 1136 solemnitatibus,

2262 1178 2408 1231 quas
2438 1160 2732 1215 interdum
2765 1159 3035 1226 lascivias,
3060 1159 3350 1214 interdum
3378 1158 3676 1213 timiditati
3709 1164 3922 1212 nostra:

2262 1249 2733 1314 subscrimimus,
2764 1249 3044 1302 adversus
3072 1248 3207 1302 fidei
3242 1246 3617 1317 disciplinam
3651 1263 3925 1300 commu-

2262 1337 2523 1390 nirantes
2582 1336 2914 1391 nationibus
2966 1336 3024 1390 in
3085 1335 3315 1390 idolicis
3375 1335 3529 1390 680
3591 1335 3786 1389 rebus.
3842 1333 3924 1389 De

2260 1425 2369 1480 hoc
2399 1426 2634 1496 quidem
2669 1425 2855 1489 primo
2887 1424 3226 1486 consistam.
3254 1441 3324 1478 an
3349 1441 3482 1480 cum
3514 1423 3661 1495 ipsis
3683 1438 3923 1496 quoque
3963 1486 3975 1493 ο

2262 1515 2598 1568 nationibus
2629 1513 3064 1568 communicare
3094 1513 3150 1567 in
3186 1513 3526 1583 hujusmodi
3576 1528 3780 1568 servus
3817 1511 3914 1567 Dei

2260 1603 2486 1668 debeat,
2520 1604 2640 1657 sive
2689 1602 2929 1670 habitu,
2979 1603 3098 1657 sive
3144 1601 3324 1665 victu,
3370 1601 3454 1656 vel
3504 1618 3620 1672 quo
3669 1601 3782 1656 alio
3814 1616 3920 1672 ge-

2261 1708 2396 1747 nere
2440 1691 2651 1746 laetitise
2698 1707 2917 1746 earum.
2955 1691 3216 1746 Gaudere
3248 1706 3381 1745 cum
3405 1691 3826 1761 gaudentibus,
3860 1693 3921 1744 et

2260 1781 2456 1852 lugere
2487 1795 2620 1835 cum
2654 1779 3012 1852 lugentibus,
3048 1780 3118 1833 de
3151 1779 3428 1834 fratribus
3463 1779 3686 1834 dictum
3718 1783 3810 1834 est
3843 1779 3916 1833 ab

2259 1866 2520 1940 apostolo
2575 1868 2645 1923 ad
2687 1867 3134 1922 unanimitatem
3195 1867 3536 1923 cohortante
3578 1868 3758 1936 (Rom.
3815 1883 3919 1937 xu,

2261 1957 2368 2027 15).
2400 1957 2681 2011 Caeterum
2731 1956 2802 2011 ad
2857 1956 2976 2011 haec
3022 1956 3165 2010 nihil
3217 1955 3649 2011 communionis
3679 1959 3768 2012 est
3815 1955 3909 2010 lu-

2257 2045 2397 2100 mini
2427 2049 2483 2100 et
2512 2043 2790 2111 tenebris,
2839 2044 2967 2098 vitae
3013 2048 3069 2098 et
3121 2044 3294 2099 morti
3355 2061 3369 2099 :
3429 2049 3532 2099 aut
3587 2043 3922 2098 scindimus

2259 2135 2412 2206 quod
2449 2138 2536 2188 est
2566 2131 2849 2203 scriptum
2892 2131 2959 2193 (II
3005 2131 3124 2187 Cor.
3170 2149 3244 2186 v1.
3301 2133 3364 2186 14
3391 2149 3405 2198 ;
3432 2135 3589 2188 Ιοαη.
3621 2148 3734 2200 xv1,
3764 2133 3856 2200 20)
3897 2148 3912 2188 :

2255 2223 2531 2280 Saeculum
2558 2221 2831 2292 gaudebit,
2864 2237 2955 2275 vos
2980 2235 3103 2275 vero
3137 2221 3410 2290 lugebitis.
3441 2219 3500 2274 Si
3532 2236 3667 2274 cum
3700 2219 3920 2275 smeulo

2257 2313 2604 2385 gaudemus,
2647 2309 2964 2364 verendum
3026 2312 3134 2376 est,
3186 2325 3257 2363 ne
3313 2324 3448 2363 cum
3495 2307 3709 2362 saaculo
3739 2314 3793 2362 et
3825 2309 3916 2362 lu-

2256 2416 2518 2472 geamus.
2553 2397 2771 2454 Smculo
2803 2402 2996 2452 autem
3030 2397 3319 2469 gaudente
3353 2397 3682 2468 lugeamus,
3715 2401 3773 2451 et
3803 2413 3914 2451 sas-

2257 2489 2612 2561 culo'jpostes
2644 2486 2877 2559 lugente
2909 2485 3296 2558 gaudebimus
3329 2487 3480 2557 (Luc.
3505 2487 3642 2555 xw),
3676 2485 3783 2556 19).
3812 2485 3910 2540 Sic

2257 2583 2314 2634 et
2360 2579 2608 2633 Lazarus
2637 2576 2681 2610 “
2729 2575 2841 2646 (57)
2899 2575 3051 2647 apud
3114 2574 3329 2630 inferos
3387 2575 3445 2629 in
3500 2573 3631 2630 sinu
3663 2573 3909 2629 Abrabaa

1892 2693 2093 2755 Variae
2126 2693 2445 2756 lectiones.

560 2779 605 2814 ⁸⁸
633 2777 870 2835 Eleazar
897 2779 1078 2834 Paris.
1109 2779 1234 2835 alii.

1927 2871 2446 2934 Commentarius.

494 2973 649 3029 dent.
672 2974 730 3028 In
756 2972 828 3027 iis
849 2973 1005 3028 enim
1039 2971 1120 3044 ita
1148 2971 1458 3026 scribitur:
1491 2992 1512 3044 ᾳ
1537 2977 1652 3028 Aut
1681 2989 1892 3044 corpus
1925 2976 2138 3044 solum,

495 3045 651 3117 quod
684 3045 742 3100 in
772 3045 1018 3117 modum
1052 3043 1315 3117 .‘(ps_est.
1365 3064 1392 3093 ι)
1449 3043 1506 3098 Si
1549 3044 1722 3117 copia
1767 3043 1935 3101 nobis
1987 3043 2142 3102 esset

495 3113 917 3202 principalium
974 3113 1394 3202 exemplorum,
1447 3113 2141 3202 u'nde'suumodescribi

485 3187 669 3260 jussit
699 3187 1087 3262 ’Agobardus,
1113 3189 1426 3262 _mendosre
1479 3187 1744 3262 lectionis
1791 3189 1952 3260 origo
1986 3197 2140 3262 pate-

493 3259 714 3331 Sceret.
748 3260 981 3314 Interim
1032 3259 1258 3331 opinari
1310 3260 1498 3331 liceat,
1531 3259 1817 3331 scriptum
1870 3259 2049 3317 fuisse
2081 3262 2140 3316 in

491 3330 963 3402 antiquissimis:
1001 3329 1147 3402 Quod
1191 3332 1250 3382 in
1277 3329 1498 3384 modum
1527 3329 1798 3402 Xisfquaa
1839 3338 1976 3388 nota
2005 3350 2138 3388 cum

494 3401 651 3475 esset
706 3403 917 3470 crucis,
961 3403 1026 3475 _in
1093 3401 1249 3475 hunc
1310 3401 1475 3475 facile
1528 3405 1742 3475 transit
1815 3405 1936 3475 Xps,
2013 3421 2138 3475 quas

493 3473 763 3529 Christus
810 3479 916 3528 est.
949 3473 1071 3536 Quo
1112 3473 1289 3526 etiam
1325 3473 1495 3526 modo
1527 3473 1787 3528 Barrzeus
1840 3473 1896 3528 in
1949 3473 2142 3530 exem-

492 3543 639 3615 plari
665 3545 1084 3615 suoiscriptum
1119 3544 1298 3598 fuisse
1331 3547 1595 3598 testatur.
1631 3546 1789 3612 Quod
1824 3550 2014 3601 autem
2050 3547 2143 3602 hic

493 3614 576 3670 ait
603 3614 1017 3682 Tertullianus,
1055 3631 1264 3682 corpus
1296 3621 1560 3669 nostrum
1613 3616 1671 3670 in
1724 3619 1962 3672 modum
2016 3634 2144 3672 esse

497 3687 707 3752 crucis,
740 3686 893 3740 idem
927 3687 1098 3740 etiam
1129 3685 1345 3740 clarius
1378 3685 1626 3756 explicat
1657 3687 1756 3744 lib.
1788 3705 1804 3742 ι
1854 3690 1932 3744 ad
1964 3690 2147 3744 Natio-

493 3775 614 3824 nes,
648 3773 770 3828 cap.
807 3759 872 3812 12
906 3773 918 3811 :
951 3780 979 3806 «
1012 3756 1124 3827 lpsi
1161 3774 1393 3827 quoque
1451 3759 1676 3828 corpori
1713 3765 1935 3829 nostro,
1971 3761 2147 3816 tacita

494 3834 552 3885 et
581 3836 804 3903 secreta
838 3829 1008 3903 linea.
1040 3833 1231 3903 crucis
1266 3833 1417 3884 situs
1447 3835 1554 3903 est.
1601 3831 1764 3892 Quod
1798 3839 1973 3903 caput
1998 3834 2142 3886 emi-

493 3906 605 3975 cat,
633 3901 789 3975 quod
826 3902 996 3975 spina
1022 3900 1486 3975 dirigitur._quod
1523 3900 1897 3975 humerorum
1932 3903 2148 3975 obliga-

494 3973 722 4045 tio...Si
753 3971 1049 4045 hominem
1083 3972 1362 4045 statueris
1393 3973 1666 4028 manibus
1697 3975 1970 4045 expansis
1999 3971 2144 4030 inia-

495 4044 692 4116 ginem
725 4044 916 4116 crucis
938 4043 1167 4116 feceris.
1205 4063 1232 4090 n
1265 4043 1390 4097 Rm.

566 4115 695 4186 (56)
719 4115 884 4169 Fides
913 4115 1118 4186 liquem
1146 4131 1258 4168 non
1298 4117 1470 4168 timet.
1506 4114 1696 4182 Magni
1743 4132 1975 4186 semper
2016 4117 2149 4172 fecit

497 4185 925 4241 Tertullianum
972 4185 1376 4256 Hieronymus,
1411 4203 1544 4258 nam
1577 4187 1648 4240 ab
1680 4186 1786 4242 hoc
1829 4185 2022 4258 plures
2054 4187 2149 4242 ille

496 4258 755 4329 sumpsit
785 4258 1130 4322 sententias,
1163 4257 1431 4327 interque
1484 4257 1620 4312 illas
1651 4257 2028 4314 etiam’banc.
2066 4261 2148 4314 Ita

494 4328 655 4384 enim
684 4331 754 4384 ad
789 4330 1054 4384 Ileliodor
1087 4345 1098 4383 :
1142 4351 1168 4377 ‹‹
1203 4329 1281 4383 De
1337 4329 1462 4382 cibo
1519 4329 1792 4400 cogitas?
1847 4331 1946 4386 sed
2007 4331 2148 4386 fides

493 4401 709 4526 Samiam
769 4417 883 4456 non
939 4400 1124 4454 timet.
1158 4418 1183 4450 ιι
1243 4404 1399 4454 Arat.
1443 4400 1548 4454 lib.
1595 4417 1657 4470 ιι,
1706 4403 1853 4456 Hist.
1902 4403 2145 4470 Apostol.

538 4489 615 4526 1x1
673 4489 686 4526 :

538 4471 641 4527 ixit
673 4489 686 4527 :

887 4560 1068 4620 Neque
1099 4558 1240 4607 enim
1271 4557 1581 4608 discrimina
1611 4561 1758 4610 novit

620 4621 929 4670 Formidare
960 4620 1108 4669 ﬁdes.
1363 4621 1478 4670 Lac.

567 4735 678 4808 (_57)
710 4736 802 4790 Sic
844 4740 895 4808 ei
947 4737 1207 4789 Lazarus.
1266 4756 1292 4788 ci
1352 4737 1412 4790 1n
1463 4737 1780 4807 exemplari
1830 4739 2142 4808 Agobardi,
2177 4719 2221 4783 D

498 4805 716 4876 ubique
763 4807 1058 4876 scribitur,
1109 4808 1362 4876 Eleamr,
1399 4825 1509 4863 non
1545 4805 1814 4864 Laiarus.
1847 4805 1939 4864 Sic
1967 4811 2140 4865 etiam

498 4879 653 4950 apud
690 4879 1098 4945 Prudentium,
1128 4880 1322 4949 Hymn.
1358 4879 1420 4934 de
1457 4881 1741 4951 Exscquiis
1770 4898 1788 4934 :

714 4991 923 5040 Gremio
949 4993 1120 5040 sensis
1148 4993 1328 5041 abdita
1358 4995 1524 5042 sancti

713 5055 1015 5114 ltecubaliit,
1049 5056 1141 5103 tibi
1171 5061 1250 5104 est
1282 5056 1508 5104 Eleazar.
1781 5058 1893 5105 llic.

493 5208 562 5218 —
589 5177 680 5233 Sic
709 5186 759 5232 et
792 5180 1030 5232 Lazarus
1072 5177 1217 5248 apud
1265 5180 1469 5247 inferos
1518 5183 1575 5233 in
1621 5182 1748 5234 sinu
1782 5181 2033 5238 Abrahxc.
2070 5187 2144 5236 Ex

490 5250 683 5305 verbis
716 5249 944 5304 Domini
979 5250 1049 5302 ad
1083 5249 1391 5316 latronem,
1452 5251 1626 5306 Hodie
1673 5268 1881 5307 mecum
1926 5257 2034 5308 eris
2085 5256 2144 5307 in

488 5321 768 5393 paradiso,
816 5326 873 5394 ct
923 5319 1165 5394 Abrahae
1215 5321 1283 5375 de
1316 5321 1523 5378 Lazaro
1555 5323 1624 5377 ad
1658 5323 1898 5378 divitem
1927 5342 2112 5394 purpu

490 5391 706 5460 ratum,
740 5391 1084 5463 etiJoannis
1119 5398 1442 5463 martyrum
1494 5395 1720 5450 animas
1753 5391 2000 5449 videntis
2033 5391 2141 5451 sub

493 5463 771 5538 altari,_et
806 5462 962 5518 Pauli
997 5463 1017 5517 Ι
1047 5463 1121 5538 ad
1151 5462 1409 5538 ’l‘heSsal.
1462 5482 1588 5536 cap.
1621 5484 1694 5534 Iv,
1729 5473 1987 5521 veterum
2024 5467 2144 5538 ple-

500 5535 666 5609 rique
698 5535 754 5589 in
781 5550 847 5609 ea
877 5535 1163 5589 sententia
1193 5536 1372 5601 fuere,
1407 5542 1465 5609 ut
1498 5538 1796 5592 crederent
1828 5553 1955 5592 esse
1987 5535 2136 5609 apud

499 5605 1073 5680 inferosanimarum
1102 5608 1463 5677 receptacula
1494 5609 1718 5678 piarum
1743 5615 1798 5661 et
1829 5605 2140 5680 impiarum

499 5675 677 5754 divini
721 5676 928 5754 iudicii
978 5677 1130 5732 diem
1181 5675 1631 5754 eapectan‘tium,
1678 5675 2141 5754 [nterea—tamen

501 5745 628 5824 pias
659 5745 890 5824 quidem
924 5763 1081 5815 pace,
1114 5745 1327 5824 quiete,
1350 5750 1672 5824 __refrigeri_o
1701 5753 1990 5822 gaudere;
2034 5753 2142 5809 im-

503 5819 629 5884 pias
687 5819 888 5870 contra
943 5832 1188 5888 carcere,
1245 5819 1500 5891 ignibus,
1523 5819 1817 5893 “gehenna
1873 5823 2137 5883 cruciari.

2251 2975 2487 3030 Piarum
2537 2971 2900 3042 receptacula
2943 2972 3000 3027 in
3043 2988 3277 3028 recessu
3329 2973 3566 3043 quidem
3608 2973 3916 3029 subterra‘

2252 3063 2380 3111 neo,
2413 3045 2515 3101 sed
2547 3045 2922 3117 inferioribus
2951 3043 3133 3099 multo
3188 3043 3506 3117 impiarum
3549 3044 3779 3117 abyssis
3811 3055 3915 3117 su'

2252 3122 2597 3190 perstructo.
2657 3116 2812 3190 Inter
2868 3120 3184 3190 utrumque
3240 3115 3432 3171 autem
3486 3115 3916 3190 insuperabilis

2251 3187 2584 3244 altitudinis
2630 3189 2808 3242 chaos
2853 3189 3253 3245 oblirmatum.
3309 3189 3449 3242 Cum
3483 3187 3664 3257 igitur
3705 3187 3766 3242 in
3802 3189 3916 3243 hac

2251 3260 2542 3317 sententia
2594 3259 2765 3314 fuerit
2817 3259 3232 3324 'l‘ertullianus,
3286 3260 3432 3314 nihil
3485 3267 3576 3314 est
3618 3261 3772 3330 quod
3816 3259 3916 3314 hic

2256 3335 2556 3397 miremur,
2589 3335 2645 3384 et
2676 3331 2951 3386 Lazarum
3009 3334 3064 3402 et
3121 3330 3368 3386 Abraha:
3401 3331 3598 3385 sinum
3631 3331 3785 3402 apud
3819 3331 3911 3402 ἰη-

2256 3406 2406 3460 feros
2455 3402 2696 3456 censeri.
2743 3405 2887 3455 Nam
2939 3406 3001 3472 et
3046 3401 3170 3472 ipse
3218 3403 3420 3457 eodem
3472 3401 3797 3457 sensuilib.
3847 3401 3917 3457 de

2254 3479 2470 3539 Anima,
2504 3473 2760 3528 animam
2792 3471 3007 3527 Christi
3055 3471 3136 3527 ait
3192 3488 3487 3544 egressam
3530 3475 3600 3527 de
3631 3475 3910 3528 cruciﬁxo

2253 3562 2490 3616 corpore
2530 3545 2599 3598 ad
2654 3545 2869 3617 inferos
2909 3544 3303 3617 descendisse,
3353 3551 3418 3599 ut
3464 3551 3762 3617 compotes
3813 3545 3908 3600 sui

2255 3615 2468 3673 faceret
2527 3615 2905 3686 patriarchas.
2937 3615 3045 3669 Alli
3090 3632 3222 3688 vero
3273 3618 3474 3672 eadem
3526 3615 3757 3688 quoque
3791 3617 3906 3672 fide

2255 3695 2312 3744 et
2343 3689 2493 3760 apud
2529 3689 2742 3742 inferos
2773 3703 2902 3760 esse
2933 3687 3268 3760 paradisum
3319 3688 3635 3760 credidere,
3666 3687 3782 3760 quo
3816 3688 3901 3760 la-

2253 3757 2404 3814 troni
2439 3759 2706 3813 Christus
2737 3757 3033 3825 condixit;
3085 3759 3298 3814 etenim
3334 3759 3586 3831 paradisi
3619 3757 3905 3815 vocabulo

2255 3831 2573 3902 significari
2610 3832 2838 3884 hortum
2866 3846 2967 3884 seu
3002 3836 3256 3900 pratum,
3291 3847 3392 3887 seu
3426 3831 3690 3902 quemvis
3721 3831 3906 3885 alium

2256 3903 2464 3957 ammni
2499 3902 2777 3972 refrigerii
2811 3902 3022 3967 locum,
3057 3902 3154 3956 ubi
3191 3902 3556 3973 patriarchze,
3593 3904 3689 3958 ubi
3723 3904 3907 3957 Abra-

2257 3975 2414 4041 ham,
2447 3973 2546 4028 ubi
2576 3974 2774 4039 Jacob,
2808 3973 2904 4028 ubi
2957 3973 3227 4041 Lazarus,
3280 3975 3376 4030 ubi
3423 3974 3518 4028 ille
3565 3976 3635 4030 de
3682 3974 3910 4030 latrone

2257 4045 2465 4112 ﬁdelis,
2492 4044 2590 4099 ubi
2621 4047 2794 4100 etiam
2829 4049 3149 4117 martyrum
3174 4044 3381 4101 anima:
3413 4045 3716 4117 placidum
3751 4046 3912 4117 quie-

2255 4123 2440 4173 scant.
2476 4122 2553 4189 Ac
2585 4116 2654 4171 de
2686 4115 3039 4189 martyribus
3077 4117 3312 4189 quidem
3359 4115 3677 4189 Septimius
3717 4115 3914 4173 noster

2256 4190 2332 4244 ita
2365 4187 2620 4243 sensisse
2648 4186 2878 4242 videtur
2918 4186 2974 4240 in
3018 4187 3341 4259 Scorpiace,
3389 4186 3523 4244 cum
3572 4190 3654 4244 ait
3681 4189 3914 4245 animas

2255 4277 2455 4316 eorum
2515 4259 2624 4312 sub
2663 4259 2831 4314 altari
2878 4259 3212 4330 patientiam
3255 4276 3509 4330 pascere,
3569 4265 3626 4316 et
3673 4259 3912 4316 indutas

2259 4332 2463 4386 stolam
2495 4330 2800 4402 candidam
2848 4330 3130 4402 claritatis
3171 4347 3477 4402 usurpare.
3510 4330 3686 4396 Quasi
3737 4332 3910 4388 sedes

2257 4403 2360 4476 illa
2390 4403 2499 4458 sub
2533 4402 2721 4476 altari,
2745 4472 2757 4476 _
2781 4399 3032 4476 ὑπρκάτω
3065 4399 3475 4476 (iactarem—pios,
3505 4403 3718 4460 Joanni
3749 4419 3907 4460 reve-

2257 4475 2399 4547 lata,
2431 4474 2666 4547 nomine
2707 4472 2908 4528 altaris
2939 4478 3150 4528 terram
3184 4472 3500 4545 significat,
3531 4492 3709 4546 super
3733 4491 3910 4547 quam

2255 4545 2559 4600 immolata
2619 4550 2940 4617 martyrum
3012 4561 3281 4616 corpora,
3314 4547 3488 4602 veluti
3521 4545 3697 4617 super
3725 4545 3909 4603 altare

2249 4618 2582 4688 jacuerunt,
2616 4617 2768 4671 unde
2808 4616 3070 4688 ipsorum
3120 4619 3324 4673 animas
3374 4619 3432 4673 in
3490 4616 3905 4674 subterraneae

2257 4686 2621 4743 amoenitates
2653 4688 2722 4742 ab
2763 4686 2986 4756 angelis
3034 4693 3174 4742 sunt
3204 4689 3429 4754 delatis,
3462 4690 3559 4745 ubi
3609 4706 3903 4746 resurrec-

2251 4761 2467 4842 tionem
2502 4777 2567 4814 ac
2597 4759 2720 4842 _Dei‘
2749 4773 2992 4842 regnum
3033 4761 3439 4842 praestolamur
3472 4777 3483 4815 :
3520 4778 3743 4842 moram
3775 4779 3908 4842 vero

2253 4833 2563 4894 tantulam,
2597 4831 2730 4885 licet
2769 4829 3159 4901 cemplurium
3204 4849 3513 4899 annorum,
3548 4833 3767 4888 sanctis
3797 4833 3904 4889 mi-

2253 4903 2412 4986 nime
2441 4919 2671 4986 gravem
2707 4905 2931 4986 aeternae
2962 4901 3158 4986 gloriae
3214 4904 3426 4986 fiducia
3459 4909 3764 4986 8800iﬂ1‘83_.
3795 4905 3904 4986 Ye-

2253 4972 2581 5030 rumtamen
2602 4972 2944 5043 Septimium
2967 4972 3024 5027 in
3045 4973 3152 5028 hac
3172 4977 3461 5046 sententia
3484 4993 3690 5046 parum
3728 4976 3909 5032 fuisse

2253 5051 2616 5101 constantem
2651 5049 2906 5115 arguunt
2935 5061 3003 5099 ea
3027 5062 3152 5115 qua:
3184 5045 3332 5102 libro
3365 5049 3434 5103 de
3467 5045 3909 5103 Resurrectione

2252 5118 2512 5172 tradidit.
2547 5116 2770 5172 Etenim
2803 5122 3182 5187 posteaquam
3222 5118 3483 5189 probavit
3521 5137 3754 5176 omnem
3788 5119 3909 5174 ani-

2255 5206 2410 5243 mam
2470 5190 2621 5258 apud
2675 5189 2891 5244 inferos
2935 5191 3289 5258 sequestrari
3332 5191 3387 5245 in
3441 5190 3598 5246 diem
3654 5191 3907 5257 Domini,

2254 5261 2559 5316 confestim
2617 5259 2816 5333 eximit
2869 5260 2946 5333 ab
2999 5276 3066 5333 ea
3145 5261 3527 5333 dispositione
3581 5268 3906 5333 martyrum

2254 5333 2509 5394 animas,
2544 5331 2831 5402 paradiso,
2865 5331 3076 5401 inquit,
3123 5331 3255 5387 noni
3290 5334 3487 5390 inferis
3539 5331 3904 5390 deversuras.

2253 5404 2484 5467 Quibus
2532 5408 2685 5476 certe
2727 5402 2931 5476 verbis
2967 5403 3303 5473 paradisum
3335 5423 3463 5462 esse
3500 5407 3655 5476 apud
3688 5406 3907 5462 inferos

2254 5479 2450 5546 negat,
2480 5476 2586 5528 etsi
2630 5474 2730 5528 lib.
2791 5473 2854 5528 de
2896 5475 3116 5546 Anima,
3151 5479 3470 5533 secundum
3522 5473 3718 5534 Irenaei
3766 5494 3898 5533 sen-

2251 5545 2519 5612 tentiam,
2555 5546 2848 5601 Christum
2893 5545 3085 5615 ipsum
3141 5548 3384 5605 dixisset
3415 5550 3598 5606 forma
3623 5550 3900 5605 humanae

2252 5620 2456 5692 mortis
2510 5618 2661 5688 apud
2713 5618 2930 5692 inferos
2988 5619 3294 5687 functum;
3361 5637 3577 5692 eosque
3647 5621 3897 5691 superbe

2253 5689 2432 5744 nimis
2463 5705 2719 5757 censere,
2755 5688 2852 5757 qui
2906 5705 3016 5743 non
3070 5695 3344 5760 putarent
3375 5688 3602 5749 animas
3634 5688 3896 5749 fidelium

2251 5761 2792 5835 inferisdignasgc
2849 5761 3006 5835 Servi
3062 5778 3238 5834 super
3295 5765 3624 5832 dominum,
3679 5765 3894 5835 inquit,

2251 5835 2304 5888 et
2335 5829 2603 5903 discipuli
2637 5846 2811 5904 super
2853 5829 3221 5907 magistrum,
3255 5837 3547 5911 aspernati
3578 5829 3628 5897 si
3659 5829 3802 5895 forte
3830 5829 3892 5894 in
