  <div class='ocr_page' id='page_1' title='image "/cluster/home/n/w/nwhite01/storage/ocr_20150623/1/umn.31951002477295j/384.png"; bbox 0 0 4262 6366; ppageno 0'>
   <div class='ocr_carea' id='block_1_1' title="bbox 421 370 538 430">
    <p class='ocr_par' dir='ltr' id='par_1_1' title="bbox 421 370 538 430">
     <span class='ocr_line' id='line_1_1' title="bbox 421 370 538 430; baseline 0.009 -2"><span class='ocrx_word' id='word_1_1' title='bbox 421 370 538 430; x_wconf 82' lang='lat'>757</span> 
     </span>
    </p>
   </div>
   <div class='ocr_carea' id='block_1_2' title="bbox 1791 368 2476 432">
    <p class='ocr_par' dir='ltr' id='par_1_2' title="bbox 1791 368 2476 432">
     <span class='ocr_line' id='line_1_2' title="bbox 1791 368 2476 432; baseline -0.001 -2"><span class='ocrx_word' id='word_1_2' title='bbox 1791 370 1891 430; x_wconf 86' lang='lat' dir='ltr'>DE</span> <span class='ocrx_word' id='word_1_3' title='bbox 1937 368 2476 432; x_wconf 83' lang='lat' dir='ltr'>IDOLOLATRIA.</span> 
     </span>
    </p>
   </div>
   <div class='ocr_carea' id='block_1_3' title="bbox 3713 372 3835 432">
    <p class='ocr_par' dir='ltr' id='par_1_3' title="bbox 3713 372 3835 432">
     <span class='ocr_line' id='line_1_3' title="bbox 3713 372 3835 432; baseline 0 0"><span class='ocrx_word' id='word_1_4' title='bbox 3713 372 3835 432; x_wconf 78' lang='lat'>758</span> 
     </span>
    </p>
   </div>
   <div class='ocr_carea' id='block_1_4' title="bbox 413 500 3835 575">
    <p class='ocr_par' dir='ltr' id='par_1_4' title="bbox 413 500 3835 575">
     <span class='ocr_line' id='line_1_4' title="bbox 413 500 3835 575; baseline 0.001 -18"><span class='ocrx_word' id='word_1_5' title='bbox 413 500 783 571; x_wconf 80' lang='lat' dir='ltr'>refrigerium</span> <span class='ocrx_word' id='word_1_6' title='bbox 817 503 1202 571; x_wconf 79' lang='lat' dir='ltr'>consecutus;</span> <span class='ocrx_word' id='word_1_7' title='bbox 1236 506 1438 558; x_wconf 89' lang='lat' dir='ltr'>contra</span> <span class='ocrx_word' id='word_1_8' title='bbox 1469 502 1629 558; x_wconf 82' lang='lat' dir='ltr'>dives</span> <span class='ocrx_word' id='word_1_9' title='bbox 1668 502 1727 556; x_wconf 91' lang='lat' dir='ltr'>in</span> <span class='ocrx_word' id='word_1_10' title='bbox 1778 505 2067 557; x_wconf 89' lang='lat' dir='ltr'>tormento</span> <span class='ocrx_word' id='word_1_11' title='bbox 2096 503 2151 570; x_wconf 80' lang='grc' dir='ltr'>Α</span> <span class='ocrx_word' id='word_1_12' title='bbox 2181 501 2349 557; x_wconf 90' lang='lat' dir='ltr'>lestis</span> <span class='ocrx_word' id='word_1_13' title='bbox 2379 502 2677 575; x_wconf 71' lang='lat' dir='ltr'>suffragiis</span> <span class='ocrx_word' id='word_1_14' title='bbox 2710 503 2871 560; x_wconf 93' lang='lat' dir='ltr'>nullo</span> <span class='ocrx_word' id='word_1_15' title='bbox 2906 504 3112 561; x_wconf 92' lang='lat' dir='ltr'>merito</span> <span class='ocrx_word' id='word_1_16' title='bbox 3146 522 3358 563; x_wconf 87' lang='lat' dir='ltr'>nomen</span> <span class='ocrx_word' id='word_1_17' title='bbox 3390 504 3642 562; x_wconf 82' lang='lat' dir='ltr'>lacessit.</span> <span class='ocrx_word' id='word_1_18' title='bbox 3673 504 3835 560; x_wconf 89' lang='lat' dir='ltr'>Desi-</span> 
     </span>
    </p>
   </div>
   <div class='ocr_carea' id='block_1_5' title="bbox 413 589 2071 659">
    <p class='ocr_par' dir='ltr' id='par_1_5' title="bbox 413 589 2071 659">
     <span class='ocr_line' id='line_1_5' title="bbox 413 589 2071 659; baseline 0.001 -15"><span class='ocrx_word' id='word_1_19' title='bbox 413 589 568 659; x_wconf 80' lang='lat' dir='ltr'>ignis</span> <span class='ocrx_word' id='word_1_20' title='bbox 615 591 998 658; x_wconf 89' lang='lat' dir='ltr'>constitutus,</span> <span class='ocrx_word' id='word_1_21' title='bbox 1030 591 1288 648; x_wconf 86' lang='lat' dir='ltr'>alternas</span> <span class='ocrx_word' id='word_1_22' title='bbox 1339 590 1631 648; x_wconf 90' lang='lat' dir='ltr'>malorum</span> <span class='ocrx_word' id='word_1_23' title='bbox 1676 595 1733 647; x_wconf 89' lang='lat' dir='ltr'>et</span> <span class='ocrx_word' id='word_1_24' title='bbox 1782 592 2071 647; x_wconf 89' lang='lat' dir='ltr'>bonorum</span> 
     </span>
    </p>
   </div>
   <div class='ocr_carea' id='block_1_6' title="bbox 408 678 2072 754">
    <p class='ocr_par' dir='ltr' id='par_1_6' title="bbox 408 678 2072 754">
     <span class='ocr_line' id='line_1_6' title="bbox 408 678 2072 754; baseline 0.002 -21"><span class='ocrx_word' id='word_1_25' title='bbox 408 678 563 735; x_wconf 91' lang='lat' dir='ltr'>vices</span> <span class='ocrx_word' id='word_1_26' title='bbox 631 682 847 737; x_wconf 60' lang='lat' dir='ltr'>aemula</span> <span class='ocrx_word' id='word_1_27' title='bbox 916 681 1301 739; x_wconf 81' lang='lat' dir='ltr'>retributione</span> <span class='ocrx_word' id='word_1_28' title='bbox 1382 688 1767 754; x_wconf 80' lang='lat' dir='ltr'>compensant</span> <span class='ocrx_word' id='word_1_29' title='bbox 1804 684 1868 738; x_wconf 78' lang='grc'>⁸⁷.</span> <span class='ocrx_word' id='word_1_30' title='bbox 1926 687 2072 737; x_wconf 87' lang='lat' dir='ltr'>Sunt</span> 
     </span>
    </p>
   </div>
   <div class='ocr_carea' id='block_1_7' title="bbox 413 769 2070 844">
    <p class='ocr_par' dir='ltr' id='par_1_7' title="bbox 413 769 2070 844">
     <span class='ocr_line' id='line_1_7' title="bbox 413 769 2070 844; baseline 0.003 -22"><span class='ocrx_word' id='word_1_31' title='bbox 413 769 656 841; x_wconf 89' lang='lat' dir='ltr'>quidam</span> <span class='ocrx_word' id='word_1_32' title='bbox 697 770 823 827; x_wconf 91' lang='lat' dir='ltr'>dies</span> <span class='ocrx_word' id='word_1_33' title='bbox 880 788 1218 841; x_wconf 89' lang='lat' dir='ltr'>munerum,</span> <span class='ocrx_word' id='word_1_34' title='bbox 1250 789 1376 843; x_wconf 75' lang='lat' dir='ltr'>quas</span> <span class='ocrx_word' id='word_1_35' title='bbox 1428 773 1581 844; x_wconf 89' lang='lat' dir='ltr'>apud</span> <span class='ocrx_word' id='word_1_36' title='bbox 1634 772 1779 827; x_wconf 86' lang='lat' dir='ltr'>alios</span> <span class='ocrx_word' id='word_1_37' title='bbox 1829 772 2070 827; x_wconf 81' lang='lat' dir='ltr'>honoris</span> 
     </span>
    </p>
   </div>
   <div class='ocr_carea' id='block_1_8' title="bbox 414 857 2069 933">
    <p class='ocr_par' dir='ltr' id='par_1_8' title="bbox 414 857 2069 933">
     <span class='ocr_line' id='line_1_8' title="bbox 414 857 2069 933; baseline 0.002 -21"><span class='ocrx_word' id='word_1_38' title='bbox 414 857 691 926; x_wconf 84' lang='lat' dir='ltr'>titulum,</span> <span class='ocrx_word' id='word_1_39' title='bbox 749 862 903 932; x_wconf 86' lang='lat' dir='ltr'>apud</span> <span class='ocrx_word' id='word_1_40' title='bbox 967 860 1111 918; x_wconf 88' lang='lat' dir='ltr'>alios</span> <span class='ocrx_word' id='word_1_41' title='bbox 1169 862 1454 916; x_wconf 79' lang='lat' dir='ltr'>mercedis</span> <span class='ocrx_word' id='word_1_42' title='bbox 1512 861 1776 916; x_wconf 89' lang='lat' dir='ltr'>debitum</span> <span class='ocrx_word' id='word_1_43' title='bbox 1844 879 2069 933; x_wconf 82' lang='lat' dir='ltr'>expun-</span> 
     </span>
    </p>
   </div>
   <div class='ocr_carea' id='block_1_9' title="bbox 415 949 2067 1022">
    <p class='ocr_par' dir='ltr' id='par_1_9' title="bbox 415 949 2067 1022">
     <span class='ocr_line' id='line_1_9' title="bbox 415 949 2067 1022; baseline 0.002 -22"><span class='ocrx_word' id='word_1_44' title='bbox 415 951 565 1019; x_wconf 88' lang='lat' dir='ltr'>gunt</span> <span class='ocrx_word' id='word_1_45' title='bbox 588 949 721 1020; x_wconf 84' lang='lat'>(58).</span> <span class='ocrx_word' id='word_1_46' title='bbox 750 950 917 1005; x_wconf 88' lang='lat' dir='ltr'>Nunc</span> <span class='ocrx_word' id='word_1_47' title='bbox 963 967 1121 1022; x_wconf 90' lang='lat' dir='ltr'>ergo,</span> <span class='ocrx_word' id='word_1_48' title='bbox 1156 949 1377 1021; x_wconf 85' lang='lat' dir='ltr'>inquis,</span> <span class='ocrx_word' id='word_1_49' title='bbox 1416 950 1690 1021; x_wconf 80' lang='lat' dir='ltr'>recipiam</span> <span class='ocrx_word' id='word_1_50' title='bbox 1744 967 1959 1020; x_wconf 89' lang='lat' dir='ltr'>meum,</span> <span class='ocrx_word' id='word_1_51' title='bbox 1984 950 2067 1005; x_wconf 88' lang='lat' dir='ltr'>vel</span> 
     </span>
    </p>
   </div>
   <div class='ocr_carea' id='block_1_10' title="bbox 415 1038 2068 1107">
    <p class='ocr_par' dir='ltr' id='par_1_10' title="bbox 415 1038 2068 1107">
     <span class='ocr_line' id='line_1_10' title="bbox 415 1038 2068 1107; baseline 0.003 -16"><span class='ocrx_word' id='word_1_52' title='bbox 415 1038 735 1107; x_wconf 87' lang='lat' dir='ltr'>rependam</span> <span class='ocrx_word' id='word_1_53' title='bbox 779 1038 1061 1094; x_wconf 88' lang='lat' dir='ltr'>alienum.</span> <span class='ocrx_word' id='word_1_54' title='bbox 1093 1038 1151 1093; x_wconf 87' lang='lat' dir='ltr'>Si</span> <span class='ocrx_word' id='word_1_55' title='bbox 1199 1039 1356 1094; x_wconf 92' lang='lat' dir='ltr'>hunc</span> <span class='ocrx_word' id='word_1_56' title='bbox 1388 1055 1609 1095; x_wconf 90' lang='lat' dir='ltr'>morem</span> <span class='ocrx_word' id='word_1_57' title='bbox 1640 1038 1750 1094; x_wconf 87' lang='lat' dir='ltr'>sibi</span> <span class='ocrx_word' id='word_1_58' title='bbox 1803 1040 2068 1096; x_wconf 84' lang='lat' dir='ltr'>homines</span> 
     </span>
    </p>
   </div>
   <div class='ocr_carea' id='block_1_11' title="bbox 412 1125 2071 1199">
    <p class='ocr_par' dir='ltr' id='par_1_11' title="bbox 412 1125 2071 1199">
     <span class='ocr_line' id='line_1_11' title="bbox 412 1125 2071 1199; baseline 0.003 -20"><span class='ocrx_word' id='word_1_59' title='bbox 412 1125 483 1180; x_wconf 92' lang='lat' dir='ltr'>de</span> <span class='ocrx_word' id='word_1_60' title='bbox 521 1128 943 1199; x_wconf 84' lang='lat' dir='ltr'>superstitione</span> <span class='ocrx_word' id='word_1_61' title='bbox 975 1133 1485 1193; x_wconf 88' lang='lat' dir='ltr'>consecraverunt,</span> <span class='ocrx_word' id='word_1_62' title='bbox 1518 1133 1579 1183; x_wconf 91' lang='lat' dir='ltr'>tu</span> <span class='ocrx_word' id='word_1_63' title='bbox 1637 1136 1949 1184; x_wconf 83' lang='lat' dir='ltr'>extraneus</span> <span class='ocrx_word' id='word_1_64' title='bbox 2000 1130 2071 1184; x_wconf 90' lang='lat' dir='ltr'>ab</span> 
     </span>
    </p>
   </div>
   <div class='ocr_carea' id='block_1_12' title="bbox 411 1216 2073 1290">
    <p class='ocr_par' dir='ltr' id='par_1_12' title="bbox 411 1216 2073 1290">
     <span class='ocr_line' id='line_1_12' title="bbox 411 1216 2073 1290; baseline 0.003 -21"><span class='ocrx_word' id='word_1_65' title='bbox 411 1216 573 1270; x_wconf 90' lang='lat' dir='ltr'>omni</span> <span class='ocrx_word' id='word_1_66' title='bbox 604 1234 807 1273; x_wconf 92' lang='lat' dir='ltr'>eorum</span> <span class='ocrx_word' id='word_1_67' title='bbox 863 1219 1141 1284; x_wconf 82' lang='lat' dir='ltr'>vanitate,</span> <span class='ocrx_word' id='word_1_68' title='bbox 1176 1217 1317 1290; x_wconf 90' lang='lat' dir='ltr'>quid</span> <span class='ocrx_word' id='word_1_69' title='bbox 1373 1217 1693 1289; x_wconf 87' lang='lat' dir='ltr'>participas</span> <span class='ocrx_word' id='word_1_70' title='bbox 1749 1217 2073 1289; x_wconf 85' lang='lat' dir='ltr'>idolothyta</span> 
     </span>
    </p>
   </div>
   <div class='ocr_carea' id='block_1_13' title="bbox 409 1298 2074 1378">
    <p class='ocr_par' dir='ltr' id='par_1_13' title="bbox 409 1298 2074 1378">
     <span class='ocr_line' id='line_1_13' title="bbox 409 1298 2074 1378; baseline -0.004 -12"><span class='ocrx_word' id='word_1_71' title='bbox 409 1309 561 1366; x_wconf 69' lang='lat'>681</span> <span class='ocrx_word' id='word_1_72' title='bbox 618 1308 925 1374; x_wconf 89' lang='lat' dir='ltr'>solemnia,</span> <span class='ocrx_word' id='word_1_73' title='bbox 952 1307 1121 1378; x_wconf 90' lang='lat' dir='ltr'>quasi</span> <span class='ocrx_word' id='word_1_74' title='bbox 1150 1307 1256 1363; x_wconf 88' lang='lat' dir='ltr'>tibi</span> <span class='ocrx_word' id='word_1_75' title='bbox 1295 1323 1528 1378; x_wconf 90' lang='lat' dir='ltr'>quoque</span> <span class='ocrx_word' id='word_1_76' title='bbox 1555 1306 1957 1378; x_wconf 61' lang='lat' dir='ltr'>praescriptum</span> <span class='ocrx_word' id='word_1_77' title='bbox 1996 1298 2074 1378; x_wconf 41' lang='lat' dir='ltr'>si.t</span> 
     </span>
    </p>
   </div>
   <div class='ocr_carea' id='block_1_14' title="bbox 407 1386 2061 1471">
    <p class='ocr_par' dir='ltr' id='par_1_14' title="bbox 407 1386 2061 1471">
     <span class='ocr_line' id='line_1_14' title="bbox 407 1386 2061 1471; baseline -0.004 -15"><span class='ocrx_word' id='word_1_78' title='bbox 407 1400 480 1456; x_wconf 90' lang='lat' dir='ltr'>de</span> <span class='ocrx_word' id='word_1_79' title='bbox 511 1400 626 1466; x_wconf 90' lang='lat' dir='ltr'>die,</span> <span class='ocrx_word' id='word_1_80' title='bbox 658 1415 773 1471; x_wconf 90' lang='lat' dir='ltr'>quo</span> <span class='ocrx_word' id='word_1_81' title='bbox 826 1398 1025 1453; x_wconf 90' lang='lat' dir='ltr'>minus</span> <span class='ocrx_word' id='word_1_82' title='bbox 1055 1397 1113 1451; x_wconf 92' lang='lat' dir='ltr'>id</span> <span class='ocrx_word' id='word_1_83' title='bbox 1144 1398 1300 1468; x_wconf 92' lang='lat' dir='ltr'>quod</span> <span class='ocrx_word' id='word_1_84' title='bbox 1353 1395 1577 1451; x_wconf 92' lang='lat' dir='ltr'>homini</span> <span class='ocrx_word' id='word_1_85' title='bbox 1610 1395 1807 1464; x_wconf 90' lang='lat' dir='ltr'>debes,</span> <span class='ocrx_word' id='word_1_86' title='bbox 1842 1394 1925 1451; x_wconf 88' lang='lat' dir='ltr'>vel</span> <span class='ocrx_word' id='word_1_87' title='bbox 1958 1386 2061 1449; x_wconf 84' lang='lat' dir='ltr'>tibl</span> 
     </span>
    </p>
   </div>
   <div class='ocr_carea' id='block_1_15' title="bbox 402 1483 2061 1553">
    <p class='ocr_par' dir='ltr' id='par_1_15' title="bbox 402 1483 2061 1553">
     <span class='ocr_line' id='line_1_15' title="bbox 402 1483 2061 1553; baseline -0.003 -8"><span class='ocrx_word' id='word_1_88' title='bbox 402 1490 473 1546; x_wconf 85' lang='lat' dir='ltr'>ab</span> <span class='ocrx_word' id='word_1_89' title='bbox 510 1488 747 1544; x_wconf 87' lang='lat' dir='ltr'>homine</span> <span class='ocrx_word' id='word_1_90' title='bbox 797 1488 1065 1553; x_wconf 88' lang='lat' dir='ltr'>debetur,</span> <span class='ocrx_word' id='word_1_91' title='bbox 1088 1486 1237 1541; x_wconf 89' lang='lat' dir='ltr'>citra</span> <span class='ocrx_word' id='word_1_92' title='bbox 1268 1484 1381 1541; x_wconf 91' lang='lat' dir='ltr'>diei</span> <span class='ocrx_word' id='word_1_93' title='bbox 1413 1483 1877 1541; x_wconf 88' lang='lat' dir='ltr'>observationem</span> <span class='ocrx_word' id='word_1_94' title='bbox 1911 1486 2061 1551; x_wconf 86' lang='lat' dir='ltr'>luas,</span> 
     </span>
    </p>
   </div>
   <div class='ocr_carea' id='block_1_16' title="bbox 406 1572 2059 1648">
    <p class='ocr_par' dir='ltr' id='par_1_16' title="bbox 406 1572 2059 1648">
     <span class='ocr_line' id='line_1_16' title="bbox 406 1572 2059 1648; baseline -0.004 -15"><span class='ocrx_word' id='word_1_95' title='bbox 406 1576 497 1633; x_wconf 89' lang='lat' dir='ltr'>vel</span> <span class='ocrx_word' id='word_1_96' title='bbox 527 1576 795 1648; x_wconf 86' lang='lat' dir='ltr'>recipias.</span> <span class='ocrx_word' id='word_1_97' title='bbox 828 1575 913 1631; x_wconf 88' lang='lat' dir='ltr'>Da</span> <span class='ocrx_word' id='word_1_98' title='bbox 945 1576 1195 1631; x_wconf 90' lang='lat' dir='ltr'>formam</span> <span class='ocrx_word' id='word_1_99' title='bbox 1228 1574 1287 1628; x_wconf 92' lang='lat' dir='ltr'>in</span> <span class='ocrx_word' id='word_1_100' title='bbox 1320 1590 1437 1642; x_wconf 82' lang='lat' dir='ltr'>qua</span> <span class='ocrx_word' id='word_1_101' title='bbox 1458 1573 1503 1607; x_wconf 72' lang='grc'>⁸⁸</span> <span class='ocrx_word' id='word_1_102' title='bbox 1548 1572 1690 1628; x_wconf 89' lang='lat' dir='ltr'>velis</span> <span class='ocrx_word' id='word_1_103' title='bbox 1722 1572 1814 1645; x_wconf 86' lang='lat' dir='ltr'>agi</span> <span class='ocrx_word' id='word_1_104' title='bbox 1850 1582 2059 1628; x_wconf 83' lang='lat' dir='ltr'>tecum.</span> 
     </span>
    </p>
   </div>
   <div class='ocr_carea' id='block_1_17' title="bbox 408 1662 2061 1735">
    <p class='ocr_par' dir='ltr' id='par_1_17' title="bbox 408 1662 2061 1735">
     <span class='ocr_line' id='line_1_17' title="bbox 408 1662 2061 1735; baseline -0.002 -14"><span class='ocrx_word' id='word_1_105' title='bbox 408 1670 523 1721; x_wconf 90' lang='lat' dir='ltr'>Cur</span> <span class='ocrx_word' id='word_1_106' title='bbox 560 1665 718 1722; x_wconf 89' lang='lat' dir='ltr'>enim</span> <span class='ocrx_word' id='word_1_107' title='bbox 768 1670 825 1721; x_wconf 88' lang='lat' dir='ltr'>et</span> <span class='ocrx_word' id='word_1_108' title='bbox 872 1664 1057 1721; x_wconf 87' lang='lat' dir='ltr'>lateas</span> <span class='ocrx_word' id='word_1_109' title='bbox 1077 1664 1210 1735; x_wconf 85' lang='lat'>(59),</span> <span class='ocrx_word' id='word_1_110' title='bbox 1255 1680 1389 1718; x_wconf 91' lang='lat' dir='ltr'>cum</span> <span class='ocrx_word' id='word_1_111' title='bbox 1441 1662 1769 1733; x_wconf 86' lang='lat' dir='ltr'>ignorantia</span> <span class='ocrx_word' id='word_1_112' title='bbox 1816 1662 2061 1718; x_wconf 89' lang='lat' dir='ltr'>alterius</span> 
     </span>
    </p>
   </div>
   <div class='ocr_carea' id='block_1_18' title="bbox 410 1750 2058 1822">
    <p class='ocr_par' dir='ltr' id='par_1_18' title="bbox 410 1750 2058 1822">
     <span class='ocr_line' id='line_1_18' title="bbox 410 1750 2058 1822; baseline -0.004 -10"><span class='ocrx_word' id='word_1_113' title='bbox 410 1759 577 1812; x_wconf 87' lang='lat' dir='ltr'>tuam</span> <span class='ocrx_word' id='word_1_114' title='bbox 609 1753 1028 1811; x_wconf 88' lang='lat' dir='ltr'>conscientiam</span> <span class='ocrx_word' id='word_1_115' title='bbox 1061 1751 1467 1807; x_wconf 79' lang='lat' dir='ltr'>contamines?</span> <span class='ocrx_word' id='word_1_116' title='bbox 1506 1750 1557 1805; x_wconf 92' lang='lat' dir='ltr'>si</span> <span class='ocrx_word' id='word_1_117' title='bbox 1604 1768 1718 1806; x_wconf 91' lang='lat' dir='ltr'>non</span> <span class='ocrx_word' id='word_1_118' title='bbox 1770 1751 2058 1822; x_wconf 88' lang='lat' dir='ltr'>ignoraris</span> 
     </span>
    </p>
   </div>
   <div class='ocr_carea' id='block_1_19' title="bbox 2183 594 3827 667">
    <p class='ocr_par' dir='ltr' id='par_1_19' title="bbox 2183 594 3827 667">
     <span class='ocr_line' id='line_1_19' title="bbox 2183 594 3827 667; baseline 0.001 -21"><span class='ocrx_word' id='word_1_119' title='bbox 2183 608 2416 657; x_wconf 86' lang='lat' dir='ltr'>namus,</span> <span class='ocrx_word' id='word_1_120' title='bbox 2441 597 2497 647; x_wconf 91' lang='lat' dir='ltr'>et</span> <span class='ocrx_word' id='word_1_121' title='bbox 2524 610 2637 647; x_wconf 92' lang='lat' dir='ltr'>non</span> <span class='ocrx_word' id='word_1_122' title='bbox 2672 594 3201 665; x_wconf 88' lang='lat' dir='ltr'>blasphemabitur.</span> <span class='ocrx_word' id='word_1_123' title='bbox 3222 596 3344 650; x_wconf 90' lang='lat' dir='ltr'>lmo</span> <span class='ocrx_word' id='word_1_124' title='bbox 3366 594 3827 667; x_wconf 89' lang='lat' dir='ltr'>blasphemetur,</span> 
     </span>
    </p>
   </div>
   <div class='ocr_carea' id='block_1_20' title="bbox 2182 681 3825 754">
    <p class='ocr_par' dir='ltr' id='par_1_20' title="bbox 2182 681 3825 754">
     <span class='ocr_line' id='line_1_20' title="bbox 2182 681 3825 754; baseline 0.002 -19"><span class='ocrx_word' id='word_1_125' title='bbox 2182 681 2320 735; x_wconf 91' lang='lat' dir='ltr'>dum</span> <span class='ocrx_word' id='word_1_126' title='bbox 2356 698 2566 737; x_wconf 89' lang='lat' dir='ltr'>sumus</span> <span class='ocrx_word' id='word_1_127' title='bbox 2599 682 2656 736; x_wconf 93' lang='lat' dir='ltr'>in</span> <span class='ocrx_word' id='word_1_128' title='bbox 2698 683 3120 753; x_wconf 89' lang='lat' dir='ltr'>observatione,</span> <span class='ocrx_word' id='word_1_129' title='bbox 3146 701 3260 739; x_wconf 88' lang='lat' dir='ltr'>non</span> <span class='ocrx_word' id='word_1_130' title='bbox 3294 684 3352 739; x_wconf 91' lang='lat' dir='ltr'>in</span> <span class='ocrx_word' id='word_1_131' title='bbox 3384 683 3825 754; x_wconf 85' lang='lat' dir='ltr'>exorbitatione,</span> 
     </span>
    </p>
   </div>
   <div class='ocr_carea' id='block_1_21' title="bbox 2181 769 3819 845">
    <p class='ocr_par' dir='ltr' id='par_1_21' title="bbox 2181 769 3819 845">
     <span class='ocr_line' id='line_1_21' title="bbox 2181 769 3819 845; baseline 0.002 -21"><span class='ocrx_word' id='word_1_132' title='bbox 2181 769 2525 841; x_wconf 64' lang='lat' dir='ltr'>disciplinae,</span> <span class='ocrx_word' id='word_1_133' title='bbox 2553 771 2691 824; x_wconf 91' lang='lat' dir='ltr'>dum</span> <span class='ocrx_word' id='word_1_134' title='bbox 2726 772 3063 843; x_wconf 87' lang='lat' dir='ltr'>probamur,</span> <span class='ocrx_word' id='word_1_135' title='bbox 3100 790 3211 827; x_wconf 93' lang='lat' dir='ltr'>non</span> <span class='ocrx_word' id='word_1_136' title='bbox 3244 774 3385 828; x_wconf 86' lang='lat' dir='ltr'>dum</span> <span class='ocrx_word' id='word_1_137' title='bbox 3417 773 3819 845; x_wconf 89' lang='lat' dir='ltr'>reprobamur.</span> 
     </span>
    </p>
   </div>
   <div class='ocr_carea' id='block_1_22' title="bbox 2180 860 3824 934">
    <p class='ocr_par' dir='ltr' id='par_1_22' title="bbox 2180 860 3824 934">
     <span class='ocr_line' id='line_1_22' title="bbox 2180 860 3824 934; baseline 0.003 -20"><span class='ocrx_word' id='word_1_138' title='bbox 2180 861 2222 914; x_wconf 88' lang='grc' dir='ltr'>Ο</span> <span class='ocrx_word' id='word_1_139' title='bbox 2256 860 2683 930; x_wconf 83' lang='lat' dir='ltr'>blasphemiam</span> <span class='ocrx_word' id='word_1_140' title='bbox 2707 862 2751 894; x_wconf 81' lang='grc'>⁷⁸</span> <span class='ocrx_word' id='word_1_141' title='bbox 2800 861 3061 933; x_wconf 84' lang='lat' dir='ltr'>martyrii</span> <span class='ocrx_word' id='word_1_142' title='bbox 3093 862 3352 929; x_wconf 86' lang='lat' dir='ltr'>affinem,</span> <span class='ocrx_word' id='word_1_143' title='bbox 3386 880 3512 934; x_wconf 78' lang='lat' dir='ltr'>quas</span> <span class='ocrx_word' id='word_1_144' title='bbox 3561 866 3702 918; x_wconf 92' lang='lat' dir='ltr'>tunc</span> <span class='ocrx_word' id='word_1_145' title='bbox 3736 878 3824 919; x_wconf 86' lang='lat' dir='ltr'>me</span> 
     </span>
    </p>
   </div>
   <div class='ocr_carea' id='block_1_23' title="bbox 2178 949 3820 1022">
    <p class='ocr_par' dir='ltr' id='par_1_23' title="bbox 2178 949 3820 1022">
     <span class='ocr_line' id='line_1_23' title="bbox 2178 949 3820 1022; baseline 0.003 -20"><span class='ocrx_word' id='word_1_146' title='bbox 2178 951 2429 1003; x_wconf 86' lang='lat' dir='ltr'>testatur</span> <span class='ocrx_word' id='word_1_147' title='bbox 2450 949 2869 1016; x_wconf 89' lang='lat' dir='ltr'>Christianum,</span> <span class='ocrx_word' id='word_1_148' title='bbox 2894 967 3024 1005; x_wconf 90' lang='lat' dir='ltr'>cum</span> <span class='ocrx_word' id='word_1_149' title='bbox 3052 956 3288 1022; x_wconf 86' lang='lat' dir='ltr'>propter</span> <span class='ocrx_word' id='word_1_150' title='bbox 3310 968 3439 1007; x_wconf 85' lang='lat' dir='ltr'>eam</span> <span class='ocrx_word' id='word_1_151' title='bbox 3463 951 3820 1007; x_wconf 76' lang='lat' dir='ltr'>detestatur!</span> 
     </span>
    </p>
   </div>
   <div class='ocr_carea' id='block_1_24' title="bbox 2179 1038 3822 1109">
    <p class='ocr_par' dir='ltr' id='par_1_24' title="bbox 2179 1038 3822 1109">
     <span class='ocr_line' id='line_1_24' title="bbox 2179 1038 3822 1109; baseline 0.002 -19"><span class='ocrx_word' id='word_1_152' title='bbox 2179 1038 2511 1093; x_wconf 89' lang='lat' dir='ltr'>Benedictio</span> <span class='ocrx_word' id='word_1_153' title='bbox 2536 1043 2623 1093; x_wconf 90' lang='lat' dir='ltr'>est</span> <span class='ocrx_word' id='word_1_154' title='bbox 2655 1038 2931 1109; x_wconf 91' lang='lat' dir='ltr'>nominis,</span> <span class='ocrx_word' id='word_1_155' title='bbox 2958 1040 3286 1096; x_wconf 89' lang='lat' dir='ltr'>maledictio</span> <span class='ocrx_word' id='word_1_156' title='bbox 3318 1042 3622 1096; x_wconf 65' lang='lat' dir='ltr'>custodita</span> <span class='ocrx_word' id='word_1_157' title='bbox 3644 1040 3822 1097; x_wconf 79' lang='lat' dir='ltr'>disci-</span> 
     </span>
    </p>
   </div>
   <div class='ocr_carea' id='block_1_25' title="bbox 2179 1126 3821 1202">
    <p class='ocr_par' dir='ltr' id='par_1_25' title="bbox 2179 1126 3821 1202">
     <span class='ocr_line' id='line_1_25' title="bbox 2179 1126 3821 1202; baseline 0.003 -22"><span class='ocrx_word' id='word_1_158' title='bbox 2179 1126 2368 1198; x_wconf 80' lang='lat' dir='ltr'>plinae.</span> <span class='ocrx_word' id='word_1_159' title='bbox 2397 1151 2421 1175; x_wconf 85' lang='grc'><em>‹‹</em></span> <span class='ocrx_word' id='word_1_160' title='bbox 2458 1126 2516 1181; x_wconf 92' lang='lat' dir='ltr'>Si</span> <span class='ocrx_word' id='word_1_161' title='bbox 2551 1128 2908 1197; x_wconf 89' lang='lat' dir='ltr'>hominibus,</span> <span class='ocrx_word' id='word_1_162' title='bbox 2942 1129 3153 1200; x_wconf 86' lang='lat' dir='ltr'>inquit,</span> <span class='ocrx_word' id='word_1_163' title='bbox 3187 1130 3390 1185; x_wconf 89' lang='lat' dir='ltr'>vellem</span> <span class='ocrx_word' id='word_1_164' title='bbox 3423 1129 3670 1202; x_wconf 86' lang='lat' dir='ltr'>placere,</span> <span class='ocrx_word' id='word_1_165' title='bbox 3695 1147 3821 1185; x_wconf 90' lang='lat' dir='ltr'>ser-</span> 
     </span>
    </p>
   </div>
   <div class='ocr_carea' id='block_1_26' title="bbox 2176 1216 3817 1290">
    <p class='ocr_par' dir='ltr' id='par_1_26' title="bbox 2176 1216 3817 1290">
     <span class='ocr_line' id='line_1_26' title="bbox 2176 1216 3817 1290; baseline 0.003 -20"><span class='ocrx_word' id='word_1_166' title='bbox 2176 1233 2283 1272; x_wconf 91' lang='lat' dir='ltr'>vus</span> <span class='ocrx_word' id='word_1_167' title='bbox 2314 1216 2531 1273; x_wconf 87' lang='lat' dir='ltr'>Christi</span> <span class='ocrx_word' id='word_1_168' title='bbox 2579 1234 2692 1271; x_wconf 90' lang='lat' dir='ltr'>non</span> <span class='ocrx_word' id='word_1_169' title='bbox 2750 1234 2939 1273; x_wconf 89' lang='lat' dir='ltr'>essem</span> <span class='ocrx_word' id='word_1_170' title='bbox 2971 1240 2998 1266; x_wconf 82' lang='lat'>»</span> <span class='ocrx_word' id='word_1_171' title='bbox 3034 1218 3233 1287; x_wconf 81' lang='lat' dir='ltr'>(Galat.</span> <span class='ocrx_word' id='word_1_172' title='bbox 3268 1236 3306 1289; x_wconf 82' lang='grc' dir='ltr'>ι,</span> <span class='ocrx_word' id='word_1_173' title='bbox 3344 1220 3449 1290; x_wconf 85' lang='lat'>10).</span> <span class='ocrx_word' id='word_1_174' title='bbox 3503 1220 3614 1275; x_wconf 92' lang='lat' dir='ltr'>Sed</span> <span class='ocrx_word' id='word_1_175' title='bbox 3664 1220 3817 1276; x_wconf 89' lang='lat' dir='ltr'>idem</span> 
     </span>
    </p>
   </div>
   <div class='ocr_carea' id='block_1_27' title="bbox 2176 1304 3815 1381">
    <p class='ocr_par' dir='ltr' id='par_1_27' title="bbox 2176 1304 3815 1381">
     <span class='ocr_line' id='line_1_27' title="bbox 2176 1304 3815 1381; baseline 0.002 -21"><span class='ocrx_word' id='word_1_176' title='bbox 2176 1304 2314 1361; x_wconf 89' lang='lat' dir='ltr'>alibi</span> <span class='ocrx_word' id='word_1_177' title='bbox 2340 1306 2381 1377; x_wconf 82' lang='grc' dir='ltr'>(Ι</span> <span class='ocrx_word' id='word_1_178' title='bbox 2407 1306 2530 1361; x_wconf 85' lang='lat' dir='ltr'>Cor.</span> <span class='ocrx_word' id='word_1_179' title='bbox 2555 1325 2605 1376; x_wconf 83' lang='lat' dir='ltr'>x,</span> <span class='ocrx_word' id='word_1_180' title='bbox 2629 1307 2923 1377; x_wconf 85' lang='lat' dir='ltr'>33)jubet,</span> <span class='ocrx_word' id='word_1_181' title='bbox 2942 1308 3216 1363; x_wconf 87' lang='lat' dir='ltr'>omnibus</span> <span class='ocrx_word' id='word_1_182' title='bbox 3262 1309 3489 1381; x_wconf 89' lang='lat' dir='ltr'>placere</span> <span class='ocrx_word' id='word_1_183' title='bbox 3520 1326 3815 1365; x_wconf 87' lang='lat' dir='ltr'>curemus.</span> 
     </span>
    </p>
   </div>
   <div class='ocr_carea' id='block_1_28' title="bbox 2176 1394 3817 1470">
    <p class='ocr_par' dir='ltr' id='par_1_28' title="bbox 2176 1394 3817 1470">
     <span class='ocr_line' id='line_1_28' title="bbox 2176 1394 3817 1470; baseline 0.002 -21"><span class='ocrx_word' id='word_1_184' title='bbox 2176 1394 2639 1463; x_wconf 81' lang='lat' dir='ltr'>Quemadmodum</span> <span class='ocrx_word' id='word_1_185' title='bbox 2666 1412 2782 1463; x_wconf 83' lang='lat' dir='ltr'>ego,</span> <span class='ocrx_word' id='word_1_186' title='bbox 2816 1394 3030 1466; x_wconf 85' lang='lat' dir='ltr'>inquit,</span> <span class='ocrx_word' id='word_1_187' title='bbox 3072 1399 3322 1452; x_wconf 74' lang='lat' dir='ltr'>omnibus</span> <span class='ocrx_word' id='word_1_188' title='bbox 3349 1414 3451 1469; x_wconf 82' lang='lat' dir='ltr'>per</span> <span class='ocrx_word' id='word_1_189' title='bbox 3478 1399 3668 1454; x_wconf 78' lang='lat' dir='ltr'>omnia</span> <span class='ocrx_word' id='word_1_190' title='bbox 3690 1398 3817 1470; x_wconf 81' lang='lat' dir='ltr'>pla-</span> 
     </span>
    </p>
   </div>
   <div class='ocr_carea' id='block_1_29' title="bbox 2170 1483 3815 1544">
    <p class='ocr_par' dir='ltr' id='par_1_29' title="bbox 2170 1483 3815 1544">
     <span class='ocr_line' id='line_1_29' title="bbox 2170 1483 3815 1544; baseline 0.003 -6"><span class='ocrx_word' id='word_1_191' title='bbox 2170 1500 2281 1539; x_wconf 86' lang='lat' dir='ltr'>ceo.</span> <span class='ocrx_word' id='word_1_192' title='bbox 2320 1484 2607 1540; x_wconf 83' lang='lat' dir='ltr'>Nimirum</span> <span class='ocrx_word' id='word_1_193' title='bbox 2655 1483 2987 1540; x_wconf 81' lang='lat' dir='ltr'>Saturnalia</span> <span class='ocrx_word' id='word_1_194' title='bbox 3044 1491 3098 1540; x_wconf 91' lang='lat' dir='ltr'>et</span> <span class='ocrx_word' id='word_1_195' title='bbox 3156 1486 3446 1542; x_wconf 86' lang='lat' dir='ltr'>Kalendas</span> <span class='ocrx_word' id='word_1_196' title='bbox 3501 1487 3815 1544; x_wconf 89' lang='lat' dir='ltr'>Januarias</span> 
     </span>
    </p>
   </div>
   <div class='ocr_carea' id='block_1_30' title="bbox 2171 1572 3814 1646">
    <p class='ocr_par' dir='ltr' id='par_1_30' title="bbox 2171 1572 3814 1646">
     <span class='ocr_line' id='line_1_30' title="bbox 2171 1572 3814 1646; baseline 0.002 -18"><span class='ocrx_word' id='word_1_197' title='bbox 2171 1573 2324 1629; x_wconf 66' lang='grc' dir='ltr'>(ιδῖ</span> <span class='ocrx_word' id='word_1_198' title='bbox 2357 1572 2658 1629; x_wconf 87' lang='lat' dir='ltr'>celebrans</span> <span class='ocrx_word' id='word_1_199' title='bbox 2706 1573 3045 1629; x_wconf 85' lang='lat' dir='ltr'>hominibus</span> <span class='ocrx_word' id='word_1_200' title='bbox 3077 1574 3377 1646; x_wconf 90' lang='lat' dir='ltr'>placebat?</span> <span class='ocrx_word' id='word_1_201' title='bbox 3408 1593 3481 1631; x_wconf 90' lang='lat' dir='ltr'>an</span> <span class='ocrx_word' id='word_1_202' title='bbox 3528 1576 3814 1632; x_wconf 87' lang='lat' dir='ltr'>modestia</span> 
     </span>
    </p>
   </div>
   <div class='ocr_carea' id='block_1_31' title="bbox 2168 1662 3811 1735">
    <p class='ocr_par' dir='ltr' id='par_1_31' title="bbox 2168 1662 3811 1735">
     <span class='ocr_line' id='line_1_31' title="bbox 2168 1662 3811 1735; baseline 0.001 -17"><span class='ocrx_word' id='word_1_203' title='bbox 2168 1666 2225 1718; x_wconf 90' lang='lat' dir='ltr'>et</span> <span class='ocrx_word' id='word_1_204' title='bbox 2254 1662 2558 1734; x_wconf 89' lang='lat' dir='ltr'>patientia,</span> <span class='ocrx_word' id='word_1_205' title='bbox 2590 1680 2661 1718; x_wconf 89' lang='lat' dir='ltr'>an</span> <span class='ocrx_word' id='word_1_206' title='bbox 2694 1662 3000 1734; x_wconf 82' lang='lat' dir='ltr'>gravitate,</span> <span class='ocrx_word' id='word_1_207' title='bbox 3027 1680 3099 1719; x_wconf 91' lang='lat' dir='ltr'>an</span> <span class='ocrx_word' id='word_1_208' title='bbox 3131 1663 3518 1735; x_wconf 87' lang='lat' dir='ltr'>humanitate,</span> <span class='ocrx_word' id='word_1_209' title='bbox 3553 1682 3625 1719; x_wconf 90' lang='lat' dir='ltr'>an</span> <span class='ocrx_word' id='word_1_210' title='bbox 3659 1665 3811 1721; x_wconf 89' lang='lat' dir='ltr'>inte-</span> 
     </span>
    </p>
   </div>
   <div class='ocr_carea' id='block_1_32' title="bbox 2165 1751 3810 1823">
    <p class='ocr_par' dir='ltr' id='par_1_32' title="bbox 2165 1751 3810 1823">
     <span class='ocr_line' id='line_1_32' title="bbox 2165 1751 3810 1823; baseline 0.004 -18"><span class='ocrx_word' id='word_1_211' title='bbox 2165 1751 2377 1823; x_wconf 88' lang='lat' dir='ltr'>gritate</span> <span class='ocrx_word' id='word_1_212' title='bbox 2398 1751 2426 1805; x_wconf 77' lang='lat' dir='ltr'>‘I</span> <span class='ocrx_word' id='word_1_213' title='bbox 2455 1752 2705 1807; x_wconf 89' lang='lat' dir='ltr'>Proinde</span> <span class='ocrx_word' id='word_1_214' title='bbox 2736 1769 2868 1807; x_wconf 91' lang='lat' dir='ltr'>cum</span> <span class='ocrx_word' id='word_1_215' title='bbox 2901 1752 3063 1821; x_wconf 91' lang='lat' dir='ltr'>dicit,</span> <span class='ocrx_word' id='word_1_216' title='bbox 3091 1775 3118 1803; x_wconf 84' lang='lat'><strong><em>«</em></strong></span> <span class='ocrx_word' id='word_1_217' title='bbox 3148 1754 3359 1809; x_wconf 91' lang='lat' dir='ltr'>Omnia</span> <span class='ocrx_word' id='word_1_218' title='bbox 3388 1754 3664 1810; x_wconf 91' lang='lat' dir='ltr'>omnibus</span> <span class='ocrx_word' id='word_1_219' title='bbox 3694 1755 3810 1811; x_wconf 83' lang='lat' dir='ltr'>fac-</span> 
     </span>
    </p>
   </div>
   <div class='ocr_carea' id='block_1_33' title="bbox 409 1840 3806 1942">
    <p class='ocr_par' dir='ltr' id='par_1_33' title="bbox 409 1840 3806 1942">
     <span class='ocr_line' id='line_1_33' title="bbox 409 1840 3806 1942; baseline -0.001 -41"><span class='ocrx_word' id='word_1_220' title='bbox 409 1846 565 1918; x_wconf 93' lang='lat' dir='ltr'>quod</span> <span class='ocrx_word' id='word_1_221' title='bbox 598 1846 682 1901; x_wconf 84' lang='lat' dir='ltr'>sis</span> <span class='ocrx_word' id='word_1_222' title='bbox 727 1843 1107 1913; x_wconf 87' lang='lat' dir='ltr'>christianus,</span> <span class='ocrx_word' id='word_1_223' title='bbox 1138 1840 1407 1911; x_wconf 88' lang='lat' dir='ltr'>tentaris,</span> <span class='ocrx_word' id='word_1_224' title='bbox 1440 1844 1497 1897; x_wconf 89' lang='lat' dir='ltr'>et</span> <span class='ocrx_word' id='word_1_225' title='bbox 1528 1845 1726 1897; x_wconf 88' lang='lat' dir='ltr'>contra</span> <span class='ocrx_word' id='word_1_226' title='bbox 1756 1840 2054 1896; x_wconf 89' lang='lat' dir='ltr'>conscien-</span> <span class='ocrx_word' id='word_1_227' title='bbox 2084 1878 2132 1942; x_wconf 84' lang='lat' dir='ltr'><strong>B</strong></span> <span class='ocrx_word' id='word_1_228' title='bbox 2164 1844 2262 1896; x_wconf 90' lang='lat' dir='ltr'>tus</span> <span class='ocrx_word' id='word_1_229' title='bbox 2319 1858 2475 1909; x_wconf 90' lang='lat' dir='ltr'>sum,</span> <span class='ocrx_word' id='word_1_230' title='bbox 2526 1846 2591 1896; x_wconf 92' lang='lat' dir='ltr'>ut</span> <span class='ocrx_word' id='word_1_231' title='bbox 2645 1857 2851 1896; x_wconf 87' lang='lat' dir='ltr'>omnes</span> <span class='ocrx_word' id='word_1_232' title='bbox 2910 1840 3271 1897; x_wconf 86' lang='lat' dir='ltr'>lucrifaciam</span> <span class='ocrx_word' id='word_1_233' title='bbox 3299 1864 3319 1891; x_wconf 72' lang='grc' dir='ltr'>ι</span> <span class='ocrx_word' id='word_1_234' title='bbox 3358 1842 3401 1913; x_wconf 90' lang='grc' dir='ltr'>(Ι</span> <span class='ocrx_word' id='word_1_235' title='bbox 3434 1843 3552 1898; x_wconf 84' lang='lat' dir='ltr'>Cor.</span> <span class='ocrx_word' id='word_1_236' title='bbox 3586 1861 3662 1910; x_wconf 82' lang='lat' dir='ltr'>ix,</span> <span class='ocrx_word' id='word_1_237' title='bbox 3693 1846 3806 1914; x_wconf 87' lang='lat'>22),</span> 
     </span>
    </p>
   </div>
   <div class='ocr_carea' id='block_1_34' title="bbox 408 1928 2050 2009">
    <p class='ocr_par' dir='ltr' id='par_1_34' title="bbox 408 1928 2050 2009">
     <span class='ocr_line' id='line_1_34' title="bbox 408 1928 2050 2009; baseline -0.003 -19"><span class='ocrx_word' id='word_1_238' title='bbox 408 1935 548 2009; x_wconf 83' lang='lat' dir='ltr'>tiam</span> <span class='ocrx_word' id='word_1_239' title='bbox 612 1932 852 1990; x_wconf 85' lang='lat' dir='ltr'>alterius</span> <span class='ocrx_word' id='word_1_240' title='bbox 920 1932 1080 2005; x_wconf 83' lang='lat' dir='ltr'>agis,</span> <span class='ocrx_word' id='word_1_241' title='bbox 1137 1935 1423 2003; x_wconf 88' lang='lat' dir='ltr'>tanquam</span> <span class='ocrx_word' id='word_1_242' title='bbox 1490 1946 1603 1986; x_wconf 90' lang='lat' dir='ltr'>non</span> <span class='ocrx_word' id='word_1_243' title='bbox 1673 1928 2050 1985; x_wconf 89' lang='lat' dir='ltr'>christianus.</span> 
     </span>
    </p>
   </div>
   <div class='ocr_carea' id='block_1_35' title="bbox 408 2018 2052 2086">
    <p class='ocr_par' dir='ltr' id='par_1_35' title="bbox 408 2018 2052 2086">
     <span class='ocr_line' id='line_1_35' title="bbox 408 2018 2052 2086; baseline -0.004 -5"><span class='ocrx_word' id='word_1_244' title='bbox 408 2025 713 2081; x_wconf 90' lang='lat' dir='ltr'>Enimvero</span> <span class='ocrx_word' id='word_1_245' title='bbox 768 2022 877 2079; x_wconf 88' lang='lat' dir='ltr'>etsi</span> <span class='ocrx_word' id='word_1_246' title='bbox 933 2020 1388 2077; x_wconf 73' lang='lat' dir='ltr'>simulaveris“.</span> <span class='ocrx_word' id='word_1_247' title='bbox 1442 2023 1724 2086; x_wconf 86' lang='lat' dir='ltr'>tentatus,</span> <span class='ocrx_word' id='word_1_248' title='bbox 1780 2018 2052 2075; x_wconf 89' lang='lat' dir='ltr'>addictus</span> 
     </span>
    </p>
   </div>
   <div class='ocr_carea' id='block_1_36' title="bbox 405 2108 2052 2179">
    <p class='ocr_par' dir='ltr' id='par_1_36' title="bbox 405 2108 2052 2179">
     <span class='ocr_line' id='line_1_36' title="bbox 405 2108 2052 2179; baseline -0.005 -6"><span class='ocrx_word' id='word_1_249' title='bbox 405 2134 487 2173; x_wconf 89' lang='lat' dir='ltr'>es.</span> <span class='ocrx_word' id='word_1_250' title='bbox 519 2118 683 2173; x_wconf 89' lang='lat' dir='ltr'>Certe</span> <span class='ocrx_word' id='word_1_251' title='bbox 729 2111 845 2168; x_wconf 87' lang='lat' dir='ltr'>sive</span> <span class='ocrx_word' id='word_1_252' title='bbox 893 2111 1022 2179; x_wconf 89' lang='lat' dir='ltr'>hac,</span> <span class='ocrx_word' id='word_1_253' title='bbox 1055 2110 1176 2165; x_wconf 90' lang='lat' dir='ltr'>sive</span> <span class='ocrx_word' id='word_1_254' title='bbox 1208 2108 1361 2179; x_wconf 90' lang='lat' dir='ltr'>illac,</span> <span class='ocrx_word' id='word_1_255' title='bbox 1394 2126 1528 2164; x_wconf 90' lang='lat' dir='ltr'>reus</span> <span class='ocrx_word' id='word_1_256' title='bbox 1575 2125 1637 2163; x_wconf 90' lang='lat' dir='ltr'>es</span> <span class='ocrx_word' id='word_1_257' title='bbox 1691 2108 2052 2165; x_wconf 77' lang='lat' dir='ltr'>confusionis</span> 
     </span>
    </p>
   </div>
   <div class='ocr_carea' id='block_1_37' title="bbox 402 2199 2051 2273">
    <p class='ocr_par' dir='ltr' id='par_1_37' title="bbox 402 2199 2051 2273">
     <span class='ocr_line' id='line_1_37' title="bbox 402 2199 2051 2273; baseline -0.006 -12"><span class='ocrx_word' id='word_1_258' title='bbox 402 2206 463 2261; x_wconf 91' lang='lat' dir='ltr'>in</span> <span class='ocrx_word' id='word_1_259' title='bbox 490 2206 606 2260; x_wconf 91' lang='lat' dir='ltr'>Deo</span> <span class='ocrx_word' id='word_1_260' title='bbox 637 2203 849 2272; x_wconf 81' lang='lat' dir='ltr'>(Matth.</span> <span class='ocrx_word' id='word_1_261' title='bbox 876 2218 933 2271; x_wconf 70' lang='grc' dir='ltr'>κ,</span> <span class='ocrx_word' id='word_1_262' title='bbox 964 2199 1069 2267; x_wconf 87' lang='grc'>32;</span> <span class='ocrx_word' id='word_1_263' title='bbox 1101 2203 1231 2254; x_wconf 81' lang='lat' dir='ltr'>Luc.</span> <span class='ocrx_word' id='word_1_264' title='bbox 1268 2216 1343 2268; x_wconf 84' lang='lat' dir='ltr'>Ix,</span> <span class='ocrx_word' id='word_1_265' title='bbox 1368 2199 1481 2267; x_wconf 88' lang='lat'>26).</span> <span class='ocrx_word' id='word_1_266' title='bbox 1515 2199 1625 2267; x_wconf 79' lang='lat' dir='ltr'>Qui</span> <span class='ocrx_word' id='word_1_267' title='bbox 1650 2205 1835 2273; x_wconf 79' lang='lat' dir='ltr'>autem</span> <span class='ocrx_word' id='word_1_268' title='bbox 1864 2200 2051 2268; x_wconf 83' lang='lat' dir='ltr'>con/u-</span> 
     </span>
    </p>
   </div>
   <div class='ocr_carea' id='block_1_38' title="bbox 402 2288 2047 2365">
    <p class='ocr_par' dir='ltr' id='par_1_38' title="bbox 402 2288 2047 2365">
     <span class='ocr_line' id='line_1_38' title="bbox 402 2288 2047 2365; baseline -0.007 -14"><span class='ocrx_word' id='word_1_269' title='bbox 402 2312 491 2351; x_wconf 84' lang='lat' dir='ltr'>sus</span> <span class='ocrx_word' id='word_1_270' title='bbox 520 2309 686 2365; x_wconf 84' lang='lat' dir='ltr'>super</span> <span class='ocrx_word' id='word_1_271' title='bbox 715 2307 802 2346; x_wconf 88' lang='lat' dir='ltr'>me</span> <span class='ocrx_word' id='word_1_272' title='bbox 845 2291 1013 2360; x_wconf 80' lang='lat' dir='ltr'>fuerit</span> <span class='ocrx_word' id='word_1_273' title='bbox 1061 2305 1222 2361; x_wconf 82' lang='lat' dir='ltr'>penes</span> <span class='ocrx_word' id='word_1_274' title='bbox 1272 2288 1539 2353; x_wconf 76' lang='lat' dir='ltr'>homines,</span> <span class='ocrx_word' id='word_1_275' title='bbox 1572 2290 1622 2341; x_wconf 84' lang='lat' dir='ltr'>et</span> <span class='ocrx_word' id='word_1_276' title='bbox 1673 2302 1766 2357; x_wconf 84' lang='lat' dir='ltr'>ego</span> <span class='ocrx_word' id='word_1_277' title='bbox 1812 2292 2047 2357; x_wconf 85' lang='lat' dir='ltr'>con/un-</span> 
     </span>
    </p>
   </div>
   <div class='ocr_carea' id='block_1_39' title="bbox 409 2377 2051 2455">
    <p class='ocr_par' dir='ltr' id='par_1_39' title="bbox 409 2377 2051 2455">
     <span class='ocr_line' id='line_1_39' title="bbox 409 2377 2051 2455; baseline -0.006 -14"><span class='ocrx_word' id='word_1_278' title='bbox 409 2387 518 2443; x_wconf 87' lang='lat' dir='ltr'>dar</span> <span class='ocrx_word' id='word_1_279' title='bbox 544 2399 710 2455; x_wconf 83' lang='lat' dir='ltr'>super</span> <span class='ocrx_word' id='word_1_280' title='bbox 740 2382 856 2449; x_wconf 70' lang='lat' dir='ltr'>illo,</span> <span class='ocrx_word' id='word_1_281' title='bbox 892 2378 1104 2451; x_wconf 89' lang='lat' dir='ltr'>inquit,</span> <span class='ocrx_word' id='word_1_282' title='bbox 1141 2393 1306 2449; x_wconf 87' lang='lat' dir='ltr'>penes</span> <span class='ocrx_word' id='word_1_283' title='bbox 1354 2378 1573 2432; x_wconf 81' lang='lat' dir='ltr'>Patrem</span> <span class='ocrx_word' id='word_1_284' title='bbox 1617 2392 1818 2442; x_wconf 84' lang='lat' dir='ltr'>meum,</span> <span class='ocrx_word' id='word_1_285' title='bbox 1852 2377 1947 2447; x_wconf 84' lang='lat' dir='ltr'>qui</span> <span class='ocrx_word' id='word_1_286' title='bbox 1974 2386 2051 2431; x_wconf 77' lang='lat' dir='ltr'>est</span> 
     </span>
    </p>
   </div>
   <div class='ocr_carea' id='block_1_40' title="bbox 410 2472 665 2528">
    <p class='ocr_par' dir='ltr' id='par_1_40' title="bbox 410 2472 665 2528">
     <span class='ocr_line' id='line_1_40' title="bbox 410 2472 665 2528; baseline -0.008 0"><span class='ocrx_word' id='word_1_287' title='bbox 410 2474 471 2528; x_wconf 81' lang='lat' dir='ltr'>in</span> <span class='ocrx_word' id='word_1_288' title='bbox 498 2472 665 2528; x_wconf 67' lang='lat' dir='ltr'>catis.</span> 
     </span>
    </p>
   </div>
   <div class='ocr_carea' id='block_1_41' title="bbox 1024 2607 1435 2666">
    <p class='ocr_par' dir='ltr' id='par_1_41' title="bbox 1024 2607 1435 2666">
     <span class='ocr_line' id='line_1_41' title="bbox 1024 2607 1435 2666; baseline -0.012 0"><span class='ocrx_word' id='word_1_289' title='bbox 1024 2608 1252 2666; x_wconf 88' lang='lat' dir='ltr'>CAPUT</span> <span class='ocrx_word' id='word_1_290' title='bbox 1290 2607 1435 2663; x_wconf 82' lang='lat' dir='ltr'>XIV.</span> 
     </span>
    </p>
   </div>
   <div class='ocr_carea' id='block_1_42' title="bbox 480 2734 2049 2809">
    <p class='ocr_par' dir='ltr' id='par_1_42' title="bbox 480 2734 2049 2809">
     <span class='ocr_line' id='line_1_42' title="bbox 480 2734 2049 2809; baseline -0.006 -12"><span class='ocrx_word' id='word_1_291' title='bbox 480 2741 592 2797; x_wconf 90' lang='lat' dir='ltr'>Sed</span> <span class='ocrx_word' id='word_1_292' title='bbox 620 2738 776 2795; x_wconf 89' lang='lat' dir='ltr'>enim</span> <span class='ocrx_word' id='word_1_293' title='bbox 806 2736 1070 2809; x_wconf 89' lang='lat' dir='ltr'>plerique</span> <span class='ocrx_word' id='word_1_294' title='bbox 1092 2736 1217 2806; x_wconf 90' lang='lat' dir='ltr'>jam</span> <span class='ocrx_word' id='word_1_295' title='bbox 1250 2734 1610 2789; x_wconf 85' lang='lat' dir='ltr'>induxerunt</span> <span class='ocrx_word' id='word_1_296' title='bbox 1641 2734 1858 2800; x_wconf 86' lang='lat' dir='ltr'>animo,</span> <span class='ocrx_word' id='word_1_297' title='bbox 1884 2734 2049 2805; x_wconf 87' lang='lat' dir='ltr'>igno-</span> 
     </span>
    </p>
   </div>
   <div class='ocr_carea' id='block_1_43' title="bbox 408 2822 2048 2895">
    <p class='ocr_par' dir='ltr' id='par_1_43' title="bbox 408 2822 2048 2895">
     <span class='ocr_line' id='line_1_43' title="bbox 408 2822 2048 2895; baseline -0.005 -10"><span class='ocrx_word' id='word_1_298' title='bbox 408 2829 691 2885; x_wconf 89' lang='lat' dir='ltr'>scendum</span> <span class='ocrx_word' id='word_1_299' title='bbox 740 2842 890 2892; x_wconf 90' lang='lat' dir='ltr'>esse,</span> <span class='ocrx_word' id='word_1_300' title='bbox 914 2824 963 2880; x_wconf 90' lang='lat' dir='ltr'>si</span> <span class='ocrx_word' id='word_1_301' title='bbox 1016 2823 1252 2895; x_wconf 88' lang='lat' dir='ltr'>quando</span> <span class='ocrx_word' id='word_1_302' title='bbox 1272 2824 1337 2889; x_wconf 69' lang='lat'>7°,</span> <span class='ocrx_word' id='word_1_303' title='bbox 1361 2840 1488 2894; x_wconf 70' lang='lat' dir='ltr'>qua:</span> <span class='ocrx_word' id='word_1_304' title='bbox 1535 2822 1775 2893; x_wconf 90' lang='lat' dir='ltr'>ethnici,</span> <span class='ocrx_word' id='word_1_305' title='bbox 1807 2823 2048 2889; x_wconf 84' lang='lat' dir='ltr'>faciunt,</span> 
     </span>
    </p>
   </div>
   <div class='ocr_carea' id='block_1_44' title="bbox 405 2912 2049 2985">
    <p class='ocr_par' dir='ltr' id='par_1_44' title="bbox 405 2912 2049 2985">
     <span class='ocr_line' id='line_1_44' title="bbox 405 2912 2049 2985; baseline -0.005 -12"><span class='ocrx_word' id='word_1_306' title='bbox 405 2934 478 2973; x_wconf 90' lang='lat' dir='ltr'>ne</span> <span class='ocrx_word' id='word_1_307' title='bbox 527 2932 740 2972; x_wconf 91' lang='lat' dir='ltr'>nomen</span> <span class='ocrx_word' id='word_1_308' title='bbox 790 2912 1247 2985; x_wconf 82' lang='lat' dir='ltr'>blasphematur.</span> <span class='ocrx_word' id='word_1_309' title='bbox 1282 2916 1454 2967; x_wconf 87' lang='lat' dir='ltr'>Porro</span> <span class='ocrx_word' id='word_1_310' title='bbox 1503 2912 1888 2983; x_wconf 88' lang='lat' dir='ltr'>blasphemia,</span> <span class='ocrx_word' id='word_1_311' title='bbox 1922 2928 2049 2983; x_wconf 67' lang='lat' dir='ltr'>qua:</span> 
     </span>
    </p>
   </div>
   <div class='ocr_carea' id='block_1_45' title="bbox 406 2999 2050 3071">
    <p class='ocr_par' dir='ltr' id='par_1_45' title="bbox 406 2999 2050 3071">
     <span class='ocr_line' id='line_1_45' title="bbox 406 2999 2050 3071; baseline -0.004 -10"><span class='ocrx_word' id='word_1_312' title='bbox 406 3006 577 3061; x_wconf 91' lang='lat' dir='ltr'>nobis</span> <span class='ocrx_word' id='word_1_313' title='bbox 620 3004 862 3060; x_wconf 87' lang='lat' dir='ltr'>omnino</span> <span class='ocrx_word' id='word_1_314' title='bbox 912 3000 1222 3058; x_wconf 88' lang='lat' dir='ltr'>devitanda</span> <span class='ocrx_word' id='word_1_315' title='bbox 1268 3004 1376 3068; x_wconf 90' lang='lat' dir='ltr'>est,</span> <span class='ocrx_word' id='word_1_316' title='bbox 1409 2999 1530 3055; x_wconf 69' lang='lat' dir='ltr'>haec</span> <span class='ocrx_word' id='word_1_317' title='bbox 1576 3002 1785 3071; x_wconf 91' lang='lat' dir='ltr'>opinor</span> <span class='ocrx_word' id='word_1_318' title='bbox 1830 3005 1965 3055; x_wconf 88' lang='lat' dir='ltr'>est:</span> <span class='ocrx_word' id='word_1_319' title='bbox 2000 2999 2050 3055; x_wconf 88' lang='lat' dir='ltr'>si</span> 
     </span>
    </p>
   </div>
   <div class='ocr_carea' id='block_1_46' title="bbox 405 3088 2049 3166">
    <p class='ocr_par' dir='ltr' id='par_1_46' title="bbox 405 3088 2049 3166">
     <span class='ocr_line' id='line_1_46' title="bbox 405 3088 2049 3166; baseline -0.004 -17"><span class='ocrx_word' id='word_1_320' title='bbox 405 3094 540 3166; x_wconf 89' lang='lat' dir='ltr'>quis</span> <span class='ocrx_word' id='word_1_321' title='bbox 572 3096 841 3149; x_wconf 86' lang='lat' dir='ltr'>nostrum</span> <span class='ocrx_word' id='word_1_322' title='bbox 874 3092 945 3145; x_wconf 86' lang='lat' dir='ltr'>ad</span> <span class='ocrx_word' id='word_1_323' title='bbox 995 3091 1220 3161; x_wconf 89' lang='lat' dir='ltr'>justam</span> <span class='ocrx_word' id='word_1_324' title='bbox 1271 3088 1697 3161; x_wconf 88' lang='lat' dir='ltr'>blasphemiam</span> <span class='ocrx_word' id='word_1_325' title='bbox 1747 3088 2049 3144; x_wconf 86' lang='lat' dir='ltr'>ethnicum</span> 
     </span>
    </p>
   </div>
   <div class='ocr_carea' id='block_1_47' title="bbox 402 3176 2045 3252">
    <p class='ocr_par' dir='ltr' id='par_1_47' title="bbox 402 3176 2045 3252">
     <span class='ocr_line' id='line_1_47' title="bbox 402 3176 2045 3252; baseline -0.004 -14"><span class='ocrx_word' id='word_1_326' title='bbox 402 3183 672 3252; x_wconf 88' lang='lat' dir='ltr'>deducat,</span> <span class='ocrx_word' id='word_1_327' title='bbox 706 3185 807 3235; x_wconf 92' lang='lat' dir='ltr'>aut</span> <span class='ocrx_word' id='word_1_328' title='bbox 855 3179 1080 3247; x_wconf 79' lang='lat' dir='ltr'>fraude,</span> <span class='ocrx_word' id='word_1_329' title='bbox 1112 3181 1213 3232; x_wconf 89' lang='lat' dir='ltr'>aut</span> <span class='ocrx_word' id='word_1_330' title='bbox 1259 3176 1496 3247; x_wconf 89' lang='lat' dir='ltr'>iujuria,</span> <span class='ocrx_word' id='word_1_331' title='bbox 1529 3180 1633 3231; x_wconf 90' lang='lat' dir='ltr'>aut</span> <span class='ocrx_word' id='word_1_332' title='bbox 1672 3177 2045 3243; x_wconf 87' lang='lat' dir='ltr'>contumelia,</span> 
     </span>
    </p>
   </div>
   <div class='ocr_carea' id='block_1_48' title="bbox 2164 1929 3810 2004">
    <p class='ocr_par' dir='ltr' id='par_1_48' title="bbox 2164 1929 3810 2004">
     <span class='ocr_line' id='line_1_48' title="bbox 2164 1929 3810 2004; baseline 0.003 -20"><span class='ocrx_word' id='word_1_333' title='bbox 2164 1930 2450 2002; x_wconf 90' lang='lat' dir='ltr'>numquid</span> <span class='ocrx_word' id='word_1_334' title='bbox 2485 1930 2812 1985; x_wconf 86' lang='lat' dir='ltr'>idololatris</span> <span class='ocrx_word' id='word_1_335' title='bbox 2844 1929 3205 1997; x_wconf 89' lang='lat' dir='ltr'>idololatres,</span> <span class='ocrx_word' id='word_1_336' title='bbox 3240 1932 3529 2004; x_wconf 90' lang='lat' dir='ltr'>numquid</span> <span class='ocrx_word' id='word_1_337' title='bbox 3560 1932 3810 1990; x_wconf 90' lang='lat' dir='ltr'>ethnicis</span> 
     </span>
    </p>
   </div>
   <div class='ocr_carea' id='block_1_49' title="bbox 2161 2019 3811 2091">
    <p class='ocr_par' dir='ltr' id='par_1_49' title="bbox 2161 2019 3811 2091">
     <span class='ocr_line' id='line_1_49' title="bbox 2161 2019 3811 2091; baseline 0.002 -16"><span class='ocrx_word' id='word_1_338' title='bbox 2161 2019 2452 2087; x_wconf 87' lang='lat' dir='ltr'>ethnicus,</span> <span class='ocrx_word' id='word_1_339' title='bbox 2480 2020 2766 2091; x_wconf 91' lang='lat' dir='ltr'>numquid</span> <span class='ocrx_word' id='word_1_340' title='bbox 2794 2019 3173 2075; x_wconf 79' lang='lat' dir='ltr'>saecularibus</span> <span class='ocrx_word' id='word_1_341' title='bbox 3202 2021 3535 2078; x_wconf 70' lang='lat' dir='ltr'>saecularis?</span> <span class='ocrx_word' id='word_1_342' title='bbox 3566 2022 3676 2078; x_wconf 89' lang='lat' dir='ltr'>Sed</span> <span class='ocrx_word' id='word_1_343' title='bbox 3703 2023 3811 2079; x_wconf 90' lang='lat' dir='ltr'>etsi</span> 
     </span>
    </p>
   </div>
   <div class='ocr_carea' id='block_1_50' title="bbox 2161 2109 3811 2180">
    <p class='ocr_par' dir='ltr' id='par_1_50' title="bbox 2161 2109 3811 2180">
     <span class='ocr_line' id='line_1_50' title="bbox 2161 2109 3811 2180; baseline 0.001 -16"><span class='ocrx_word' id='word_1_344' title='bbox 2161 2126 2276 2164; x_wconf 91' lang='lat' dir='ltr'>non</span> <span class='ocrx_word' id='word_1_345' title='bbox 2301 2110 2570 2180; x_wconf 89' lang='lat' dir='ltr'>prohibet</span> <span class='ocrx_word' id='word_1_346' title='bbox 2591 2126 2696 2165; x_wconf 91' lang='lat' dir='ltr'>nos</span> <span class='ocrx_word' id='word_1_347' title='bbox 2720 2110 3048 2164; x_wconf 90' lang='lat' dir='ltr'>conservari</span> <span class='ocrx_word' id='word_1_348' title='bbox 3072 2126 3205 2165; x_wconf 90' lang='lat' dir='ltr'>cum</span> <span class='ocrx_word' id='word_1_349' title='bbox 3229 2109 3552 2166; x_wconf 90' lang='lat' dir='ltr'>idololatris</span> <span class='ocrx_word' id='word_1_350' title='bbox 3568 2116 3625 2166; x_wconf 90' lang='lat' dir='ltr'>et</span> <span class='ocrx_word' id='word_1_351' title='bbox 3650 2111 3811 2168; x_wconf 85' lang='lat' dir='ltr'>adul-</span> 
     </span>
    </p>
   </div>
   <div class='ocr_carea' id='block_1_51' title="bbox 2159 2197 3807 2271">
    <p class='ocr_par' dir='ltr' id='par_1_51' title="bbox 2159 2197 3807 2271">
     <span class='ocr_line' id='line_1_51' title="bbox 2159 2197 3807 2271; baseline 0.002 -19"><span class='ocrx_word' id='word_1_352' title='bbox 2159 2198 2301 2253; x_wconf 88' lang='lat' dir='ltr'>teris</span> <span class='ocrx_word' id='word_1_353' title='bbox 2351 2202 2407 2253; x_wconf 91' lang='lat' dir='ltr'>et</span> <span class='ocrx_word' id='word_1_354' title='bbox 2454 2198 2677 2253; x_wconf 66' lang='lat' dir='ltr'>caeteris</span> <span class='ocrx_word' id='word_1_355' title='bbox 2727 2197 3083 2266; x_wconf 90' lang='lat' dir='ltr'>criminosis,</span> <span class='ocrx_word' id='word_1_356' title='bbox 3126 2200 3394 2271; x_wconf 88' lang='lat' dir='ltr'>dicens(l</span> <span class='ocrx_word' id='word_1_357' title='bbox 3429 2200 3550 2255; x_wconf 82' lang='lat' dir='ltr'>Cor.</span> <span class='ocrx_word' id='word_1_358' title='bbox 3582 2218 3636 2270; x_wconf 84' lang='grc' dir='ltr'>ν,</span> <span class='ocrx_word' id='word_1_359' title='bbox 3671 2202 3757 2269; x_wconf 90' lang='grc'>10)</span> <span class='ocrx_word' id='word_1_360' title='bbox 3794 2219 3807 2257; x_wconf 93' lang='lat'>:</span> 
     </span>
    </p>
   </div>
   <div class='ocr_carea' id='block_1_52' title="bbox 2162 2286 3808 2358">
    <p class='ocr_par' dir='ltr' id='par_1_52' title="bbox 2162 2286 3808 2358">
     <span class='ocr_line' id='line_1_52' title="bbox 2162 2286 3808 2358; baseline 0.002 -17"><span class='ocrx_word' id='word_1_361' title='bbox 2162 2286 2430 2343; x_wconf 66' lang='lat' dir='ltr'>therum</span> <span class='ocrx_word' id='word_1_362' title='bbox 2458 2288 2524 2342; x_wconf 87' lang='lat' dir='ltr'>de</span> <span class='ocrx_word' id='word_1_363' title='bbox 2552 2287 2752 2341; x_wconf 79' lang='lat' dir='ltr'>mundo</span> <span class='ocrx_word' id='word_1_364' title='bbox 2781 2289 3005 2342; x_wconf 70' lang='lat' dir='ltr'>exiretis</span> <span class='ocrx_word' id='word_1_365' title='bbox 3026 2288 3096 2355; x_wconf 74' lang='lat'>7‘;</span> <span class='ocrx_word' id='word_1_366' title='bbox 3133 2304 3247 2342; x_wconf 90' lang='lat' dir='ltr'>non</span> <span class='ocrx_word' id='word_1_367' title='bbox 3270 2288 3472 2358; x_wconf 92' lang='lat' dir='ltr'>utique</span> <span class='ocrx_word' id='word_1_368' title='bbox 3500 2306 3599 2344; x_wconf 84' lang='lat' dir='ltr'>eas</span> <span class='ocrx_word' id='word_1_369' title='bbox 3630 2289 3808 2346; x_wconf 88' lang='lat' dir='ltr'>habe-</span> 
     </span>
    </p>
   </div>
   <div class='ocr_carea' id='block_1_53' title="bbox 2160 2378 3809 2449">
    <p class='ocr_par' dir='ltr' id='par_1_53' title="bbox 2160 2378 3809 2449">
     <span class='ocr_line' id='line_1_53' title="bbox 2160 2378 3809 2449; baseline 0.001 -16"><span class='ocrx_word' id='word_1_370' title='bbox 2160 2395 2267 2433; x_wconf 88' lang='lat' dir='ltr'>nas</span> <span class='ocrx_word' id='word_1_371' title='bbox 2305 2378 2767 2434; x_wconf 87' lang='lat' dir='ltr'>conversationis</span> <span class='ocrx_word' id='word_1_372' title='bbox 2817 2378 3113 2446; x_wconf 89' lang='lat' dir='ltr'>immutat,</span> <span class='ocrx_word' id='word_1_373' title='bbox 3146 2382 3211 2432; x_wconf 93' lang='lat' dir='ltr'>ut</span> <span class='ocrx_word' id='word_1_374' title='bbox 3240 2379 3518 2449; x_wconf 91' lang='lat' dir='ltr'>quoniam</span> <span class='ocrx_word' id='word_1_375' title='bbox 3568 2395 3809 2435; x_wconf 73' lang='lat' dir='ltr'>necesse</span> 
     </span>
    </p>
   </div>
   <div class='ocr_carea' id='block_1_54' title="bbox 2160 2466 3803 2538">
    <p class='ocr_par' dir='ltr' id='par_1_54' title="bbox 2160 2466 3803 2538">
     <span class='ocr_line' id='line_1_54' title="bbox 2160 2466 3803 2538; baseline 0.002 -17"><span class='ocrx_word' id='word_1_376' title='bbox 2160 2467 2238 2522; x_wconf 90' lang='lat' dir='ltr'>sit</span> <span class='ocrx_word' id='word_1_377' title='bbox 2263 2472 2319 2522; x_wconf 91' lang='lat' dir='ltr'>et</span> <span class='ocrx_word' id='word_1_378' title='bbox 2348 2466 2650 2522; x_wconf 90' lang='lat' dir='ltr'>convivere</span> <span class='ocrx_word' id='word_1_379' title='bbox 2680 2483 2785 2521; x_wconf 90' lang='lat' dir='ltr'>nos</span> <span class='ocrx_word' id='word_1_380' title='bbox 2814 2471 2870 2522; x_wconf 91' lang='lat' dir='ltr'>et</span> <span class='ocrx_word' id='word_1_381' title='bbox 2909 2466 3277 2522; x_wconf 88' lang='lat' dir='ltr'>commisceri</span> <span class='ocrx_word' id='word_1_382' title='bbox 3298 2467 3342 2501; x_wconf 79' lang='grc'>⁷⁵</span> <span class='ocrx_word' id='word_1_383' title='bbox 3372 2483 3503 2521; x_wconf 91' lang='lat' dir='ltr'>cum</span> <span class='ocrx_word' id='word_1_384' title='bbox 3538 2473 3803 2538; x_wconf 85' lang='lat' dir='ltr'>peccato-</span> 
     </span>
    </p>
   </div>
   <div class='ocr_carea' id='block_1_55' title="bbox 2159 2555 3809 2627">
    <p class='ocr_par' dir='ltr' id='par_1_55' title="bbox 2159 2555 3809 2627">
     <span class='ocr_line' id='line_1_55' title="bbox 2159 2555 3809 2627; baseline 0.001 -16"><span class='ocrx_word' id='word_1_385' title='bbox 2159 2555 2343 2623; x_wconf 90' lang='lat' dir='ltr'>ribus,</span> <span class='ocrx_word' id='word_1_386' title='bbox 2380 2556 2507 2611; x_wconf 90' lang='lat' dir='ltr'>ideo</span> <span class='ocrx_word' id='word_1_387' title='bbox 2538 2560 2594 2611; x_wconf 91' lang='lat' dir='ltr'>et</span> <span class='ocrx_word' id='word_1_388' title='bbox 2623 2571 2756 2611; x_wconf 89' lang='lat' dir='ltr'>cum</span> <span class='ocrx_word' id='word_1_389' title='bbox 2787 2555 2873 2610; x_wconf 90' lang='lat' dir='ltr'>eis</span> <span class='ocrx_word' id='word_1_390' title='bbox 2918 2571 3157 2627; x_wconf 89' lang='lat' dir='ltr'>peccare</span> <span class='ocrx_word' id='word_1_391' title='bbox 3178 2556 3221 2591; x_wconf 80' lang='grc'>⁷⁸</span> <span class='ocrx_word' id='word_1_392' title='bbox 3251 2557 3569 2627; x_wconf 88' lang='lat' dir='ltr'>possimus.</span> <span class='ocrx_word' id='word_1_393' title='bbox 3603 2556 3686 2612; x_wconf 87' lang='lat' dir='ltr'>Ibi</span> <span class='ocrx_word' id='word_1_394' title='bbox 3716 2562 3809 2613; x_wconf 92' lang='lat' dir='ltr'>est</span> 
     </span>
    </p>
   </div>
   <div class='ocr_carea' id='block_1_56' title="bbox 2159 2644 3805 2716">
    <p class='ocr_par' dir='ltr' id='par_1_56' title="bbox 2159 2644 3805 2716">
     <span class='ocr_line' id='line_1_56' title="bbox 2159 2644 3805 2716; baseline 0.001 -16"><span class='ocrx_word' id='word_1_395' title='bbox 2159 2644 2578 2701; x_wconf 90' lang='lat' dir='ltr'>commercium</span> <span class='ocrx_word' id='word_1_396' title='bbox 2632 2645 2780 2711; x_wconf 61' lang='lat' dir='ltr'>vitae,</span> <span class='ocrx_word' id='word_1_397' title='bbox 2809 2645 2965 2716; x_wconf 88' lang='lat' dir='ltr'>quod</span> <span class='ocrx_word' id='word_1_398' title='bbox 3014 2644 3332 2716; x_wconf 84' lang='lat' dir='ltr'>Apostolus</span> <span class='ocrx_word' id='word_1_399' title='bbox 3380 2646 3676 2715; x_wconf 88' lang='lat' dir='ltr'>concedit;</span> <span class='ocrx_word' id='word_1_400' title='bbox 3710 2646 3805 2703; x_wconf 89' lang='lat' dir='ltr'>hic</span> 
     </span>
    </p>
   </div>
   <div class='ocr_carea' id='block_1_57' title="bbox 2159 2733 3805 2805">
    <p class='ocr_par' dir='ltr' id='par_1_57' title="bbox 2159 2733 3805 2805">
     <span class='ocr_line' id='line_1_57' title="bbox 2159 2733 3805 2805; baseline 0.001 -16"><span class='ocrx_word' id='word_1_401' title='bbox 2159 2750 2416 2805; x_wconf 88' lang='lat' dir='ltr'>peccare,</span> <span class='ocrx_word' id='word_1_402' title='bbox 2436 2734 2590 2805; x_wconf 82' lang='lat' dir='ltr'>quod</span> <span class='ocrx_word' id='word_1_403' title='bbox 2626 2750 2795 2789; x_wconf 91' lang='lat' dir='ltr'>nemo</span> <span class='ocrx_word' id='word_1_404' title='bbox 2827 2733 3134 2805; x_wconf 89' lang='lat' dir='ltr'>permittit.</span> <span class='ocrx_word' id='word_1_405' title='bbox 3161 2734 3319 2789; x_wconf 88' lang='lat' dir='ltr'>Licet</span> <span class='ocrx_word' id='word_1_406' title='bbox 3349 2733 3646 2791; x_wconf 80' lang='lat' dir='ltr'>convivere</span> <span class='ocrx_word' id='word_1_407' title='bbox 3669 2751 3805 2791; x_wconf 89' lang='lat' dir='ltr'>cum</span> 
     </span>
    </p>
   </div>
   <div class='ocr_carea' id='block_1_58' title="bbox 2160 2816 3804 2894">
    <p class='ocr_par' dir='ltr' id='par_1_58' title="bbox 2160 2816 3804 2894">
     <span class='ocr_line' id='line_1_58' title="bbox 2160 2816 3804 2894; baseline 0.001 -16"><span class='ocrx_word' id='word_1_408' title='bbox 2160 2823 2434 2894; x_wconf 89' lang='lat' dir='ltr'>ethnicis,</span> <span class='ocrx_word' id='word_1_409' title='bbox 2458 2822 2739 2879; x_wconf 87' lang='lat' dir='ltr'>commori</span> <span class='ocrx_word' id='word_1_410' title='bbox 2772 2840 2888 2879; x_wconf 89' lang='lat' dir='ltr'>non</span> <span class='ocrx_word' id='word_1_411' title='bbox 2920 2816 3071 2878; x_wconf 87' lang='lat' dir='ltr'>licet.</span> <span class='ocrx_word' id='word_1_412' title='bbox 3103 2823 3488 2879; x_wconf 85' lang='lat' dir='ltr'>Convivamus</span> <span class='ocrx_word' id='word_1_413' title='bbox 3520 2839 3650 2878; x_wconf 90' lang='lat' dir='ltr'>cum</span> <span class='ocrx_word' id='word_1_414' title='bbox 3680 2840 3804 2880; x_wconf 91' lang='lat' dir='ltr'>om-</span> 
     </span>
    </p>
   </div>
   <div class='ocr_carea' id='block_1_59' title="bbox 2160 2911 3804 2979">
    <p class='ocr_par' dir='ltr' id='par_1_59' title="bbox 2160 2911 3804 2979">
     <span class='ocr_line' id='line_1_59' title="bbox 2160 2911 3804 2979; baseline 0.001 -12"><span class='ocrx_word' id='word_1_415' title='bbox 2160 2912 2335 2967; x_wconf 88' lang='lat' dir='ltr'>nibus</span> <span class='ocrx_word' id='word_1_416' title='bbox 2360 2929 2374 2966; x_wconf 87' lang='lat'><strong>:</strong></span> <span class='ocrx_word' id='word_1_417' title='bbox 2402 2911 2779 2967; x_wconf 64' lang='lat' dir='ltr'>conlaetemur</span> <span class='ocrx_word' id='word_1_418' title='bbox 2807 2929 2875 2967; x_wconf 80' lang='lat' dir='ltr'>ex</span> <span class='ocrx_word' id='word_1_419' title='bbox 2904 2911 3318 2967; x_wconf 91' lang='lat' dir='ltr'>communione</span> <span class='ocrx_word' id='word_1_420' title='bbox 3350 2916 3572 2968; x_wconf 65' lang='lat' dir='ltr'>natura:</span> <span class='ocrx_word' id='word_1_421' title='bbox 3594 2913 3657 2979; x_wconf 80' lang='grc'>⁸⁸⁷,</span> <span class='ocrx_word' id='word_1_422' title='bbox 3688 2929 3804 2968; x_wconf 89' lang='lat' dir='ltr'>non</span> 
     </span>
    </p>
   </div>
   <div class='ocr_carea' id='block_1_60' title="bbox 2160 3000 3801 3073">
    <p class='ocr_par' dir='ltr' id='par_1_60' title="bbox 2160 3000 3801 3073">
     <span class='ocr_line' id='line_1_60' title="bbox 2160 3000 3801 3073; baseline 0.001 -16"><span class='ocrx_word' id='word_1_423' title='bbox 2160 3001 2618 3073; x_wconf 89' lang='lat' dir='ltr'>superstitionis.</span> <span class='ocrx_word' id='word_1_424' title='bbox 2645 3001 2817 3057; x_wconf 91' lang='lat' dir='ltr'>Pares</span> <span class='ocrx_word' id='word_1_425' title='bbox 2840 3000 3037 3055; x_wconf 89' lang='lat' dir='ltr'>anima</span> <span class='ocrx_word' id='word_1_426' title='bbox 3058 3016 3288 3067; x_wconf 90' lang='lat' dir='ltr'>sumus,</span> <span class='ocrx_word' id='word_1_427' title='bbox 3314 3016 3428 3056; x_wconf 92' lang='lat' dir='ltr'>non</span> <span class='ocrx_word' id='word_1_428' title='bbox 3454 3000 3801 3073; x_wconf 89' lang='lat' dir='ltr'>disciplina:</span> 
     </span>
    </p>
   </div>
   <div class='ocr_carea' id='block_1_61' title="bbox 2159 3089 3807 3162">
    <p class='ocr_par' dir='ltr' id='par_1_61' title="bbox 2159 3089 3807 3162">
     <span class='ocr_line' id='line_1_61' title="bbox 2159 3089 3807 3162; baseline 0 -17"><span class='ocrx_word' id='word_1_429' title='bbox 2159 3106 2662 3162; x_wconf 90' lang='lat' dir='ltr'>compossessores</span> <span class='ocrx_word' id='word_1_430' title='bbox 2697 3089 2921 3156; x_wconf 91' lang='lat' dir='ltr'>mundi,</span> <span class='ocrx_word' id='word_1_431' title='bbox 2957 3106 3069 3143; x_wconf 92' lang='lat' dir='ltr'>non</span> <span class='ocrx_word' id='word_1_432' title='bbox 3102 3089 3336 3144; x_wconf 89' lang='lat' dir='ltr'>erroris.</span> <span class='ocrx_word' id='word_1_433' title='bbox 3361 3089 3522 3154; x_wconf 90' lang='lat' dir='ltr'>Quod</span> <span class='ocrx_word' id='word_1_434' title='bbox 3554 3089 3603 3145; x_wconf 90' lang='lat' dir='ltr'>si</span> <span class='ocrx_word' id='word_1_435' title='bbox 3636 3090 3807 3145; x_wconf 91' lang='lat' dir='ltr'>nobis</span> 
     </span>
    </p>
   </div>
   <div class='ocr_carea' id='block_1_62' title="bbox 2160 3178 3803 3250">
    <p class='ocr_par' dir='ltr' id='par_1_62' title="bbox 2160 3178 3803 3250">
     <span class='ocr_line' id='line_1_62' title="bbox 2160 3178 3803 3250; baseline 0.001 -17"><span class='ocrx_word' id='word_1_436' title='bbox 2160 3179 2387 3234; x_wconf 91' lang='lat' dir='ltr'>nullum</span> <span class='ocrx_word' id='word_1_437' title='bbox 2413 3180 2515 3250; x_wconf 87' lang='lat' dir='ltr'>jus</span> <span class='ocrx_word' id='word_1_438' title='bbox 2547 3183 2634 3233; x_wconf 89' lang='lat' dir='ltr'>est</span> <span class='ocrx_word' id='word_1_439' title='bbox 2664 3178 3098 3233; x_wconf 89' lang='lat' dir='ltr'>communionis</span> <span class='ocrx_word' id='word_1_440' title='bbox 3131 3178 3189 3232; x_wconf 91' lang='lat' dir='ltr'>in</span> <span class='ocrx_word' id='word_1_441' title='bbox 3221 3178 3512 3249; x_wconf 87' lang='lat' dir='ltr'>ejusmodi</span> <span class='ocrx_word' id='word_1_442' title='bbox 3544 3195 3677 3233; x_wconf 92' lang='lat' dir='ltr'>cum</span> <span class='ocrx_word' id='word_1_443' title='bbox 3709 3195 3803 3234; x_wconf 86' lang='lat' dir='ltr'>ex-</span> 
     </span>
    </p>
   </div>
   <div class='ocr_carea' id='block_1_63' title="bbox 399 3248 3803 3340">
    <p class='ocr_par' dir='ltr' id='par_1_63' title="bbox 399 3248 3803 3340">
     <span class='ocr_line' id='line_1_63' title="bbox 399 3248 3803 3340; baseline -0.001 -13"><span class='ocrx_word' id='word_1_444' title='bbox 399 3272 581 3327; x_wconf 91' lang='lat' dir='ltr'>aliave</span> <span class='ocrx_word' id='word_1_445' title='bbox 614 3269 859 3325; x_wconf 83' lang='lat' dir='ltr'>materia</span> <span class='ocrx_word' id='word_1_446' title='bbox 890 3269 1080 3340; x_wconf 63' lang='lat' dir='ltr'>dignis</span> <span class='ocrx_word' id='word_1_447' title='bbox 1112 3264 1381 3338; x_wconf 79' lang='lat' dir='ltr'>querelae,</span> <span class='ocrx_word' id='word_1_448' title='bbox 1415 3265 1473 3320; x_wconf 90' lang='lat' dir='ltr'>in</span> <span class='ocrx_word' id='word_1_449' title='bbox 1507 3282 1624 3337; x_wconf 91' lang='lat' dir='ltr'>qua</span> <span class='ocrx_word' id='word_1_450' title='bbox 1675 3282 1883 3320; x_wconf 90' lang='lat' dir='ltr'>nomen</span> <span class='ocrx_word' id='word_1_451' title='bbox 1919 3282 2042 3321; x_wconf 90' lang='lat' dir='ltr'>me-</span> <span class='ocrx_word' id='word_1_452' title='bbox 2076 3248 2117 3313; x_wconf 79' lang='lat' dir='ltr'>C</span> <span class='ocrx_word' id='word_1_453' title='bbox 2154 3270 2393 3337; x_wconf 89' lang='lat' dir='ltr'>traneis,</span> <span class='ocrx_word' id='word_1_454' title='bbox 2426 3274 2642 3339; x_wconf 86' lang='lat' dir='ltr'>quanto</span> <span class='ocrx_word' id='word_1_455' title='bbox 2701 3267 3007 3323; x_wconf 89' lang='lat' dir='ltr'>scelestius</span> <span class='ocrx_word' id='word_1_456' title='bbox 3065 3270 3172 3335; x_wconf 90' lang='lat' dir='ltr'>est,</span> <span class='ocrx_word' id='word_1_457' title='bbox 3225 3266 3348 3322; x_wconf 68' lang='lat' dir='ltr'>hmo</span> <span class='ocrx_word' id='word_1_458' title='bbox 3398 3268 3548 3323; x_wconf 88' lang='lat' dir='ltr'>inter</span> <span class='ocrx_word' id='word_1_459' title='bbox 3595 3267 3803 3325; x_wconf 86' lang='lat' dir='ltr'>fratres</span> 
     </span>
    </p>
   </div>
   <div class='ocr_carea' id='block_1_64' title="bbox 394 3354 2037 3433">
    <p class='ocr_par' dir='ltr' id='par_1_64' title="bbox 394 3354 2037 3433">
     <span class='ocr_line' id='line_1_64' title="bbox 394 3354 2037 3433; baseline -0.004 -16"><span class='ocrx_word' id='word_1_460' title='bbox 394 3362 506 3417; x_wconf 91' lang='lat' dir='ltr'>rito</span> <span class='ocrx_word' id='word_1_461' title='bbox 540 3358 882 3433; x_wconf 87' lang='lat' dir='ltr'>percutitur,</span> <span class='ocrx_word' id='word_1_462' title='bbox 918 3362 983 3413; x_wconf 91' lang='lat' dir='ltr'>ut</span> <span class='ocrx_word' id='word_1_463' title='bbox 1022 3355 1232 3411; x_wconf 88' lang='lat' dir='ltr'>merito</span> <span class='ocrx_word' id='word_1_464' title='bbox 1262 3354 1553 3411; x_wconf 86' lang='lat' dir='ltr'>irascatur</span> <span class='ocrx_word' id='word_1_465' title='bbox 1580 3360 1637 3411; x_wconf 90' lang='lat' dir='ltr'>et</span> <span class='ocrx_word' id='word_1_466' title='bbox 1665 3354 1953 3411; x_wconf 90' lang='lat' dir='ltr'>Dominus</span> <span class='ocrx_word' id='word_1_467' title='bbox 1974 3356 2037 3411; x_wconf 74' lang='grc' dir='ltr'>τί.</span> 
     </span>
    </p>
   </div>
   <div class='ocr_carea' id='block_1_65' title="bbox 392 3443 2039 3517">
    <p class='ocr_par' dir='ltr' id='par_1_65' title="bbox 392 3443 2039 3517">
     <span class='ocr_line' id='line_1_65' title="bbox 392 3443 2039 3517; baseline -0.005 -10"><span class='ocrx_word' id='word_1_468' title='bbox 392 3452 677 3507; x_wconf 81' lang='lat' dir='ltr'>Caeterum</span> <span class='ocrx_word' id='word_1_469' title='bbox 710 3450 758 3505; x_wconf 90' lang='lat' dir='ltr'>si</span> <span class='ocrx_word' id='word_1_470' title='bbox 791 3449 860 3503; x_wconf 92' lang='lat' dir='ltr'>de</span> <span class='ocrx_word' id='word_1_471' title='bbox 892 3445 1052 3502; x_wconf 91' lang='lat' dir='ltr'>omni</span> <span class='ocrx_word' id='word_1_472' title='bbox 1085 3444 1454 3517; x_wconf 87' lang='lat' dir='ltr'>blasphemia</span> <span class='ocrx_word' id='word_1_473' title='bbox 1482 3443 1705 3499; x_wconf 90' lang='lat' dir='ltr'>dictum</span> <span class='ocrx_word' id='word_1_474' title='bbox 1734 3449 1823 3499; x_wconf 88' lang='lat' dir='ltr'>est</span> <span class='ocrx_word' id='word_1_475' title='bbox 1852 3461 1901 3499; x_wconf 68' lang='grc' dir='ltr'>τε</span> <span class='ocrx_word' id='word_1_476' title='bbox 1934 3444 2039 3499; x_wconf 86' lang='lat' dir='ltr'>Ve-</span> 
     </span>
    </p>
   </div>
   <div class='ocr_carea' id='block_1_66' title="bbox 394 3532 2041 3605">
    <p class='ocr_par' dir='ltr' id='par_1_66' title="bbox 394 3532 2041 3605">
     <span class='ocr_line' id='line_1_66' title="bbox 394 3532 2041 3605; baseline -0.004 -9"><span class='ocrx_word' id='word_1_477' title='bbox 394 3540 499 3597; x_wconf 89' lang='lat' dir='ltr'>stri</span> <span class='ocrx_word' id='word_1_478' title='bbox 522 3540 567 3573; x_wconf 79' lang='grc'>⁷²</span> <span class='ocrx_word' id='word_1_479' title='bbox 600 3555 812 3594; x_wconf 88' lang='lat' dir='ltr'>caussa</span> <span class='ocrx_word' id='word_1_480' title='bbox 840 3551 1052 3591; x_wconf 89' lang='lat' dir='ltr'>nomen</span> <span class='ocrx_word' id='word_1_481' title='bbox 1099 3550 1294 3589; x_wconf 90' lang='lat' dir='ltr'>meum</span> <span class='ocrx_word' id='word_1_482' title='bbox 1344 3532 1827 3605; x_wconf 66' lang='lat' dir='ltr'>blasphematur»</span> <span class='ocrx_word' id='word_1_483' title='bbox 1865 3536 2041 3603; x_wconf 84' lang='lat' dir='ltr'>(Rom.</span> 
     </span>
    </p>
   </div>
   <div class='ocr_carea' id='block_1_67' title="bbox 396 3623 2044 3701">
    <p class='ocr_par' dir='ltr' id='par_1_67' title="bbox 396 3623 2044 3701">
     <span class='ocr_line' id='line_1_67' title="bbox 396 3623 2044 3701; baseline -0.002 -17"><span class='ocrx_word' id='word_1_484' title='bbox 396 3645 460 3695; x_wconf 80' lang='grc' dir='ltr'>ιι,</span> <span class='ocrx_word' id='word_1_485' title='bbox 488 3629 602 3699; x_wconf 85' lang='grc'>24),</span> <span class='ocrx_word' id='word_1_486' title='bbox 629 3628 891 3701; x_wconf 89' lang='lat' dir='ltr'>perimus</span> <span class='ocrx_word' id='word_1_487' title='bbox 935 3624 1223 3692; x_wconf 87' lang='lat' dir='ltr'>universi;</span> <span class='ocrx_word' id='word_1_488' title='bbox 1278 3639 1412 3678; x_wconf 90' lang='lat' dir='ltr'>cum</span> <span class='ocrx_word' id='word_1_489' title='bbox 1462 3627 1620 3679; x_wconf 92' lang='lat' dir='ltr'>totus</span> <span class='ocrx_word' id='word_1_490' title='bbox 1669 3623 1858 3679; x_wconf 90' lang='lat' dir='ltr'>circus</span> <span class='ocrx_word' id='word_1_491' title='bbox 1916 3640 2044 3680; x_wconf 85' lang='lat' dir='ltr'>sce-</span> 
     </span>
    </p>
   </div>
   <div class='ocr_carea' id='block_1_68' title="bbox 2154 3356 3803 3429">
    <p class='ocr_par' dir='ltr' id='par_1_68' title="bbox 2154 3356 3803 3429">
     <span class='ocr_line' id='line_1_68' title="bbox 2154 3356 3803 3429; baseline 0 -16"><span class='ocrx_word' id='word_1_492' title='bbox 2154 3358 2524 3429; x_wconf 87' lang='lat' dir='ltr'>frequentare</span> <span class='ocrx_word' id='word_1_493' title='bbox 2549 3356 2629 3411; x_wconf 73' lang='grc'>⁷⁸1</span> <span class='ocrx_word' id='word_1_494' title='bbox 2672 3356 2809 3420; x_wconf 87' lang='lat' dir='ltr'>Quis</span> <span class='ocrx_word' id='word_1_495' title='bbox 2843 3356 2952 3411; x_wconf 89' lang='lat' dir='ltr'>hoc</span> <span class='ocrx_word' id='word_1_496' title='bbox 3000 3356 3293 3411; x_wconf 88' lang='lat' dir='ltr'>sustinere</span> <span class='ocrx_word' id='word_1_497' title='bbox 3346 3360 3446 3410; x_wconf 91' lang='lat' dir='ltr'>aut</span> <span class='ocrx_word' id='word_1_498' title='bbox 3493 3356 3803 3413; x_wconf 82' lang='lat' dir='ltr'>defendere</span> 
     </span>
    </p>
   </div>
   <div class='ocr_carea' id='block_1_69' title="bbox 2152 3446 3800 3520">
    <p class='ocr_par' dir='ltr' id='par_1_69' title="bbox 2152 3446 3800 3520">
     <span class='ocr_line' id='line_1_69' title="bbox 2152 3446 3800 3520; baseline -0.001 -17"><span class='ocrx_word' id='word_1_499' title='bbox 2152 3452 2344 3520; x_wconf 85' lang='lat' dir='ltr'>potest</span> <span class='ocrx_word' id='word_1_500' title='bbox 2370 3447 2397 3502; x_wconf 82' lang='lat'><strong><em>?</em></strong></span> <span class='ocrx_word' id='word_1_501' title='bbox 2422 3448 2643 3503; x_wconf 69' lang='lat' dir='ltr'>Judaeis</span> <span class='ocrx_word' id='word_1_502' title='bbox 2673 3446 2797 3501; x_wconf 89' lang='lat' dir='ltr'>dies</span> <span class='ocrx_word' id='word_1_503' title='bbox 2830 3462 2968 3501; x_wconf 91' lang='lat' dir='ltr'>suos</span> <span class='ocrx_word' id='word_1_504' title='bbox 3001 3446 3181 3501; x_wconf 86' lang='lat' dir='ltr'>fastos</span> <span class='ocrx_word' id='word_1_505' title='bbox 3204 3446 3247 3480; x_wconf 73' lang='lat'>7°</span> <span class='ocrx_word' id='word_1_506' title='bbox 3277 3446 3589 3517; x_wconf 81' lang='lat' dir='ltr'>exprobrat</span> <span class='ocrx_word' id='word_1_507' title='bbox 3617 3446 3800 3518; x_wconf 88' lang='lat' dir='ltr'>Spiri-</span> 
     </span>
    </p>
   </div>
   <div class='ocr_carea' id='block_1_70' title="bbox 2153 3533 3802 3604">
    <p class='ocr_par' dir='ltr' id='par_1_70' title="bbox 2153 3533 3802 3604">
     <span class='ocr_line' id='line_1_70' title="bbox 2153 3533 3802 3604; baseline -0.001 -12"><span class='ocrx_word' id='word_1_508' title='bbox 2153 3542 2249 3593; x_wconf 90' lang='lat' dir='ltr'>tus</span> <span class='ocrx_word' id='word_1_509' title='bbox 2279 3538 2529 3591; x_wconf 88' lang='lat' dir='ltr'>Sanctus</span> <span class='ocrx_word' id='word_1_510' title='bbox 2555 3559 2604 3590; x_wconf 84' lang='lat'>.«</span> <span class='ocrx_word' id='word_1_511' title='bbox 2628 3536 2902 3599; x_wconf 81' lang='lat' dir='ltr'>Sabbata,</span> <span class='ocrx_word' id='word_1_512' title='bbox 2930 3533 3143 3604; x_wconf 88' lang='lat' dir='ltr'>inquit,</span> <span class='ocrx_word' id='word_1_513' title='bbox 3166 3539 3354 3589; x_wconf 87' lang='lat' dir='ltr'>vestra</span> <span class='ocrx_word' id='word_1_514' title='bbox 3379 3537 3436 3590; x_wconf 91' lang='lat' dir='ltr'>et</span> <span class='ocrx_word' id='word_1_515' title='bbox 3462 3535 3802 3591; x_wconf 85' lang='lat' dir='ltr'>neomenias</span> 
     </span>
    </p>
   </div>
   <div class='ocr_carea' id='block_1_71' title="bbox 2154 3610 3797 3695">
    <p class='ocr_par' dir='ltr' id='par_1_71' title="bbox 2154 3610 3797 3695">
     <span class='ocr_line' id='line_1_71' title="bbox 2154 3610 3797 3695; baseline -0.002 -15"><span class='ocrx_word' id='word_1_516' title='bbox 2154 3628 2211 3681; x_wconf 90' lang='lat' dir='ltr'>et</span> <span class='ocrx_word' id='word_1_517' title='bbox 2267 3623 2641 3679; x_wconf 66' lang='lat' dir='ltr'>caeremonias</span> <span class='ocrx_word' id='word_1_518' title='bbox 2702 3621 2824 3678; x_wconf 88' lang='lat' dir='ltr'>odit</span> <span class='ocrx_word' id='word_1_519' title='bbox 2881 3610 3079 3677; x_wconf 82' lang='lat' dir='ltr'>anima</span> <span class='ocrx_word' id='word_1_520' title='bbox 3155 3637 3284 3677; x_wconf 87' lang='lat' dir='ltr'>mea</span> <span class='ocrx_word' id='word_1_521' title='bbox 3335 3643 3362 3670; x_wconf 84' lang='lat'>»</span> <span class='ocrx_word' id='word_1_522' title='bbox 3416 3614 3545 3695; x_wconf 71' lang='lat' dir='ltr'>(13a.</span> <span class='ocrx_word' id='word_1_523' title='bbox 3594 3640 3632 3692; x_wconf 82' lang='grc' dir='ltr'>ι,</span> <span class='ocrx_word' id='word_1_524' title='bbox 3689 3622 3797 3694; x_wconf 86' lang='grc'><strong>14).</strong></span> 
     </span>
    </p>
   </div>
   <div class='ocr_carea' id='block_1_72' title="bbox 1821 3760 2384 3821">
    <p class='ocr_par' dir='ltr' id='par_1_72' title="bbox 1821 3760 2384 3821">
     <span class='ocr_line' id='line_1_72' title="bbox 1821 3760 2384 3821; baseline -0.004 0"><span class='ocrx_word' id='word_1_525' title='bbox 1821 3760 2024 3821; x_wconf 81' lang='lat' dir='ltr'>Variae</span> <span class='ocrx_word' id='word_1_526' title='bbox 2063 3760 2384 3820; x_wconf 89' lang='lat' dir='ltr'>lectiones.</span> 
     </span>
    </p>
   </div>
   <div class='ocr_carea' id='block_1_73' title="bbox 470 3865 3810 3944">
    <p class='ocr_par' dir='ltr' id='par_1_73' title="bbox 470 3865 3810 3944">
     <span class='ocr_line' id='line_1_73' title="bbox 470 3865 3810 3944; baseline -0.001 -15"><span class='ocrx_word' id='word_1_527' title='bbox 470 3875 513 3909; x_wconf 79' lang='grc'>⁸⁷</span> <span class='ocrx_word' id='word_1_528' title='bbox 545 3874 971 3944; x_wconf 81' lang='lat' dir='ltr'>Compensatur</span> <span class='ocrx_word' id='word_1_529' title='bbox 1018 3871 1193 3925; x_wconf 82' lang='lat' dir='ltr'>Paris.</span> <span class='ocrx_word' id='word_1_530' title='bbox 1238 3868 1316 3944; x_wconf 61' lang='lat' dir='ltr'>_°f</span> <span class='ocrx_word' id='word_1_531' title='bbox 1346 3868 1634 3944; x_wconf 73' lang='lat' dir='ltr'>Formam</span> <span class='ocrx_word' id='word_1_532' title='bbox 1663 3884 1779 3939; x_wconf 88' lang='lat' dir='ltr'>qua</span> <span class='ocrx_word' id='word_1_533' title='bbox 1831 3869 2031 3937; x_wconf 77' lang='lat' dir='ltr'>Rigalt.</span> <span class='ocrx_word' id='word_1_534' title='bbox 2110 3869 2155 3902; x_wconf 77' lang='grc'>⁶⁰</span> <span class='ocrx_word' id='word_1_535' title='bbox 2186 3869 2253 3923; x_wconf 91' lang='lat' dir='ltr'>Et</span> <span class='ocrx_word' id='word_1_536' title='bbox 2281 3867 2754 3944; x_wconf 70' lang='lat' dir='ltr'>dissimulaberis</span> <span class='ocrx_word' id='word_1_537' title='bbox 2804 3866 2986 3944; x_wconf 74' lang='lat' dir='ltr'>Paris.</span> <span class='ocrx_word' id='word_1_538' title='bbox 3034 3867 3155 3935; x_wconf 66' lang='grc' dir='ltr'>Βία.</span> <span class='ocrx_word' id='word_1_539' title='bbox 3213 3866 3276 3944; x_wconf 15' lang='lat'>77°</span> <span class='ocrx_word' id='word_1_540' title='bbox 3306 3865 3667 3944; x_wconf 76' lang='lat' dir='ltr'>Quandoque</span> <span class='ocrx_word' id='word_1_541' title='bbox 3715 3868 3810 3944; x_wconf 86' lang='lat' dir='ltr'>his</span> 
     </span>
    </p>
   </div>
   <div class='ocr_carea' id='block_1_74' title="bbox 400 3948 722 4016">
    <p class='ocr_par' dir='ltr' id='par_1_74' title="bbox 400 3948 722 4016">
     <span class='ocr_line' id='line_1_74' title="bbox 400 3948 722 4016; baseline -0.009 -15"><span class='ocrx_word' id='word_1_542' title='bbox 400 3949 571 4002; x_wconf 83' lang='lat' dir='ltr'>Fran.</span> <span class='ocrx_word' id='word_1_543' title='bbox 605 3948 722 4016; x_wconf 79' lang='lat' dir='ltr'>Rig.</span> 
     </span>
    </p>
   </div>
   <div class='ocr_carea' id='block_1_75' title="bbox 400 4017 987 4086">
    <p class='ocr_par' dir='ltr' id='par_1_75' title="bbox 400 4017 987 4086">
     <span class='ocr_line' id='line_1_75' title="bbox 400 4017 987 4086; baseline -0.003 -15"><span class='ocrx_word' id='word_1_544' title='bbox 400 4024 589 4074; x_wconf 88' lang='lat' dir='ltr'>vestra</span> <span class='ocrx_word' id='word_1_545' title='bbox 619 4032 797 4073; x_wconf 87' lang='lat' dir='ltr'>causa</span> <span class='ocrx_word' id='word_1_546' title='bbox 828 4017 987 4086; x_wconf 83' lang='lat' dir='ltr'>Leop.</span> 
     </span>
    </p>
   </div>
   <div class='ocr_carea' id='block_1_76' title="bbox 799 3938 3814 4011">
    <p class='ocr_par' dir='ltr' id='par_1_76' title="bbox 799 3938 3814 4011">
     <span class='ocr_line' id='line_1_76' title="bbox 799 3938 3814 4011; baseline -0.002 -13"><span class='ocrx_word' id='word_1_547' title='bbox 799 3946 843 3980; x_wconf 84' lang='lat'>&#39;“</span> <span class='ocrx_word' id='word_1_548' title='bbox 880 3943 1171 3998; x_wconf 88' lang='lat' dir='ltr'>Irascatur</span> <span class='ocrx_word' id='word_1_549' title='bbox 1200 3940 1250 3995; x_wconf 89' lang='lat' dir='ltr'>ei</span> <span class='ocrx_word' id='word_1_550' title='bbox 1282 3940 1568 4011; x_wconf 90' lang='lat' dir='ltr'>Dominus</span> <span class='ocrx_word' id='word_1_551' title='bbox 1608 3938 1768 4010; x_wconf 83' lang='lat' dir='ltr'>Leop.</span> <span class='ocrx_word' id='word_1_552' title='bbox 1803 3944 2016 4011; x_wconf 80' lang='lat' dir='ltr'>primus</span> <span class='ocrx_word' id='word_1_553' title='bbox 2048 3946 2098 3995; x_wconf 83' lang='lat' dir='ltr'>et</span> <span class='ocrx_word' id='word_1_554' title='bbox 2130 3956 2293 3996; x_wconf 84' lang='lat' dir='ltr'>unus.</span> <span class='ocrx_word' id='word_1_555' title='bbox 2372 3942 2416 3975; x_wconf 66' lang='grc'>⁷2</span> <span class='ocrx_word' id='word_1_556' title='bbox 2449 3941 2551 3995; x_wconf 87' lang='lat' dir='ltr'>Est</span> <span class='ocrx_word' id='word_1_557' title='bbox 2598 3956 2699 4004; x_wconf 63' lang='lat' dir='ltr'>vae,</span> <span class='ocrx_word' id='word_1_558' title='bbox 2752 3938 2938 4011; x_wconf 15' lang='lat' dir='ltr'>cujus,</span> <span class='ocrx_word' id='word_1_559' title='bbox 2973 3954 3151 4011; x_wconf 87' lang='lat' dir='ltr'>causa</span> <span class='ocrx_word' id='word_1_560' title='bbox 3200 3938 3381 4011; x_wconf 69' lang='lat' dir='ltr'>Paris.</span> <span class='ocrx_word' id='word_1_561' title='bbox 3416 3939 3544 4011; x_wconf 86' lang='lat' dir='ltr'>Jun.</span> <span class='ocrx_word' id='word_1_562' title='bbox 3577 3941 3814 4011; x_wconf 56' lang='lat' dir='ltr'>Remel;</span> 
     </span>
    </p>
   </div>
   <div class='ocr_carea' id='block_1_77' title="bbox 1062 4009 3811 4082">
    <p class='ocr_par' dir='ltr' id='par_1_77' title="bbox 1062 4009 3811 4082">
     <span class='ocr_line' id='line_1_77' title="bbox 1062 4009 3811 4082; baseline -0.001 -15"><span class='ocrx_word' id='word_1_563' title='bbox 1062 4014 1107 4048; x_wconf 76' lang='grc'>⁷³</span> <span class='ocrx_word' id='word_1_564' title='bbox 1137 4012 1220 4067; x_wconf 92' lang='lat' dir='ltr'>Ob</span> <span class='ocrx_word' id='word_1_565' title='bbox 1250 4010 1678 4082; x_wconf 90' lang='lat' dir='ltr'>blasphemiam</span> <span class='ocrx_word' id='word_1_566' title='bbox 1710 4009 1874 4067; x_wconf 71' lang='lat' dir='ltr'>rm.</span> <span class='ocrx_word' id='word_1_567' title='bbox 1951 4013 1996 4047; x_wconf 69' lang='lat'>7‘</span> <span class='ocrx_word' id='word_1_568' title='bbox 2024 4011 2271 4068; x_wconf 84' lang='lat' dir='ltr'>Exiretis</span> <span class='ocrx_word' id='word_1_569' title='bbox 2305 4014 2487 4068; x_wconf 80' lang='lat' dir='ltr'>Paris.</span> <span class='ocrx_word' id='word_1_570' title='bbox 2516 4014 2629 4066; x_wconf 84' lang='lat' dir='ltr'>Pet.</span> <span class='ocrx_word' id='word_1_571' title='bbox 2668 4010 2843 4065; x_wconf 80' lang='lat' dir='ltr'>Rhen.</span> <span class='ocrx_word' id='word_1_572' title='bbox 2876 4009 2995 4078; x_wconf 82' lang='lat' dir='ltr'>Rig.</span> <span class='ocrx_word' id='word_1_573' title='bbox 3029 4009 3299 4064; x_wconf 85' lang='lat' dir='ltr'>exissetis</span> <span class='ocrx_word' id='word_1_574' title='bbox 3331 4009 3559 4082; x_wconf 85' lang='lat' dir='ltr'>Semler,</span> <span class='ocrx_word' id='word_1_575' title='bbox 3589 4009 3811 4082; x_wconf 82' lang='lat' dir='ltr'>Ciacon.</span> 
     </span>
    </p>
   </div>
   <div class='ocr_carea' id='block_1_78' title="bbox 398 4081 3811 4155">
    <p class='ocr_par' dir='ltr' id='par_1_78' title="bbox 398 4081 3811 4155">
     <span class='ocr_line' id='line_1_78' title="bbox 398 4081 3811 4155; baseline -0.002 -10"><span class='ocrx_word' id='word_1_576' title='bbox 398 4090 443 4124; x_wconf 77' lang='grc'>⁷⁵</span> <span class='ocrx_word' id='word_1_577' title='bbox 472 4087 850 4145; x_wconf 88' lang='lat' dir='ltr'>Commisceri</span> <span class='ocrx_word' id='word_1_578' title='bbox 881 4081 1062 4142; x_wconf 80' lang='lat' dir='ltr'>Paris.</span> <span class='ocrx_word' id='word_1_579' title='bbox 1141 4085 1185 4119; x_wconf 75' lang='grc'>⁷⁸</span> <span class='ocrx_word' id='word_1_580' title='bbox 1218 4084 1350 4138; x_wconf 84' lang='lat' dir='ltr'>ideo</span> <span class='ocrx_word' id='word_1_581' title='bbox 1386 4081 1461 4137; x_wconf 84' lang='lat' dir='ltr'>et</span> <span class='ocrx_word' id='word_1_582' title='bbox 1510 4100 1885 4155; x_wconf 90' lang='lat' dir='ltr'>compeccare</span> <span class='ocrx_word' id='word_1_583' title='bbox 1919 4084 2038 4151; x_wconf 82' lang='lat' dir='ltr'>Rig.</span> <span class='ocrx_word' id='word_1_584' title='bbox 2115 4085 2157 4119; x_wconf 80' lang='grc'><strong>⁷⁷</strong></span> <span class='ocrx_word' id='word_1_585' title='bbox 2193 4086 2329 4140; x_wconf 83' lang='lat' dir='ltr'>Cod.</span> <span class='ocrx_word' id='word_1_586' title='bbox 2366 4084 2531 4153; x_wconf 83' lang='lat' dir='ltr'>Agob.</span> <span class='ocrx_word' id='word_1_587' title='bbox 2566 4084 2747 4137; x_wconf 77' lang='lat' dir='ltr'>Paris.</span> <span class='ocrx_word' id='word_1_588' title='bbox 2781 4083 2989 4136; x_wconf 71' lang='lat' dir='ltr'>anima:</span> <span class='ocrx_word' id='word_1_589' title='bbox 3040 4098 3267 4148; x_wconf 88' lang='lat' dir='ltr'>sumus,</span> <span class='ocrx_word' id='word_1_590' title='bbox 3301 4097 3417 4135; x_wconf 93' lang='lat' dir='ltr'>non</span> <span class='ocrx_word' id='word_1_591' title='bbox 3466 4081 3811 4153; x_wconf 64' lang='lat' dir='ltr'>disciplinis.</span> 
     </span>
    </p>
   </div>
   <div class='ocr_carea' id='block_1_79' title="bbox 399 4156 1581 4234">
    <p class='ocr_par' dir='ltr' id='par_1_79' title="bbox 399 4156 1581 4234">
     <span class='ocr_line' id='line_1_79' title="bbox 399 4156 1581 4234; baseline -0.008 -16"><span class='ocrx_word' id='word_1_592' title='bbox 399 4161 443 4197; x_wconf 82' lang='grc'>⁷⁸</span> <span class='ocrx_word' id='word_1_593' title='bbox 473 4160 853 4234; x_wconf 87' lang='lat' dir='ltr'>Frequentari</span> <span class='ocrx_word' id='word_1_594' title='bbox 886 4160 1014 4215; x_wconf 86' lang='lat' dir='ltr'>Jun.</span> <span class='ocrx_word' id='word_1_595' title='bbox 1092 4157 1137 4191; x_wconf 68' lang='lat'>7°</span> <span class='ocrx_word' id='word_1_596' title='bbox 1166 4156 1369 4211; x_wconf 86' lang='lat' dir='ltr'>Festos</span> <span class='ocrx_word' id='word_1_597' title='bbox 1397 4156 1581 4210; x_wconf 77' lang='lat' dir='ltr'>Paris.</span> 
     </span>
    </p>
   </div>
   <div class='ocr_carea' id='block_1_80' title="bbox 1843 4252 2364 4315">
    <p class='ocr_par' dir='ltr' id='par_1_80' title="bbox 1843 4252 2364 4315">
     <span class='ocr_line' id='line_1_80' title="bbox 1843 4252 2364 4315; baseline -0.004 0"><span class='ocrx_word' id='word_1_598' title='bbox 1843 4252 2364 4315; x_wconf 86' lang='lat' dir='ltr'>Commentarius.</span> 
     </span>
    </p>
   </div>
   <div class='ocr_carea' id='block_1_81' title="bbox 404 4357 3811 4438">
    <p class='ocr_par' dir='ltr' id='par_1_81' title="bbox 404 4357 3811 4438">
     <span class='ocr_line' id='line_1_81' title="bbox 404 4357 3811 4438; baseline -0.003 -11"><span class='ocrx_word' id='word_1_599' title='bbox 404 4369 643 4428; x_wconf 63' lang='lat' dir='ltr'>Abrahae</span> <span class='ocrx_word' id='word_1_600' title='bbox 683 4370 816 4425; x_wconf 89' lang='lat' dir='ltr'>sinu</span> <span class='ocrx_word' id='word_1_601' title='bbox 856 4364 1264 4438; x_wconf 53' lang='lat' dir='ltr'>exspectandas</span> <span class='ocrx_word' id='word_1_602' title='bbox 1290 4360 1737 4438; x_wconf 71' lang='lat' dir='ltr'>resurrectionis</span> <span class='ocrx_word' id='word_1_603' title='bbox 1776 4360 2053 4438; x_wconf 79' lang='lat' dir='ltr'>solatium</span> <span class='ocrx_word' id='word_1_604' title='bbox 2086 4367 2129 4430; x_wconf 83' lang='lat' dir='ltr'><strong>D</strong></span> <span class='ocrx_word' id='word_1_605' title='bbox 2164 4360 2384 4438; x_wconf 82' lang='lat' dir='ltr'>inferos</span> <span class='ocrx_word' id='word_1_606' title='bbox 2414 4377 2529 4438; x_wconf 74' lang='lat' dir='ltr'>non</span> <span class='ocrx_word' id='word_1_607' title='bbox 2567 4360 2890 4438; x_wconf 76' lang='lat' dir='ltr'>legeretur,</span> <span class='ocrx_word' id='word_1_608' title='bbox 2919 4358 3061 4438; x_wconf 80' lang='lat' dir='ltr'>libet</span> <span class='ocrx_word' id='word_1_609' title='bbox 3092 4357 3414 4428; x_wconf 69' lang='lat' dir='ltr'>prmsertim</span> <span class='ocrx_word' id='word_1_610' title='bbox 3462 4374 3529 4438; x_wconf 85' lang='lat' dir='ltr'>ea</span> <span class='ocrx_word' id='word_1_611' title='bbox 3566 4360 3811 4438; x_wconf 65' lang='lat' dir='ltr'>referre,</span> 
     </span>
    </p>
   </div>
   <div class='ocr_carea' id='block_1_82' title="bbox 404 4431 2054 4507">
    <p class='ocr_par' dir='ltr' id='par_1_82' title="bbox 404 4431 2054 4507">
     <span class='ocr_line' id='line_1_82' title="bbox 404 4431 2054 4507; baseline -0.007 -9"><span class='ocrx_word' id='word_1_612' title='bbox 404 4458 631 4507; x_wconf 89' lang='lat' dir='ltr'>capere.</span> <span class='ocrx_word' id='word_1_613' title='bbox 657 4464 685 4493; x_wconf 85' lang='grc'><strong>››</strong></span> <span class='ocrx_word' id='word_1_614' title='bbox 727 4442 807 4496; x_wconf 85' lang='lat' dir='ltr'><strong>Ex</strong></span> <span class='ocrx_word' id='word_1_615' title='bbox 864 4431 978 4493; x_wconf 37' lang='lat' dir='ltr'>his-</span> <span class='ocrx_word' id='word_1_616' title='bbox 1017 4438 1196 4507; x_wconf 81' lang='lat' dir='ltr'>igitur</span> <span class='ocrx_word' id='word_1_617' title='bbox 1252 4434 1339 4507; x_wconf 76' lang='lat' dir='ltr'>id_</span> <span class='ocrx_word' id='word_1_618' title='bbox 1368 4431 1720 4505; x_wconf 85' lang='lat' dir='ltr'>colligimus,</span> <span class='ocrx_word' id='word_1_619' title='bbox 1784 4433 2054 4507; x_wconf 86' lang='lat' dir='ltr'>homines</span> 
     </span>
    </p>
   </div>
   <div class='ocr_carea' id='block_1_83' title="bbox 404 4505 2056 4571">
    <p class='ocr_par' dir='ltr' id='par_1_83' title="bbox 404 4505 2056 4571">
     <span class='ocr_line' id='line_1_83' title="bbox 404 4505 2056 4571; baseline -0.007 0"><span class='ocrx_word' id='word_1_620' title='bbox 404 4505 597 4571; x_wconf 84' lang='lat' dir='ltr'>adhuc</span> <span class='ocrx_word' id='word_1_621' title='bbox 627 4530 745 4569; x_wconf 68' lang='lat' dir='ltr'>3WD</span> <span class='ocrx_word' id='word_1_622' title='bbox 777 4511 876 4567; x_wconf 91' lang='lat' dir='ltr'>illo</span> <span class='ocrx_word' id='word_1_623' title='bbox 906 4505 1073 4565; x_wconf 77' lang='lat' dir='ltr'>valde</span> <span class='ocrx_word' id='word_1_624' title='bbox 1112 4508 1294 4563; x_wconf 85' lang='lat' dir='ltr'>fuisse</span> <span class='ocrx_word' id='word_1_625' title='bbox 1330 4505 1539 4560; x_wconf 84' lang='lat' dir='ltr'>harum</span> <span class='ocrx_word' id='word_1_626' title='bbox 1574 4522 1767 4560; x_wconf 90' lang='lat' dir='ltr'>rerum</span> <span class='ocrx_word' id='word_1_627' title='bbox 1802 4505 2056 4560; x_wconf 89' lang='lat' dir='ltr'>incertos</span> 
     </span>
    </p>
   </div>
   <div class='ocr_carea' id='block_1_84' title="bbox 403 4577 2054 4650">
    <p class='ocr_par' dir='ltr' id='par_1_84' title="bbox 403 4577 2054 4650">
     <span class='ocr_line' id='line_1_84' title="bbox 403 4577 2054 4650; baseline -0.007 -8"><span class='ocrx_word' id='word_1_628' title='bbox 403 4604 469 4642; x_wconf 90' lang='lat' dir='ltr'>ac</span> <span class='ocrx_word' id='word_1_629' title='bbox 501 4586 734 4642; x_wconf 87' lang='lat' dir='ltr'>dubios.</span> <span class='ocrx_word' id='word_1_630' title='bbox 755 4615 821 4625; x_wconf 89' lang='lat'><strong>—</strong></span> <span class='ocrx_word' id='word_1_631' title='bbox 846 4582 1144 4638; x_wconf 87' lang='lat' dir='ltr'>Hactenus</span> <span class='ocrx_word' id='word_1_632' title='bbox 1176 4577 1496 4650; x_wconf 12' lang='lat' dir='ltr'>Rigaltiusr;</span> <span class='ocrx_word' id='word_1_633' title='bbox 1528 4582 1738 4632; x_wconf 60' lang='lat' dir='ltr'>czetera</span> <span class='ocrx_word' id='word_1_634' title='bbox 1767 4592 2054 4650; x_wconf 65' lang='lat' dir='ltr'>veroque:</span> 
     </span>
    </p>
   </div>
   <div class='ocr_carea' id='block_1_85' title="bbox 403 4648 2053 4729">
    <p class='ocr_par' dir='ltr' id='par_1_85' title="bbox 403 4648 2053 4729">
     <span class='ocr_line' id='line_1_85' title="bbox 403 4648 2053 4729; baseline -0.006 -15"><span class='ocrx_word' id='word_1_635' title='bbox 403 4659 711 4729; x_wconf 81' lang='lat' dir='ltr'>subjunxit</span> <span class='ocrx_word' id='word_1_636' title='bbox 743 4658 812 4712; x_wconf 89' lang='lat' dir='ltr'>ad</span> <span class='ocrx_word' id='word_1_637' title='bbox 861 4648 1297 4729; x_wconf 79' lang='lat' dir='ltr'>infirmandam,</span> <span class='ocrx_word' id='word_1_638' title='bbox 1337 4655 1397 4704; x_wconf 92' lang='lat' dir='ltr'>ut</span> <span class='ocrx_word' id='word_1_639' title='bbox 1422 4649 1673 4729; x_wconf 72' lang='lat' dir='ltr'>videtur,</span> <span class='ocrx_word' id='word_1_640' title='bbox 1709 4648 2053 4729; x_wconf 72' lang='lat' dir='ltr'>catholicam</span> 
     </span>
    </p>
   </div>
   <div class='ocr_carea' id='block_1_86' title="bbox 405 4721 2058 4789">
    <p class='ocr_par' dir='ltr' id='par_1_86' title="bbox 405 4721 2058 4789">
     <span class='ocr_line' id='line_1_86' title="bbox 405 4721 2058 4789; baseline -0.007 -3"><span class='ocrx_word' id='word_1_641' title='bbox 405 4732 477 4786; x_wconf 93' lang='lat' dir='ltr'>de</span> <span class='ocrx_word' id='word_1_642' title='bbox 508 4721 720 4785; x_wconf 81' lang='lat' dir='ltr'>Christi</span> <span class='ocrx_word' id='word_1_643' title='bbox 759 4729 827 4783; x_wconf 89' lang='lat' dir='ltr'>ad</span> <span class='ocrx_word' id='word_1_644' title='bbox 860 4726 1079 4781; x_wconf 82' lang='lat' dir='ltr'>inferos</span> <span class='ocrx_word' id='word_1_645' title='bbox 1111 4725 1394 4778; x_wconf 88' lang='lat' dir='ltr'>descensu</span> <span class='ocrx_word' id='word_1_646' title='bbox 1430 4721 1781 4789; x_wconf 88' lang='lat' dir='ltr'>doctrinam,</span> <span class='ocrx_word' id='word_1_647' title='bbox 1816 4721 2058 4776; x_wconf 88' lang='lat' dir='ltr'>veritate</span> 
     </span>
    </p>
   </div>
   <div class='ocr_carea' id='block_1_87' title="bbox 404 4793 2057 4867">
    <p class='ocr_par' dir='ltr' id='par_1_87' title="bbox 404 4793 2057 4867">
     <span class='ocr_line' id='line_1_87' title="bbox 404 4793 2057 4867; baseline -0.008 -9"><span class='ocrx_word' id='word_1_648' title='bbox 404 4808 607 4858; x_wconf 88' lang='lat' dir='ltr'>carent</span> <span class='ocrx_word' id='word_1_649' title='bbox 635 4806 691 4857; x_wconf 89' lang='lat' dir='ltr'>et</span> <span class='ocrx_word' id='word_1_650' title='bbox 722 4799 990 4856; x_wconf 72' lang='lat' dir='ltr'>haeresim</span> <span class='ocrx_word' id='word_1_651' title='bbox 1017 4797 1275 4867; x_wconf 84' lang='lat' dir='ltr'>sapiunt.</span> <span class='ocrx_word' id='word_1_652' title='bbox 1306 4793 1879 4867; x_wconf 18' lang='lat' dir='ltr'>Sufﬁciatiadversus</span> <span class='ocrx_word' id='word_1_653' title='bbox 1903 4794 2057 4847; x_wconf 89' lang='lat' dir='ltr'>hunc</span> 
     </span>
    </p>
   </div>
   <div class='ocr_carea' id='block_1_88' title="bbox 405 4865 2056 4940">
    <p class='ocr_par' dir='ltr' id='par_1_88' title="bbox 405 4865 2056 4940">
     <span class='ocr_line' id='line_1_88' title="bbox 405 4865 2056 4940; baseline -0.007 -11"><span class='ocrx_word' id='word_1_654' title='bbox 405 4877 929 4931; x_wconf 84' lang='lat' dir='ltr'>commentatorem</span> <span class='ocrx_word' id='word_1_655' title='bbox 962 4865 1307 4940; x_wconf 73' lang='lat' dir='ltr'>cppOSuisse</span> <span class='ocrx_word' id='word_1_656' title='bbox 1332 4882 1400 4920; x_wconf 90' lang='lat' dir='ltr'>ea</span> <span class='ocrx_word' id='word_1_657' title='bbox 1421 4882 1548 4940; x_wconf 54' lang='lat' dir='ltr'>qua;</span> <span class='ocrx_word' id='word_1_658' title='bbox 1566 4865 1789 4940; x_wconf 76' lang='lat' dir='ltr'>Natalis</span> <span class='ocrx_word' id='word_1_659' title='bbox 1820 4865 2056 4920; x_wconf 54' lang='lat' dir='ltr'>Alexan.</span> 
     </span>
    </p>
   </div>
   <div class='ocr_carea' id='block_1_89' title="bbox 404 4937 2054 5009">
    <p class='ocr_par' dir='ltr' id='par_1_89' title="bbox 404 4937 2054 5009">
     <span class='ocr_line' id='line_1_89' title="bbox 404 4937 2054 5009; baseline -0.007 -7"><span class='ocrx_word' id='word_1_660' title='bbox 404 4948 531 5009; x_wconf 91' lang='lat' dir='ltr'>der,</span> <span class='ocrx_word' id='word_1_661' title='bbox 564 4947 621 5000; x_wconf 90' lang='lat' dir='ltr'>in</span> <span class='ocrx_word' id='word_1_662' title='bbox 653 4961 762 4999; x_wconf 85' lang='lat' dir='ltr'>sua</span> <span class='ocrx_word' id='word_1_663' title='bbox 806 4937 1227 4998; x_wconf 78' lang='lat' dir='ltr'>Dissertatione</span> <span class='ocrx_word' id='word_1_664' title='bbox 1274 4938 1345 4991; x_wconf 89' lang='lat' dir='ltr'>de</span> <span class='ocrx_word' id='word_1_665' title='bbox 1391 4937 1654 5007; x_wconf 79' lang='lat' dir='ltr'>Symbolo</span> <span class='ocrx_word' id='word_1_666' title='bbox 1710 4938 2054 5009; x_wconf 10' lang='lat' dir='ltr'>ﬁdeigasse-</span> 
     </span>
    </p>
   </div>
   <div class='ocr_carea' id='block_1_90' title="bbox 403 5007 2057 5083">
    <p class='ocr_par' dir='ltr' id='par_1_90' title="bbox 403 5007 2057 5083">
     <span class='ocr_line' id='line_1_90' title="bbox 403 5007 2057 5083; baseline -0.008 -10"><span class='ocrx_word' id='word_1_667' title='bbox 403 5007 526 5073; x_wconf 85' lang='lat' dir='ltr'>ruit</span> <span class='ocrx_word' id='word_1_668' title='bbox 560 5034 627 5072; x_wconf 88' lang='lat'>:«</span> <span class='ocrx_word' id='word_1_669' title='bbox 664 5017 738 5071; x_wconf 81' lang='lat' dir='ltr'>Ad</span> <span class='ocrx_word' id='word_1_670' title='bbox 772 5016 1013 5077; x_wconf 88' lang='lat' dir='ltr'>inferos,</span> <span class='ocrx_word' id='word_1_671' title='bbox 1046 5010 1243 5083; x_wconf 74' lang='lat' dir='ltr'>inquit</span> <span class='ocrx_word' id='word_1_672' title='bbox 1294 5009 1391 5083; x_wconf 83' lang='lat' dir='ltr'>ille</span> <span class='ocrx_word' id='word_1_673' title='bbox 1440 5010 1572 5079; x_wconf 92' lang='lat' dir='ltr'>(hoc</span> <span class='ocrx_word' id='word_1_674' title='bbox 1602 5015 1709 5073; x_wconf 90' lang='lat' dir='ltr'>est,</span> <span class='ocrx_word' id='word_1_675' title='bbox 1736 5010 1806 5063; x_wconf 89' lang='lat' dir='ltr'>ad</span> <span class='ocrx_word' id='word_1_676' title='bbox 1863 5007 2057 5064; x_wconf 86' lang='lat' dir='ltr'>locum</span> 
     </span>
    </p>
   </div>
   <div class='ocr_carea' id='block_1_91' title="bbox 403 5082 2053 5158">
    <p class='ocr_par' dir='ltr' id='par_1_91' title="bbox 403 5082 2053 5158">
     <span class='ocr_line' id='line_1_91' title="bbox 403 5082 2053 5158; baseline -0.006 -15"><span class='ocrx_word' id='word_1_677' title='bbox 403 5088 601 5154; x_wconf 90' lang='lat' dir='ltr'>illum,</span> <span class='ocrx_word' id='word_1_678' title='bbox 635 5104 809 5158; x_wconf 88' lang='lat' dir='ltr'>quem</span> <span class='ocrx_word' id='word_1_679' title='bbox 869 5082 1458 5158; x_wconf 6' lang='lat' dir='ltr'>theologigLimbum,</span> <span class='ocrx_word' id='word_1_680' title='bbox 1511 5087 1746 5152; x_wconf 86' lang='lat' dir='ltr'>patrum</span> <span class='ocrx_word' id='word_1_681' title='bbox 1805 5082 2053 5158; x_wconf 76' lang='lat' dir='ltr'>vocant),</span> 
     </span>
    </p>
   </div>
   <div class='ocr_carea' id='block_1_92' title="bbox 407 5153 2053 5224">
    <p class='ocr_par' dir='ltr' id='par_1_92' title="bbox 407 5153 2053 5224">
     <span class='ocr_line' id='line_1_92' title="bbox 407 5153 2053 5224; baseline -0.008 -6"><span class='ocrx_word' id='word_1_682' title='bbox 407 5153 668 5218; x_wconf 80' lang='lat' dir='ltr'>animam</span> <span class='ocrx_word' id='word_1_683' title='bbox 696 5157 930 5223; x_wconf 88' lang='lat' dir='ltr'>Christi,</span> <span class='ocrx_word' id='word_1_684' title='bbox 959 5153 1317 5212; x_wconf 22' lang='lat' dir='ltr'>nongvirtute</span> <span class='ocrx_word' id='word_1_685' title='bbox 1344 5157 1571 5207; x_wconf 88' lang='lat' dir='ltr'>tantum</span> <span class='ocrx_word' id='word_1_686' title='bbox 1608 5157 1664 5207; x_wconf 91' lang='lat' dir='ltr'>et</span> <span class='ocrx_word' id='word_1_687' title='bbox 1695 5153 2053 5224; x_wconf 89' lang='lat' dir='ltr'>operatione,</span> 
     </span>
    </p>
   </div>
   <div class='ocr_carea' id='block_1_93' title="bbox 406 5225 2054 5301">
    <p class='ocr_par' dir='ltr' id='par_1_93' title="bbox 406 5225 2054 5301">
     <span class='ocr_line' id='line_1_93' title="bbox 406 5225 2054 5301; baseline -0.007 -13"><span class='ocrx_word' id='word_1_688' title='bbox 406 5234 506 5289; x_wconf 88' lang='lat' dir='ltr'>sed</span> <span class='ocrx_word' id='word_1_689' title='bbox 543 5249 601 5286; x_wconf 86' lang='lat' dir='ltr'>re</span> <span class='ocrx_word' id='word_1_690' title='bbox 629 5236 685 5286; x_wconf 89' lang='lat' dir='ltr'>et</span> <span class='ocrx_word' id='word_1_691' title='bbox 716 5230 1025 5301; x_wconf 72' lang='lat' dir='ltr'>przesentia</span> <span class='ocrx_word' id='word_1_692' title='bbox 1068 5225 1465 5301; x_wconf 68' lang='lat' dir='ltr'>descendisse,</span> <span class='ocrx_word' id='word_1_693' title='bbox 1499 5225 1711 5301; x_wconf 83' lang='lat' dir='ltr'>dogma</span> <span class='ocrx_word' id='word_1_694' title='bbox 1745 5225 1895 5301; x_wconf 85' lang='lat' dir='ltr'>_fid_ei</span> <span class='ocrx_word' id='word_1_695' title='bbox 1947 5229 2054 5287; x_wconf 90' lang='lat' dir='ltr'>est,</span> 
     </span>
    </p>
   </div>
   <div class='ocr_carea' id='block_1_94' title="bbox 402 5296 2053 5376">
    <p class='ocr_par' dir='ltr' id='par_1_94' title="bbox 402 5296 2053 5376">
     <span class='ocr_line' id='line_1_94' title="bbox 402 5296 2053 5376; baseline -0.007 -15"><span class='ocrx_word' id='word_1_696' title='bbox 402 5296 727 5376; x_wconf 58' lang='lat' dir='ltr'>Scriptura!</span> <span class='ocrx_word' id='word_1_697' title='bbox 767 5318 946 5376; x_wconf 75' lang='lat' dir='ltr'>sacrae</span> <span class='ocrx_word' id='word_1_698' title='bbox 1006 5296 1364 5376; x_wconf 65' lang='lat' dir='ltr'>testimoniis</span> <span class='ocrx_word' id='word_1_699' title='bbox 1395 5302 1449 5350; x_wconf 92' lang='lat' dir='ltr'>et</span> <span class='ocrx_word' id='word_1_700' title='bbox 1496 5296 1756 5376; x_wconf 61' lang='lat' dir='ltr'>unanimi</span> <span class='ocrx_word' id='word_1_701' title='bbox 1820 5298 2053 5376; x_wconf 66' lang='lat' dir='ltr'>Patrum</span> 
     </span>
    </p>
   </div>
   <div class='ocr_carea' id='block_1_95' title="bbox 407 5368 2056 5439">
    <p class='ocr_par' dir='ltr' id='par_1_95' title="bbox 407 5368 2056 5439">
     <span class='ocr_line' id='line_1_95' title="bbox 407 5368 2056 5439; baseline -0.007 -5"><span class='ocrx_word' id='word_1_702' title='bbox 407 5368 698 5434; x_wconf 76' lang='lat' dir='ltr'>consensu</span> <span class='ocrx_word' id='word_1_703' title='bbox 754 5375 1066 5428; x_wconf 86' lang='lat' dir='ltr'>firmatum.</span> <span class='ocrx_word' id='word_1_704' title='bbox 1104 5370 1285 5425; x_wconf 64' lang='lat' dir='ltr'>Graeci</span> <span class='ocrx_word' id='word_1_705' title='bbox 1336 5384 1469 5422; x_wconf 88' lang='lat' dir='ltr'>vero</span> <span class='ocrx_word' id='word_1_706' title='bbox 1520 5368 1827 5439; x_wconf 88' lang='lat' dir='ltr'>Latinique</span> <span class='ocrx_word' id='word_1_707' title='bbox 1856 5369 2056 5423; x_wconf 84' lang='lat' dir='ltr'>Patres</span> 
     </span>
    </p>
   </div>
   <div class='ocr_carea' id='block_1_96' title="bbox 403 5440 2056 5519">
    <p class='ocr_par' dir='ltr' id='par_1_96' title="bbox 403 5440 2056 5519">
     <span class='ocr_line' id='line_1_96' title="bbox 403 5440 2056 5519; baseline -0.007 -14"><span class='ocrx_word' id='word_1_708' title='bbox 403 5449 463 5505; x_wconf 90' lang='lat' dir='ltr'>in</span> <span class='ocrx_word' id='word_1_709' title='bbox 497 5448 759 5519; x_wconf 80' lang='lat' dir='ltr'>ejusdem</span> <span class='ocrx_word' id='word_1_710' title='bbox 795 5442 1060 5519; x_wconf 79' lang='lat' dir='ltr'>catholici</span> <span class='ocrx_word' id='word_1_711' title='bbox 1091 5440 1381 5519; x_wconf 76' lang='lat' dir='ltr'>dogmatis</span> <span class='ocrx_word' id='word_1_712' title='bbox 1413 5442 1794 5519; x_wconf 61' lang='lat' dir='ltr'>assertionem</span> <span class='ocrx_word' id='word_1_713' title='bbox 1830 5440 2056 5519; x_wconf 85' lang='lat' dir='ltr'>conspi—</span> 
     </span>
    </p>
   </div>
   <div class='ocr_carea' id='block_1_97' title="bbox 404 5512 2054 5583">
    <p class='ocr_par' dir='ltr' id='par_1_97' title="bbox 404 5512 2054 5583">
     <span class='ocr_line' id='line_1_97' title="bbox 404 5512 2054 5583; baseline -0.007 -6"><span class='ocrx_word' id='word_1_714' title='bbox 404 5512 609 5577; x_wconf 63' lang='lat' dir='ltr'>rant.»</span> <span class='ocrx_word' id='word_1_715' title='bbox 649 5516 828 5575; x_wconf 81' lang='lat' dir='ltr'>Theol.</span> <span class='ocrx_word' id='word_1_716' title='bbox 884 5515 1037 5571; x_wconf 84' lang='lat' dir='ltr'>Curs.</span> <span class='ocrx_word' id='word_1_717' title='bbox 1086 5514 1310 5583; x_wconf 83' lang='lat' dir='ltr'>compl.,</span> <span class='ocrx_word' id='word_1_718' title='bbox 1340 5517 1382 5567; x_wconf 88' lang='lat' dir='ltr'>t.</span> <span class='ocrx_word' id='word_1_719' title='bbox 1419 5512 1506 5577; x_wconf 91' lang='lat' dir='ltr'>Vl,</span> <span class='ocrx_word' id='word_1_720' title='bbox 1550 5529 1605 5582; x_wconf 91' lang='lat' dir='ltr'>p.</span> <span class='ocrx_word' id='word_1_721' title='bbox 1651 5513 1756 5565; x_wconf 83' lang='lat'>239</span> <span class='ocrx_word' id='word_1_722' title='bbox 1804 5517 1859 5565; x_wconf 87' lang='lat' dir='ltr'>et</span> <span class='ocrx_word' id='word_1_723' title='bbox 1907 5516 2054 5582; x_wconf 85' lang='lat' dir='ltr'>seq.)</span> 
     </span>
    </p>
   </div>
   <div class='ocr_carea' id='block_1_98' title="bbox 404 5583 2051 5661">
    <p class='ocr_par' dir='ltr' id='par_1_98' title="bbox 404 5583 2051 5661">
     <span class='ocr_line' id='line_1_98' title="bbox 404 5583 2051 5661; baseline -0.008 -13"><span class='ocrx_word' id='word_1_724' title='bbox 404 5594 473 5648; x_wconf 89' lang='lat' dir='ltr'>V.</span> <span class='ocrx_word' id='word_1_725' title='bbox 509 5594 680 5648; x_wconf 84' lang='lat' dir='ltr'>etiam</span> <span class='ocrx_word' id='word_1_726' title='bbox 736 5590 1124 5661; x_wconf 77' lang='lat' dir='ltr'>professionem</span> <span class='ocrx_word' id='word_1_727' title='bbox 1176 5585 1305 5654; x_wconf 80' lang='lat' dir='ltr'>ﬁdei</span> <span class='ocrx_word' id='word_1_728' title='bbox 1355 5583 2051 5661; x_wconf 36' lang='lat' dir='ltr'>catho_lic(g?_(The“ol.ACur-s.</span> 
     </span>
    </p>
   </div>
   <div class='ocr_carea' id='block_1_99' title="bbox 410 5655 2054 5737">
    <p class='ocr_par' dir='ltr' id='par_1_99' title="bbox 410 5655 2054 5737">
     <span class='ocr_line' id='line_1_99' title="bbox 410 5655 2054 5737; baseline -0.008 -16"><span class='ocrx_word' id='word_1_729' title='bbox 410 5666 627 5737; x_wconf 81' lang='lat' dir='ltr'>compl..</span> <span class='ocrx_word' id='word_1_730' title='bbox 654 5672 701 5737; x_wconf 15' lang='lat' dir='ltr'>rt.</span> <span class='ocrx_word' id='word_1_731' title='bbox 736 5655 779 5725; x_wconf 76' lang='grc' dir='ltr'>ἶ,</span> <span class='ocrx_word' id='word_1_732' title='bbox 906 5658 1084 5730; x_wconf 91' lang='grc'>1000).</span> <span class='ocrx_word' id='word_1_733' title='bbox 1105 5661 1259 5737; x_wconf 74' lang='lat' dir='ltr'>Cum</span> <span class='ocrx_word' id='word_1_734' title='bbox 1290 5671 1421 5737; x_wconf 76' lang='lat' dir='ltr'>vero</span> <span class='ocrx_word' id='word_1_735' title='bbox 1456 5655 1737 5737; x_wconf 73' lang='lat' dir='ltr'>Rigaltius</span> <span class='ocrx_word' id='word_1_736' title='bbox 1778 5655 2054 5737; x_wconf 77' lang='lat' dir='ltr'>Rufinum</span> 
     </span>
    </p>
   </div>
   <div class='ocr_carea' id='block_1_100' title="bbox 407 5726 2055 5805">
    <p class='ocr_par' dir='ltr' id='par_1_100' title="bbox 407 5726 2055 5805">
     <span class='ocr_line' id='line_1_100' title="bbox 407 5726 2055 5805; baseline -0.008 -12"><span class='ocrx_word' id='word_1_737' title='bbox 407 5737 466 5793; x_wconf 93' lang='lat' dir='ltr'>in</span> <span class='ocrx_word' id='word_1_738' title='bbox 517 5726 767 5805; x_wconf 67' lang='lat' dir='ltr'>gratiam</span> <span class='ocrx_word' id='word_1_739' title='bbox 816 5726 947 5805; x_wconf 79' lang='lat' dir='ltr'>suae</span> <span class='ocrx_word' id='word_1_740' title='bbox 994 5726 1293 5805; x_wconf 59' lang='lat' dir='ltr'>sententia}</span> <span class='ocrx_word' id='word_1_741' title='bbox 1353 5727 1643 5805; x_wconf 50' lang='lat' dir='ltr'>citaverit,</span> <span class='ocrx_word' id='word_1_742' title='bbox 1667 5733 1945 5797; x_wconf 88' lang='lat' dir='ltr'>tanquam</span> <span class='ocrx_word' id='word_1_743' title='bbox 2006 5726 2055 5805; x_wconf 87' lang='lat' dir='ltr'>s_i</span> 
     </span>
    </p>
   </div>
   <div class='ocr_carea' id='block_1_101' title="bbox 408 5797 2053 5876">
    <p class='ocr_par' dir='ltr' id='par_1_101' title="bbox 408 5797 2053 5876">
     <span class='ocr_line' id='line_1_101' title="bbox 408 5797 2053 5876; baseline -0.007 -11"><span class='ocrx_word' id='word_1_744' title='bbox 408 5797 679 5869; x_wconf 64' lang='lat' dir='ltr'>Ecclesiae</span> <span class='ocrx_word' id='word_1_745' title='bbox 710 5804 1007 5865; x_wconf 66' lang='lat' dir='ltr'>cathotiow</span> <span class='ocrx_word' id='word_1_746' title='bbox 1050 5799 1321 5876; x_wconf 81' lang='lat' dir='ltr'>Symbolo</span> <span class='ocrx_word' id='word_1_747' title='bbox 1348 5797 1564 5859; x_wconf 84' lang='lat' dir='ltr'>Christi</span> <span class='ocrx_word' id='word_1_748' title='bbox 1613 5800 1935 5858; x_wconf 84' lang='lat' dir='ltr'>descensus</span> <span class='ocrx_word' id='word_1_749' title='bbox 1983 5799 2053 5855; x_wconf 88' lang='lat' dir='ltr'>ad</span> 
     </span>
    </p>
   </div>
   <div class='ocr_carea' id='block_1_102' title="bbox 2166 4430 3816 4505">
    <p class='ocr_par' dir='ltr' id='par_1_102' title="bbox 2166 4430 3816 4505">
     <span class='ocr_line' id='line_1_102' title="bbox 2166 4430 3816 4505; baseline 0 -17"><span class='ocrx_word' id='word_1_750' title='bbox 2166 4449 2294 4504; x_wconf 75' lang='lat' dir='ltr'>quae</span> <span class='ocrx_word' id='word_1_751' title='bbox 2326 4433 2395 4487; x_wconf 92' lang='lat' dir='ltr'>de</span> <span class='ocrx_word' id='word_1_752' title='bbox 2424 4431 2698 4505; x_wconf 87' lang='lat' dir='ltr'>Symbolo</span> <span class='ocrx_word' id='word_1_753' title='bbox 2732 4431 3143 4505; x_wconf 15' lang='lat' dir='ltr'>apostolorum,</span> <span class='ocrx_word' id='word_1_754' title='bbox 3168 4435 3533 4505; x_wconf 70' lang='lat' dir='ltr'>expresserat</span> <span class='ocrx_word' id='word_1_755' title='bbox 3563 4430 3660 4487; x_wconf 91' lang='lat' dir='ltr'>ille</span> <span class='ocrx_word' id='word_1_756' title='bbox 3688 4434 3816 4503; x_wconf 87' lang='lat' dir='ltr'>ipse</span> 
     </span>
    </p>
   </div>
   <div class='ocr_carea' id='block_1_103' title="bbox 2167 4500 3810 4575">
    <p class='ocr_par' dir='ltr' id='par_1_103' title="bbox 2167 4500 3810 4575">
     <span class='ocr_line' id='line_1_103' title="bbox 2167 4500 3810 4575; baseline 0 -16"><span class='ocrx_word' id='word_1_757' title='bbox 2167 4500 2417 4559; x_wconf 80' lang='lat' dir='ltr'>Ruﬁnus</span> <span class='ocrx_word' id='word_1_758' title='bbox 2452 4500 2809 4574; x_wconf 57' lang='lat' dir='ltr'>{Cruci/imus</span> <span class='ocrx_word' id='word_1_759' title='bbox 2854 4503 2951 4557; x_wconf 84' lang='lat' dir='ltr'>sub</span> <span class='ocrx_word' id='word_1_760' title='bbox 2987 4503 3176 4557; x_wconf 80' lang='lat' dir='ltr'>Pontio</span> <span class='ocrx_word' id='word_1_761' title='bbox 3212 4500 3420 4575; x_wconf 71' lang='lat' dir='ltr'>Pilato,</span> <span class='ocrx_word' id='word_1_762' title='bbox 3454 4512 3507 4575; x_wconf 75' lang='lat' dir='ltr'>et</span> <span class='ocrx_word' id='word_1_763' title='bbox 3540 4500 3810 4575; x_wconf 67' lang='lat' dir='ltr'>sepultus.</span> 
     </span>
    </p>
   </div>
   <div class='ocr_carea' id='block_1_104' title="bbox 2166 4572 3811 4647">
    <p class='ocr_par' dir='ltr' id='par_1_104' title="bbox 2166 4572 3811 4647">
     <span class='ocr_line' id='line_1_104' title="bbox 2166 4572 3811 4647; baseline 0.001 -16"><span class='ocrx_word' id='word_1_764' title='bbox 2166 4593 2476 4632; x_wconf 76' lang='lat' dir='ltr'>DESCENDI&#39;I‘</span> <span class='ocrx_word' id='word_1_765' title='bbox 2528 4593 2586 4629; x_wconf 82' lang='lat' dir='ltr'><strong>1N</strong></span> <span class='ocrx_word' id='word_1_766' title='bbox 2637 4572 2901 4629; x_wconf 70' lang='lat' dir='ltr'>INFERNA.</span> <span class='ocrx_word' id='word_1_767' title='bbox 2937 4575 3185 4647; x_wconf 68' lang='lat' dir='ltr'>(Exposit</span> <span class='ocrx_word' id='word_1_768' title='bbox 3234 4575 3295 4647; x_wconf 72' lang='lat' dir='ltr'>in</span> <span class='ocrx_word' id='word_1_769' title='bbox 3344 4572 3811 4647; x_wconf 8' lang='lat' dir='ltr'>Symbﬁol.:apost.</span> 
     </span>
    </p>
   </div>
   <div class='ocr_carea' id='block_1_105' title="bbox 2169 4644 3813 4772">
    <p class='ocr_par' dir='ltr' id='par_1_105' title="bbox 2169 4644 3813 4772">
     <span class='ocr_line' id='line_1_105' title="bbox 2169 4644 3813 4720; baseline 0 -17"><span class='ocrx_word' id='word_1_770' title='bbox 2169 4650 2328 4703; x_wconf 79' lang='lat' dir='ltr'>Auct.</span> <span class='ocrx_word' id='word_1_771' title='bbox 2368 4650 2595 4715; x_wconf 80' lang='lat' dir='ltr'>Rufino,</span> <span class='ocrx_word' id='word_1_772' title='bbox 2620 4648 2771 4701; x_wconf 88' lang='lat' dir='ltr'>inter</span> <span class='ocrx_word' id='word_1_773' title='bbox 2802 4648 2986 4717; x_wconf 85' lang='lat' dir='ltr'>Opera</span> <span class='ocrx_word' id='word_1_774' title='bbox 3015 4652 3069 4699; x_wconf 82' lang='lat' dir='ltr'>S.</span> <span class='ocrx_word' id='word_1_775' title='bbox 3099 4644 3395 4716; x_wconf 79' lang='lat' dir='ltr'>Cypriani,</span> <span class='ocrx_word' id='word_1_776' title='bbox 3427 4646 3565 4700; x_wconf 86' lang='lat' dir='ltr'>edit.</span> <span class='ocrx_word' id='word_1_777' title='bbox 3596 4644 3813 4720; x_wconf 79' lang='lat' dir='ltr'>Pamel,</span> 
     </span>
     <span class='ocr_line' id='line_1_106' title="bbox 2171 4719 2582 4772; baseline 0 0"><span class='ocrx_word' id='word_1_778' title='bbox 2171 4738 2225 4772; x_wconf 92' lang='lat' dir='ltr'>n.</span> <span class='ocrx_word' id='word_1_779' title='bbox 2258 4721 2405 4772; x_wconf 62' lang='lat'>5/14).</span> <span class='ocrx_word' id='word_1_780' title='bbox 2442 4719 2582 4772; x_wconf 85' lang='lat' dir='ltr'>Enn.</span> 
     </span>
    </p>
   </div>
   <div class='ocr_carea' id='block_1_106' title="bbox 2213 4721 2582 4774">
    <p class='ocr_par' dir='ltr' id='par_1_106' title="bbox 2213 4721 2582 4774">
     <span class='ocr_line' id='line_1_107' title="bbox 2213 4721 2582 4774; baseline -0.003 -1"><span class='ocrx_word' id='word_1_781' title='bbox 2213 4761 2225 4774; x_wconf 95' lang='lat'>.</span> <span class='ocrx_word' id='word_1_782' title='bbox 2258 4721 2405 4774; x_wconf 61' lang='lat'>5/14).</span> <span class='ocrx_word' id='word_1_783' title='bbox 2442 4721 2582 4773; x_wconf 86' lang='lat' dir='ltr'>Enn.</span> 
     </span>
    </p>
   </div>
   <div class='ocr_carea' id='block_1_107' title="bbox 2169 4722 3813 4861">
    <p class='ocr_par' dir='ltr' id='par_1_107' title="bbox 2169 4722 3813 4861">
     <span class='ocr_line' id='line_1_108' title="bbox 2169 4722 2582 4792; baseline -0.005 -18"><span class='ocrx_word' id='word_1_784' title='bbox 2169 4738 2225 4792; x_wconf 92' lang='lat' dir='ltr'>p.</span> <span class='ocrx_word' id='word_1_785' title='bbox 2258 4722 2405 4791; x_wconf 82' lang='grc'>544).</span> <span class='ocrx_word' id='word_1_786' title='bbox 2442 4722 2582 4773; x_wconf 86' lang='lat' dir='ltr'>Enn.</span> 
     </span>
     <span class='ocr_line' id='line_1_109' title="bbox 2239 4786 3813 4861; baseline 0.001 -16"><span class='ocrx_word' id='word_1_787' title='bbox 2239 4793 2348 4861; x_wconf 86' lang='lat'>(58)</span> <span class='ocrx_word' id='word_1_788' title='bbox 2380 4792 2504 4846; x_wconf 78' lang='lat' dir='ltr'>Dies</span> <span class='ocrx_word' id='word_1_789' title='bbox 2537 4806 2828 4845; x_wconf 84' lang='lat' dir='ltr'>munerum</span> <span class='ocrx_word' id='word_1_790' title='bbox 2860 4804 2985 4861; x_wconf 50' lang='lat' dir='ltr'>qua)</span> <span class='ocrx_word' id='word_1_791' title='bbox 3031 4786 3177 4861; x_wconf 77' lang='lat' dir='ltr'>apud</span> <span class='ocrx_word' id='word_1_792' title='bbox 3219 4787 3361 4861; x_wconf 59' lang='lat' dir='ltr'>alios</span> <span class='ocrx_word' id='word_1_793' title='bbox 3412 4786 3641 4845; x_wconf 79' lang='lat' dir='ltr'>honoris</span> <span class='ocrx_word' id='word_1_794' title='bbox 3672 4794 3813 4847; x_wconf 79' lang='lat' dir='ltr'>titu-</span> 
     </span>
    </p>
   </div>
   <div class='ocr_carea' id='block_1_108' title="bbox 2166 4858 3818 4934">
    <p class='ocr_par' dir='ltr' id='par_1_108' title="bbox 2166 4858 3818 4934">
     <span class='ocr_line' id='line_1_110' title="bbox 2166 4858 3818 4934; baseline 0.002 -17"><span class='ocrx_word' id='word_1_795' title='bbox 2166 4858 2281 4917; x_wconf 87' lang='lat' dir='ltr'>lum</span> <span class='ocrx_word' id='word_1_796' title='bbox 2309 4858 2647 4934; x_wconf 58' lang='lat' dir='ltr'>ekrpungum.</span> <span class='ocrx_word' id='word_1_797' title='bbox 2682 4858 2988 4915; x_wconf 77' lang='lat' dir='ltr'>Habebant</span> <span class='ocrx_word' id='word_1_798' title='bbox 3015 4858 3229 4934; x_wconf 80' lang='lat' dir='ltr'>ethnici</span> <span class='ocrx_word' id='word_1_799' title='bbox 3264 4858 3389 4913; x_wconf 90' lang='lat' dir='ltr'>dies</span> <span class='ocrx_word' id='word_1_800' title='bbox 3422 4876 3735 4919; x_wconf 90' lang='lat' dir='ltr'>munerum</span> <span class='ocrx_word' id='word_1_801' title='bbox 3760 4869 3818 4920; x_wconf 83' lang='lat' dir='ltr'>et</span> 
     </span>
    </p>
   </div>
   <div class='ocr_carea' id='block_1_109' title="bbox 2167 4932 3817 5005">
    <p class='ocr_par' dir='ltr' id='par_1_109' title="bbox 2167 4932 3817 5005">
     <span class='ocr_line' id='line_1_111' title="bbox 2167 4932 3817 5005; baseline -0.003 -16"><span class='ocrx_word' id='word_1_802' title='bbox 2167 4936 2293 4989; x_wconf 86' lang='lat' dir='ltr'>dies</span> <span class='ocrx_word' id='word_1_803' title='bbox 2326 4932 2681 4989; x_wconf 78' lang='lat' dir='ltr'>strenarum.</span> <span class='ocrx_word' id='word_1_804' title='bbox 2712 4935 2840 5004; x_wconf 86' lang='lat' dir='ltr'>Ipso</span> <span class='ocrx_word' id='word_1_805' title='bbox 2872 4932 3272 4988; x_wconf 85' lang='lat' dir='ltr'>&#39;l‘ertullianus</span> <span class='ocrx_word' id='word_1_806' title='bbox 3304 4948 3433 5005; x_wconf 85' lang='lat' dir='ltr'>pag.</span> <span class='ocrx_word' id='word_1_807' title='bbox 3469 4951 3667 5005; x_wconf 85' lang='lat' dir='ltr'>seq.,«</span> <span class='ocrx_word' id='word_1_808' title='bbox 3694 4936 3817 4993; x_wconf 86' lang='lat' dir='ltr'>Mu-</span> 
     </span>
    </p>
   </div>
   <div class='ocr_carea' id='block_1_110' title="bbox 2168 5004 3526 5069">
    <p class='ocr_par' dir='ltr' id='par_1_110' title="bbox 2168 5004 3526 5069">
     <span class='ocr_line' id='line_1_112' title="bbox 2168 5004 3526 5069; baseline 0 -8"><span class='ocrx_word' id='word_1_809' title='bbox 2168 5023 2306 5061; x_wconf 89' lang='lat' dir='ltr'>nera</span> <span class='ocrx_word' id='word_1_810' title='bbox 2337 5010 2691 5069; x_wconf 89' lang='lat' dir='ltr'>commeant,</span> <span class='ocrx_word' id='word_1_811' title='bbox 2725 5012 2932 5060; x_wconf 77' lang='lat' dir='ltr'>strenas</span> <span class='ocrx_word' id='word_1_812' title='bbox 2964 5008 3310 5059; x_wconf 89' lang='lat' dir='ltr'>consonant.</span> <span class='ocrx_word' id='word_1_813' title='bbox 3344 5024 3370 5051; x_wconf 85' lang='lat'>»</span> <span class='ocrx_word' id='word_1_814' title='bbox 3404 5004 3526 5061; x_wconf 73' lang='lat' dir='ltr'>R16.</span> 
     </span>
    </p>
   </div>
   <div class='ocr_carea' id='block_1_111' title="bbox 2236 5074 3813 5149">
    <p class='ocr_par' dir='ltr' id='par_1_111' title="bbox 2236 5074 3813 5149">
     <span class='ocr_line' id='line_1_113' title="bbox 2236 5074 3813 5149; baseline 0.002 -18"><span class='ocrx_word' id='word_1_815' title='bbox 2236 5110 2303 5118; x_wconf 86' lang='lat'><strong>--</strong></span> <span class='ocrx_word' id='word_1_816' title='bbox 2336 5080 2497 5149; x_wconf 80' lang='lat' dir='ltr'>Apud</span> <span class='ocrx_word' id='word_1_817' title='bbox 2527 5079 2670 5132; x_wconf 76' lang='lat' dir='ltr'>alios</span> <span class='ocrx_word' id='word_1_818' title='bbox 2713 5078 2979 5131; x_wconf 76' lang='lat' dir='ltr'>mercedis</span> <span class='ocrx_word' id='word_1_819' title='bbox 3016 5074 3477 5149; x_wconf 43' lang='lat' dir='ltr'>debitum,Unde</span> <span class='ocrx_word' id='word_1_820' title='bbox 3507 5080 3563 5132; x_wconf 92' lang='lat' dir='ltr'>et</span> <span class='ocrx_word' id='word_1_821' title='bbox 3592 5077 3813 5134; x_wconf 88' lang='lat' dir='ltr'>Merce-</span> 
     </span>
    </p>
   </div>
   <div class='ocr_carea' id='block_1_112' title="bbox 2166 5146 3815 5221">
    <p class='ocr_par' dir='ltr' id='par_1_112' title="bbox 2166 5146 3815 5221">
     <span class='ocr_line' id='line_1_114' title="bbox 2166 5146 3815 5221; baseline 0.001 -17"><span class='ocrx_word' id='word_1_822' title='bbox 2166 5146 2389 5204; x_wconf 82' lang='lat' dir='ltr'>donius</span> <span class='ocrx_word' id='word_1_823' title='bbox 2410 5168 2510 5205; x_wconf 90' lang='lat' dir='ltr'>seu</span> <span class='ocrx_word' id='word_1_824' title='bbox 2554 5149 2920 5204; x_wconf 88' lang='lat' dir='ltr'>Mercedinus</span> <span class='ocrx_word' id='word_1_825' title='bbox 2972 5147 3195 5201; x_wconf 88' lang='lat' dir='ltr'>mensis</span> <span class='ocrx_word' id='word_1_826' title='bbox 3246 5146 3815 5221; x_wconf 25' lang='lat' dir='ltr'>dictusiposteaque</span> 
     </span>
    </p>
   </div>
   <div class='ocr_carea' id='block_1_113' title="bbox 2166 5218 3579 5287">
    <p class='ocr_par' dir='ltr' id='par_1_113' title="bbox 2166 5218 3579 5287">
     <span class='ocr_line' id='line_1_115' title="bbox 2166 5218 3579 5287; baseline -0.003 -11"><span class='ocrx_word' id='word_1_827' title='bbox 2166 5222 2292 5276; x_wconf 79' lang='lat' dir='ltr'>dies</span> <span class='ocrx_word' id='word_1_828' title='bbox 2325 5222 2653 5287; x_wconf 85' lang='lat' dir='ltr'>Mercedini,</span> <span class='ocrx_word' id='word_1_829' title='bbox 2688 5221 2743 5275; x_wconf 87' lang='lat' dir='ltr'>in</span> <span class='ocrx_word' id='word_1_830' title='bbox 2779 5226 2896 5276; x_wconf 78' lang='lat' dir='ltr'>tres</span> <span class='ocrx_word' id='word_1_831' title='bbox 2929 5236 3158 5273; x_wconf 87' lang='lat' dir='ltr'>menses</span> <span class='ocrx_word' id='word_1_832' title='bbox 3192 5218 3417 5273; x_wconf 90' lang='lat' dir='ltr'>tributi.</span> <span class='ocrx_word' id='word_1_833' title='bbox 3455 5220 3579 5274; x_wconf 82' lang='lat' dir='ltr'>RIG.</span> 
     </span>
    </p>
   </div>
   <div class='ocr_carea' id='block_1_114' title="bbox 2240 5292 3811 5365">
    <p class='ocr_par' dir='ltr' id='par_1_114' title="bbox 2240 5292 3811 5365">
     <span class='ocr_line' id='line_1_116' title="bbox 2240 5292 3811 5365; baseline 0.001 -20"><span class='ocrx_word' id='word_1_834' title='bbox 2240 5295 2349 5362; x_wconf 75' lang='lat'>(59)</span> <span class='ocrx_word' id='word_1_835' title='bbox 2383 5299 2465 5347; x_wconf 87' lang='lat' dir='ltr'>Da</span> <span class='ocrx_word' id='word_1_836' title='bbox 2491 5297 2727 5365; x_wconf 78' lang='lat' dir='ltr'>formam</span> <span class='ocrx_word' id='word_1_837' title='bbox 2759 5310 2864 5363; x_wconf 80' lang='lat' dir='ltr'>qua</span> <span class='ocrx_word' id='word_1_838' title='bbox 2914 5293 3045 5345; x_wconf 76' lang='lat' dir='ltr'>velis</span> <span class='ocrx_word' id='word_1_839' title='bbox 3078 5292 3170 5359; x_wconf 78' lang='lat' dir='ltr'>agi</span> <span class='ocrx_word' id='word_1_840' title='bbox 3209 5297 3541 5365; x_wconf 34' lang='grc' dir='ltr'>ὥρμηκε-σας</span> <span class='ocrx_word' id='word_1_841' title='bbox 3577 5292 3725 5365; x_wconf 74' lang='lat' dir='ltr'>enim</span> <span class='ocrx_word' id='word_1_842' title='bbox 3757 5296 3811 5347; x_wconf 72' lang='lat' dir='ltr'>et</span> 
     </span>
    </p>
   </div>
   <div class='ocr_carea' id='block_1_115' title="bbox 2166 5360 3809 5435">
    <p class='ocr_par' dir='ltr' id='par_1_115' title="bbox 2166 5360 3809 5435">
     <span class='ocr_line' id='line_1_117' title="bbox 2166 5360 3809 5435; baseline -0.001 -16"><span class='ocrx_word' id='word_1_843' title='bbox 2166 5360 2354 5419; x_wconf 74' lang='lat' dir='ltr'>lateas.</span> <span class='ocrx_word' id='word_1_844' title='bbox 2395 5360 2571 5435; x_wconf 80' lang='lat' dir='ltr'>Elige,</span> <span class='ocrx_word' id='word_1_845' title='bbox 2605 5360 2811 5434; x_wconf 80' lang='lat' dir='ltr'>inquit,</span> <span class='ocrx_word' id='word_1_846' title='bbox 2841 5381 2957 5433; x_wconf 85' lang='lat' dir='ltr'>qua</span> <span class='ocrx_word' id='word_1_847' title='bbox 2989 5369 3176 5435; x_wconf 88' lang='lat' dir='ltr'>tecum</span> <span class='ocrx_word' id='word_1_848' title='bbox 3215 5361 3306 5435; x_wconf 79' lang='lat' dir='ltr'>agi</span> <span class='ocrx_word' id='word_1_849' title='bbox 3337 5360 3478 5435; x_wconf 86' lang='lat' dir='ltr'>velis</span> <span class='ocrx_word' id='word_1_850' title='bbox 3502 5361 3763 5435; x_wconf 70' lang='lat' dir='ltr'>formula</span> <span class='ocrx_word' id='word_1_851' title='bbox 3796 5381 3809 5418; x_wconf 92' lang='lat'>:</span> 
     </span>
    </p>
   </div>
   <div class='ocr_carea' id='block_1_116' title="bbox 2165 5432 3811 5503">
    <p class='ocr_par' dir='ltr' id='par_1_116' title="bbox 2165 5432 3811 5503">
     <span class='ocr_line' id='line_1_118' title="bbox 2165 5432 3811 5503; baseline -0.001 -11"><span class='ocrx_word' id='word_1_852' title='bbox 2165 5432 2666 5493; x_wconf 61' lang='grc' dir='ltr'>Οὶινὶδὶὶθηῖὶῐιιθτ</span> <span class='ocrx_word' id='word_1_853' title='bbox 2686 5432 2958 5491; x_wconf 78' lang='lat' dir='ltr'>ethnicos</span> <span class='ocrx_word' id='word_1_854' title='bbox 2991 5433 3110 5488; x_wconf 88' lang='lat' dir='ltr'>noti</span> <span class='ocrx_word' id='word_1_855' title='bbox 3144 5432 3227 5487; x_wconf 88' lang='lat' dir='ltr'>vel</span> <span class='ocrx_word' id='word_1_856' title='bbox 3262 5432 3463 5503; x_wconf 85' lang='lat' dir='ltr'>ignoti.</span> <span class='ocrx_word' id='word_1_857' title='bbox 3500 5433 3646 5489; x_wconf 87' lang='lat' dir='ltr'>Nam</span> <span class='ocrx_word' id='word_1_858' title='bbox 3679 5451 3811 5490; x_wconf 91' lang='lat' dir='ltr'>cum</span> 
     </span>
    </p>
   </div>
   <div class='ocr_carea' id='block_1_117' title="bbox 2166 5504 3813 5581">
    <p class='ocr_par' dir='ltr' id='par_1_117' title="bbox 2166 5504 3813 5581">
     <span class='ocr_line' id='line_1_119' title="bbox 2166 5504 3813 5581; baseline 0 -18"><span class='ocrx_word' id='word_1_859' title='bbox 2166 5510 2318 5581; x_wconf 87' lang='lat' dir='ltr'>apud</span> <span class='ocrx_word' id='word_1_860' title='bbox 2352 5509 2636 5581; x_wconf 86' lang='lat' dir='ltr'>ethnicos,</span> <span class='ocrx_word' id='word_1_861' title='bbox 2666 5508 2957 5562; x_wconf 87' lang='lat' dir='ltr'>solemnes</span> <span class='ocrx_word' id='word_1_862' title='bbox 2988 5504 3353 5581; x_wconf 86' lang='lat' dir='ltr'>ethnicorum</span> <span class='ocrx_word' id='word_1_863' title='bbox 3384 5504 3508 5560; x_wconf 89' lang='lat' dir='ltr'>dies</span> <span class='ocrx_word' id='word_1_864' title='bbox 3538 5506 3813 5581; x_wconf 82' lang='lat' dir='ltr'>observas</span> 
     </span>
    </p>
   </div>
   <div class='ocr_carea' id='block_1_118' title="bbox 2166 5577 3810 5648">
    <p class='ocr_par' dir='ltr' id='par_1_118' title="bbox 2166 5577 3810 5648">
     <span class='ocr_line' id='line_1_120' title="bbox 2166 5577 3810 5648; baseline 0 -15"><span class='ocrx_word' id='word_1_865' title='bbox 2166 5577 2221 5635; x_wconf 85' lang='lat' dir='ltr'>id</span> <span class='ocrx_word' id='word_1_866' title='bbox 2256 5580 2473 5635; x_wconf 73' lang='lat' dir='ltr'>efficies</span> <span class='ocrx_word' id='word_1_867' title='bbox 2506 5586 2569 5635; x_wconf 92' lang='lat' dir='ltr'>ut</span> <span class='ocrx_word' id='word_1_868' title='bbox 2601 5580 2801 5644; x_wconf 82' lang='lat' dir='ltr'>lateas,</span> <span class='ocrx_word' id='word_1_869' title='bbox 2836 5584 3009 5648; x_wconf 85' lang='lat' dir='ltr'>atque</span> <span class='ocrx_word' id='word_1_870' title='bbox 3046 5582 3108 5630; x_wconf 92' lang='lat' dir='ltr'>ut</span> <span class='ocrx_word' id='word_1_871' title='bbox 3137 5580 3192 5630; x_wconf 88' lang='lat' dir='ltr'>te</span> <span class='ocrx_word' id='word_1_872' title='bbox 3226 5592 3340 5630; x_wconf 85' lang='lat' dir='ltr'>non</span> <span class='ocrx_word' id='word_1_873' title='bbox 3376 5592 3504 5631; x_wconf 85' lang='lat' dir='ltr'>esse</span> <span class='ocrx_word' id='word_1_874' title='bbox 3534 5577 3810 5634; x_wconf 84' lang='lat' dir='ltr'>christia-</span> 
     </span>
    </p>
   </div>
   <div class='ocr_carea' id='block_1_119' title="bbox 2168 5650 3810 5722">
    <p class='ocr_par' dir='ltr' id='par_1_119' title="bbox 2168 5650 3810 5722">
     <span class='ocr_line' id='line_1_121' title="bbox 2168 5650 3810 5722; baseline 0.001 -16"><span class='ocrx_word' id='word_1_875' title='bbox 2168 5670 2306 5706; x_wconf 90' lang='lat' dir='ltr'>num</span> <span class='ocrx_word' id='word_1_876' title='bbox 2355 5654 2625 5707; x_wconf 87' lang='lat' dir='ltr'>ethnicus</span> <span class='ocrx_word' id='word_1_877' title='bbox 2678 5656 2862 5722; x_wconf 90' lang='lat' dir='ltr'>putet;</span> <span class='ocrx_word' id='word_1_878' title='bbox 2914 5656 2970 5703; x_wconf 92' lang='lat' dir='ltr'>et</span> <span class='ocrx_word' id='word_1_879' title='bbox 3018 5652 3316 5722; x_wconf 9' lang='lat' dir='ltr'>l&#39;rausgest</span> <span class='ocrx_word' id='word_1_880' title='bbox 3363 5666 3511 5719; x_wconf 68' lang='lat' dir='ltr'>quze,</span> <span class='ocrx_word' id='word_1_881' title='bbox 3547 5650 3653 5722; x_wconf 88' lang='lat' dir='ltr'>hoc</span> <span class='ocrx_word' id='word_1_882' title='bbox 3684 5651 3810 5722; x_wconf 90' lang='lat' dir='ltr'>ipso</span> 
     </span>
    </p>
   </div>
   <div class='ocr_carea' id='block_1_120' title="bbox 2166 5719 3808 5795">
    <p class='ocr_par' dir='ltr' id='par_1_120' title="bbox 2166 5719 3808 5795">
     <span class='ocr_line' id='line_1_122' title="bbox 2166 5719 3808 5795; baseline 0.001 -17"><span class='ocrx_word' id='word_1_883' title='bbox 2166 5725 2319 5795; x_wconf 92' lang='lat' dir='ltr'>quod</span> <span class='ocrx_word' id='word_1_884' title='bbox 2368 5719 2759 5793; x_wconf 82' lang='lat' dir='ltr'>ignorantiam</span> <span class='ocrx_word' id='word_1_885' title='bbox 2809 5721 3067 5777; x_wconf 82' lang='lat' dir='ltr'>veritatis</span> <span class='ocrx_word' id='word_1_886' title='bbox 3116 5719 3360 5788; x_wconf 87' lang='lat' dir='ltr'>inducit,</span> <span class='ocrx_word' id='word_1_887' title='bbox 3394 5719 3808 5780; x_wconf 79' lang='lat' dir='ltr'>conscientiam</span> 
     </span>
    </p>
   </div>
   <div class='ocr_carea' id='block_1_121' title="bbox 2163 5796 2902 5854">
    <p class='ocr_par' dir='ltr' id='par_1_121' title="bbox 2163 5796 2902 5854">
     <span class='ocr_line' id='line_1_123' title="bbox 2163 5796 2902 5854; baseline -0.003 -1"><span class='ocrx_word' id='word_1_888' title='bbox 2163 5801 2324 5853; x_wconf 84' lang='lat' dir='ltr'>tuam</span> <span class='ocrx_word' id='word_1_889' title='bbox 2360 5797 2737 5854; x_wconf 88' lang='lat' dir='ltr'>contaminat.</span> <span class='ocrx_word' id='word_1_890' title='bbox 2776 5796 2902 5851; x_wconf 83' lang='lat' dir='ltr'>RIG.</span> 
     </span>
    </p>
   </div>
  </div>
