4262 6378
427 401 543 466 769
591 349 614 402 ι’

1791 393 1892 460 DE
1934 395 2484 472 lDOLOLATliIA.

3725 393 3846 458 770

423 549 600 607 neque
625 533 890 590 audiatur
921 531 986 588 de
1016 545 1109 588 ore
1165 535 1276 588 tuo.
1343 530 1458 587 Hoc
1509 531 1802 604 praecepit,
1837 548 1908 588 ne
1936 533 2075 588 deos
2106 531 2154 598 Α
2191 546 2294 602 per
2322 531 2482 586 litem
2518 532 2740 588 dictum
2773 535 2950 598 esset,
2986 533 3200 602 Jupiter
3237 531 3339 588 tibi
3367 533 3438 586 sit
3493 534 3689 596 iratus,
3722 549 3843 586 res-

426 639 708 680 vecemus
739 622 896 678 illos.
929 620 1070 678 Nam
1106 626 1162 706 et
1195 621 1252 676 in
1285 621 1476 693 prima
1510 623 1674 692 parte
1705 620 1852 694 legis
1885 621 2076 684 (Exod.

287 689 298 696 ’
337 781 346 790 θ
409 729 523 779 'xx,
553 711 610 784 7)
647 728 660 766 :
695 713 810 768 Non
840 726 1042 777 sumes,
1065 689 1304 782 inquit;
1331 689 1534 768 nomen
1591 689 1811 766 Domitii
1869 712 1965 766 Dei
1996 713 2082 766 tui

427 805 490 860 in
509 817 672 864 vano,
705 799 760 854 id
797 805 906 860 est.
941 797 1346 854 idolo.Cecidit
1376 797 1558 870 igitur
1585 797 2076 866 inidololatrism,

432 891 530 964 qui
573 889 796 944 idolum
829 888 1068 944 nomine
1101 889 1198 942 Dei
1233 887 1627 942 honoraverit.
1661 889 1820 952 Quod
1855 887 1904 942 si
1941 889 2079 944 deos

431 981 748 1036 dicendum
777 976 908 1040 erit,
938 975 1332 1048 adjiciendum
1365 980 1453 1032 est
1484 975 1728 1049 aliquid,
1763 993 1878 1048 quo
1902 993 2080 1048 appa-

433 1075 580 1138 reat,
607 1067 746 1140 quia
776 1083 890 1122 non
925 1081 1030 1137 ego
1053 1065 1184 1120 illos
1218 1066 1670 1121 deosdico.Nam
1708 1071 1766 1120 et
1785 1067 2082 1136 Scriptura

431 1160 573 1214 deos
605 1157 908 1222 nominat;
941 1157 1041 1212 sed
1073 1155 1279 1226 adjicit
1307 1155 1418 1227 (94)
1446 1171 1594 1220 suos,
1625 1155 1710 1212 vel
1765 1158 2078 1212 nationum.

433 1248 600 1304 Sicut
624 1246 802 1302 David
833 1261 966 1300 cum
997 1245 1136 1300 deos
1167 1243 1552 1312 nominasset,
1615 1243 1714 1300 ubi
1774 1244 1856 1299 ait
1905 1245 2080 1314 (Psal.

432 1355 557 1402 cxv,
591 1336 644 1407 li)
682 1353 694 1392 :
729 1335 828 1390 Dei
885 1337 1068 1389 autem
1123 1335 1409 1390 nationum
1465 1333 1752 1389 daemonia.
1811 1333 1918 1388 Sed
1975 1333 2085 1388 hoc

441 1424 588 1480 mihi
631 1424 704 1480 ad
763 1423 1070 1495 sequentia
1100 1422 1289 1494 magis
1319 1427 1728 1492 praestructum
1762 1423 1914 1478 692
1945 1425 2036 1476 est
2069 1438 2082 1476 :

433 1519 708 1571 caeterum
743 1512 1190 1570 consuetudinis
1221 1512 1426 1568 vitium
1459 1517 1548 1568 est
1569 1527 1659 1568 me
1689 1515 1916 1568 Hercule
1936 1512 2085 1568 dice-

435 1621 517 1673 re,
541 1621 630 1660 me
661 1605 792 1658 Dius
824 1601 986 1672 ﬁdius
1017 1602 1148 1673 (95),
1213 1602 1521 1656 accedente
1559 1601 1892 1672 ignorantia
1937 1617 2076 1666 quo-

439 1695 730 1762 rumdam,
765 1693 864 1764 qui
899 1692 1170 1764 ignorant
1194 1692 1618 1760 jusjurandum
1651 1707 1779 1746 esse
1815 1707 1913 1762 per
1943 1690 2086 1744 Her-

439 1783 648 1838 culem.
681 1783 854 1838 Porro
885 1781 1024 1852 quid
1051 1787 1174 1834 erat
1205 1781 1246 1813 ¹⁶
1282 1781 1563 1850 dejeretio
1599 1782 1635 1814 ³⁷
1671 1797 1768 1850 per
1816 1799 1916 1834 eos
1938 1797 2086 1850 quos

2193 621 2492 692 pondisse.
2519 625 2629 677 Imo
2661 622 2786 676 tibi.
2821 621 2966 685 Quid
3003 621 3176 676 aliter
3207 623 3252 656 ³ο
3287 621 3516 676 fecisset
3546 621 3841 688 ethnicus,

2188 709 2286 780 qui
2317 710 2520 764 Jovem
2553 711 2726 766 deum
2757 711 3009 766 credidit
3039 711 3066 764 Ὺ
3097 709 3336 766 Etiamsi
3400 727 3512 764 non
3549 726 3652 780 per
3678 725 3842 764 eum-

2189 799 2321 853 dem
2355 799 2688 856 retorsisset
2714 799 3114 864 maledictum,
3152 815 3256 854 nec
3311 815 3414 870 per
3471 797 3656 853 ullum
3683 799 3844 854 Jovis

2191 886 2440 942 similem
2477 905 2492 954 ;
2525 891 2970 944 conﬁrmaverat
3014 888 3211 944 Jovem
3277 889 3470 952 deum,
3533 905 3637 958 per
3666 905 3842 960 quem

2191 991 2251 1030 se
2286 976 2668 1032 maledictum
2701 977 2940 1049 indigne
2987 977 3194 1032 tulisse
3225 977 3727 1034 demonstraverat
3756 995 3844 1034 re-

2192 1063 2568 1121 maledirens.
2622 1067 2705 1120 Ad
2761 1066 2898 1137 quid
2962 1066 3116 1122 enim
3166 1065 3489 1138 indigneris
3548 1081 3648 1138 per
3708 1083 3844 1124 eum

2191 1169 2368 1224 quem
2401 1155 2516 1210 scis
2549 1155 2694 1210 nihil
2721 1171 2848 1211 esse
2878 1157 2920 1192 ²¹
2945 1154 2972 1210 ‘?
3003 1155 3146 1210 Nam
3181 1156 3228 1210 si
3277 1155 3526 1216 insanis.
3552 1157 3679 1226 jam
3712 1173 3843 1214 esse

2193 1247 2532 1314 confirmas,
2584 1249 2640 1301 et
2669 1245 2778 1302 erit
2829 1245 3167 1300 idololatria
3199 1246 3246 1280 ²²
3291 1245 3574 1315 professio
3613 1247 3845 1302 timoris

2192 1333 2278 1384 tui
2303 1347 2316 1384 :
2337 1333 2490 1386 093
2505 1337 2728 1403 quanto
2743 1331 2934 1404 magis
2966 1348 3096 1387 cum
3119 1332 3428 1404 peripsum
3453 1333 3847 1401 remaledicis,

2194 1421 2395 1476 eodem
2426 1421 2587 1476 Jovis
2618 1422 2666 1458 93
2696 1421 2973 1477 honorem
3011 1423 3173 1490 facis,
3208 1439 3324 1493 quo
3355 1427 3412 1476 et
3467 1422 3584 1490 ille,
3642 1423 3742 1494 qui
3789 1428 3847 1480 te

2193 1510 2577 1580 provocavit?
2613 1511 2826 1565 Fidelis
2849 1515 3043 1566 autem
3082 1512 3139 1565 in
3201 1511 3491 1580 ejusmodi
3526 1513 3714 1567 ridere
3744 1511 3843 1567 do—

2193 1599 2311 1662 bet,
2347 1615 2458 1654 non
2488 1599 2784 1656 insanire:
2821 1601 2960 1664 imo,
3007 1601 3330 1654 secundum
3373 1605 3745 1671 praeceptum,
3775 1619 3846 1658 ne

2195 1703 2298 1758 per
2325 1689 2504 1742 Deum
2533 1689 2770 1759 quidem
2803 1689 3237 1756 remaleulioerc,
3298 1691 3396 1744 sed
3455 1690 3624 1760 plane
3673 1695 3848 1746 bene-

2197 1777 2385 1830 dicere
2410 1793 2509 1848 per
2541 1779 2746 1845 Deum,
2807 1784 2870 1832 ut
2915 1783 2973 1832 et
3025 1779 3181 1832 idola
3237 1779 3528 1842 destruas,
3578 1783 3634 1833 et
3665 1779 3846 1836 Deum

441 1870 697 1943 ejerasti,
725 1887 904 1942 quam
937 1868 1332 1942 praevaricatio
1365 1869 1494 1922 ﬁdei
1545 1885 1676 1924 cum
1709 1868 2038 1924 idololatria
2059 1867 2086 1922 ?
2120 1903 2168 1968 Β
2201 1867 2500 1936 praedices,
2529 1872 2587 1921 et
2615 1867 2940 1938 adimpleas
2968 1866 3344 1938 disciplinam
3379 1866 3509 1938 (96).

443 1961 584 2028 Quis
612 1959 766 2014 enim
800 1975 902 2030 per
929 1975 1074 2030 quos
1104 1957 1346 2028 dejerat,
1379 1974 1494 2012 non
1547 1957 1794 2013 honorat
1823 1957 1850 2012 ?

1063 2101 1300 2156 CAPUT
1333 2099 1480 2154 XXI.

513 2225 870 2283 Timiditatis
899 2229 987 2280 est
1015 2229 1234 2290 autem,
1291 2241 1425 2279 cum
1485 2229 1542 2278 te
1601 2221 1752 2278 alius
1811 2239 1916 2294 per
1953 2224 2092 2279 deos

445 2333 582 2371 suos
605 2315 824 2384 obligat
846 2313 1144 2385 juratione
1175 2312 1262 2368 vel
1294 2312 1494 2382 aliqua
1550 2312 1980 2376 testiﬁcatione,
2035 2315 2094 2366 et

443 2411 506 2460 tu
541 2421 610 2459 ne
641 2402 990 2474 intelligaris
1020 2400 1298 2474 quiescis.
1334 2401 1479 2455 Nam
1513 2417 1676 2472 atque
1737 2400 2092 2472 quiescendo

443 2495 758 2550 conﬁrmas
781 2493 1146 2562 majestatem
1171 2507 1396 2554 eorum,
1420 2492 1590 2560 cujus
1614 2507 1826 2545 caussa
1855 2490 2092 2543 videbe-

441 2584 521 2638 ris
553 2584 867 2654 obligatus.
903 2582 1052 2646 Quid
1087 2583 1256 2634 refert
1307 2580 1448 2634 deos
1507 2580 1812 2634 nationum
1840 2579 2092 2633 dicendo

444 2673 604 2739 deos,
639 2688 712 2726 an
755 2669 1043 2724 audiendo
1075 2671 1383 2723 confirmes
1404 2667 1430 2721 ‘I
1452 2667 1620 2738 jnres
1651 2669 1691 2701 ¹⁸
1716 2667 2094 2738 peridola,an

446 2763 517 2816 ab
551 2760 662 2815 alio
685 2760 992 2830 adjuratus
1014 2757 1358 2824 acquiescas
1377 2757 1530 2812 ‘ICur
1561 2774 1676 2811 non
1708 2773 2095 2828 agnoscamus

447 2849 732 2905 versutias
761 2852 1005 2912 Satanae,
1029 2847 1130 2916 qui
1161 2847 1316 2916 quod
1334 2863 1430 2900 ore
1462 2849 1662 2901 nostro
1694 2846 2096 2916 perﬁcerenon

449 2941 658 3012 potest,
693 2937 749 2989 id
774 2937 914 3007 agit,
949 2939 1014 2990 ut
1052 2950 1296 2988 suorum
1349 2949 1446 2988 ore
1473 2934 1760 3005 perﬁciat,
1795 2950 1896 3004 per
1925 2951 2097 2990 aures

451 3027 709 3080 inferens
732 3025 901 3078 nobis
927 3021 1319 3077 idololatriam
1345 3022 1372 3074 ‘I
1395 3021 1560 3077 Certe
1578 3021 1852 3094 quisquis
1877 3021 2094 3088 illeest,

452 3123 548 3168 aut
581 3113 770 3168 amica
800 3117 902 3168 aut
931 3111 1172 3166 inimica
1197 3111 1608 3180 congressione
1631 3111 1675 3145 ¹⁰
1721 3110 2010 3182 astringit.
2039 3112 2098 3166 Si

451 3202 710 3270 inimica,
734 3202 858 3271 jam
893 3202 962 3256 ad
994 3215 1248 3272 pugnam
1277 3199 1522 3266 vocaris,
1557 3199 1754 3254 etscis
1790 3199 1892 3254 tibi
1925 3200 2097 3254 dimi-

452 3292 704 3346 candum
738 3307 886 3346 esse.
920 3289 976 3344 Si
1030 3289 1236 3354 amica,
1271 3293 1488 3358 quanto
1520 3288 1786 3343 securius
1815 3289 1870 3342 in
1905 3289 2096 3344 Domi-
2127 3269 2169 3334 C

455 3398 592 3436 num
645 3381 962 3452 transferes
1017 3378 1456 3448 responsionem
1485 3382 1672 3443 tuam,
1717 3382 1780 3431 ut
1809 3377 2098 3434 dissolvas

452 3470 868 3541 obligationem
903 3469 1052 3538 ejus,
1091 3483 1188 3538 per
1209 3482 1378 3538 quem
1425 3471 1479 3520 te
1513 3465 1701 3520 Malus
1734 3465 1938 3520 honori
1969 3466 2098 3520 ido-

452 3558 664 3622 lorum,
725 3557 782 3611 id
825 3564 936 3620 est,
995 3555 1337 3610 idololatriae
1413 3554 1710 3624 quzerebat
1770 3559 2098 3611 annectere.

452 3647 656 3702 Omnis
691 3645 969 3717 patientia
999 3644 1288 3714 ejusmodi
1325 3642 1674 3698 idololatria.
1697 3647 1960 3699 llonoras
1980 3661 2100 3712 eos,

454 3737 670 3808 quibus
700 3733 996 3806 impositis
1012 3733 1364 3803 obsequium
1398 3731 1878 3802 prazstitisti.Scio
1895 3749 2106 3803 quem-

455 3827 590 3880 dam
621 3824 736 3894 (cui
790 3823 1080 3878 Dominus
1143 3821 1453 3892 ignoscat),
1485 3837 1618 3874 cum
1664 3820 1748 3874 illi
1779 3821 1838 3876 in
1873 3821 2108 3893 publico

2802 2010 3038 2067 CAPUT
3061 2011 3230 2066 XXII.

2271 2136 2453 2206 Eque
2485 2135 2748 2191 benedici
2781 2151 2880 2207 per
2919 2137 3058 2190 deos
3091 2135 3392 2192 nationum
3451 2137 3684 2194 Christo
3734 2137 3849 2194 ini-

2201 2224 2383 2278 tiatus
2415 2241 2528 2278 non
2561 2225 2895 2289 sustinebit,
2933 2229 2994 2278 ut
3036 2240 3270 2295 semper
3325 2225 3551 2296 rejiciat
3590 2227 3851 2284 immun-

2204 2315 2336 2368 dam
2365 2313 2853 2378 benedictionem,
2885 2317 2942 2366 et
2970 2329 3096 2368 eam
3149 2313 3260 2367 sibi
3301 2313 3357 2367 in
3397 2320 3572 2370 Deum
3607 2332 3852 2372 conver-

2207 2407 2332 2454 tens
2361 2403 2658 2456 emuudet.
2693 2401 2964 2456 Benedici
2999 2419 3100 2472 per
3133 2405 3274 2460 deos
3307 2404 3634 2473 nationum,
3670 2407 3853 2462 male-

2205 2489 2316 2544 dici
2345 2495 2431 2544 est
2462 2505 2561 2561 per
2593 2495 2793 2544 Deum.
2821 2490 2880 2544 Si
2913 2490 2958 2524 ²⁸
2987 2491 3200 2545 dedero
3259 2491 3714 2564 eleemosynam,
3763 2495 3854 2552 vel

2203 2579 2424 2650 aliquid
2459 2580 2780 2650 praestitero
2815 2581 3101 2648 beneficii,
3131 2587 3187 2634 et
3218 2581 3313 2636 ille
3349 2581 3490 2636 mihi
3522 2584 3660 2638 deos
3693 2601 3852 2652 suos,

2203 2669 2292 2722 vel
2322 2667 2561 2722 coloniae
2593 2669 2826 2740 genium
2856 2669 2986 2740 (97),
3021 2670 3307 2742 propitios
3335 2671 3854 2744 imprecetur,jam

2208 2758 2425 2812 ablatio
2458 2775 2586 2812 mea
2615 2757 2702 2812 vel
2735 2759 2993 2829 operatio
3025 2757 3316 2814 idolorum
3379 2760 3566 2815 honor
3594 2763 3724 2827 erit,
3753 2781 3856 2835 per

2207 2863 2334 2917 quae
2367 2845 2790 2902 benedictionis
2813 2847 3060 2918 gratiam
3085 2851 3425 2918 compensat
3446 2849 3508 2905 εδ.
3530 2849 3854 2908 Curantem

2213 2952 2326 2989 non
2361 2935 2508 2989 sciat
2540 2949 2633 2988 me
2664 2935 2764 2990 Dei
2796 2951 2975 2990 causa
3004 2935 3232 3006 fecisse,
3267 2941 3332 2991 ut
3361 2941 3418 2992 et
3479 2939 3626 2994 Deus
3656 2941 3853 3010 potius

2207 3023 2588 3094 gloriﬁcatur,
2621 3027 2679 3078 et
2709 3023 2995 3078 daemonia
3011 3041 3121 3078 non
3139 3025 3502 3081 bonorenfur
3527 3026 3588 3082 in
3613 3044 3679 3084 eo
3697 3031 3850 3100 quod

2209 3117 2446 3183 propter
2481 3115 2658 3165 Deum
2693 3113 2798 3166 feci
2831 3112 3032 3168 IDeus
3051 3113 3208 3168 videt
3250 3115 3294 3148 ⁸⁸
3349 3117 3622 3184 quoniam
3679 3135 3855 3190 prop-

2211 3206 2297 3254 ter
2327 3200 2522 3270 ip‘sum
2559 3200 2660 3256 feci
2692 3217 2704 3254 :
2743 3202 2959 3272 pariter
2989 3201 3144 3256 videt
3175 3203 3454 3273 quoniam
3507 3211 3744 3276 propter
3767 3207 3858 3280 ip-

2209 3305 2340 3343 sum
2391 3289 2598 3343 fecisse
2653 3305 2743 3344 me
2796 3289 2954 3344 nolui
3001 3292 3329 3356 ostendere,
3390 3297 3448 3348 et
3501 3299 3854 3367 praeceptum

2207 3379 2342 3447 ejus
2369 3377 2755 3450 idolothytum
2789 3379 3224 3450 quodammodo
3255 3381 3382 3436 feci.
3419 3382 3582 3438 Multi
3605 3383 3809 3439 dicunt
3840 3403 3854 3440 :

2211 3489 2236 3516 ‹‹
2273 3466 2452 3521 Nemo
2483 3483 2545 3521 se
2575 3469 2746 3522 debet
2777 3468 3149 3538 promulgare
3182 3485 3194 3524 :
3231 3491 3257 3518 η
3313 3477 3452 3542 puto
3495 3477 3715 3539 autem,
3750 3489 3858 3529 nec

2209 3571 2420 3626 negare
2462 3573 2474 3620 ;
2506 3563 2679 3628 negat
2717 3557 2870 3610 enim
2909 3557 3247 3629 quicunque
3279 3559 3855 3640 dissimulat(9§),in

2213 3661 2562 3715 quacunque
2594 3663 2772 3699 causa
2803 3662 2906 3716 pro
2937 3647 3170 3702 ethnico
3228 3648 3487 3704 habitus.
3541 3653 3608 3705 Et
3657 3655 3861 3724 utique

2215 3733 2406 3788 omnis
2427 3735 3016 3803 negatio,idololatria
3033 3737 3303 3800 est,sicut
3326 3739 3514 3793 omnis
3531 3739 3862 3796 idololatria

2221 3823 2477 3892 negatio,
2511 3823 2628 3878 sive
2659 3823 2717 3878 in
2753 3825 2938 3887 factis,
2967 3827 3086 3879 sive
3127 3825 3184 3880 in
3217 3827 3433 3882 verbis.

1894 3978 2096 4040 Varia;
2125 3978 2443 4040 lectiones.

527 4107 571 4142 ¹⁸
601 4105 722 4161 Erit
759 4104 952 4159 Wouw.
987 4103 1052 4158 Μ.
1087 4102 1140 4156 8.
1175 4101 1510 4156 ιανίη.1ιιη.
1545 4099 1588 4135 ιτ
1619 4098 1680 4154 Si
1712 4099 1836 4154 add.
1877 4103 2056 4156 Paris.
2091 4103 2098 4136 ¹

2204 4103 2528 4156 uretParis.
2565 4103 2607 4137 ¹⁰
2635 4102 2714 4156 Te
2733 4103 2858 4158 add.
2895 4105 3076 4158 Latin.
3113 4105 3159 4140 ²⁰
3191 4103 3363 4160 Aliud
3423 4107 3608 4164 Latin.
3651 4109 3696 4144 ²¹
3753 4109 3862 4166 Per

454 4194 590 4233 eum
622 4177 990 4242 maledictus,

1023 4190 1198 4245 quem
1230 4174 1347 4228 scis
1380 4173 1526 4245 nihil
1551 4188 1683 4245 esse
1715 4171 1982 4245 Wouwer.
2018 4173 2121 4227 MS.
2148 4173 2194 4245 ’ἓ
2224 4173 2559 4228 Idololatria
2621 4179 2735 4229 Lat.
2799 4177 2843 4209 2³
2889 4176 3018 4230 Jovi
3085 4175 3352 4234 Wouwer.
3387 4178 3508 4233 MS.
3546 4179 3594 4214 ²⁴
3636 4181 3733 4235 Sui
3766 4184 3862 4238 cui

459 4256 672 4308 Wouw.
697 4251 804 4304 ΜΞ.
835 4249 881 4284 ³³
911 4243 1326 4318 Com—pensant,
1359 4244 1589 4300 Sami.“
1620 4243 1771 4299 Feci.
1815 4245 1926 4299 Sed
1961 4245 2116 4300 Deus
2144 4244 2300 4302 videt
2338 4246 2542 4302 Wouw.
2582 4249 2699 4302 MS.

1891 4401 2038 4462 Com
2049 4401 2413 4462 mentarius.

433 4529 609 4585 'citur
637 4528 878 4599 quidam
911 4524 1316 4580 manumissus
1347 4521 1522 4577 veluti
1569 4521 1988 4599 pro‘exemplo,
2045 4527 2110 4577 ut

455 4593 740 4673 potuisset
768 4600 882 4655 dici
911 4599 1110 4664 Caius,
1152 4612 1330 4667 quam
1361 4611 1556 4650 vocem
1577 4593 1912 4666 quinquies
1943 4611 2108 4668 repe-

463 4676 554 4729 tit.
593 4674 725 4727 Lac.

536 4745 648 4816 (94)
678 4744 816 4798 Nam
876 4743 928 4816 et
983 4739 1451 4816 Scripturafieoa
1479 4737 1756 4816 nominat,
1782 4736 1874 4791 sed
1903 4735 2113 4816 adjicit,

459 4808 568 4871 etc.
607 4808 779 4870 Locos
839 4815 910 4868 ad
945 4808 1118 4884 quos'
1141 4811 1370 4872 alludit,
1403 4809 1596 4884 videre
1631 4814 1758 4884 _est
1791 4808 2110 4884 separatim

463 4892 520 4943 in
551 4880 1244 4943 OEconomiam'etbodica
1266 4880 1816 4938 concordantiarum
1849 4883 1902 4936 S.
1953 4880 2111 4936 Scri-

463 4965 644 5030 pturae
667 4958 890 5028 Georgii
924 4953 1394 5030 Bulloci._Neque
1425 4953 1657 5030 interim
1684 4951 1810 5030 sola
1825 4953 2110 5030 adiectio-

463 5024 534 5086 ne
569 5024 1041 5101 prmdictautitur
1070 5028 1390 5101 Scriptura,
1451 5027 1550 5079 sed
1583 5029 1748 5101 vocat
1777 5025 1919 5101 deos
1975 5024 2112 5079 alie-

465 5096 592 5168 nos,
626 5119 852 5168 aureos,
889 5099 1134 5172 IEgypti,
1169 5096 1322 5162 tuos,
1358 5113 1540 5166 meos,
1574 5096 1919 5172 conflatiles,
1969 5113 2110 5172 gen-

463 5167 790 5246 tium,quos
805 5167 1364 5246 ignorabantgpatres
1379 5167 2110 5246 oorum,Amorrhzeorum,

462 5241 677 5318 Syriae;
719 5241 971 5314 Sidonis,
1024 5261 1088 5298 ac
1145 5241 1336 5318 Moab,
1419 5241 1729 5318 montium,
1791 5247 2109 5304 terrarum,

463 5311 834 5390 populorum,
887 5311 1074 5390 terras,
1135 5311 1389 5370 filiorum
1439 5313 1583 5378 Seir,
1637 5311 1840 5380 Edom,
1903 5329 2110 5384 regum

463 5387 662 5462 Syriae,
698 5387 989 5462 Damasci,
1019 5391 1262 5462 patrum
1295 5401 1558 5462 suorum,
1589 5399 1773 5462 opera
1797 5399 2112 5462 manuum,

463 5455 1051 5533 Juda,’quosfecisti_,
1111 5457 1384 5533 illorum,_
1411 5456 1563 5522 falsi,
1599 5455 1798 5527 lignei,
1847 5455 2108 5533 quinop

465 5526 967 5604 videritfdenique
1001 5531 1169 5596 muti,
1203 5533 1259 5586 et
1289 5529 1388 5600 qui
1445 5526 1664 5584 natura
1690 5541 1806 5582 non
1839 5526 1980 5581 sant
2009 5526 2109 5581 dii.

469 5607 755 5750 Ρῖῧέόῌίσ
803 5676 934 5730 Dius
963 5673 1145 5750 ﬁdius.
1195 5669 1614 5750 Jul-amentum
1665 5668 1774 5750 hoc
1823 5683 1951 5722 esse
2011 5681 2112 5750 per

467 5741 772 5805 Herculem
805 5741 1070 5803 noun—ulli
1123 5747 1417 5810 asserunt,
1449 5741 1618 5812 quasi
1668 5741 1754 5795 Ita
1809 5743 2111 5812 me_amet

471 5820 746 5882 Hercules
765 5819 919 5878 Jovis
949 5816 1105 5873 ﬁlius
1138 5833 1153 5888 ς
1188 5813 1288 5874 alii
1319 5810 1532 5890 putant
1586 5828 1716 5872 esse
1753 5815 1862 5872 Per
1906 5810 2108 5872 Jovem

2223 4524 2353 4578 fidei
2388 4525 2715 4594 praesidem,
2751 4521 2838 4576 Μὰ
2869 4519 2962 4574 Δία
2979 4521 3070 4575 τὸν
3102 4522 3652 4584 πίστιον.Αἰιεωιρω
3685 4527 3870 4584 Varro

2223 4596 2576 4668 perforatum
2611 4602 2830 4668 tectum
2883 4596 3170 4660 Herculis,
3206 4604 3269 4653 ut
3317 4600 3588 4655 videatur
3645 4601 3871 4668 divum,

2146 4695 2192 4757 Β
2224 4667 2334 4757 hoc
2365 4672 2452 4723 est
2472 4667 2701 4757 omium.
2739 4667 3068 4757 N'otandum
3104 4684 3235 4757 vero
3294 4673 3605 4757 eruditum.
3650 4667 3870 4727 Turne?

2225 4741 2363 4794 bum
2400 4745 2666 4816 nostrum
2716 4739 3075 4816 observasse,
3135 4741 3241 4816 hoc
3291 4745 3608 4814 juramenti
3657 4759 3871 4816 genere

2223 4829 2360 4866 usas
2393 4827 2504 4866 non
2538 4812 2719 4865 fuisse
2753 4811 3013 4865 feminas.
3063 4818 3130 4865 Ls
3163 4813 3261 4867 Pa.

2293 4883 2404 4954 (96)
2439 4883 2822 4956 Disciplinam.
2871 4883 3112 4952 Semper
3144 4884 3264 4940 haec
3321 4901 3430 4940 vox
3485 4887 3544 4940 in
3599 4888 3704 4942 hoc
3749 4885 3873 4941 viro

2222 4959 2528 5030 notatnon
2563 4954 2906 5030 simpliciter
2938 4955 3337 5030 disciplinam,
3371 4959 3468 5030 sed
3492 4959 3870 5030 disciplinam

2211 5027 2589 5092 severiorem,
2625 5029 2890 5080 utetiam
2940 5027 2996 5080 in
3058 5028 3344 5099 Cypriane
3405 5029 3547 5086 locis
3607 5027 3872 5086 inﬁnitis.

2225 5107 2352 5152 Lac.

2291 5169 2403 5241 (97)
2445 5169 2529 5223 νει
2577 5170 2810 5224 colonia:
2865 5171 3112 5239 genium.
3164 5171 3223 5225 In
3272 5171 3666 5226 marmoribus
3723 5169 3876 5224 anti-

2221 5241 2354 5312 quis
2401 5246 2632 5312 exstant
2675 5241 3095 5312 inseriptiones
3163 5259 3176 5306 ;
3239 5242 3456 5296 GENlO
3529 5241 3872 5297 COLONIE.

2220 5311 2438 5368 GENlO
2475 5311 2844 5366 MUNlClPll.
2881 5313 3098 5367 GENIO
3135 5313 3305 5369 LOCl.
3359 5313 3574 5370 GENIO
3607 5313 3872 5382 FONTIS,

2219 5384 2340 5438 imo
2373 5391 2431 5437 et
2462 5385 2676 5438 (ΕΝιο
2710 5383 3178 5438 HORREORUM.
3214 5393 3322 5439 etc.
3354 5385 3480 5439 Rm.

2291 5456 2404 5526 (98)
2469 5458 2637 5525 Negat
2691 5459 2841 5508 enim
2893 5458 3220 5525 quicumque
3289 5455 3625 5510 dissimulat.
3691 5459 3876 5511 Locus

2221 5527 2470 5598 insignis
2503 5531 2706 5582 contra
2737 5526 3211 5598 simulatores,_et
3242 5527 3676 5596 quodammodo
3709 5526 3876 5582 libel-

2225 5596 2428 5653 latices
2447 5598 2730 5670 (cujusvis
2761 5597 2994 5670 artatis),
3051 5596 3152 5666 qui
3201 5601 3467 5654 excusari
3519 5614 3580 5654 se
3603 5599 3877 5670 credunt,

2223 5670 2270 5723 si
2307 5671 2430 5724 loco
2455 5669 2797 5740 juramenti,
2831 5669 3001 5740 quod
3022 5674 3222 5740 contra
3247 5670 3414 5725 fidem
3443 5669 3876 5740 etReligionem

2221 5738 2617 5796 Christianam
2647 5738 2917 5811 exigitur,
2955 5738 3338 5798 simulatione
3396 5738 3674 5818 quapiam
3715 5742 3878 5800 aliud

2223 5818 2518 5886 praetenta
2554 5818 2684 5869 ΡΑῐ..
