4262 6358
523 363 635 425 711

1132 536 1361 591 CAPUT
1381 535 1569 590 XVIII.

599 691 707 746 Sed
742 693 832 745 est
860 687 1122 757 quaedam
1157 686 1447 756 ejusmodi
1481 686 1706 757 species
1730 686 1788 741 in
1823 686 1972 741 facto
2003 692 2060 741 et
2114 687 2174 740 in

527 780 720 848 verbo,
756 778 844 832 bis
875 777 917 810 ²⁷
948 781 1120 830 acuta
1165 781 1223 829 et
1283 777 1496 830 infesta
1547 775 1836 844 utrinque,
1895 774 2030 830 licet
2073 773 2175 829 tibi

529 866 1060 935 blandiatur,quasi
1094 869 1259 918 vacet
1281 864 1335 918 in
1359 869 1630 933 utroque,
1654 863 1792 917 dum
1826 864 2041 918 factum
2058 878 2173 916 non

527 957 776 1019 videtur,
810 955 949 1024 quia
983 952 1208 1008 dictum
1241 969 1355 1006 non
1389 957 1639 1006 tenetur.
1674 951 1987 1006 Pecuniam
2020 953 2175 1006 894

529 1045 597 1099 de
625 1041 877 1100 ethnicis
925 1046 1262 1096 mutuantes
1319 1041 1428 1094 sub
1488 1040 1832 1110 pignoribus
1891 1039 2170 1109 ﬁduciati,

523 1132 710 1204 jurati
742 1135 966 1200 cavent,
1000 1135 1057 1184 et
1087 1129 1170 1183 sic
1202 1133 1432 1200 negant.
1463 1128 1622 1183 Scire
1650 1130 1762 1199 (99)
1795 1129 1996 1184 volunt
2025 1129 2176 1184 scili-

531 1227 621 1276 cet
649 1226 884 1290 tempus
919 1217 1362 1290 persecutionis,
1395 1223 1452 1272 et
1502 1217 1692 1271 locum
1727 1217 2066 1283 tribunalis,
2118 1224 2176 1272 et

530 1325 838 1381 personam
874 1307 1160 1378 praesidis.
1200 1306 1528 1360 Praescribit
1574 1305 1863 1373 Christus,
1899 1322 2011 1360 non
2047 1322 2176 1361 esse

522 1399 864 1469 jurandum.
892 1397 968 1467 (1)
998 1394 1238 1466 Scripsi,
1276 1395 1504 1464 inquit;
1538 1395 1638 1448 sed
1674 1394 1819 1448 nihil
1856 1394 1973 1448 dixi
2012 1410 2023 1448 :
2060 1394 2173 1449 lin-

529 1501 663 1557 gua,
697 1502 811 1540 non
844 1485 1040 1539 littera
1069 1482 1413 1538 occidit.llic
1443 1498 1578 1553 ergo
1593 1482 1636 1514 ³⁸
1667 1487 1939 1536 naturam
1962 1488 2174 1538 etcon-

529 1575 832 1630 scientiam
864 1573 1080 1628 advoco
1113 1589 1126 1626 :
1161 1576 1457 1638 naturam,
1489 1569 1627 1641 quia
1658 1570 1803 1624 nihil
1836 1575 2028 1642 potest
2051 1588 2173 1628 ma-

531 1679 644 1719 nus
673 1662 949 1728 scribere,
982 1660 1212 1716 etiamsi
1255 1659 1457 1730 lingua
1491 1659 1548 1712 in
1607 1659 1930 1716 dictitando
1987 1665 2177 1716 cessat

531 1749 850 1806 immobilis
882 1753 938 1805 et
969 1747 1190 1820 quieta,
1216 1748 1372 1818 quod
1430 1763 1545 1801 non
1603 1746 1800 1802 anima
1851 1747 2176 1816 dictaverit,

1048 355 1574 423 TERTULLIANI
1619 353 1944 422 OPEHUM
1995 359 2190 419 PARS
2233 355 2386 420 I.—
2417 357 2691 420 SERlES
2738 359 2786 431 l,
2830 355 3407 422 APOLOGETICA.

2200 493 2255 558 Α
2285 491 2635 547 contendere
2658 495 2820 563 potes
2847 492 2914 562 ³⁸,
2948 507 3134 563 neque
3157 491 3439 550 noluisse.
3498 493 3642 549 Nam
3673 509 3806 549 cum
3830 509 3923 549 ca-

3805 361 3922 422 772

2283 596 2470 644 veres,
2512 579 2708 635 scisti:
2740 596 2876 636 cum
2909 580 3112 646 scires,
3172 581 3374 652 utique
3435 581 3692 650 voluisti,
3723 587 3781 637 et
3808 581 3922 637 hai-

2283 683 2378 724 res
2407 669 2449 704 ³¹
2489 672 2604 724 tam
2637 668 2695 723 in
2726 669 2881 724 facto
2912 685 3088 740 quam
3112 669 3506 741 cogitatu,nec
3531 676 3690 743 potes
3719 670 3924 727 leviore

2284 756 2528 813 crimine
2547 758 2741 829 majus
2773 759 2819 794 3"
2850 757 3177 824 excludere,
3215 766 3277 814 ut
3319 760 3484 816 dicas
3517 760 3728 816 falsum
3756 760 3923 832 plane

2281 845 2454 913 efﬁci,
2484 847 2736 901 cavendo
2760 847 2913 917 quod
2948 863 3061 901 non
3095 846 3294 902 l'acis.«
3318 847 3534 905 Tamen
3554 866 3666 903 non
3698 847 3918 920 negavi,

2283 933 2420 1004 quia
2460 951 2574 989 non
2599 935 2816 1005 juravi.
2855 959 2873 983 ιι
2915 941 3030 989 lmo
3071 935 3179 990 etsi
3232 935 3375 991 nihil
3407 939 3522 993 tale
3553 937 3810 1007 fecisses,
3841 941 3922 992 ta-

2283 1039 2417 1078 men
2449 1023 2725 1079 dicereris
2750 1025 3010 1094 dejerare
3041 1023 3091 1080 si
3149 1027 3543 1084 consenseris.
3591 1027 3714 1082 Non
3772 1024 3922 1082 valet

2282 1113 2458 1167 tacita
2499 1129 2599 1167 vox
2631 1114 2686 1167 in
2721 1112 2892 1184 stylo,
2925 1119 2981 1168 et
3021 1118 3221 1170 mutus
3273 1115 3330 1170 iu
3362 1114 3571 1171 litteris
3617 1132 3817 1170 sonus.
3853 1117 3924 1168 At

2284 1200 2438 1256 enim
2468 1202 2619 1272 (Luc.
2657 1208 2690 1271 ι)
2723 1201 3032 1258 Zacharias
3072 1203 3376 1274 temporali
3411 1205 3564 1259 vocis
3621 1204 3921 1258 crbatione

2283 1288 2625 1358 mulctatus,
2651 1307 2782 1344 cum
2817 1291 3012 1344 animo
3048 1290 3369 1345 collocutus
3403 1292 3664 1361 linguam
3697 1290 3924 1346 irritam

2285 1376 2495 1430 transit
2527 1379 2625 1446 (3),
2660 1376 2932 1432 manibus
2965 1378 3088 1432 suis
3118 1395 3152 1432 a
3185 1379 3357 1432 corde
3403 1379 3602 1445 dictat,
3631 1385 3687 1432 et
3713 1394 3921 1432 nomen

2281 1463 2385 1518 ﬁlii
2420 1465 2550 1520 sine
2578 1483 2675 1520 ore
2707 1466 3072 1537 pronuntiat,
3106 1467 3364 1538 loquitur
3394 1467 3452 1522 in
3484 1468 3654 1539 style,
3689 1465 3925 1521 auditur

2285 1552 2340 1607 in
2373 1570 2505 1609 cera
2534 1570 2746 1610 manus
2777 1555 2937 1610 omni
2971 1571 3114 1610 sono
3140 1555 3372 1622 clarior,
3401 1555 3593 1612 littera
3641 1555 3797 1610 omni
3827 1570 3924 1608 ore

2281 1641 2552 1698 vocalior.
2577 1643 2778 1706 Quaere
2807 1660 2884 1698 an
2913 1643 3142 1711 dixerit,
3174 1645 3274 1715 qui
3321 1645 3540 1702 dixisse
3593 1649 3924 1714 compertus

2280 1735 2386 1784 est.
2417 1729 2730 1785 Dominum
2763 1747 2998 1786 oremus
3029 1747 3101 1786 ne
3156 1748 3273 1802 qua
3320 1750 3427 1789 nos
3466 1730 3757 1804 ejusmodi
3787 1747 3930 1786 con-

528 1853 864 1910 quanquam
895 1840 952 1892 et
992 1819 1119 1907 ipsi
1177 1834 1391 1907 linguas
1449 1835 1647 1891 anima
1702 1835 2005 1892 dictaverit
2069 1841 2171 1891 aut
2206 1865 2252 1930 Β
2284 1819 2844 1930 ιταίξξυεληξξθδῗίξῗε
2874 1819 3025 1873 695
3058 1819 3575 1930 cirﬁumsistat.ll:3\t
3623 1820 3675 1876 si
3697 1821 3787 1930 Iita
3815 1835 3939 1930 eve-

528 1943 656 1982 ase
684 1931 1051 1996 conceptum,
1083 1929 1187 1980 aut
1237 1925 1309 1979 ab
1371 1923 1485 1979 alio
1544 1925 1850 1979 traditum.
1906 1925 2039 1979 Jam
2101 1941 2174 1979 ne

527 2016 776 2080 dicatur,
801 2035 828 2064 «
859 2013 1022 2069 Alius
1041 2013 1297 2082 dictavit,
1318 2034 1345 2062 ››
1376 2013 1470 2067 hic
1484 2013 1907 2068 conscientiam
1928 2011 2177 2084 appello,

528 2121 603 2160 an
646 2103 801 2174 quod
846 2102 998 2157 alius
1052 2101 1292 2156 dictavit
1341 2100 1538 2156 anima
1595 2100 1898 2172 suscipiat,
1949 2105 2006 2156 et
2061 2101 2180 2157 sive

527 2191 839 2248 comitante
869 2191 987 2245 sive
1019 2189 1308 2244 residente
1338 2189 1540 2259 lingua
1597 2190 1667 2244 ad
1705 2205 1948 2244 manum
1992 2194 2180 2245 trans-

529 2280 740 2335 mittat.
774 2279 840 2333 Et
870 2280 1037 2347 bene,
1071 2277 1223 2349 quod
1261 2278 1316 2331 in
1350 2277 1546 2332 anima
1578 2283 1636 2332 et
1683 2278 2043 2333 conscientia
2073 2279 2179 2333 de-

527 2368 720 2440 linqui
751 2367 1034 2424 Dominus
1065 2367 1228 2422 dixit.
1264 2367 1343 2432 Si,
1379 2365 1572 2436 inquit
1600 2366 1820 2435 (Matth.
1842 2384 1897 2432 v,
1919 2368 2009 2437 28)
2038 2384 2172 2423 con-

529 2455 986 2529 cupiscentia(2)
1017 2455 1101 2510 vel
1126 2454 1350 2509 malitia
1382 2454 1438 2508 in
1496 2471 1594 2509 cor
1657 2454 1916 2510 hominis
1973 2471 2179 2510 ascen-

532 2546 704 2611 derit,
738 2561 840 2617 pro
863 2545 1011 2599 facto
1045 2545 1259 2599 teneris
1277 2543 1341 2599 9°.
1375 2542 1591 2598 Cavisti
1616 2543 1795 2614 igitur
1811 2544 1962 2614 quod
1999 2544 2058 2598 in
2081 2560 2181 2600 cor

529 2639 697 2690 tuum
733 2634 905 2704 plane
953 2633 1235 2701 ascendit,
1297 2631 1453 2702 quod
1511 2647 1703 2701 neque
1763 2631 2067 2702 ignorasse
2124 2636 2180 2687 te

2290 1905 2462 1970 nerit,
2495 1906 2592 1960 det
2619 1906 2898 1962 fratribus
2925 1908 3205 1978 operandi
3235 1909 3461 1980 ecpiam
3485 1910 3582 1981 (4),
3625 1907 3711 1964 vel
3770 1906 3937 1964 nobis

2287 1994 2702 2065 abrumpendae
2735 1995 2928 2050 omnis
2967 1995 3333 2052 necessitatis
3385 1997 3804 2067 constantiam,
3864 2013 3937 2053 ne

2287 2081 2398 2136 illas
2422 2081 2621 2138 littera:
2649 2083 2970 2154 negatrices
3017 2085 3241 2139 vicariae
3277 2085 3395 2141 oris
3425 2087 3608 2141 nostri
3645 2086 3721 2156 (5)
3753 2086 3810 2140 in
3843 2086 3936 2140 die

2279 2171 2492 2241 judicii
2521 2173 2801 2228 adversus
2850 2190 2956 2228 nos
2987 2173 3355 2244 proferantur
3409 2175 3458 2230 si
3517 2179 3669 2230 natae
3725 2174 3933 2246 signis,

2288 2277 2402 2315 non
2427 2260 2550 2330 jam
2587 2261 2654 2316 ad
2667 2267 3022 2332 vocatorum,
3048 2262 3149 2317 sed
3173 2262 3518 2334 angelorum
3550 2265 3646 2334 (6).

2927 2421 3151 2476 CAPUT
3166 2420 3356 2476 XXIV.

2361 2543 2518 2598 Inter
2545 2543 2653 2597 hoc
2685 2543 2959 2614 scopulos
2989 2549 3046 2599 et
3075 2544 3263 2613 sinus,
3315 2544 3468 2600 inter
3524 2545 3647 2602 haec
3703 2548 3852 2604 vada
3875 2553 3933 2604 et

2290 2632 2437 2686 freta
2466 2630 2803 2686 idololatriae
2825 2632 2903 2704 (7)
2933 2631 3218 2688 veliﬁcata
3273 2633 3480 2704 spiritu
3541 2634 3642 2690 Dei
3676 2635 3752 2707 (8)
3784 2637 3930 2694 ﬁdes

1964 2773 2165 2834 Variae
2210 2773 2531 2834 lectiones.

609 2883 653 2917 ’⁷
675 2883 733 2938 In
766 2883 914 2936 facto
945 2880 1080 2936 etin
1112 2879 1321 2947 verbis,
1354 2887 1540 2935 acute.
1576 2882 1696 2948 Βίῳ.
1729 2881 1770 2914 2⁸
1811 2880 1912 2935 llic
1941 2897 2045 2950 ego
2079 2883 2276 2938 Wouw.
2311 2880 2416 2935 MS.
2469 2881 2513 2914 ²⁹
2541 2880 2743 2935 Teneri
2786 2882 2991 2936 Wouw.
3025 2882 3129 2936 MS.
3153 2883 3198 2916 ³ο
3230 2883 3422 2938 Potest
3445 2885 3676 2939 Scmler.
3708 2886 3750 2920 ³¹
3785 2889 3852 2940 Et
3867 2901 3930 2941 es

541 2954 713 3010 Semt.
747 2956 791 2988 ³³
819 2957 1008 3025 Majus
1039 2954 1167 3008 Lat.
1189 2953 1315 3008 Jun.
1350 2953 1468 3023 Κίρ.
1503 2955 1664 3023 Lcop.
1700 2970 1907 3007 manus
1939 2953 2110 3008 Rhen.
2146 2955 2375 3024 Francq.
2401 2951 2623 3007 Semter.

1967 3069 2486 3130 Commentarius.

607 3178 717 3250 (99)
750 3177 859 3232 Sub
881 3177 1202 3250 pignoribus
1231 3176 1482 3250 ﬁctuciati
1501 3176 1679 3246 jurati
1727 3184 1975 3250 careat,
2004 3184 2055 3250 et
2098 3177 2174 3231 sic
2207 3179 2248 3244 C

535 3246 736 3318 negant
757 3246 914 3304 scire.
947 3246 1208 3304 Creditor
1232 3248 1501 3303 ethnicus
1533 3247 1824 3300 mutuanti
1847 3246 2174 3304 Christiano

577 3320 845 3376 ecuniam
878 3320 1039 3374 dedit
1095 3320 1205 3390 sub
1261 3318 1605 3390 pignoribus
1663 3323 1719 3390 et
1766 3318 2174 3388 jurejurando.

577 3338 845 3376 ecuniam
878 3338 1039 3374 acuit.
1095 3338 1205 3373 sun
1261 3338 1605 3390 pignoribus
1663 3338 1719 3372 ei.
1766 3338 2174 3388 Jurejurando.

535 3338 824 3448 gonfectis
856 3389 1138 3445 ﬁduciarii
1171 3395 1500 3444 contractus
1533 3389 1746 3444 tabulis
1779 3390 2176 3461 praescriptam

539 3469 650 3529 est,
675 3463 812 3532 quid
839 3462 1187 3532 praediorum
1219 3461 1503 3531 obligaret
1534 3477 1547 3527 ;
1581 3465 1859 3530 praeterea
1883 3462 2174 3532 veroquid

530 3537 778 3602 juraret.
820 3532 1015 3588 Jurari
1048 3538 1248 3603 autem
1272 3532 1532 3603 oportuit
1560 3532 1713 3602 quod
1742 3533 1851 3585 sibi
1879 3533 2176 3600 jurarivo-

537 3607 726 3660 luerat
753 3605 1023 3668 creditor,
1060 3602 1293 3674 propria
1315 3602 1772 3674 superstitione.
1794 3603 2176 3674 (Christianus

537 3676 741 3748 lingua
762 3691 875 3748 non
917 3673 1150 3742 iuravit,
1182 3675 1282 3728 sed
1315 3673 1546 3748 tabulas
1573 3677 1753 3748 testes
1779 3673 2176 3748 jurisjurandi

535 3743 687 3816 quod
721 3747 971 3802 creditor
999 3749 1266 3816 exegerat
1286 3743 1852 3816 signavitQuaaritur
1882 3743 1952 3799 an
1989 3747 2175 3801 idolo-

536 3815 717 3874 latrizs
740 3817 984 3872 crimine
1024 3815 1337 3872 teneatur?
1360 3816 1592 3870 Debitor
1623 3820 1797 3883 negat
1854 3833 1915 3870 se
1969 3818 2174 3883 teneri,

535 3907 601 3946 eo
631 3892 771 3961 quia
799 3889 1087 3944 cautionis
1120 3887 1943 3961 seutiducizeinstrumentum
1978 3889 2175 3960 signa-

535 3957 700 4028 veri't,
736 3977 848 4016 non
884 3961 1163 4032 inquisito
1222 3974 1411 4032 neque
1469 3957 1772 4032 intellecto
1814 3959 1952 4028 quid
2017 3957 2173 4016 esset

536 4050 636 4114 pro
657 4029 1042 4114 jurejurando
1085 4031 1520 4110 praescriptum.‘
1536 4029 1854 4114 Tertullian
1866 4048 1932 4114 us
1951 4037 2171 4114 contra,

533 4101 714 4159 teneri
747 4101 845 4157 ait.
877 4104 1019 4160 Nam
1059 4101 1190 4157 cum
1221 4117 1472 4166 caveres,
1508 4101 1720 4170 inquit,
1751 4101 1932 4155 scisti.
1970 4101 2173 4158 Ethnié

535 4193 668 4231 cum
718 4176 936 4231 scilicet
992 4175 1334 4230 creditorem
1393 4173 1799 4245 commodasse
1847 4175 1948 4227 tibi
1997 4192 2174 4245 pecu-

540 4248 696 4302 niam
726 4265 793 4302 ea
815 4248 954 4315 lege,
979 4252 1043 4302 ut
1073 4261 1305 4300 caveres
1334 4250 1390 4300 et
1457 4243 1828 4317 pignoribus
1855 4251 1911 4299 et
1941 4243 2172 4317 jureju-

540 4319 741 4374 rando.
776 4323 994 4374 Etcum
1029 4318 1228 4381 scires,
1265 4317 1470 4388 utique
1502 4315 1763 4388 voluisti.
1805 4315 1948 4370 PAM.

607 4420 675 4430 —-
712 4393 908 4447 Jurali
933 4392 1139 4444 cavent.
1201 4392 1325 4442 Non
1372 4386 1582 4442 solum
1625 4387 2035 4455 jureconsulti,
2069 4388 2172 4444 sed

536 4461 754 4534 passim
789 4461 885 4534 alii
917 4461 1081 4516 latini
1117 4465 1402 4534 auctores,
1452 4457 1676 4513 similes
1732 4458 2042 4516 schedulas
2073 4465 2176 4534 aut

530 4531 893 4604 syngraphas
945 4536 1148 4587 vocant
1205 4531 1506 4604 cautiones

533 4601 763 4659 scilicet
786 4621 1058 4659 cavemus
1109 4603 1189 4656 ita
1247 4602 1436 4665 nobis,
1495 4605 1552 4656 et
1609 4601 1910 4656 reddimur
1959 4601 2170 4673 securi,

536 4692 667 4729 cum
704 4682 974 4730 mutuum
1007 4677 1238 4730 damus.
1272 4678 1402 4728 Lac.

606 4747 916 4816 -—-Negant
943 4747 1104 4802 scire.
1167 4744 1325 4798 Hanc
1392 4743 1744 4816 scripturam
1803 4743 2170 4800 verissimam

537 4833 688 4884 esse,
720 4814 929 4873 docent
975 4835 1099 4888 quas
1147 4819 1505 4888 sequuntur.
1557 4814 1701 4888 Nam
1756 4830 1881 4869 cum
1928 4832 2170 4886 caveres,

535 4889 724 4943 scisti:
760 4905 886 4944 cum
910 4885 1105 4952 scires,
1138 4890 1328 4956 utique
1360 4887 1594 4941 voluisti.
1626 4885 1752 4940 Ric.

606 4959 682 5029 (1)
714 4962 1032 5017 Ρνωδσνίὺὶι
1063 4959 1306 5014 Christus
1358 4974 1474 5029 non
1523 4972 1632 5010 esse
1692 4957 2013 5024 iurandum.
2045 4958 2171 5013 Non

536 5029 860 5103 intelligere
887 5037 1182 5087 auctorem
1232 5029 1389 5103 omni
1428 5028 1777 5103 juramento
1826 5029 2176 5103 simpliciter

534 5099 980 5176 abstinendum,
1013 5109 1171 5176 patet
1201 5100 1297 5176 vel
1317 5099 1622 5176 exApolog.
1651 5100 1811 5176 c._32.
1850 5100 1996 5176 PAM.

607 5175 682 5254 (Et)
713 5175 790 5243 Si,
828 5169 1032 5254 inquit,
1066 5174 1674 5254 concupiscentiallum
1711 5170 1836 5240 ipsa
1855 5171 1972 5254 haec
2001 5169 2176 5250 verba

534 5245 594 5319 in
617 5241 679 5302 Si.
719 5241 1036 5319 scripturis
1067 5241 1655 5319 reperireuhactenus
1713 5259 1827 5319 non
1863 5241 2173 5319 potuerim,

531 5318 760 5374 videtur
790 5311 932 5375 mihi
964 5320 1021 5374 in
1055 5311 1467 5388 compendium
1492 5311 1871 5388 contraxisse
1892 5311 2034 5366 illud
2070 5312 2171 5367 Ec-

533 5388 789 5446 clesiast.
813 5409 845 5445 v
873 5408 885 5446 :
921 5415 948 5441 ‹‹
979 5391 1060 5446 Ne
1080 5383 1346 5459 sequaris
1376 5385 1435 5440 in
1487 5383 1825 5459 fortitudine
1885 5388 1990 5459 tua
2043 5399 2175 5459 con-

533 5461 953 5530 cupiscentiam
996 5455 1185 5517 cordis
1216 5460 1322 5517 tui.
1354 5462 1410 5530 et
1450 5473 1520 5512 ne
1579 5455 1838 5530 dixeris:
1875 5455 2173 5530 Quomodo

579 5528 724 5598 otui,
753 5541 856 5589 aut
886 5533 1020 5604 quis
1051 5548 1140 5587 me
1165 5529 1438 5604 subjiciet
1465 5533 1723 5604 _pr0pter
1758 5529 1932 5604 iacta
1980 5543 2111 5604 mea

579 5548 724 5598 otm,
753 5548 856 5589 aut
886 5549 1020 5604 quis
1051 5548 1140 5587 me
1165 5548 1438 5599 SUDchlet
1487 5548 1723 5598 propter
1783 5548 1932 5581 lauta
1980 5548 2111 5582 mea
2151 5548 2172 5582 τ

535 5548 687 5658 Betis
715 5605 868 5659 enim
902 5604 1203 5659 vindicans
1233 5599 1564 5655 vindicabit.
1605 5621 1631 5646 ››
1662 5601 1774 5652 Aut
1804 5597 1998 5668 potius
2030 5598 2172 5656 illud

532 5689 684 5744 saepe
713 5676 955 5732 citatum
1013 5673 1224 5730 alludit
1277 5671 1582 5728 Matth.v:
1635 5670 1741 5739 Qui
1787 5669 1990 5727 viderit
2046 5688 2172 5728 mu-

534 5744 750 5813 lierem,
785 5769 812 5795 n
843 5752 953 5805 etc.
979 5746 1125 5803 ΡΑΜ.

2361 3175 2438 3244 (3)
2470 3176 2752 3244 Linguam
2781 3177 3000 3230 irritam
3033 3179 3252 3232 transit.
3289 3177 3575 3234 Irretitam
3606 3183 3663 3234 et
3681 3180 3932 3236 residem

2291 3246 2434 3300 nihil
2470 3253 2753 3302 moratur.
2781 3247 2908 3301 Hic.

2357 3319 2434 3389 (4)
2465 3320 2561 3374 Det
2585 3317 3132 3389 fratribusoperandi
3155 3320 3386 3388 capiam.
3445 3317 3672 3389 Optime
3727 3321 3928 3376 Pame-

2287 3387 2423 3462 lius
2461 3387 2710 3462 explicat
2755 3390 2844 3462 idet
2892 3387 3278 3460 eleemosyn’a.
3307 3387 3567 3462 _Verbum
3599 3390 3753 3446 enim
3784 3408 3930 3462 ope-

2289 3460 2422 3531 rari,
2448 3458 2546 3515 est
2569 3459 2764 3531 largiri
2798 3458 3246 3531 eleemosynam,
3299 3460 3545 3515 fortasse
3598 3462 3734 3531 quia
3775 3458 3930 3519 inter

2286 3530 2435 3606 bona
2469 3547 2643 3606 opera
2669 3530 2800 3606 quas
2859 3530 3239 3606 conferuntur
3270 3531 3565 3606 fratribus,
3600 3530 3924 3606 principem

2288 3548 2435 3584 nona
2469 3548 2643 3654 opera
2674 3548 2800 3600 qua:
2859 3548 3238 3585 conteruntur
3270 3548 3565 3602 irairinus,
3600 3549 3924 3606 prinmpem

2284 3601 2477 3674 locum
2554 3603 2723 3674 abeat
2752 3603 3140 3674 eleemosyna.
3181 3603 3675 3674 I-IincCyprianus
3706 3606 3929 3663 librum

2285 3672 2604 3748 inscripsit.
2636 3673 2702 3728 de
2734 3671 2901 3748 Qpere
2929 3682 2979 3728 et
3006 3671 3411 3744 Eteemosynis,'
3433 3671 3540 3730 'ubi
3589 3693 3742 3748 saepe
3774 3679 3930 3735 hanc

2286 3760 2406 3798 rem
2432 3744 2708 3799 inculcat.
2744 3744 2877 3798 Lac.

2358 3816 2434 3885 (:3)
2466 3816 2693 3872 Littera:
2723 3817 2948 3871 vicariae
2979 3816 3091 3870 oris
3121 3817 3319 3871 nostri.
3375 3815 3494 3871 Hoc
3540 3816 3806 3872 imitatus
3839 3824 3932 3876 est

2284 3887 2627 3957 Cyprianus,
2659 3889 2834 3960 Epist.
2859 3887 2932 3942 ad
2962 3887 3362 3956 Rogatianum:
3400 3909 3426 3938 α
3448 3888 3568 3960 Has
3597 3907 3700 3960 pro
3734 3907 3824 3944 me
3856 3892 3932 3948 ad

2284 3973 2456 4083 plures
2486 3963 2542 4014 et
2581 3960 2650 4013 ad
2685 3959 2884 4014 oculos
2915 3964 3136 4014 vestros
3168 3959 3412 4015 vicarias
3443 3959 3668 4016 litteras
3700 3961 3932 4019 mitto.»

2340 4046 2416 4083 ια.

2340 4046 2416 4084 lG.

2355 4101 2707 4171 (0)8ignatae
2761 4102 2959 4168 signis,
3021 4117 3124 4155 non
3187 4103 3298 4171 iam
3355 4103 3780 4169 advocatorum,
3838 4104 3932 4161 sed

2283 4173 2622 4240 angelorum.
2654 4173 2974 4246 Advocatos
3005 4172 3164 4246 dicit,
3199 4173 3297 4243 qui
3339 4175 3524 4230 amico
3555 4175 3930 4246 praesentiam

2284 4259 2450 4318 suam
2485 4245 2937 4318 commodabunt
2967 4244 3275 4318 stgnando,
3309 4244 3928 4318 subscribendo,testi-

2284 4315 2479 4369 monio
2525 4316 2802 4371 dicundo.
2855 4315 2949 4370 Sic
2998 4315 3202 4385 Varro,
3260 4317 3361 4370 lib.
3419 4333 3482 4386 ii,
3530 4318 3595 4374 de
3645 4334 3705 4373 re
3742 4315 3925 4387 Vrust.,

2283 4402 2410 4456 cap.
2443 4387 2522 4441 5:
2557 4407 2585 4437 ‹‹
2655 4388 2742 4459 Tu
2799 4387 3214 4459 vero,_Murri,
3271 4387 3399 4440 veni
3445 4389 3520 4441 mi
3583 4389 3929 4459 advocatus,

2285 4459 2424 4512 dum
2448 4474 2610 4513 asses
2640 4458 2798 4533 solvo
2819 4457 3149 4533 _Pati|ibu_s,_
3171 4458 3218 4512 si
3281 4461 3480 4533 postea
3540 4475 3572 4512 a
3616 4474 3710 4533 tne
3763 4457 3927 4533 repe-l

1566 4546 1578 4583 :
1630 4533 1703 4615 et.
1732 4535 1927 4615 cavent
1963 4548 1984 4592 ;
2035 4533 2169 4615 quia
2203 4550 2248 4613 Β
2281 4533 2439 4615 ἰωξὲ
2464 4533 2526 4615 unt
2545 4529 2946 4615 testimonium
2969 4528 3272 4615 perhibere
3304 4527 3520 4615 possis.-
3553 4550 3580 4576 »ι
3616 4529 3744 4615 Hirti.

2351 4602 2443 4671 (7)
2477 4603 2631 4656 Fruta
2660 4602 3016 4672 idololatriae.
3075 4601 3373 4672 Consentit
3433 4601 3634 4672 Petrus
3674 4600 3924 4672 Chryso-

2281 4669 2626 4742 lcg.,'serm.
2659 4673 2749 4737 21,
2777 4671 2876 4741 qui
2908 4669 3180 4742 scopulos
3212 4675 3267 4723 et
3296 4669 3463 4742 sinus
3493 4676 3552 4726 et
3613 4669 3924 4742 freta,'qua

2283 4739 2720 4813 prictervehitur
2757 4739 3270 4813 navisDominica,
3303 4739 3360 4795 id
3391 4745 3480 4796 est
3511 4739 3784 4808 Ecclesia,
3823 4739 3925 4797 ex-

2284 4811 2460 4884 plicat
2489 4829 2618 4868 esse
2646 4817 2771 4884 tum
2802 4811 3162 4884 extrinsecus
3203 4813 3468 4882 gentium
3531 4813 3734 4884 moles,
3798 4829 3925 4884 quae

2283 4882 2655 4938 undabundis
2688 4882 2850 4936 illam
2882 4882 3172 4952 quatiunt,
3206 4890 3329 4938 tum
3360 4882 3927 4941 intrinsecus'tumi-

2281 4954 2822 5028 dos_hieret_icorum
2854 4955 3090 5020 ﬂuctus,
3123 4955 3220 5028 qui
3271 4955 3505 5011 irruunt
3562 4957 3620 5012 in
3679 4973 3810 5012 eam
3869 4960 3927 5012 et

2282 5024 2551 5081 saeviunt.
2587 5026 2720 5079 Lac.

2353 5096 2441 5166 (8)
2466 5095 2748 5165 Veli/Scala
2775 5096 2986 5166 spiritu
3019 5097 3135 5152 Dei.
3170 5096 3296 5152 Hinc
3325 5115 3430 5152 vox
3459 5097 3694 5154 Auctori
3726 5102 3926 5153 nostro

2283 5165 2615 5237 peculiaris,
2650 5165 3038 5223 inter’caatera
3095 5168 3302 5234 eﬂecit,
3363 5175 3427 5224 ut
3461 5171 3624 5224 Sixto
3681 5169 3926 5224 Senensi

2283 5239 2592 5308 assentiar,
2624 5240 2776 5310 quod
2824 5239 3084 5295 carmina
3115 5240 3212 5295 illa
3267 5240 3507 5296 Genesis
3560 5247 3616 5295 et
3661 5243 3924 5296 Sodoma)

2284 5326 2411 5384 quas
2443 5327 2477 5384 a
2504 5327 2596 5366 me
2629 5317 2759 5382 post
2775 5311 3078 5384 Morelium
3111 5317 3168 5366 et
3196 5312 3520 5368 Fabricium
3545 5313 3607 5368 B.
3641 5313 3925 5384 Cypriane

2283 5382 2582 5453 adscripta
2613 5391 2770 5451 sunt,
2801 5383 3149 5440 Tertulliani
3182 5399 3310 5438 esse
3339 5389 3564 5454 putem.
3609 5382 3750 5438 Pili.

2354 5485 2421 5494 ——
2465 5455 2759 5524 Veliﬁcata
2785 5457 2989 5524 spiritu
3025 5457 3145 5510 Dei.
3191 5453 3470 5518 Quid’hic
3502 5455 3614 5509 sibi
3646 5455 3783 5509 velit
3815 5455 3924 5510 Pa-

2285 5525 2498 5598 meiius
2531 5543 2644 5581 non
2671 5526 2814 5583 satis
2863 5543 3165 5598 assequor,
3224 5542 3330 5579 vox
3380 5527 3596 5597 quippe
3654 5528 3930 5597 veliﬁcari

2282 5597 2541 5670 vulgaris
2568 5604 2678 5663 est,
2701 5604 2757 5654 et
2787 5597 3299 5668 passim’occurret
3355 5599 3507 5668 apud
3567 5615 3752 5653 aurea:
3791 5599 3924 5655 lati-

2285 5670 2486 5727 nitatis
2519 5670 2854 5744 scriptores,
2887 5678 2942 5726 et
2971 5670 3029 5726 in
3052 5686 3119 5726 eo
3149 5670 3330 5725 ferme
3348 5686 3550 5727 sensu.
3592 5671 3670 5728 LE
3691 5670 3795 5729 Pa.
