4262 6346
284 375 402 435 773

1556 368 1790 429 LIBER
1837 367 1940 427 AD
1987 364 2428 427 SCAPULAM.

3578 376 3699 435 ’774

286 506 543 580 navigat,
575 508 703 560 tuta
732 503 781 560 si
810 507 1003 571 cauta,
1034 519 1241 558 secura
1273 502 1322 557 si
1385 500 1635 556 attonita
1666 501 1763 571 (9).
1817 499 1937 555 ϐω·-
1967 503 2025 567 Α
2058 503 2257 555 nostra
2288 515 2403 571 quo
2434 498 2721 570 expedita,
2773 498 2881 554 hoc
2931 499 3160 572 plenius
3209 504 3699 573 administranda,

284 599 478 651 terum
509 594 865 650 ineuatabile
895 592 1159 649 excussis
1217 592 1571 663 profundum
1623 594 1731 657 est,
1782 589 1941 645 inex-

287 683 558 739 tricabile
590 683 862 753 impactis
895 682 1272 753 naufragium
1326 680 1436 751 (10)
1486 684 1594 744 est,
1637 679 1943 751 irrespira-

290 771 409 826 bile
440 770 731 825 devoratis
761 770 1226 843 hypobrychium
1262 770 1318 824 in
1359 768 1688 825 idololatria
1748 785 1760 822 :
1822 768 1947 839 qui-

291 874 544 929 cumque
593 858 803 913 ﬂuctus
854 860 981 927 ejus
1029 859 1317 923 oll'ocant;
1372 858 1560 914 omnis
1591 864 1787 913 vortex
1818 858 1947 928 ejus

294 948 367 1003 ad
403 948 618 1003 inferos
652 948 924 1003 desorbet
963 948 1096 1019 (11).
1131 952 1310 1003 Nemo
1342 948 1499 1003 dicat
1533 965 1545 1002 :
1582 971 1606 996 ‹‹
1643 948 1782 1011 Quis
1827 951 1945 1001 tam

292 1041 422 1093 tuto
456 1035 840 1108 prmcavebit?
870 1037 1203 1092 exeundum
1239 1037 1309 1091 de
1339 1035 1549 1092 saeculo
1582 1036 1755 1102 erit,»
1780 1034 1946 1107 quasi

296 1143 411 1182 non
439 1126 585 1181 tanti
642 1125 719 1181 sit
770 1126 946 1193 exire,
1005 1143 1182 1198 quam
1243 1125 1610 1182 idololatrem
1645 1127 1702 1179 in
1736 1124 1948 1180 saeculo

298 1220 472 1271 stare.
509 1214 663 1270 Nihil
697 1232 824 1272 esse
856 1215 1086 1271 facilius
1113 1216 1269 1271 696
1302 1220 1515 1288 potest,
1547 1232 1722 1287 quam
1755 1214 1948 1269 cautio

296 1302 659 1367 idololatriae,
693 1302 741 1358 si
774 1303 953 1358 timor
981 1302 1111 1372 ejus
1145 1302 1202 1356 in
1235 1302 1423 1374 capite
1455 1302 1549 1356 sit.
1581 1306 1949 1370 Qumcunque

300 1393 621 1449 necessitas
656 1392 846 1447 minor
893 1396 984 1448 est
1043 1392 1302 1463 periculo
1361 1396 1523 1446 tanto
1583 1395 1940 1462 comparata.

297 1481 672 1553 Proptererea
694 1481 943 1551 Spiritus
973 1485 1238 1548 sanctus,
1288 1480 1762 1537 consultantibus
1812 1482 1951 1533 tunc

300 1569 603 1641 apostolis,
636 1569 932 1626 vinculum
967 1571 1258 1642 etjugum
1315 1571 1485 1626 nobis
1534 1570 1837 1637 relaxavit,
1889 1573 1954 1624 ut

302 1658 641 1715 idololatriae
698 1659 1022 1715 devitanda
1081 1676 1447 1716 vacaremus.
1511 1660 1641 1715 Haec
1698 1659 1808 1715 erit
1865 1656 1952 1713 lex

2055 586 2288 660 prepria
2319 588 2915 661 Christianorum,per
2945 606 3120 661 quam
3153 591 3224 645 ab
3248 593 3496 649 ethnicis
3521 613 3699 669 agno-

2055 677 2276 731 scimur
2306 682 2361 732 et
2410 676 2815 733 examinamur
2846 696 2857 732 :
2892 678 3011 733 haec
3061 681 3472 739 accedentibus
3521 685 3593 740 ad
3644 687 3708 740 ﬂ-

2057 766 2189 819 dem
2225 768 2597 837 proponenda
2631 766 2757 837 (lsa.
2791 784 2997 835 xxxm;
3028 771 3227 826 Mullh.
3263 788 3341 826 νη
3396 789 3409 827 :
3458 773 3702 846 Philipp.

2058 871 2155 920 ll];
2190 855 2316 909 Luc.
2352 856 2429 925 Χ),
2462 860 2518 910 et
2548 854 3013 926 ingredientibus
3046 858 3105 912 in
3139 859 3310 914 fidem
3354 861 3706 918 inculcanda

2057 947 2145 997 est
2176 948 2238 997 ut
2266 944 2609 999 accedentes
2642 944 2989 1011 deliberent,
3021 947 3399 1005 observantes
3436 967 3703 1021 perseve-

2060 1036 2208 1101 rent,
2246 1049 2361 1086 non
2390 1034 2765 1088 observantes
2796 1034 2841 1067 3‘
2873 1036 3209 1092 renuntient
3261 1037 3372 1093 sibi
3422 1040 3555 1112 (12).
3606 1041 3705 1096 Vi-

2059 1120 2322 1176 derimus
2376 1122 2533 1175 enim
2586 1123 2633 1176 si
2680 1124 3003 1179 secundum
3056 1142 3199 1181 arcte
3252 1127 3405 1199 (Gen.
3461 1130 3561 1201 vn)
3614 1134 3707 1203 ty-

2061 1227 2198 1281 pum
2232 1210 2393 1281 ⁸⁵(13)
2442 1215 2499 1265 et
2529 1228 2736 1268 corvus
2764 1216 2820 1266 et
2850 1212 3063 1268 milvus
3096 1219 3153 1269 et
3178 1214 3353 1287 lupus
3384 1222 3441 1272 et
3466 1220 3627 1274 canis
3654 1223 3711 1275 et

2062 1316 2301 1369 serpens
2331 1298 2391 1353 in
2442 1299 2691 1354 Ecclesia
2740 1300 2869 1370 erit,
2922 1308 3073 1356 certe
3104 1302 3448 1361 idololatres
3481 1308 3537 1361 in
3564 1324 3708 1363 arcae

2064 1392 2197 1459 typo
2228 1388 2271 1421 ³⁵
2303 1406 2414 1442 non
2450 1388 2962 1445 habeturNullum
2997 1392 3212 1447 animal
3251 1393 3307 1447 in
3343 1394 3709 1452 idololatrem

2067 1478 2383 1548 ﬁguratum
2417 1481 2504 1531 est
2538 1493 2549 1530 :
2585 1478 2737 1548 quod
2776 1478 2830 1532 in
2865 1496 2997 1533 arca
3033 1497 3143 1535 non
3181 1482 3310 1550 fuit,
3344 1483 3398 1537 in
3454 1484 3713 1542 Ecclesia

2068 1584 2181 1621 non
2215 1568 2287 1623 sit
2319 1566 2450 1637 (14).

1717 1788 1919 1849 Variae
1961 1786 2281 1847 lectiones.

372 1898 417 1933 ³³
446 1898 502 1952 Si
534 1901 773 1977 attenta.
809 1898 1010 1977 Rigalt.
1044 1912 1115 1951 ex
1143 1896 1261 1953 cod.
1297 1898 1477 1952 Fulvii
1510 1896 1713 1953 Ursini.
1790 1896 1835 1929 3‘
1864 1899 2264 1959 Perseverent,
2301 1910 2413 1947 non
2449 1895 2827 1950 observantes
2859 1897 3012 1952 abest
3043 1898 3159 1969 Rig.
3240 1900 3285 1935 ³⁵
3316 1902 3715 1977 Archetypum

302 1970 466 2026 Fran.
542 1970 585 2003 ³⁸
614 1970 937 2041 Archetypo
958 1970 1123 2023 Fran.

1754 2056 2280 2119 Commentarius.

378 2166 455 2238 (9)
513 2166 735 2235 Secura,
794 2166 852 2238 si
872 2237 875 2238 ν
901 2170 1112 2220 alie-nia

309 2306 495 2381 Ag'ob.
529 2327 596 2365 ea
624 2306 705 2373 re,
728 2308 922 2381 secuti
954 2306 1063 2363 hoc
1096 2308 1220 2364 loco
1252 2326 1460 2364 sumus
1483 2308 1742 2364 codicem
1779 2306 1960 2362 Fulvii

310 2380 526 2436 Ursini.
586 2380 882 2436 Editiones
952 2380 1239 2447 Rhenani,
1303 2381 1525 2450 Secura,
1592 2382 1640 2433 si
1696 2382 1957 2434 attonita.

308 2453 469 2517 Quod
507 2453 746 2509 minime
778 2454 1198 2523 spernendum.
1231 2452 1324 2507 Sic
1356 2453 1511 2507 enim
1546 2450 1694 2506 libro
1717 2451 1781 2505 de
1812 2453 1963 2520 Fuga

310 2526 369 2578 in
417 2540 619 2593 persec.
654 2542 672 2578 :
705 2547 731 2572 ‹‹
786 2524 897 2579 Sed
948 2526 1183 2595 quando
1234 2524 1388 2579 Deus
1444 2523 1631 2594 magis
1680 2524 1961 2586 creditur,

312 2595 425 2651 nisi
459 2612 592 2649 cum
625 2596 811 2664 magis
843 2596 1105 2663 timetur,
1142 2596 1253 2650 nisi
1289 2597 1347 2649 in
1381 2602 1643 2666 tempore
1692 2611 1962 2663 persecu-

311 2667 533 2723 tionis?
563 2667 725 2721 Tunc
754 2667 1009 2722 Ecclesia
1042 2668 1098 2722 in
1131 2668 1378 2722 attonito
1410 2674 1520 2722 est.
1558 2689 1584 2715 »
1620 2667 1746 2721 Πιδ.

387 2740 499 2810 (10)
542 2739 933 2811 [uextricabile
976 2740 1233 2811 impactis
1277 2741 1637 2810 naufragium
1674 2746 1792 2811 rest.
1848 2737 1964 2811 Liu-

315 2809 456 2864 cifer
482 2808 848 2865 Calaritanus
880 2809 1027 2863 dixit
1056 2808 1497 2867 ’inemtricabiles
1538 2810 1811 2875 tenebras,
1862 2808 1962 2863 lib.

318 2884 389 2936 de
412 2883 650 2936 Conlem.
687 2890 847 2937 mort.
876 2897 973 2952 pro
1006 2882 1136 2936 Chr.
1168 2884 1294 2937 R16.

387 2955 511 3035 (11)
532 2954 807 3035 Desorbe}.
842 2950 1423 3035 Mihinon‘dubiumn
1454 2953 1595 3035 quin
1645 2968 1793 3035 qua;
1822 2950 1966 3005 scri-

320 3024 435 3095 psit.
466 3025 707 3097 Tertull.
741 3026 812 3079 de
842 3024 1257 3097 hypobrychio,
1290 3026 1361 3079 de
1391 3024 1667 3097 ﬂuctibus
1714 3024 1969 3077 eil'ocan-

320 3097 502 3162 tibus,
537 3096 605 3152 de
636 3097 849 3152 vortice
880 3096 1244 3159 desorbente.
1278 3096 1489 3151 dixerit
1518 3112 1652 3151 cum
1699 3099 1968 3164 respectu

1168 2166 1241 2236 (υ.
1301 2166 1419 2220 lect.
1462 2167 1608 2233 var).
1664 2168 1964 2219 Postrema
1996 2167 2040 2229 B

309 2236 557 2309 hujusce
614 2237 879 2308 opusculi
939 2238 1132 2309 capita
1192 2238 1601 2292 desiderantur
1651 2237 1707 2290 in
1768 2236 1965 2309 codice

2077 2162 2256 2287 R(12)
2315 2164 2643 2218 Renuntienl
2692 2165 2822 2219 sibi.
2874 2165 3157 2221 Desinant
3207 2185 3336 2225 esse
3381 2170 3719 2230 Christiani.

2129 2250 2203 2287 ια.

2129 2250 2203 2288 lG.

2147 2306 2255 2374 (13)
2286 2306 2601 2379 Secundum
2631 2323 2772 2361 arcae
2803 2312 3011 2378 typum.
3046 2308 3269 2379 Typum
3302 2310 3411 2367 hoc
3459 2312 3583 2369 loco
3629 2313 3723 2369 di-

2070 2376 2168 2442 cit,
2225 2378 2396 2456 quod_
2440 2377 2578 2431 alibi
2639 2376 3012 2456 exemplum,_
3053 2376 3391 2456 imaginem,
3446 2385 3721 2456 figuram,

2071 2452 2532 2529 sacramentum,
2566 2451 2937 2529 mysterium,
2968 2450 3722 2529 similitudinemmanigma,

2074 2520 2439 2599 parabolam,
2510 2520 2890 2599 memoriam,
2958 2523 3333 2599 all_eg(_)riam1
3396 2520 3723 2599 speculum,

2074 2592 2602 2661 comparationem,
2638 2595 2927 2659 umbram,
2962 2592 3257 2650 nebulam.
3293 2592 3527 2654 Hieron.
3560 2601 3660 2655 lib.
3685 2592 3726 2656 ii

2073 2663 2285 2740 advers.
2333 2664 2723 2740 quinianum,
2789 2688 2815 2718 (ι
2873 2667 3068 2738 Typus
3129 2671 3436 2740 sanguinis
3488 2671 3727 2739 Christi,

2074 2735 2296 2788 vinum.
2334 2757 2353 2783 ιι
2387 2735 2519 2790 LAC.

2150 2807 2259 2875 (14)
2295 2806 2444 2873 Quod
2477 2808 2538 2861 in
2568 2823 2696 2861 arca
2741 2824 2852 2860 non
2897 2810 3027 2878 fuit,
3080 2810 3135 2864 in
3187 2811 3427 2867 Ecclesia
3473 2829 3584 2869 non
3632 2815 3728 2869 sit.

2080 2878 2476 2953 Epipbonema
2526 2879 3029 2953 is__tud_prioribus
3079 2881 3249 2953 longe
3279 2888 3368 2938 est
3397 2885 3727 2941 obscurius.

2077 2948 2192 3002 Hac
2226 2950 2454 3004 interim
2490 2950 2633 3004 velle
2664 2948 2907 3005 videtur.
2945 2956 3085 3007 Cum
3137 2948 3211 3007 in"
3245 2971 3379 3009 arca
3424 2956 3541 3011 Noe
3602 2959 3727 3012 l'ue-

2078 3021 2196 3098 rint
2243 3021 2434 3098 omnis
2484 3023 2719 3098 generis
2770 3022 3068 3098 animalia,
3116 3028 3337 3098 munda
3387 3032 3625 3098 septena
3671 3032 3731 3083 et

2078 3096 2339 3162 septena,
2376 3092 2683 3147 immunda
2710 3111 2840 3148 vero
2870 3096 2987 3150 duo
3018 3101 3074 3149 et
3116 3097 3252 3161 duo,
3302 3092 3548 3154 exclusae
3596 3116 3729 3155 vero

325 3170 395 3222 ad
455 3168 1128 3241 Charybdinpvidelicet
1175 3187 1243 3225 ex
1292 3184 1505 3239 magna
1554 3165 1969 3241 notiﬁtiarbujus

325 3240 545 3367 rililalugci
610 3237 876 3313 periculi.
940 3241 1084 3297 Vide
1146 3258 1259 3311 me,
1327 3237 1429 3296 lib.
1498 3256 1561 3293 ιιι
1626 3237 1865 3308 /Eneid.,
1896 3238 1967 3292 ad

327 3328 343 3365 1
399 3329 433 3367 u
503 3330 515 3367 :

327 3328 472 3367 111110
503 3330 515 3368 Ξ

636 3390 826 3441 Sorbet
854 3391 906 3439 in
938 3390 1225 3454 abruptum
1257 3392 1466 3439 ﬂuctus.
1574 3391 1690 3438 Lac.

2080 3163 2296 3218 fuerint
2328 3163 2662 3242 idolplatriae
2696 3181 2922 3242 o_mnres,
2962 3168 3363 3239 consequitur,
3390 3176 3451 3224 ut
3494 3171 3643 3242 quod
3668 3171 3730 3227 in

2080 3252 2214 3289 arca
2268 3251 2380 3289 non
2435 3236 2563 3302 fuit,
2620 3236 2677 3290 in
2709 3237 2966 3293 Ecclesia
2996 3256 3109 3294 non
3142 3236 3235 3295 sit.
3274 3246 3403 3295 Eam
3439 3236 3590 3297 enim
3623 3243 3731 3299 Ec-

2080 3307 2267 3361 clesiae
2296 3308 2540 3381 figuram
2573 3309 2829 3379 gessisse
2879 3311 3057 3367 tradit
3106 3310 3199 3367 hic
3242 3316 3466 3381 auctor,
3511 3314 3612 3369 lib.
3664 3314 3732 3369 de

2083 3382 2377 3450 Baptismo.
2418 3380 2561 3435 PAM.

1368 3642 1943 3739 MONITUM
2012 3641 2685 3737 EDITOBUM.

1992 3857 2069 3867 .—

408 3973 590 4031 Hunc
636 3968 718 4031 ad
759 3969 1083 4050 Scapulam
1137 3969 1391 4040 librum,
1445 3968 1560 4029 etsi
1618 3968 1804 4029 fuerit
1870 3977 2011 4046 post
2057 3976 2417 4046 susceptum
2470 3970 2548 4029 ab
2609 3971 2881 4030 Auctore
2959 3971 3475 4045 Montanismum,
3530 3975 3733 4035 omni-

330 4069 449 4128 bus
498 4070 623 4129 fere
672 4068 1138 4143 confitentibus,
1189 4072 1506 4139 exaratus,
1564 4071 1771 4127 tamen
1823 4066 1961 4126 aliis
2008 4067 2506 4144 praecedentibus
2555 4073 2701 4127 ante
2748 4068 3121 4128 Tertulliani
3168 4070 3415 4149 lapsum
3471 4089 3733 4151 compo-

325 4167 483 4243 sitis,
519 4172 649 4227 tum
683 4168 763 4227 ob
794 4185 999 4226 rerum
1035 4166 1510 4237 connexionem,
1548 4170 1679 4225 tum
1714 4166 1923 4225 forsan
1952 4165 2032 4224 ob
2066 4165 2433 4224 nonnullam
2485 4166 2686 4224 intatis
2728 4166 3120 4240 relationem,
3157 4170 3245 4228 uti
3294 4168 3505 4230 videre
3545 4178 3637 4231 est
3668 4171 3733 4232 in

324 4266 762 4328 dissertatione
791 4268 862 4327 D.
900 4269 982 4326 Le
1012 4267 1256 4343 Nourry
1287 4263 1450 4324 infra
1479 4263 1821 4337 afferenda,
1859 4262 2069 4324 statim
2104 4262 2560 4341 subjiciendum
2594 4264 2911 4325 duximus.

332 4435 497 4445 -———

2122 4432 2339 4440 ...ι’-..-

2346 4434 2454 4441 —_
2480 4432 2871 4441 “_——_._...w
2884 4434 3187 4441 ..φο-,Ψ

643 4587 911 4845 AD
1031 4583 1760 4751 LIBROS
1878 4580 3411 4748 APOLOGETICOS

1706 4850 2356 4945 APPENDIX.

1109 5213 1622 5315 LIBER
1708 5214 1924 5310 AD
2016 5212 2964 5312 SCAPULAM.

407 5519 553 5575 697
592 5523 967 5570 Aacuumux
1006 5529 1075 5570 ετ
1114 5516 1393 5573 Svuorsxs.
1425 5547 1492 5557 —
1514 5515 1591 5571 De
1623 5515 1838 5585 epocha
1870 5514 1999 5570 libri
2027 5516 2096 5570 ad
2128 5516 2421 5586 Scapulam
2454 5514 2737 5569 dissident
2768 5516 2995 5585 eruditi,
3022 5532 3087 5571 ac
3116 5534 3271 5575 anno
3299 5522 3426 5589 203,
3456 5539 3489 5577 a
3525 5521 3747 5580 Tertul-

338 5611 490 5665 liano
539 5607 752 5663 editum
811 5602 983 5658 fuisse
1035 5604 1316 5661 Pamelius
1359 5613 1409 5661 et
1462 5604 1738 5661 Baronius
1768 5602 2162 5672 tradiderunt;
2198 5605 2293 5659 alii
2325 5619 2456 5659 vero
2488 5603 2592 5657 sub
2630 5603 2994 5671 lleliogabalo
3027 5606 3392 5678 imperatore,
3435 5627 3587 5668 anno
3615 5614 3744 5670 217.

337 5695 731 5755 Verosimilius
764 5700 952 5747 tamen
985 5692 1089 5748 hoc
1132 5694 1469 5752 intermedio
1502 5704 1775 5765 tempore,
1806 5698 1861 5748 ct
1892 5692 2042 5749 circa
2086 5709 2301 5749 annum
2332 5694 2461 5759 212,
2491 5692 2545 5745 id
2578 5690 2858 5747 accidisse
2889 5693 3132 5750 videtur.
3165 5710 3293 5753 cum
3352 5700 3569 5758 scilicet
3621 5711 3752 5773 post

337 5788 518 5864 patris
573 5784 795 5844 obitum
856 5781 1010 5841 solus
1062 5781 1368 5859 imperaret
1414 5783 1702 5846 Garacalla
1735 5798 1750 5849 ;
1783 5797 1954 5857 quare
2010 5785 2180 5841 unius
2229 5789 2448 5839 tantum
2479 5780 2839 5853 imperatoris
2868 5797 2934 5842 eo
2963 5782 3023 5840 in
3058 5783 3201 5847 libro
3228 5789 3495 5849 meminit
3530 5808 3544 5851 :
3583 5813 3612 5845 «
3642 5791 3751 5852 Co-
