4262 6364
480 374 601 440 775
1006 370 1528 449 TERTULLlANl
1575 370 1898 437 OPERUM
1942 368 2142 435 PARS
2185 372 2337 435 I.—
2364 371 2639 437 SEBIES
2683 372 2731 448 1,
2777 368 3344 437 APOLOGETICA.
3760 370 3878 435 776

487 510 660 566 limus
701 526 833 580 ergo
878 507 1277 578 imperatorem
1327 506 1431 575 sic,
1465 507 1750 578 quomodo
1797 511 1855 562 et
1900 506 2064 562 nobis
2119 506 2271 573 licet,
2307 512 2361 562 et
2405 507 2511 576 ipsi
2553 507 2798 577 expedit,
2834 511 2892 560 ut
2923 504 3212 561 hominem
3245 522 3280 560 a
3312 506 3423 561 Deo
3452 506 3808 575 secundum;
3846 527 3869 559 ι

482 607 536 655 ει
567 600 766 655 iterum
802 613 816 653 ε
858 617 880 645 ι
913 594 1103 665 Itaque
1133 604 1188 650 et
1216 594 1602 651 sacriﬁcamus
1632 611 1731 665 pro
1763 596 1946 650 salute
2001 596 2389 666 imperatoris;
2425 597 2519 652 sed
2572 595 2686 651 Deo
2732 601 2947 662 nostro,
2983 600 3033 648 et
3078 592 3275 665 ipsius.
3311 615 3339 643 ››
3372 595 3497 651 Post
3549 595 3877 651 diuturnam

482 705 609 744 vero
653 685 1126 759 persecutionem,
1157 700 1279 754 quae
1328 683 1431 738 sub
1473 684 1658 739 Severi
1706 683 1945 755 imperio
1994 684 2257 755 contigit,
2303 684 2422 741 haec
2461 683 2870 740 Tertullianum
2918 684 3214 752 scripsisse
3265 684 3398 739 inde
3442 690 3683 753 constat,
3725 685 3875 755 quod

482 777 729 849 quinque
788 774 1152 843 proconsules
1210 773 1784 843 numeret,aquibus
1833 773 2140 829 Christiani
2199 774 2376 829 vexati
2434 774 2676 843 fuerant,
2734 773 2941 844 quique
3001 787 3129 827 cum
3191 772 3250 827 in
3304 773 3489 828 varias
3536 773 3874 828 incidissent

481 863 845 934 calamitates,
910 862 1109 918 horum
1163 860 1425 931 exemplo
1479 861 1797 932 Scapulam.
1847 866 1910 917 ut
1962 861 2069 917 sibi
2126 870 2365 931 caveret,
2428 862 2715 928 hortatur;
2764 877 2895 919 cum
2956 861 3238 933 praecipue
3295 868 3554 930 portenta
3612 863 3867 932 quaedam

481 953 819 1021 Carthagine
865 952 983 1006 visa
1038 951 1267 1017 fuerint,
1298 950 1485 1005 statim
1540 966 1607 1005 ac
1653 951 1803 1005 idem
1860 950 2100 1020 Scapula
2150 951 2498 1021 provinciam
2530 950 2835 1021 ingressus,
2870 949 3159 1005 Mavilium
3194 949 3621 1005 Adrumeticum
3679 948 3869 1005 Chris-

481 1042 698 1097 tianum
757 1040 1044 1096 hominem
1092 1037 1163 1093 ad
1216 1037 1422 1093 bestias
1468 1039 1873 1094 damnaverat:
1911 1060 1938 1089 «
1985 1039 2105 1094 Tibi
2165 1055 2390 1111 quoque
2437 1046 2698 1110 optamus
2744 1039 3193 1094 admonitionem
3242 1037 3422 1093 solam
3471 1037 3665 1110 fuisse,
3722 1038 3869 1109 quod

479 1146 612 1187 cum
639 1129 1065 1185 Adrumeticum
1100 1126 1383 1183 Mavilium
1415 1128 1482 1181 ad
1511 1126 1721 1183 bestiae
1751 1129 2103 1195 damnasses,
2137 1135 2190 1185 et
2221 1128 2407 1184 statim
2442 1128 2563 1185 haec
2591 1128 2804 1184 vexatio
2828 1126 3124 1183 subsecuta
3154 1134 3256 1182 est.
3293 1148 3322 1175 »ι

549 1221 816 1285 Quasnam
865 1224 1053 1273 autem
1102 1215 1268 1271 fuerit
1320 1216 1419 1271 illa
1468 1216 1701 1286 vexatio,
1737 1216 1823 1271 his
1871 1216 2056 1273 verbis
2105 1224 2293 1273 narrat
2326 1233 2337 1269 :
2374 1240 2402 1267 «
2438 1219 2708 1273 Caeterum
2740 1224 2793 1273 et
2824 1217 3005 1272 imbre
3033 1215 3172 1272 anni
3205 1215 3492 1285 praeteriti,
3526 1216 3661 1285 qui-l
3716 1230 3871 1272 com-

478 1308 741 1364 meruerit
781 1322 960 1377 genus
992 1308 1305 1362 humanum
1355 1306 1635 1375 apparuit,
1668 1306 2077 1375 cataclysmum
2117 1304 2355 1373 scilicet,
2386 1314 2440 1362 et
2486 1314 2632 1363 retro
2680 1306 2858 1361 fuisse
2906 1313 3134 1375 propter
3177 1304 3628 1373 incredulitates,
3658 1313 3711 1360 et
3755 1305 3869 1361 ini-

476 1397 715 1468 quitates
757 1394 1086 1462 hominum;
1120 1402 1173 1448 et
1203 1393 1381 1461 ignes,
1414 1396 1509 1463 qui
1539 1410 1710 1465 supra
1744 1394 1951 1450 moenia
2007 1395 2360 1465 Carthaginis
2409 1397 2665 1466 proxime
2711 1396 3103 1465 pependerunt
3149 1411 3248 1464 per
3295 1403 3542 1459 noctem,
3574 1395 3708 1465 quid
3759 1395 3868 1449 nii-

476 1486 594 1541 nati
622 1485 761 1552 sint,
794 1484 1000 1550 sciunt,
1033 1483 1127 1554 qui
1159 1483 1452 1543 viderunt:
1480 1490 1534 1537 et
1566 1482 1805 1552 pristina
1840 1483 2092 1539 tonitrua
2129 1484 2261 1554 quit
2303 1484 2648 1554 sonavcrint,
2681 1484 2891 1549 sciunt,
2923 1483 3017 1554 qui
3062 1482 3468 1539 obduruerunt.
3504 1483 3708 1538 Omnia
3747 1483 3868 1539 hmo

475 1576 635 1645 signa
672 1581 802 1629 sunt
837 1573 1188 1627 imminentis
1219 1572 1313 1626 ine
1343 1570 1467 1635 Dei,
1495 1587 1663 1641 quam
1701 1588 1929 1627 necesse
1958 1580 2059 1641 est,
2083 1588 2305 1643 quoque
2355 1574 2521 1629 modo
2571 1588 2888 1643 possumus,
2921 1579 2981 1626 ut
3034 1579 3091 1627 et
3144 1575 3581 1639 annuntiemus,
3623 1578 3678 1627 et
3722 1588 3866 1642 prae-

472 1665 747 1729 dicemos,
781 1670 834 1715 et
889 1662 1257 1730 deprecemur
1313 1660 1537 1715 interim
1597 1658 1839 1716 localem
1896 1677 2057 1727 esse;
2091 1662 2464 1717 universaletn
2506 1663 2659 1717 enim
2718 1668 2771 1716 et
2829 1676 3151 1731 supremam
3182 1676 3283 1716 suo
3315 1668 3565 1731 tempore
3593 1663 3865 1731 sentient,

473 1751 568 1822 qui
598 1750 860 1819 exempla
890 1749 1013 1818 ejus
1041 1748 1206 1804 aliter
1235 1747 1692 1818 interpretantur.
1729 1748 1869 1805 Nam
1912 1755 1966 1803 et
2012 1748 2094 1805 sol
2144 1747 2241 1804 ille
2299 1749 2357 1804 in
2417 1757 2699 1805 conventu
2762 1748 3030 1816 Uticensi,
3060 1748 3340 1804 exstincto
3399 1748 3565 1818 plene
3623 1748 3864 1819 lumine,

472 1842 612 1896 adeo
653 1845 973 1911 portentum
1025 1836 1154 1904 fuit,
1186 1845 1245 1891 ut
1293 1853 1408 1892 non
1453 1836 1698 1907 potuerit
1740 1852 1808 1892 ex
1857 1837 2145 1893 ordinario
2188 1837 2436 1908 deliquio
2486 1837 2591 1893 hoc
2638 1837 2775 1907 pati,
2809 1838 3022 1907 positus
3066 1837 3124 1892 in
3155 1852 3255 1892 suo
3289 1836 3641 1908 hypsomate,
3674 1844 3730 1892 et
3758 1837 3859 1893 do-

473 1925 964 1983 micilio.llabetis
1018 1924 1354 1994 astrologos.
1391 1945 1420 1975 »
1476 1924 1689 1980 Deinde
1746 1932 1803 1979 ut
1858 1924 2160 1995 Scapulam
2217 1925 2288 1980 ab
2346 1925 2692 1981 eﬂ‘undendo
2733 1923 3176 1981 Christianorum
3207 1926 3484 1997 sanguine
3540 1925 3864 1996 deterreret,

471 2015 604 2086 quid
636 2014 785 2085 passi
814 2014 928 2069 sint
956 2011 1053 2069 alii
1082 2013 1375 2084 praesides,
1407 2022 1672 2069 enarrat:
1712 2035 1732 2062 α
1769 2013 2070 2069 Doleamus
2099 2027 2331 2069 necesse
2360 2020 2463 2080 est,
2498 2015 2644 2081 quod
2676 2012 2837 2069 nulla
2874 2013 3071 2069 civitas
3101 2014 3335 2083 impune
3382 2012 3565 2069 latura
3611 2014 3682 2068 sit
3730 2029 3862 2069 san-

471 2104 662 2175 guinis
688 2103 866 2158 nostri
896 2100 1251 2171 effusionem,
1287 2104 1431 2158 sicut
1469 2110 1523 2159 et
1552 2101 1654 2156 sub
1712 2101 2000 2157 Hilariano
2057 2103 2313 2171 praeside,
2345 2116 2472 2156 cum
2531 2102 2601 2157 de
2647 2102 2793 2157 areis
2841 2101 3253 2172 sepulturarum
3304 2109 3622 2158 nostrarum
3671 2104 3860 2159 accla-

471 2200 717 2248 maSsent
746 2208 758 2248 :
794 2198 955 2246 Area:
986 2208 1097 2247 non
1131 2192 1266 2245 sint.
1299 2192 1458 2247 Areas
1488 2191 1735 2260 ipsorum
1770 2206 1885 2246 non
1915 2191 2159 2255 fuerunt,
2193 2206 2405 2246 messes
2429 2191 2582 2246 enim
2621 2204 2753 2246 suas
2796 2207 2910 2247 non
2941 2202 3201 2260 egerunt.
3235 2213 3263 2240 »
3299 2193 3373 2248 Ac
3418 2199 3542 2264 post
3581 2192 3863 2248 nonnulla

467 2282 603 2338 alibi
656 2282 829 2337 relata
876 2281 1057 2337 subdit
1089 2297 1101 2335 :
1132 2304 1159 2329 ‹‹
1192 2284 1500 2337 Possumus
1550 2297 1708 2351 aeque
1764 2290 1818 2336 et
1873 2280 2055 2336 exitus
2112 2281 2484 2350 quorumdam
2536 2282 2845 2351 praesidum
2900 2280 3000 2337 tibi
3045 2296 3348 2351 exponere,
3373 2282 3467 2352 qui
3500 2280 3561 2337 in
3593 2282 3706 2338 tino
3734 2282 3856 2339 vitae

467 2386 583 2425 sure
607 2369 879 2426 recordati
917 2377 1048 2423 sunt
1077 2366 1406 2437 deliquisse,
1439 2370 1586 2438 quod
1617 2367 1910 2424 vexassenl
1948 2368 2309 2424 christianos.
2344 2367 2618 2438 Vigellius
2665 2369 3025 2435 Saturninus,
3058 2369 3152 2438 qui
3201 2370 3419 2439 primus
3466 2369 3557 2426 hic
3607 2370 3856 2437 gladium

466 2460 525 2514 in
557 2475 660 2514 nos
685 2459 816 2526 egit,
855 2457 1072 2511 lnmina
1103 2457 1310 2511 amisit.
1345 2457 1610 2512 Claudius
1637 2457 2038 2512 Hcrminianus
2084 2458 2139 2512 in
2171 2457 2541 2525 Cappadocia,
2576 2473 2708 2512 cum
2764 2458 2998 2527 indigne
3048 2457 3234 2513 ferens
3292 2474 3524 2513 uxorem
3570 2473 3728 2513 suam
3786 2457 3857 2512 ad

466 2548 612 2604 hanc
639 2559 847 2602 sectam
881 2545 1193 2611 transiisse,
1228 2544 1577 2599 Christianos
1609 2543 1913 2600 crudeliter
1970 2550 2283 2610 tractasset,
2315 2544 2582 2616 solusque
2640 2546 2697 2601 in
2749 2547 3009 2615 prre;orio
3067 2561 3168 2600 suo
3229 2554 3470 2601 vastatus
3520 2551 3693 2617 peste,
3727 2562 3857 2602 cum

464 2637 620 2692 vivus
677 2633 959 2690 vermibus
1008 2633 1342 2689 ebullisset:
1381 2633 1555 2691 Nemo
1611 2633 1770 2701 sciat,
1802 2633 2006 2701 aiebat,
2040 2649 2112 2689 ne
2167 2650 2268 2706 spe
2318 2634 2600 2702 gaudeant
2648 2633 2973 2690 Christiani.
3002 2635 3198 2691 Postea
3227 2637 3454 2706 cognito
3484 2652 3671 2693 errore
3730 2652 3856 2708 suo,

465 2724 609 2795 quod
665 2722 960 2778 tormentis
1018 2721 1291 2792 quosdam
1343 2740 1374 2775 a
1432 2722 1719 2792 proposito
1777 2736 1879 2776 suo
1927 2722 2184 2777 evcidere
2215 2721 2457 2791 fecisset,
2492 2739 2636 2794 pene
2664 2722 3019 2778 Christianus
3048 2724 3307 2780 decessit.
3340 2724 3599 2781 Caecilius
3630 2724 3859 2796 Capella

463 2815 521 2870 in
572 2811 674 2867 illo
722 2812 873 2866 exitu
927 2811 1254 2878 Byzantina,
1285 2810 1663 2875 Christianos,
1702 2808 1973 2881 Gaudete,
2009 2810 2361 2868 acclamavit.
2395 2810 2504 2867 Sed
2549 2818 2602 2867 et
2653 2810 2748 2882 qui
2806 2812 3069 2867 videntur
3100 2811 3208 2868 sibi
3241 2813 3480 2885 impune
3510 2813 3728 2885 tulisse,
3758 2829 3856 2871 ve-

472 2900 632 2956 nient
665 2898 723 2954 in
754 2899 902 2953 diem
933 2897 1106 2953 divini
1129 2896 1349 2967 judicii.
1386 2919 1413 2946 ι»

540 2988 691 3045 698
724 2988 1034 3044 Praesidum
1088 2987 1278 3052 etiam,
1310 2988 1403 3056 qui
1463 2986 1519 3042 in
1558 2986 1906 3043 Christianos
1936 2988 2129 3043 mitius
2159 2993 2415 3059 egerunt,
2444 2987 2704 3058 exempla
2731 2987 2885 3042 addit
2921 3004 2934 3043 :
2970 3012 2998 3041 ‹‹
3031 2989 3234 3054 Quanti
3265 2993 3452 3046 autem
3489 2991 3771 3060 praesides,
3798 2997 3854 3048 et

463 3078 895 3144 constantiores,
928 3084 981 3130 et
1010 3075 1353 3131 crudeliores
1382 3075 1877 3132 dissimulaveruat
1911 3076 1981 3131 ab
2014 3076 2337 3147 hnjusmodi
2365 3077 2595 3132 causis?
2646 3076 2711 3133 Ut
2759 3076 2989 3133 Cincius
3045 3080 3278 3133 Severus
3326 3078 3423 3147 qui
3469 3078 3676 3135 Thistri
3731 3080 3854 3151 ipse

462 3168 619 3223 dedit
669 3164 1003 3232 remedium,
1051 3164 1337 3234 quomodo
1385 3166 1789 3231 reSponderent
1836 3164 2163 3232 Christiani,
2216 3171 2275 3219 ut
2314 3164 2521 3219 dimitti
2572 3173 2818 3235 possent.
2876 3165 2939 3221 Ut
2993 3164 3333 3235 Vespronius
3388 3166 3693 3233 Candidus,
3755 3168 3850 3239 qui

464 3254 847 3311 Christianum
879 3251 1039 3322 quasi
1071 3251 1480 3307 tumultuosum
1513 3251 1729 3308 civibus
1778 3252 1894 3307 suis
1931 3251 2251 3308 satisfacere
2301 3253 2534 3307 dimisit.
2571 3253 2633 3308 Ut
2668 3254 2857 3321 Asper,
2891 3253 2988 3322 qui
3018 3255 3237 3308 modice
3269 3263 3525 3310 vexatum
3560 3256 3849 3312 hominem

460 3353 514 3399 et
546 3344 737 3399 statim
773 3340 1075 3410 dejectum,
1108 3355 1214 3396 nec
1245 3339 1583 3396 sacriﬁcium
1618 3341 1888 3410 compulit
1920 3342 2119 3409 facere,
2168 3351 2300 3397 ante
2347 3340 2629 3411 professus
2678 3341 2825 3396 inter
2858 3342 3161 3397 advocatos
3190 3349 3245 3397 et
3274 3359 3603 3412 assessores,
3655 3345 3851 3402 dolore

459 3448 519 3488 se
558 3431 828 3487 incidisse
854 3430 912 3483 in
946 3429 1091 3484 hanc
1123 3444 1370 3484 causam.
1420 3429 1643 3485 Pudens
1690 3430 1859 3484 etiam
1906 3431 2142 3485 missum
2172 3431 2240 3483 ad
2273 3446 2331 3485 se
2353 3428 2760 3493 Christianum,
2793 3430 2851 3483 in
2884 3429 3067 3499 elogio
3099 3430 3475 3487 concussione
3504 3433 3627 3502 ejus
3673 3433 3848 3489 intel-

461 3523 627 3584 lecta,
661 3520 896 3583 dimisit,
929 3519 1107 3572 scisso
1138 3519 1335 3572 eodem
1388 3518 1591 3587 elogio,
1651 3519 1777 3573 sine
1822 3527 2147 3573 accusatore
2197 3533 2411 3584 negans
2454 3533 2515 3572 se
2561 3519 2879 3571 auditurum
2918 3518 3228 3585 hominem,
3262 3522 3575 3576 secundum
3610 3524 3850 3577 manda-

459 3618 600 3664 tum.
636 3612 765 3662 Haec
794 3624 985 3661 omnia
1016 3605 1136 3670 tibi,
1167 3615 1221 3660 et
1249 3607 1315 3660 de
1358 3605 1544 3661 cilicio
1592 3607 1816 3676 suggeri
1867 3614 2121 3676 possunt,
2172 3613 2225 3659 et
2270 3605 2340 3661 ab
2367 3606 2582 3661 eisdem
2612 3606 2913 3671 advocatis,
2942 3608 3040 3676 qui
3072 3616 3125 3662 ct
3157 3607 3261 3676 ipsi
3319 3607 3592 3665 benelicia
3643 3610 3851 3666 habent

457 3698 909 3754 Christianorum
962 3697 1089 3750 licet
1136 3697 1451 3750 acclamant
1499 3712 1622 3766 qua:
1662 3696 1894 3763 volunt;
1954 3710 2080 3749 nam
2138 3701 2191 3749 et
2235 3696 2525 3761 cujusdam
2582 3695 2850 3763 notarius,
2903 3711 3032 3752 cum
3082 3715 3114 3752 a
3164 3701 3422 3753 dannono
3471 3701 3847 3769 praecipitare-

455 3802 565 3857 tur,
616 3785 885 3840 liberatus
933 3791 1055 3850 est;
1104 3794 1153 3838 et
1194 3786 1567 3853 quorumdam
1618 3784 1987 3853 pr0pinqnus,
2036 3789 2092 3838 et
2140 3783 2432 3854 puerulus,
2476 3791 2529 3838 et
2587 3784 2780 3854 quanti
2816 3784 3039 3840 honesti
3075 3786 3172 3840 viri
3208 3787 3299 3854 (de
3334 3788 3652 3857 vulgaribus
3683 3790 3840 3846 extim

453 3891 570 3931 non
611 3873 876 3944 dicimus)
927 3879 1019 3927 aut
1070 3889 1103 3926 a
1153 3872 1469 3941 daemoniis,
1517 3876 1617 3926 aut
1664 3871 2079 3926 valetudinibus
2127 3870 2416 3926 remediati
2463 3872 2629 3926 suntl
2689 3894 2709 3921 ιι
2754 3873 2896 3927 Τυω
2927 3874 3114 3929 Severi
3148 3875 3306 3929 refert
3340 3876 3695 3946 imperatoris
3744 3895 3849 3933 ex-

452 3964 730 4033 emplum,
763 3961 859 4032 qui
890 3978 921 4016 a
952 3960 1271 4017 Christiano
1303 3960 1552 4025 homine,
1585 3959 1710 4016 oleo
1742 3962 2030 4026 inunctus,
2065 3968 2292 4016 curatus
2323 3960 2539 4016 fuerat:
2574 3982 2601 4009 ‹‹
2650 3960 2773 4031 Ipse
2819 3963 2991 4017 etiam
3041 3963 3297 4031 Severus,
3344 3972 3500 4033 pater
3551 3967 3845 4034 Antonini,

455 4053 907 4109 Christianorum
966 4064 1179 4105 memor
1222 4048 1361 4104 fuit:
1415 4063 1547 4103 nam
1595 4054 1649 4104 et
1701 4048 2005 4104 Proculum
2051 4047 2457 4119 Christianum,
2515 4048 2612 4119 qui
2659 4050 2981 4120 Toparcion
3041 4052 3570 4121 cognominabatur,
3629 4054 3846 4113 Evadite

458 4146 897 4209 procuratorem,
931 4138 1026 4208 qui
1055 4152 1184 4192 eum
1237 4153 1335 4206 per
1383 4136 1571 4191 oleum
1615 4137 1918 4207 aliquando
1974 4143 2281 4205 curaverat,
2342 4135 2650 4208 requisivit,
2703 4148 2757 4193 et
2800 4138 2861 4193 in
2916 4139 3118 4208 palatio
3161 4155 3262 4197 suo
3291 4140 3492 4197 habuit
3543 4157 3721 4212 usque
3776 4144 3846 4201 ad

458 4237 697 4286 mortem
727 4228 868 4297 ejus,
901 4241 1072 4298 quem
1102 4234 1155 4280 et
1182 4226 1496 4280 Antoninus
1542 4225 1753 4294 optime
1803 4232 2031 4280 noverat
2081 4225 2225 4281 lacte
2268 4225 2584 4281 Christiano
2615 4226 2902 4282 educatus.
2936 4250 2964 4277 ‹‹
3017 4227 3320 4297 Scapulam
3379 4231 3606 4286 tandem
3640 4233 3845 4288 admo-

458 4326 577 4387 net,
633 4325 692 4373 ut
737 4334 767 4371 a
812 4315 1257 4371 Christianorum
1329 4314 1732 4385 perquisitione
1781 4322 1983 4384 cesset,
2033 4328 2106 4369 ne
2155 4321 2265 4369 tota
2312 4315 2586 4384 Carthago
2636 4313 3084 4371 Chrtstianorum
3149 4317 3427 4385 sanguine
3500 4318 3841 4389 impleatur:

455 4429 483 4457 ‹‹
515 4406 659 4474 Quid
689 4406 810 4475 ipsa
838 4404 1112 4473 Carthago
1144 4419 1377 4473 passura
1424 4408 1506 4458 est
1550 4403 1884 4458 decimanda
1929 4420 1960 4457 a
2006 4410 2081 4471 te,
2132 4418 2264 4458 cum
2310 4403 2675 4473 propinquos,
2708 4419 2837 4459 cum
2869 4404 3303 4461 contubernales
3333 4422 3465 4462 suos
3488 4393 3493 4398 ’
3519 4408 3642 4463 illic
3668 4424 3844 4465 unus-

453 4496 691 4567 quisque
719 4494 1062 4562 cognoverit,
1111 4507 1241 4548 cum
1286 4492 1486 4547 viderit
1532 4490 1648 4546 illic
1695 4492 1948 4561 fortasse,
1993 4499 2047 4546 et
2091 4491 2169 4546 tui
2229 4491 2445 4547 ordinis
2477 4492 2642 4559 viros,
2676 4501 2731 4548 et
2765 4500 3067 4559 matronas,
3101 4500 3155 4548 et
3203 4495 3546 4565 principales
3592 4513 3850 4570 quasque

454 4600 743 4657 personas,
774 4590 827 4639 et
859 4584 1170 4639 amicorum
1214 4590 1459 4646 tuorum,
1507 4580 1595 4635 vel
1646 4581 2011 4652 propinquos,
2062 4581 2149 4639 vel
2182 4580 2445 4637 amicos?
2476 4586 2651 4637 Parce
2679 4583 3024 4653 Cirtbagini,
3056 4585 3106 4639 si
3141 4600 3256 4641 non
3289 4585 3420 4641 tibi:
3489 4603 3655 4656 parce
3712 4605 3846 4660 pro-

455 4674 675 4741 vinciae,
709 4688 833 4743 quae
860 4673 978 4726 visa
1008 4672 1327 4727 intentione
1376 4678 1487 4739 tua,
1529 4670 1774 4725 obnoxia
1822 4673 1965 4725 facta
2012 4675 2097 4726 est
2134 4670 2628 4735 concussionibus,
2686 4679 2741 4726 et
2790 4670 3057 4740 militum,
3105 4680 3159 4728 et
3199 4674 3557 4731 inimicorum
3612 4693 3845 4733 suorum

453 4761 746 4831 cujusque.
785 4783 812 4809 »
840 4760 971 4816 Haec
1002 4759 1233 4829 idcirco,
1266 4759 1408 4828 quod
1441 4774 1571 4813 cum
1602 4759 1776 4814 semel
1807 4758 2152 4815 innotuisset
2200 4760 2494 4828 praesidem
2525 4759 2863 4814 Christianis
2906 4760 3197 4816 infensum
3248 4777 3396 4829 esse,
3441 4763 3685 4834 gentiles
3729 4771 3847 4820 tur-

455 4849 649 4904 matim
681 4849 739 4903 in
768 4865 865 4904 eos
895 4863 1099 4917 magno
1130 4847 1314 4902 furore
1340 4847 1608 4917 impetum
1644 4847 1846 4914 facere,
1882 4846 2137 4917 praedari,
2186 4854 2356 4917 atque
2402 4862 2642 4903 enecare
2699 4846 2974 4903 solebant.
3021 4852 3294 4905 Cancrum
3356 4851 3500 4907 haud
3559 4853 3846 4922 exstingui

454 4938 846 5008 persecutione
877 4937 1249 4992 Christianam
1280 4937 1631 5007 religionem,
1663 4940 1755 4990 sed
1794 4936 2082 5006 propagari
2112 4936 2321 5005 potius,
2356 4935 2443 4989 his
2469 4936 2652 4991 verbis
2682 4937 2903 5005 adnotat
2931 4953 2944 4991 :
2982 4959 3011 4987 ‹‹
3053 4942 3168 4993 Nec
3214 4944 3405 4995 tamen
3456 4941 3677 4996 deﬁciet
3726 4942 3846 4997 haec

451 5033 624 5093 secta,
653 5042 824 5097 quam
859 5033 993 5081 tunc
1023 5026 1204 5095 magis
1233 5025 1499 5080 aediﬁcari
1531 5026 1697 5092 scias,
1724 5040 1851 5079 cum
1883 5024 2023 5079 caedi
2048 5024 2287 5079 videtur.
2338 5025 2585 5094 Quisque
2637 5024 2729 5079 eui
2826 5033 3035 5081 tantam
3070 5027 3422 5083 tolerantiam
3453 5037 3737 5098 spectans,
3786 5045 3845 5101 ιιι

447 5116 638 5185 aliquo
668 5116 935 5186 scrupulo
966 5129 1288 5185 percussus,
1319 5124 1371 5169 et
1404 5114 1691 5184 inquirere
1721 5113 2075 5181 accenditur,
2108 5112 2245 5183 quid
2271 5113 2341 5167 sit
2371 5115 2429 5168 in
2460 5128 2666 5169 causa:
2699 5120 2753 5169 et
2784 5114 2877 5169 ubi
2908 5116 3231 5186 cognoverit
3285 5117 3592 5186 veritatem,
3625 5127 3680 5175 et
3728 5119 3847 5189 ipse

443 5204 631 5261 statim
663 5208 939 5276 sequitur.
967 5225 997 5253 n
1035 5204 1310 5260 Hactenus
1339 5203 1728 5259 Tertullianus
1756 5203 1825 5257 ad
1853 5199 2170 5270 Scaqulam.
2208 5200 2385 5256 Lamp.

985 5426 1223 5483 CAPUT
1248 5425 1561 5481 PRIMUM.
2203 5420 2262 5476 in
2297 5421 2402 5478 has
2432 5440 2660 5496 pugnas
2687 5426 3131 5492 accedamus,ea
3159 5443 3283 5497 quae
3319 5431 3465 5484 Deus
3488 5427 3849 5501 'repromittit

516 5514 633 5571 Nos
664 5516 895 5587 quidem
943 5532 1131 5588 neque
1164 5513 1625 5586 expavescimns,
1677 5521 1870 5583 neque
1915 5509 2093 5584 perti-
2201 5513 2482 5584 consequi
2513 5516 2805 5584 optantes,
2838 5519 2896 5569 et
2920 5531 2988 5570 ea
3018 5530 3145 5586 quas
3174 5516 3413 5572 diversae
3438 5517 3565 5572 vitae
3596 5517 3845 5573 commi-

446 5603 763 5660 mescimus
810 5621 879 5661 ea
921 5622 1047 5677 quas
1079 5605 1150 5659 ab
1179 5603 1590 5675 ignorantibus
1622 5600 1879 5673 patimur
1912 5617 1925 5655 :
1956 5615 2093 5655 cum
2202 5606 2377 5656 natur
2408 5602 2523 5674 pati
2554 5602 2851 5659 timentes.
2886 5603 3151 5677 Denique
3180 5605 3339 5661 omni
3390 5607 3609 5661 srevitia
3650 5611 3846 5662 vestra

438 5689 690 5746 adhunc
720 5700 960 5764 sectam,
993 5693 1194 5763 utique
1223 5696 1498 5763 suscepta
1548 5690 1881 5746 conditione
1938 5690 2092 5761 ejus,
2200 5695 2629 5758 concertamus.
2679 5692 2854 5748 etiam
2905 5692 3060 5750 ultro
3106 5697 3504 5767 erumpentes,
3538 5694 3843 5767 magisque

410 5776 603 5851 epacti
620 5781 1252 5853 venerimus,ntetiam
1280 5780 1513 5838 animae
1542 5783 1780 5838 nostrae
1808 5776 2093 5837 auctor.“

2198 5779 2461 5841 damnati
2487 5794 2669 5855 quam
2686 5781 2947 5840 obsoleti
2974 5783 3324 5856 gaudemus.
3347 5787 3555 5860 Itaque
3585 5784 3744 5842 hunc
3772 5783 3839 5849 h-
