4262 6354
361 390 475 445 777

1633 388 1864 448 LIBER
1907 389 2010 449 AD
2055 388 2490 450 SCAPULAM.

3646 386 3768 445 778

361 518 579 575 bellum
613 536 726 574 non
762 519 929 574 nobis
958 519 1234 575 timentes
1267 519 1558 587 misimus,
1594 522 1692 575 sed
1735 522 1899 577 vobis
1948 526 2004 577 et
2033 525 2082 590 Α
2117 526 2173 577 et
2204 522 2693 594 ingratis.Tamen
2728 538 3010 591 nos,quos
3041 518 3356 591 sacrilegos
3386 520 3764 589 exisiimatis,

358 609 635 664 omnibus
668 608 924 663 inimicis
952 608 1192 674 nostris,
1225 611 1442 665 nedum
1477 610 1820 667 amicis‘:ita
1849 611 2007 667 enim

357 698 669 770 disciplina
704 699 987 768 jubemur
1035 697 1273 770 diligere
1324 699 1596 754 inimicos
1646 717 1897 771 quoque,
1950 706 2008 757 et

355 804 519 842 orare
576 806 675 858 pro
734 789 817 842 eis
879 786 978 859 qui
1030 803 1134 842 nos
1168 793 1641 859 persequuntur:
1684 795 1746 843 ut
1778 790 1898 844 hinc
1931 792 2009 846 sit

356 878 613 948 perlecta
642 882 700 931 et
728 876 962 947 propria
992 876 1222 931 bonitas
1256 882 1475 939 nostra,
1501 894 1613 931 non
1648 880 2003 933 communis.

362 966 593 1021 Amicos
624 966 779 1020 enim
813 964 1054 1036 diligere
1086 965 1348 1019 omnium
1384 970 1489 1031 est,
1511 966 1779 1022 inimicos
1812 972 2005 1023 autem

358 1054 617 1109 solorum
678 1053 1185 1109 Christianorum.
1250 1054 1355 1118 Qui
1413 1070 1550 1125 ergo
1610 1054 1879 1109 dolemus
1939 1058 2007 1111 de

358 1142 691 1215 ignorantia
722 1147 936 1207 vestra,
973 1148 1029 1197 et
1078 1144 1429 1198 miseremur
1476 1145 1689 1199 erroris
1739 1145 2003 1213 humani,

357 1238 414 1287 ct
443 1232 462 1266 ³
500 1232 697 1286 futura
726 1232 879 1286 699
913 1232 1388 1303 prospicimus,et
1418 1233 1585 1303 signo
1620 1250 1820 1288 eorum
1856 1252 2003 1306 quo-

359 1321 499 1375 tidie
527 1321 799 1375 intentari
830 1320 1100 1376 videmus
1126 1322 1170 1384 ⁸,
1192 1336 1427 1375 necesse
1459 1328 1544 1376 est
1572 1322 1658 1377 vel
1696 1323 1801 1377 hoc
1834 1324 2005 1379 modo

356 1425 661 1480 erumpere
692 1412 762 1463 ad
798 1410 1173 1480 proponenda
1202 1410 1365 1464 vobis
1396 1426 1483 1475 ea,
1508 1426 1631 1480 quae
1664 1409 1855 1481 palam
1889 1429 2005 1467 non

366 1497 540 1553 vultis
575 1497 779 1553 audire
809 1498 911 1569 (1).

1035 1586 1270 1642 CAPUT
1303 1588 1373 1641 ll.

426 1677 539 1732 Nos
570 1693 756 1731 unum
791 1680 972 1732 Deum
1006 1676 1276 1743 colimus,
1300 1692 1471 1747 quem
1505 1693 1739 1732 omnem
1775 1683 2006 1733 natura-

354 1766 486 1820 liter
516 1765 805 1833 nostis,ad
841 1767 1010 1835 cujus
1043 1764 1276 1837 fulgura
1296 1771 1353 1819 et
1374 1766 1630 1821 tonitrua
1663 1768 2007 1821 contremis-

356 1854 485 1909 citis
515 1855 554 1921 ‘,
590 1856 662 1909 ad
694 1856 864 1923 cujus
892 1854 1171 1909 beneficia
1200 1856 1491 1925 gaudetis.
1526 1859 1768 1911 Crateros
1799 1860 1855 1910 et
1890 1856 2001 1927 ipsi
2038 1893 2081 1957 Β

359 1945 577 2014 putatis
608 1944 747 1999 deos
780 1960 930 2009 esse,
965 1960 1113 2014 quos
1146 1960 1250 1999 nos
1276 1944 1573 1999 daemonas
1604 1944 1845 1999 scimus.
1892 1946 2001 2000 Ta-

362 2049 492 2087 men
525 2032 768 2086 humani
793 2032 947 2101 juris
978 2036 1035 2086 et
1065 2032 1348 2086 naturalis
1383 2034 1687 2103 potestatis
1730 2038 1819 2088 est
1869 2034 2002 2089 uni-

357 2122 589 2192 cuique,
641 2122 790 2191 quod
842 2121 1154 2191 putaverit,
1188 2120 1405 2187 colere;
1441 2138 1543 2176 nec
1576 2122 1673 2175 alii
1708 2123 1871 2177 obest
1900 2128 2002 2177 aut

360 2212 615 2282 prodest,
640 2210 877 2265 alterius
910 2210 1128 2278 religio.
1151 2211 1257 2264 Sed
1292 2227 1396 2265 nec
1429 2210 1727 2283 religionis
1767 2218 1855 2267 est
1907 2229 2000 2267 co-

358 2315 492 2371 gere
524 2298 862 2369 religionem
898 2300 996 2369 (2),
1023 2316 1149 2369 qum
1182 2304 1389 2369 sponte
1422 2300 1640 2370 suscipi
1672 2301 1861 2367 debet,
1888 2318 2002 2355 non

358 2392 454 2444 vi:
488 2405 618 2444 cum
652 2395 708 2443 et
739 2389 940 2443 hostia:
972 2390 1042 2442 ab
1076 2390 1271 2443 animo
1304 2389 1506 2443 libenti
1538 2390 2001 2460 expostulentur.

356 2482 442 2533 Ita
472 2477 582 2533 etsi
625 2493 729 2531 nos
761 2476 1163 2547 compuleritis
1213 2478 1282 2531 ad
1340 2478 1806 2544 sacriﬁcsndum,
1857 2478 2003 2533 nihil

357 2566 707 2637 priestabitia
738 2564 850 2620 diis
880 2566 1092 2621 vestris
1126 2582 1138 2620 :
1173 2567 1244 2620 ab
1276 2566 1476 2621 invitis
1516 2568 1672 2623 enim
1718 2568 2007 2623 sacriﬁcia

358 2672 471 2709 non
508 2655 968 2721 desiderabunt;
1002 2654 1117 2708 nisi
1150 2654 1196 2709 si
1245 2656 1594 2712 contentiosi
1643 2661 1811 2724 sunt;
1864 2674 2001 2712 con-

356 2744 647 2798 tentiosus
679 2748 873 2797 autem
907 2744 1050 2797 deus
1087 2760 1199 2798 non
1232 2748 1339 2799 est.
1379 2745 1635 2815 Denique
1668 2746 1768 2816 qui
1799 2750 1886 2801 est
1914 2762 2006 2800 ve-

360 2832 687 2900 rus,omnia
716 2848 821 2886 sua
850 2848 918 2886 ex
942 2847 1106 2903 isquo
1138 2836 1195 2887 et
1226 2833 1484 2904 profanis
1516 2839 1572 2887 et
1603 2835 1727 2889 suis
1753 2839 2004 2907 praestat.

360 2922 610 2992 Ideoque
640 2925 696 2975 et
718 2920 1007 2989 judicium
1041 2922 1350 2976 constituit
1379 2927 1659 2978 aeternum
1712 2925 1781 2977 de
1829 2923 2009 2996 gratis

2117 627 2223 666 nec
2252 612 2308 665 in
2342 612 2497 665 furto
2529 626 2791 681 unquam
2823 609 3539 681 deprehendistis,nedum
3570 610 3628 664 in
3664 628 3763 666 sa-

2116 700 2373 771 crilegio.
2410 702 2624 754 Omnes
2656 705 2852 753 autem
2886 698 2984 769 qui
3017 698 3235 769 templa
3266 698 3597 770 despoliant
3630 700 3670 767 ⁸,
3706 704 3764 755 et

2118 806 2219 860 per
2249 790 2385 843 deos
2413 792 2635 857 jurant,
2684 792 2739 842 et
2786 789 3020 841 eosdem
3071 787 3287 854 colunt,
3339 792 3395 842 et
3442 786 3757 843 Christiani

2117 896 2230 932 non
2264 884 2420 942 sunt,
2454 884 2509 933 et
2540 877 2806 947 sacrilegi
2837 882 3030 931 tamen
3064 876 3757 948 deprehenduntur.Lon-

2115 984 2255 1037 gum
2288 974 2377 1022 est
2410 967 2457 1021 si
2491 976 2839 1032 relexamus,
2873 965 3087 1036 quibus
3119 965 3249 1019 aliis
3284 965 3473 1019 modis
3505 970 3559 1020 et
3608 966 3760 1020 deri-

2117 1058 2365 1111 deantur
2394 1061 2449 1111 et
2480 1060 2931 1111 contemnantur
2962 1071 3163 1109 omnes
3193 1055 3294 1121 dii,
3328 1056 3400 1109 ab
3431 1054 3593 1125 ipsis
3638 1054 3758 1109 cul-

2116 1145 2341 1199 toribus
2368 1144 2609 1199 suis.Sic
2628 1144 2853 1198 etcirca
2887 1143 3247 1213 majestatem
3282 1144 3654 1215 imperatoris
3685 1143 3760 1213 (3)

2115 1234 2493 1298 infamamur,
2512 1238 2704 1287 tamen
2734 1248 3035 1302 nunquam
3070 1231 3444 1297 Albiani,nec
3477 1232 3759 1303 Nigriani,

2114 1322 2200 1377 vel
2225 1322 2484 1378 Cassiani
2510 1324 2587 1391 (fi)
2612 1321 2851 1375 inveniri
2878 1325 3192 1391 potuerunt
3233 1322 3382 1375 700
3422 1320 3760 1387 Christiani,

2116 1413 2217 1467 sed
2252 1412 2401 1465 idem
2437 1411 2547 1483 ipsi
2580 1411 2680 1481 qui
2716 1428 2813 1481 per
2845 1410 3045 1479 genios
3084 1426 3285 1463 eorum
3336 1411 3411 1479 (5)
3462 1409 3521 1463 in
3570 1410 3761 1480 pridio

2116 1516 2303 1571 usque
2326 1501 2701 1571 juraverunt,
2723 1498 2823 1567 qui
2857 1515 2960 1569 pro
2994 1497 3185 1552 salute
3217 1515 3418 1553 eorum
3453 1498 3675 1554 hostias
3705 1504 3763 1554 et

2116 1590 2373 1643 fecerant
2400 1589 2420 1624 ⁸
2451 1593 2507 1643 01
2537 1592 2826 1656 voverant,
2862 1587 2959 1657 qui
2984 1586 3344 1642 Christianos
3390 1604 3540 1659 saepe
3587 1588 3761 1643 dam-

2116 1682 2415 1743 naverant,
2473 1676 2673 1732 hostes
2704 1693 2905 1732 eorum
2939 1681 3079 1730 sunt
3110 1676 3349 1747 reperti.
3390 1676 3760 1732 Christianus

2116 1765 2339 1821 nullius
2370 1774 2458 1822 est
2478 1766 2684 1834 hostis,
2717 1766 2933 1820 nedum
2967 1765 3540 1837 imperatoriszquem
3572 1766 3762 1821 sciens

2116 1854 2281 1909 aDeo
2313 1872 2418 1909 suo
2453 1854 3000 1923 constitui,necesse
3031 1858 3119 1908 est
3140 1857 3275 1908 utet
3308 1854 3500 1924 ipsum
3535 1853 3760 1924 diligat,

2113 1947 2170 1997 et
2202 1948 2551 2012 revereatur,
2584 1948 2642 1997 et
2687 1942 2954 2007 honoret,
3014 1947 3069 1998 et
3122 1942 3348 1998 salvum
3406 1942 3567 2009 velit,
3624 1959 3757 1997 cum

2112 2036 2232 2086 toto
2290 2049 2531 2087 romano
2582 2032 2851 2103 imperio,
2905 2048 3212 2103 quousque
3242 2031 3522 2087 sesculum
3557 2032 3754 2087 stabit.

2112 2122 2336 2176 Tandiu
2370 2121 2523 2177 enim
2558 2121 2754 2176 stabit.
2778 2121 3036 2176 Colimus
3068 2137 3199 2190 ergo
3232 2124 3289 2175 et
3318 2120 3753 2193 imperatorem,

2113 2211 2218 2277 sic,
2253 2211 2543 2281 quomodo
2576 2215 2632 2265 et
2678 2209 2846 2264 nobis
2906 2208 3059 2274 licet,
3120 2215 3175 2265 et
3231 2209 3341 2280 ipsi
3402 2211 3632 2281 expedit
3690 2214 3756 2264 ut

2113 2299 2407 2353 hominem
2457 2316 2490 2353 a
2542 2303 2650 2353 Deo
2682 2298 3029 2363 secundum,
3062 2302 3119 2352 et
3149 2297 3423 2369 quicquid
3460 2303 3549 2353 est
3576 2316 3609 2353 a
3642 2304 3754 2353 Deo

2113 2393 2492 2443 consecutum
2533 2388 2573 2457 ⁷,
2632 2386 2754 2441 0010
2810 2391 2920 2440 Deo
2980 2388 3285 2441 minorem.
3348 2386 3465 2441 Hoc
3519 2392 3577 2441 et
3631 2387 3759 2458 ipse

2112 2477 2281 2531 volet.
2316 2476 2406 2530 Sic
2439 2476 2593 2531 enim
2627 2475 2902 2530 omnibus
2937 2476 3123 2544 major
3152 2479 3264 2544 est,
3295 2475 3433 2529 dum
3467 2475 3591 2531 solo
3624 2492 3759 2530 vero

2116 2566 2230 2621 Deo
2265 2564 2454 2619 minor
2484 2569 2573 2620 est
2608 2581 2619 2619 :
2654 2564 2737 2619 sic
2768 2568 2824 2618 et
2854 2564 2999 2634 ipsis
3033 2563 3146 2618 diis
3206 2564 3392 2634 major
3448 2568 3557 2630 est,
3619 2566 3761 2619 dum

2115 2661 2171 2709 et
2226 2654 2337 2725 ipsi
2396 2653 2455 2707 in
2511 2658 2801 2725 potestate
2862 2658 3001 2707 sunt
3057 2655 3206 2722 ejus.
3258 2653 3460 2723 Itaque
3488 2658 3543 2708 et
3574 2654 3767 2708 sacri-

2117 2745 2363 2799 ﬁcamus
2412 2760 2515 2815 pro
2566 2742 2755 2799 salute
2803 2741 3196 2813 imperatoris,
3254 2742 3351 2796 sed
3407 2744 3518 2797 Deo
3566 2748 3768 2798 nostro

2118 2837 2175 2888 et
2213 2831 2400 2903 ipsius
2453 2848 2465 2885 ε
2519 2833 2643 2900 sed,
2704 2831 2996 2903 quomodo
3056 2831 3331 2902 praecepit
3385 2835 3559 2901 Deus,
3622 2848 3771 2903 pura

2120 2938 2286 2994 prece
2320 2921 2411 2991 (6).
2446 2920 2569 2975 Non
2601 2919 2757 2975 enim
2790 2924 2919 2992 eget
2942 2919 3115 2986 Deus,
3162 2919 3429 2974 conditor
3478 2919 3765 2975 universi-

1777 3040 1979 3100 Varize
2012 3038 2329 3100 lectiones.

432 3132 595 3206 [Nec
626 3131 766 3206 dum
798 3131 967 3206 Ithgnu.
1044 3132 1065 3166 ²
1097 3133 1167 3187 Et
1194 3133 1346 3206 abest
1374 3136 1498 3206 Rig.

1592 3136 1614 3168 ³
1644 3135 1936 3191 Ostentari
1982 3135 2267 3203 videmus,
2300 3132 2473 3203 conjic
2499 3132 2627 3187 Jun.

2721 3131 2740 3165 ‘
2771 3130 3289 3187 Contremiscimus
3321 3129 3488 3185 Rhen.
3586 3131 3607 3164 ⁸
3639 3130 3764 3187 Dis-

359 3202 583 3275 poliant
612 3203 737 3259 alii.
813 3204 835 3239 ⁸
867 3203 1186 3259 Eﬂ‘ecerant
1215 3202 1459 3261 Rhenan:
1536 3208 1554 3240 ⁷
1577 3207 1643 3262 Et
1675 3207 1800 3263 add.
1834 3210 1997 3263 Fran.
2030 3206 2239 3275 Rigalt.

1797 3326 1944 3385 Com
1955 3320 2319 3384 mentarius.

428 3415 505 3487 (1)
562 3415 688 3483 Quae
744 3417 939 3487 palam
990 3434 1101 3472 non
1150 3418 1318 3473 vultis
1375 3421 1593 3474 audire.
1646 3420 1775 3476 Haec
1828 3422 2007 3477 verba
2038 3423 2080 3489 C
2119 3420 2298 3475 intus.
2332 3420 2610 3472 Caterum
2643 3416 2715 3471 ab
2746 3415 2855 3489 hac
2887 3432 2988 3487 per
3018 3414 3221 3487 genios
3265 3419 3554 3472 Caesarum
3604 3418 3765 3488 deje-

360 3492 559 3571 aperte
592 3493 886 3571 testantur
914 3489 1127 3544 librum
1152 3489 1318 3571 bunc
1346 3491 1673 3571 supplicem
1726 3510 1837 3547 non
1889 3498 2008 3571 tra-

360 3560 785 3685 ditumquésse
816 3562 873 3615 in
908 3578 1119 3616 manus
1150 3560 1440 3634 Scapulae,
1466 3560 1570 3618 sed
1603 3570 1829 3620 tantum
1863 3566 2007 3620 mis-

361 3648 516 3686 sum.
598 3650 626 3685 s
707 3649 762 3686 a.

433 3710 508 3779 (2)
538 3709 638 3785 Sed
666 3727 765 3765 nec
796 3711 1077 3781 religionis
1103 3716 1180 3767 est
1211 3729 1396 3783 cogere
1445 3716 1789 3785 religionem.
1842 3716 2008 3770 Forte

362 3781 554 3837 locum
614 3782 771 3836 hunc
829 3784 1170 3854 detorqueat
1226 3781 1297 3839 ad
1342 3781 1633 3841 sectarum
1686 3787 2005 3853 licentiam,

365 3854 700 3909 annotanda
730 3855 886 3910 venit
916 3858 1185 3911 Auctoris
1215 3859 1503 3912 sententia
1549 3860 1889 3914 earumdem
1939 3860 2007 3913 li-

364 3925 573 3981 bertati
609 3942 847 3995 prorsus
879 3928 1171 3982 contraria
1200 3928 1367 3982 initio
1399 3930 1711 4002 Scorpiaci.
1752 3936 1887 3985 Pax.

435 4005 510 4079 (3)
546 4004 710 4079 Circa
739 4007 1076 4079 majestalem
1100 4011 1556 4079 imperatorisDe
1586 4010 1831 4066 crimine
1864 4011 2008 4065 1010εο

372 4077 692 4153 majestatis
722 4076 849 4132 vide
881 4084 939 4131 L.
973 4078 1030 4131 in
1061 4076 1485 4153 quaestionibus
1521 4086 1581 4146 D,
1617 4083 1688 4137 ad
1740 4082 1852 4153 leg.
1911 4085 2006 4137 Ju-

368 4148 512 4202 liam
539 4150 748 4219 majesl,
782 4156 839 4203 et
870 4154 1058 4204 totum
1080 4148 1255 4207 illum
1308 4153 1543 4207 titulum
1593 4148 1827 4209 evolve."
1860 4156 2011 4209 (litat

368 4219 449 4273 La
477 4218 661 4275 Cerda
691 4220 729 4274 l.
762 4222 1097 4295 meminisse,
1130 4240 1253 4293 quas
1286 4225 1362 4278 sit
1393 4224 1492 4279 illa
1521 4225 1611 4279 lex
1654 4226 1860 4281 docere
1911 4228 2007 4280 de-

367 4290 514 4345 buit.
550 4292 626 4345 Ls
656 4296 759 4345 Pa.

408 4306 514 4346 unt.
551 4306 626 4345 LE
656 4306 759 4347 PR.

436 4363 738 4437 (4)7Tamen
765 4380 1053 4437 nunquam
1081 4366 1381 4433 Albiniani,
1428 4383 1527 4421 nec
1573 4368 1847 4437 Nigriani,
1900 4372 2007 4422 etc.

366 4433 644 4508 glaudius
675 4433 943 4490 Albinus.
979 4442 1043 4490 ut
1074 4438 1275 4492 scribit
1317 4433 1683 4508 Spartianus,
1733 4433 2013 4493 adversus

367 4504 642 4578 Severum
678 4508 820 4578 imp.
856 4508 1154 4562 rebellavit
1184 4510 1240 4563 in
1280 4504 1483 4564 Gallia.
1528 4504 1727 4564 Victus
1783 4518 1872 4566 est
1920 4512 2013 4565 die

368 4577 682 4652 undecimo,
703 4577 831 4633 Kal.
867 4580 1124 4648 Martias,
1159 4582 1311 4652 apud
1345 4582 1677 4637 Tinurtium
1712 4598 1724 4635 :
1759 4588 1815 4637 et
1841 4585 2013 4637 cada-

361 4664 459 4703 ver
488 4656 624 4723 ante
656 4651 893 4705 domum
930 4651 1225 4723 proprtam
1248 4655 1370 4723 jam
1405 4654 1759 4719 divisum,in
1788 4655 2015 4709 Rhoda-

366 4736 508 4775 num
562 4722 800 4777 ﬂuvium
862 4722 1152 4793 abjectum
1213 4722 1319 4779 001.
1382 4725 1502 4778 Non
1564 4725 1833 4780 dissimili
1899 4728 2013 4779 fato

2120 3491 2287 3545 randi
2320 3489 2763 3554 consuetudine,
2797 3488 2960 3543 video
2994 3492 3198 3560 natum
3235 3492 3300 3543 ut
3330 3492 3575 3560 ipostea,
3610 3491 3765 3560 apud

2116 3563 2477 3619 Christianos
2510 3561 2803 3631 principes
2836 3576 2938 3631 per
2968 3559 3215 3614 salutem
3252 3562 3404 3631 regis
3435 3565 3536 3615 aut
3566 3559 3774 3617 libero-

2118 3652 2249 3689 rum
2280 3636 2407 3703 ejus
2432 3635 2749 3703 juraretur.
2786 3632 2947 3695 Quod
2982 3636 3179 3686 tamen
3213 3632 3267 3685 in
3306 3632 3479 3703 legib.
3520 3632 3769 3689 Franco-

2119 3724 2247 3762 rum
2284 3721 2480 3760 severe
2513 3705 2872 3771 prohibitum
2903 3708 3154 3758 constat.
3193 3704 3271 3757 10.

2188 3778 2265 3849 (6)
2320 3777 2717 3849 Sacri/icamus
2773 3776 3032 3849 quomodo
3088 3775 3356 3849 praecepit
3415 3775 3769 3849 ραι-Ἡραῖα

2114 3845 2290 3921 prece.
2350 3849 2585 3919 Absque
2644 3848 2834 3902 thure.
2897 3845 3119 3918 absque
3152 3847 3406 3901 victima.
3440 3846 3532 3921 Sic
3564 3845 3666 3901 lib.
3701 3848 3768 3901 de

2117 3918 2341 3989 Pwnit.,
2376 3943 2401 3968 ‹‹
2437 3918 2673 3975 Pastum
2708 3924 2764 3974 et
2794 3922 2993 3989 potum
3029 3936 3175 3988 pura
3208 3934 3401 3985 nosse,
3433 3938 3460 3966 »
3496 3918 3605 3972 hoc
3654 3923 3763 3987 est,

2120 4009 2278 4047 mero
2312 4008 2457 4062 pane
2487 3997 2543 4047 et
2572 4008 2741 4062 aqua.
2774 3992 2869 4045 Sic
2901 3990 3200 4045 Juvenalis
3234 4006 3247 4044 :

2253 4115 2553 4164 Observant
2582 4114 2671 4163 ubi
2701 4114 2835 4164 festa
2869 4127 3015 4163 mero
3041 4112 3175 4176 pede
3207 4111 3424 4161 sabbata
3455 4126 3624 4175 reges,

2120 4231 2179 4286 Id
2216 4235 2323 4297 est,
2359 4233 2515 4287 nudo
2556 4232 2721 4301 pede.
2786 4235 2983 4300 Itaque
3043 4245 3188 4298 pura
3245 4244 3430 4299 prece,
3489 4228 3597 4283 hoc
3654 4233 3762 4296 est,

2122 4304 2246 4358 sola
2275 4309 2331 4357 et
2362 4305 2519 4358 nuda
2549 4300 2908 4368 oratione,de
2930 4307 3119 4355 mente
3150 4304 3352 4354 sancta
3369 4300 3761 4356 etinnocenti.

2121 4376 2665 4447 Olferebantgentes
2683 4374 2795 4447 diis
2812 4372 2979 4447 v_anis
2999 4371 3378 4447 inanimaaut
3394 4372 3769 4447 bruta,tbura

2122 4452 2221 4501 aut
2254 4443 2790 4502 boves.l)hristiani
2834 4445 2948 4498 Deo
3003 4459 3139 4497 vero
3198 4443 3449 4497 oil'erunt
3506 4446 3762 4497 animum

2123 4518 2491 4583 rationalem,
2553 4518 2756 4572 laudes
2814 4522 2870 4569 et
2916 4514 3133 4585 gratias
3162 4514 3450 4569 dicentem
3485 4516 3618 4569 Deo.
3656 4516 3771 4570 Hoc

2124 4592 2336 4644 diserte
2365 4589 2611 4661 explicat
2637 4589 3027 4661 Athenagoras
3052 4586 3339 4661 legatione
3361 4587 3461 4661 illa
3485 4605 3584 4657 pro
3608 4588 3772 4661 Chri-

2124 4663 2332 4717 stianis
2362 4658 2821 4716 ad'Antoninum
2856 4658 3336 4722 etCommodum,
3371 4660 3568 4713 citatis
3598 4660 3771 4714 etiam

2124 4734 2286 4788 Pauli
2322 4733 2532 4793 verbis,
2566 4734 2774 4801 quibus
2808 4731 3061 4784 hostiam
3094 4730 3391 4801 describit,
3434 4729 3613 4801 (los-im
3670 4734 3770 4797 ζῶ-

369 4793 720 4877 Pescepnius
750 4795 926 4866 Niger
956 4812 994 4877 a_
1019 4796 1270 4867 Syriacis
1318 4796 1646 4877 legionibus
1697 4799 2010 4877 imperator

2125 4825 2240 4869 σαν,
2275 4804 2445 4877 ἁγίαν,
2480 4793 2759 4875 εὐάρεστον
2790 4805 2867 4870 τῷ
2898 4802 3031 4867 Θεῶ,
3056 4873 3062 4877 Δ
3086 4803 3183 4877 Thy
3233 4793 3464 4873 λογάήν
3523 4793 3769 4871 λατρενίαν

368 4863 699 4948 appellatus
729 4863 931 4948 contra
962 4863 1262 4948 Severum,
1285 4869 1714 4948 tandemapud
1746 4863 2014 4948 C'jfzicum
2047 4863 2089 4877 ν
2114 4863 2287 4948 ὑμῶν.
2321 4863 2450 4947 ipse
2480 4863 2874 4948 Tertullianus
2925 4875 2982 4948 in
3021 4863 3377 4943 'Apo'logeti'co
3422 4863 3446 4948 ξ
3495 4897 3521 4923 α

366 4938 439 5008 ab
470 4939 671 5008 eodem
704 4944 793 4993 est
826 4940 1231 5008 interemptus.
1268 4944 1344 4993 At
1382 4938 1628 4995 Avidius
1657 4938 1914 5007 Cassius,
1951 4958 2021 4995 ex

366 5007 592 5083 familia
621 5007 1088 5083 Qassiorumqui
1121 5012 1174 5063 in
1202 5010 1485 5066 C..lulium
1523 5014 2016 5083 conspiravcrunt,

368 5079 432 5151 L.
468 5078 615 5133 Vero
648 5080 981 5151 imperatori
1004 5078 1261 5137 insidias
1316 5083 1548 5150 struxit,
1598 5078 1826 5139 occisus
1886 5092 2015 5138 tan-

367 5150 496 5221 dem
533 5167 644 5205 non
673 5150 919 5221 ju’bente
949 5153 1175 5221 illo,sed
1212 5160 1405 5209 tamen
1440 5173 1549 5207 non
1586 5162 1835 5211 vetante.
1873 5156 2017 5211 Hinc

366 5220 738 5301 ς0101010000,
770 5220 1082 5301 Nigrianos
1140 5232 1197 5279 et
1228 5229 1535 5301 Cassianos
1566 5234 1731 5301 vocat
1784 5229 2015 5283 Tertul-

366 5291 985 5370 lianusdefectiouum
1020 5299 1265 5352 istarum
1296 5298 1583 5361 conscios,
1632 5300 1715 5354 sic
1764 5301 1819 5353 in
1870 5306 2018 5370 Apo-

368 5364 483 5441 108ἶ
523 5386 545 5415 a
583 5365 765 5441 Unde,
796 5368 1008 5438 inquit,
1067 5370 1249 5423 Cassii
1305 5376 1359 5423 et
1418 5370 1604 5441 Nigri,
1663 5378 1717 5426 et
1778 5364 2021 5427 Albini?

366 5438 524 5563 tande
582 5438 680 5509 qui
741 5440 895 5494 inter
952 5441 1099 5495 duas
1146 5444 1343 5495 lauros
1388 5438 1659 5497 obsident
1690 5443 2020 5498 Caesarem?

422 5525 553 5563 BEN.

422 5525 553 5563 BEN.

439 5588 517 5662 (5)
578 5588 679 5643 Sed
736 5591 903 5645 illlam
957 5593 1091 5658 ipsi,
1143 5594 1238 5662 qui
1265 5609 1363 5660 per
1394 5596 1579 5657 genios
1609 5610 1815 5649 eorum.
1850 5599 1930 5649 Ita
1963 5594 2019 5647 in

370 5661 596 5739 Apolog
626 5668 799 5739 atque
832 5666 971 5717 adeo
1000 5661 1204 5739 omnes
1239 5664 1453 5739 illisub
1476 5666 2025 5736 ipsausqueimpie-

371 5732 512 5809 tatis
538 5736 937 5809 _eruptionc,et
969 5754 1135 5790 sacra
1169 5736 1460 5809 faciebant
1492 5732 1808 5809 prorsalute
1841 5732 2023 5809 ini—pe-

373 5802 609 5871 ratoris,
642 5811 697 5860 et
726 5808 965 5877 genium
998 5810 1129 5878 ejus
1162 5802 1523 5880 dejerabant,
1564 5808 1663 5866 alii
1712 5811 1875 5881 foris,
1926 5802 2025 5866 alii

691 5932 958 6003 Panon,
1003 5935 1053 5998 Ι.
1093 5988 1097 5994 ,

3575 4876 3771 4929 Offern

2116 4946 2373 5019 opimam
2402 4957 2459 5003 et
2484 4951 2764 5015 majorem
2800 4947 3049 5000 hostiam
3089 4954 3403 5019 tieo,quam
3436 4946 3561 5015 ipse
3592 4964 3765 5001 man-

2129 5018 2305 5087 davit,
2340 5021 2657 5074 orationem
2694 5020 2763 5072 de
2784 5035 2958 5072 carne
2992 5018 3223 5087 pudica,
3259 5018 3331 5071 de
3361 5020 3560 5072 anima
3598 5020 3769 5072 inno-

2130 5092 2304 5151 centi.
2339 5094 2408 5145 de
2438 5092 2655 5162 Spiritu
2690 5100 2890 5145 sancto
2940 5089 3368 5162 profectamzu
3411 5090 3505 5162 Et,
3536 5088 3633 5143 lib.
3686 5106 3770 5162 iv,

2129 5182 2253 5234 cap.
2296 5165 2311 5216 l
2350 5159 2560 5218 advers.
2598 5164 2947 5234 Marcioncm,
2983 5160 3050 5215 ad
3086 5160 3225 5234 illud
3264 5159 3592 5234 Malacbiaa:
3621 5160 3773 5234 «ΟΥ-

2132 5231 2310 5291 fertur
2346 5237 2563 5289 nomini
2610 5250 2733 5289 meo
2767 5233 2983 5287 oblatio
3016 5233 3258 5295 munda,
3289 5250 3315 5281 η
3367 5232 3587 5285 scilicet
3632 5231 3773 5283 sim-

2131 5310 2260 5379 plex
2292 5310 2475 5361 oratio
2507 5309 2576 5361 de
2607 5305 2963 5359 conscientia
2996 5320 3160 5373 pura.
3189 5303 3255 5355 Et
3303 5318 3428 5379 cap,
3477 5304 3533 5369 9,
3586 5302 3773 5379 homi-

2131 5374 2264 5435 nem
2298 5382 2380 5433 ait
2411 5381 2614 5433 ofl'erre
2644 5380 2852 5432 debere
2887 5392 3101 5429 munus
3135 5380 3245 5427 Deo
3275 5374 3427 5442 apud
3463 5374 3778 5443 templum,

2131 5451 2451 5507 orationem
2488 5451 2708 5504 scilicet
2735 5456 2791 5503 et
2823 5449 3106 5502 actionem
3140 5445 3460 5516 gratiarum
3494 5446 3647 5516 apud
3684 5446 3783 5498 Ec-

2132 5524 2392 5587 clesium,
2430 5540 2528 5592 per
2578 5526 2879 5576 0001οτοΜ
2925 5519 3116 5592 {esum
3146 5514 3548 5569 ’catholicum'
3588 5517 3779 5592 Patris

2134 5588 2516 5648 sacerdote—tn.
2579 5592 2862 5646 Minutius
2924 5588 3098 5645 Felix.
3155 5593 3537 5657 posteaquam
3588 5588 3777 5643 dixit:

2135 5690 2159 5715 (ι
2198 5666 2449 5719 Delubra
2477 5672 2533 5718 et
2564 5682 2693 5718 aras
2727 5680 2837 5715 non
2875 5661 3219 5725 habemus,»
3252 5658 3475 5715 additzu
3514 5658 3779 5714 Litabilis

2136 5738 2318 5793 hostia
2355 5738 2543 5790 bonus
2576 5736 2831 5794 animus,
2873 5737 2930 5786 et
2989 5748 3132 5801 pura
3194 5746 3377 5795 meus,
3438 5739 3497 5787 et
3553 5730 3781 5786 sincera

2138 5810 2446 5865 sententia.
2482 5808 2609 5863 Haec
2660 5810 2864 5861 nostra
2920 5803 3227 5868 sacrificia,
3285 5801 3405 5857 haec
3458 5802 3555 5861 Dei
3612 5820 3779 5861 sacra

3378 5932 3456 5991 28
