4262 6384
381 362 493 423 ’181

1655 362 1887 423 LIBER
1932 363 2033 421 AD
2078 361 2495 423 SCAPULAM
2508 404 2524 420 .

3672 360 3795 423 782

381 511 559 551 causa
611 492 1004 565 interpellatio
1042 493 1374 565 sanguinis,
1406 493 1540 565 (16).
1574 494 1680 549 Sed
1734 497 2029 549 memento
2060 497 2111 563 Α
2144 498 2289 549 Nam
2304 493 2679 549 etProculum
2694 494 3094 550 Christianum
3115 494 3547 567 quiTorpacion
3580 510 3796 568 cogno-

382 586 453 641 de
483 588 692 639 caetero
721 584 855 656 (t7).

1042 673 1274 729 CAPUT
1308 674 1403 730 ιν.

453 764 579 819 Non
627 769 682 819 te
728 768 1039 834 terremus,
1100 763 1196 835 qui
1249 781 1351 818 nec
1411 763 1718 819 timemus:
1772 764 1872 818 sed
1931 779 2029 818 ve-

382 852 483 907 lim
518 857 582 906 ut
638 868 842 907 omnes
882 851 1071 906 salvos
1127 852 1314 907 facere
1368 853 1686 923 possimus,
1739 852 2029 906 monendo

389 941 465 1012 μὴ
500 944 815 1013 θεομαχεῖν.
870 941 1039 996 Potes
1105 945 1160 995 et
1210 942 1402 996 ofﬁcio
1434 940 1868 1011 jurisdictionis
1917 946 2031 995 tua;

380 1031 567 1102 fungi,
600 1035 658 1085 et
704 1030 1089 1085 humanitatis
1140 1031 1505 1097 meminisse,
1552 1030 1639 1085 vel
1673 1030 1812 1099 quia
1841 1033 1899 1083 et
1925 1045 2029 1083 vos

378 1119 486 1175 sub
515 1118 710 1190 gladio
728 1119 889 1174 estis.
925 1119 1071 1184 Quid
1092 1119 1247 1174 enim
1283 1118 1541 1191 amplius
1570 1118 2026 1184 tibimandatur,

376 1224 551 1277 quam
574 1212 848 1262 nocentes
878 1208 1175 1263 confessos
1200 1208 1501 1277 damnare,
1526 1215 1808 1279 negantes
1832 1212 2026 1262 autem

380 1296 449 1351 ad
484 1300 773 1351 tormenta
823 1311 1092 1351 revocare
1116 1296 1143 1351 ‘2
1176 1296 1392 1353 Videtis
1425 1313 1561 1368 ergo
1592 1298 1881 1367 quomodo
1916 1295 2029 1367 ipsi

380 1401 480 1440 vos
510 1391 716 1440 contra
777 1386 934 1441 703
996 1386 1275 1440 mandata
1334 1387 1582 1454 faciatis,
1635 1392 1699 1441 ut
1730 1388 2029 1442 confessos

381 1491 592 1546 negare
623 1474 867 1547 cogatis.
936 1475 1095 1529 Adeo
1131 1475 1489 1529 confitemini
1534 1475 1871 1530 innocentes
1902 1490 2030 1530 esse

2139 583 2493 649 minabatur,
2528 583 2810 639 Eubodeze
2872 584 2917 617 ³⁵
2967 590 3423 655 procuratorem,
3472 584 3575 655 qui
3652 601 3789 641 eum

2141 689 2242 745 per
2270 674 2463 727 oleum
2521 672 2833 742 aliquando
2898 678 3222 741 curaverat,
3284 673 3609 744 requisivit,
3643 678 3700 729 et
3731 674 3791 729 in

2140 762 2355 833 palatio
2390 779 2495 817 suo
2556 762 2763 817 habuit
2793 779 2982 833 usque
3031 764 3099 816 ad
3138 768 3384 818 mortem
3415 763 3576 832 ejus:
3610 779 3787 834 quem

2139 850 2545 906 etAntoninus
2576 850 2795 921 optimc
2838 857 3077 907 noverat
3107 851 3254 907 lacte
3286 851 3616 907 Christiano
3640 853 3788 907 edu-

2140 946 2307 995 catus
2342 941 2403 993 ετ.
2440 941 2549 995 Sed
2574 944 2630 994 et
2659 939 3022 995 clarissimas
3054 940 3302 995 feminas
3335 946 3392 994 et
3422 941 3787 997 clarissimos

2138 1029 2293 1083 viros
2325 1028 2571 1083 Severus
2603 1028 2796 1083 sciens
2848 1028 3027 1099 hujus
3059 1035 3225 1084 secta:
3284 1045 3432 1098 esse,
3464 1045 3579 1085 non
3612 1030 3786 1085 modo

2140 1136 2254 1173 non
2284 1118 2451 1187 lzrsit,
2474 1135 2673 1173 verum
2705 1124 2761 1173 et
2782 1119 3116 1173 testimonio
3149 1119 3464 1185 exornavit,
3491 1123 3549 1174 et
3573 1118 3785 1191 pepulo

2142 1209 2353 1261 furenti
2389 1208 2442 1261 in
2467 1224 2571 1263 nos
2603 1206 2793 1279 palam
2820 1207 3051 1262 restitit.
3086 1208 3315 1263 Marcus
3346 1224 3580 1279 quoque
3608 1210 3789 1263 Aure-

2139 1296 2253 1352 lius
2280 1297 2341 1352 in
2380 1296 2723 1352 Germanica
2770 1295 3132 1367 expeditione
3173 1295 3638 1353 Christianorum
3672 1299 3789 1352 mi-

2140 1385 2309 1440 litum
2352 1385 2718 1440 orationibus
2754 1386 2823 1439 ad
2874 1384 3059 1440 Deum
3111 1385 3298 1452 factis,
3348 1385 3566 1441 imbres
3598 1386 3656 1440 in
3688 1385 3787 1440 siti

2138 1474 2238 1530 illa
2284 1474 2636 1546 impretavit.
2671 1474 2913 1540 Quando
2958 1491 3072 1529 non
3138 1474 3672 1545 geniculationibus
3730 1477 3789 1529 et

384 1580 511 1630 nos,
572 1578 719 1635 quos
771 1566 1053 1618 damnare
1108 1564 1305 1618 statim
1374 1580 1443 1618 ex
1499 1564 1864 1619 confessione
1912 1579 2027 1617 non
2130 1562 3789 1635 jejunationibusnostrisetiamsiccitatessuntdepulsaa?

381 1651 576 1707 vultis.
610 1652 667 1706 Si
708 1656 903 1707 autem
959 1652 1315 1707 contenditis
1362 1653 1434 1706 ad
1492 1652 1794 1707 elidendos
1825 1668 1930 1706 nos
1962 1653 2026 1719 2°,

377 1742 504 1812 jam
537 1757 673 1813 ergo
736 1741 1126 1796 innocentiam
1183 1741 1549 1812 expugnatis.
1586 1742 1797 1806 Quanti
1829 1746 2027 1795 autem

384 1831 680 1901 praesides,
714 1835 772 1885 et
805 1832 1232 1885 constantiores
1262 1836 1320 1884 et
1348 1828 1722 1894 crudeliores,
1747 1829 2027 1884 dissimu-

379 1917 653 1975 laverunt
678 1920 750 1975 ab
785 1919 1125 1989 bujusmodi
1153 1920 1348 1974 causis
1374 1918 1384 1972 !
1422 1924 1485 1973 ut
1504 1918 1740 1973 Cincius
1757 1919 2025 1985 Severus,

380 2010 477 2078 qui
506 2008 739 2079 Thystri
772 2009 816 2043 ²¹
854 2008 976 2079 ipse
1018 2007 1178 2062 dedit
1206 2008 1319 2079 (18)
1352 2008 1698 2077 remedium,
1732 2008 2025 2079 quomodo

385 2097 809 2169 responderent
864 2097 1203 2163 Christiani,
1264 2103 1327 2151 ut
1373 2097 1589 2152 dimitti
1648 2102 1917 2168 possent;
1965 2100 2026 2151 ut

384 2185 749 2257 Vespronius
780 2186 1107 2251 Candidus,
1157 2186 1256 2257 qui
1304 2186 1699 2242 Christianum
1732 2187 1903 2255 quasi
1940 2190 2030 2239 tu-

382 2274 749 2331 multuosum
783 2274 1007 2330 civibus
1041 2275 1167 2330 suis
1201 2274 1539 2332 satisfacere
1566 2276 1677 2346 (19)
1707 2274 2029 2340 dimisit;ut

383 2368 587 2435 Asper,
621 2363 720 2434 qui
779 2364 1003 2419 modice
1060 2370 1330 2419 vexatum
1391 2363 1710 2429 hominem,
1739 2369 1794 2419 et
1824 2365 2024 2419 statim

383 2453 695 2523 dejectum,
758 2469 862 2508 nec
916 2452 1273 2508 sacrificium
1316 2451 1598 2523 compulit
1652 2454 1859 2522 facere,
1893 2457 2026 2508 ante

383 2542 684 2613 professus
716 2541 868 2597 inter
901 2542 1212 2596 advocatos
1244 2546 1301 2596 et
1355 2558 1708 2607 assessores,
1738 2541 1933 2597 dolere
1965 2558 2027 2597 se

381 2629 659 2685 incidisse
682 2631 740 2684 in
774 2630 924 2685 hanc
946 2646 1185 2685 causam
1209 2630 1276 2684 9³.
1310 2631 1544 2685 Pudens
1576 2632 1750 2708 etiam
1778 2632 2025 2686 missum

382 2719 454 2774 ad
487 2734 549 2774 se
579 2719 970 2774 Christianum
1032 2718 1089 2772 in
1146 2717 1333 2790 elogio
1364 2720 1747 2774 concussione
1777 2720 1905 2790 ejus
1932 2719 2027 2773 in-

382 2806 611 2863 tellecta
641 2809 752 2878 (20)
811 2806 1079 2872 dimisit,
1134 2808 1320 2861 scisso
1374 2808 1575 2863 eodem
1634 2808 1844 2880 elogio,
1901 2808 2029 2863 sine

384 2902 722 2952 accusatore
753 2912 976 2967 negans
1008 2912 1070 2950 se
1103 2895 1444 2951 auditurum
1480 2896 1780 2951 hominem
1815 2913 2028 2951 secun-

383 2986 524 3040 dum
586 2984 933 3039 mandatum
967 2984 1032 3039 93.
1067 2984 1195 3039 Haec
1254 2985 1449 3040 omnia
1480 2985 1586 3040 tibi
1642 2990 1699 3040 et
1738 2986 1807 3040 de
1837 2986 2029 3041 officio

382 3073 610 3144 suggeri
632 3079 899 3144 possunt,
934 3073 1079 3127 etab
1118 3073 1344 3127 eisdem
1371 3073 1665 3129 advocatis
1694 3074 1759 3138 ²⁴,
1784 3074 1883 3144 qui
1916 3072 2029 3144 ipsi

383 3161 664 3216 beneﬁcia
694 3162 909 3216 habent
965 3159 1456 3227 Christianorum,
1513 3161 1645 3216 licet
1683 3161 2026 3232 acclament,

2139 1653 2302 1707 Tunc
2348 1659 2403 1708 et
2451 1651 2704 1724 populus
2763 1652 3095 1707 acclamans
3150 1654 3256 1708 Deo
3313 1652 3541 1708 deorum
3589 1653 3656 1720 2⁸,
3690 1654 3786 1724 qui

2136 1743 2280 1796 solus
2309 1746 2497 1813 potens
2548 1742 2612 1806 ’9,
2645 1740 2704 1795 in
2735 1740 2894 1796 Jovis
2949 1743 3184 1796 nomine
3242 1744 3352 1796 Deo
3386 1747 3580 1797 nostro
3610 1741 3782 1797 testi-

2139 1831 2397 1884 monium
2432 1830 2704 1884 reddidit.
2730 1834 2943 1884 Praeter
2964 1831 3008 1864 ³ο
3031 1830 3149 1883 haec
3174 1830 3509 1899 depositum
3540 1846 3654 1885 non
3678 1831 3781 1885 ab-

2139 1918 2901 1989 negamus,matrimonium
2926 1918 3148 1974 nullius
3182 1921 3331 1974 704
3355 1919 3782 1987 adulteramus,

2138 2007 2395 2079 pupillos
2427 2008 2516 2079 pie
2546 2012 2889 2077 tractamus,
2922 2007 3320 2080 indigentibus
3343 2008 3780 2079 refrigeramus,

2138 2095 2285 2151 nulli
2319 2096 2539 2152 malum
2585 2114 2686 2168 pro
2740 2096 2891 2152 malo
2951 2097 3278 2152 reddimus.
3341 2096 3629 2161 Viderint,
3681 2098 3782 2167 qui

2137 2192 2355 2241 sectam
2391 2187 2777 2252 mentiuntur,
2810 2202 2957 2255 quos
3003 2190 3060 2241 et
3103 2186 3214 2256 ipsi
3245 2201 3610 2240 recusamus.
3643 2186 3784 2249 Quis

2137 2274 2387 2345 denique
2441 2275 2512 2329 de
2562 2275 2731 2329 nobis
2777 2274 2888 2329 alio
2930 2274 3166 2329 nomine
3210 2274 3477 2345 queritur
3504 2274 3597 2329 3‘?
3627 2275 3782 2345 quod

2138 2363 2295 2418 aliud
2325 2362 2626 2434 negotium
2661 2363 2881 2433 patitur
2918 2362 3309 2427 Christianus,
3342 2363 3455 2417 nisi
3490 2379 3607 2417 suae
3652 2379 3784 2417 sec-

2136 2452 2233 2507 tua?
2265 2469 2441 2524 quam
2476 2452 2780 2519 incestam,
2804 2469 2981 2523 quam
3008 2452 3312 2519 crudelem,
3337 2457 3498 2507 tanto
3521 2457 3783 2523 tempore

2136 2558 2307 2596 nemo
2339 2541 2623 2612 probavit.
2680 2546 2787 2596 Pro
2844 2546 3006 2595 tanta
3056 2541 3412 2607 innocentia,
3459 2558 3561 2612 pro
3617 2547 3784 2595 tanta

2142 2631 2446 2702 probitate,
2482 2631 2857 2701 projustitia,
2898 2647 3000 2701 pro
3035 2630 3338 2701 pudicitia,
3375 2647 3476 2701 pro
3506 2631 3643 2693 fide,
3678 2647 3780 2701 pro

2139 2720 2397 2786 veritate,
2451 2735 2555 2789 pro
2605 2723 2718 2773 Deo
2774 2719 2924 2785 vivo,
2967 2735 3335 2785 cremamur;
3369 2720 3525 2789 quod
3559 2736 3663 2775 nec
3693 2735 3783 2774 sa-

2140 2808 2360 2878 crilegi,
2395 2824 2500 2862 nec
2557 2806 2755 2862 hostes
2789 2807 3030 2879 publici,
3092 2824 3295 2863 verum
3324 2808 3370 2842 ³2
3403 2825 3507 2863 nec
3537 2812 3624 2863 tot
3654 2824 3783 2862 ma-

2132 2896 2365 2967 jestatis
2396 2896 2475 2951 rei
2512 2896 2628 2966 pati
2660 2895 2868 2951 solent.
2906 2895 3052 2953 Nam
3086 2900 3142 2949 et
3171 2912 3327 2950 nunc
3358 2912 3391 2950 a
3423 2897 3668 2967 praeside
3700 2894 3781 2951 le-

2139 2985 2352 3055 gionis,
2370 2988 2427 3039 et
2447 3002 2480 3039 a
2504 2984 2748 3054 praeside
2771 2984 3137 3039 Mauritaniae
3156 2988 3398 3038 vexatur
3414 2983 3523 3038 hoc
3546 3000 3781 3051 nomen,

2140 3075 2239 3128 sed
2273 3072 2463 3144 gladio
2491 3078 2685 3140 tenus,
2720 3073 2874 3128 sicut
2902 3077 2959 3127 et
3005 3090 3037 3127 a
3071 3072 3388 3143 primordio
3440 3072 3785 3125 mandatum

2139 3168 2227 3218 est
2248 3161 2632 3216 animadverti
2655 3160 2714 3215 in
2746 3160 3108 3231 bujusmodi.
3145 3160 3256 3216 Sed
3278 3161 3502 3231 majora
3519 3160 3787 3214 certami-

383 3267 511 3321 quse
543 3249 743 3305 volunt
772 3250 837 3304 2⁵.
872 3250 1018 3305 Nam
1059 3256 1115 3305 et
1170 3250 1478 3318 cujusdam
1537 3252 1801 3306 notarius
1831 3267 1963 3305 cum
1999 3268 2032 3307 a
2062 3252 2104 3317 C
2145 3267 2238 3320 na,
2274 3251 2497 3320 majora
2528 3255 2858 3321 sequuntur
2887 3249 3147 3321 praemia.

382 3340 643 3394 daemone
674 3339 1150 3410 praecipitaretur,
1189 3337 1473 3394 liberatus
1504 3343 1593 3395 est
1616 3357 1635 3393 :
1666 3344 1721 3395 et
1752 3356 2028 3411 quorum-
2078 3404 2079 3407 η

382 3429 517 3483 dam
547 3427 915 3499 propinquus
933 3432 989 3482 et
1021 3426 1326 3499 puerulus,
1353 3434 1408 3482 et
1437 3429 1640 3499 quanti
1661 3428 1893 3484 honesti
1924 3429 2031 3482 viri

381 3517 475 3589 (de
509 3516 849 3588 vulgaribus
881 3516 1038 3570 enim
1080 3532 1193 3570 non
1226 3516 1497 3589 dicimus)
1530 3522 1631 3572 aut
1661 3535 1694 3572 a
1725 3516 2029 3572 daemoniis

382 3610 482 3661 aut
512 3604 944 3661 valetudinibus
1005 3604 1315 3660 remediati
1349 3606 1525 3661 sunt!
1564 3605 1691 3677 Ipse
1723 3606 1899 3661 etiam
1929 3610 2027 3661 Se-

380 3712 553 3751 verus
584 3700 748 3767 pater
778 3694 1071 3763 Antonini,
1131 3693 1596 3751 Christianorum
1638 3712 1864 3751 memor
1896 3696 2027 3752 fuit.

2821 3339 3052 3397 CAPUT
3086 3342 3149 3393 V.

2209 3427 2537 3484 Crudelitas
2566 3432 2758 3483 vestra
2791 3428 2977 3500 gloria
3007 3434 3096 3484 est
3122 3433 3343 3483 nostra.
3375 3428 3518 3483 Vide
3550 3431 3783 3483 tantum

2140 3534 2211 3573 ne
2244 3518 2352 3572 hoc
2383 3517 2531 3589 ipso,
2566 3518 2721 3588 quod
2754 3516 2892 3572 talia
2936 3517 3318 3585 sustinemus,
3352 3518 3424 3572 ad
3456 3516 3565 3572 hoc
3589 3518 3781 3572 solum

2138 3608 2444 3662 videamur
2472 3622 2798 3678 erumpere,
2834 3612 2897 3661 ut
2920 3606 3027 3662 hoc
3074 3607 3271 3678 ipsum
3304 3606 3638 3678 probemus,
3674 3622 3781 3662 nos

2140 3696 2261 3751 hac
2293 3712 2407 3751 non
2436 3695 2666 3761 timere,
2699 3697 2800 3752 sed
2845 3695 2997 3751 ultro
3030 3710 3254 3751 vocare.
3304 3696 3505 3750 Arrius
3535 3693 3783 3750 Antoni-

1817 3830 2019 3892 Variee
2066 3830 2387 3892 lectiones.

452 3943 498 3978 ³ο
556 3942 865 4014 Eligendos
900 3944 1120 4017 Rigalt.
1174 3945 1240 4017 ξι
1304 3944 1555 4016 Rhysdri
1616 3946 1735 4017 Rig.

1814 3946 1857 3980 ²²
1905 3945 2105 4001 Dolore
2153 3947 2298 4000 abest
2346 3944 2511 4001 Ithen.
2590 3946 2635 3987 =3
2693 3945 3003 4001 Hominem
3059 3946 3211 4000 abest
3268 3944 3434 4000 Rhen.
3513 3945 3560 3980 9‘
3618 3946 3791 4015 Ejus-

378 4014 509 4070 dem
539 4017 667 4088 Jun.
726 4031 755 4070 e
812 4015 986 4088 valic.
1066 4015 1111 4088 2i
1170 4016 1239 4070 Et
1270 4014 1495 4071 act-titur
1526 4014 1700 4073 RhenI
1774 4018 1817 4052 ²⁶
1851 4018 2017 4072 Rhen.
2070 4017 2393 4088 conjiciebat
2444 4017 2703 4071 Euboea.
2756 4019 2818 4072 In
2865 4016 3035 4072 veleri
3067 4017 3191 4073 Cod.
3226 4016 3502 4071 Euhodae.
3537 4014 3792 4073 puth

380 4087 685 4142 emendavit
716 4086 917 4151 Euodi,
964 4087 1110 4157 quod
1139 4088 1311 4156 placet
1351 4089 1607 4159 Riqaltio.
1662 4088 1807 4144 Idem
1862 4094 2013 4144 notat
2044 4086 2386 4155 Scal'z'aerum
2442 4092 2499 4143 in
2530 4089 2808 4144 animadv.
2844 4090 2904 4142 in.
2950 4089 3247 4144 Eusebium
3280 4088 3568 4159 defendere
3601 4091 3791 4145 tectio-

378 4175 523 4213 nem.
561 4159 814 4213 Euodiaa.
846 4159 887 4192 ³⁷
945 4162 1198 4214 Noverat
1228 4159 1564 4214 christianis
1621 4162 1931 4216 educatum
1986 4161 2112 4217 Cod.
2176 4162 2537 4217 Divionensis.
2579 4160 2917 4225 christiano,
2954 4165 3084 4214 Par.
3162 4161 3203 4195 ²⁸
3236 4160 3302 4215 Et
3346 4160 3572 4216 additur
3616 4162 3791 4221 Rhcn.

379 4231 424 4265 ²⁰
451 4232 565 4285 Alii
593 4235 780 4303 potes.
856 4231 901 4265 ³ο
932 4230 1194 4303 Propter.
1227 4232 1393 4286 Rhen.
1468 4232 1512 4267 ³¹
1544 4233 1833 4296 Quaeritur
1862 4234 2066 4303 Rigalt.

2169 4233 2213 4267 θ’
2242 4232 2488 4289 Publicii
2526 4249 2727 4288 verum
2760 4248 2865 4286 nec
2885 4232 3066 4286 Latin.

1824 4360 1971 4419 Com
1984 4357 2345 4418 mentarius.

451 4469 560 4554 (l6)
592 4472 950 4554 Etnnunc‘ea;
982 4470 1203 4554 eadem
1256 4486 1423 4554 causa
1480 4471 1851 4554 interpellatio
1890 4488 2036 4554 θαη-

380 4541 589 4614 guinis,
653 4541 896 4613 Scapula
946 4541 1145 4597 statim
1190 4548 1319 4613 post
1349 4541 1693 4599 damnatum
1755 4542 2031 4597 Mavilum

381 4614 735 4669 acutissima:
775 4615 1087 4684 cujusdam
1121 4615 1488 4684 (egritudinis
1548 4614 1807 4669 cruciatu
1835 4614 2026 4669 vexari

382 4693 648 4757 caperet,
684 4703 797 4758 quo
829 4687 1005 4741 etiam
1040 4691 1202 4758 tum,
1237 4703 1371 4741 cum
1404 4687 1525 4741 hzsc
1557 4687 2028 4758 scriberetSep-

380 4759 605 4827 timius,
638 4757 715 4814 obl
736 4759 1002 4813 iteratam
1034 4757 1093 4813 in
1115 4758 1490 4814 Christianos
1521 4759 1804 4813 saevitiam
1838 4757 2029 4812 denuo

381 4833 716 4887 vexabatur.
750 4831 1117 4902 Clamaverat
1163 4830 1233 4884 ad
1268 4830 1452 4885 Deum
1484 4832 1725 4902 sanguis
1756 4829 2031 4885 Christia-

383 4919 520 4967 nus,
573 4919 638 4956 ac
695 4903 903 4957 divinae
963 4901 1251 4973 patientiae
1313 4919 1505 4957 moras
1535 4901 2028 4973 interpellaverat.

384 4974 628 5029 Paribus
660 4973 965 5045 exemplis,
1010 4974 1109 5028 sed
1143 4989 1319 5027 causa
1352 4974 1521 5045 longe
1553 4973 1770 5044 dispari
1797 4974 2029 5028 Petilia-

383 5046 831 5118 nusADonatista
861 5047 988 5100 adv.
1032 5046 1362 5101 Catholicos
1398 5048 1715 5118 pugnabat,
1750 5050 1814 5100 ut
1842 5045 2032 5100 videre

383 5124 470 5172 est
498 5116 997 5189 indissertatione
1051 5116 1646 5189 AugustiniIEteuim
1705 5117 2030 5172 Petilianus

385 5188 729 5245 terribiliter
766 5204 1091 5261 proponere
1147 5188 1328 5245 ausus
1387 5195 1474 5245 est
1505 5196 1561 5245 et
1601 5190 1827 5261 dicere:
1869 5211 1888 5239 ι
1924 5190 2026 5243 Sed

384 5265 450 5316 ut
477 5266 685 5315 caetera
740 5260 1253 5333 taceam,_vestris
1301 5261 1358 5315 in
1402 5260 1679 5333 exemplis
1738 5260 2029 5316 advertite

377 5333 760 5403 imperatores
785 5348 958 5403 quam
971 5330 1165 5402 plures
1187 5348 1251 5387 ac
1267 5333 1498 5403 judices
1514 5330 1741 5388 vestros
1762 5349 2031 5403 persecu-

384 5406 601 5461 tionem
641 5406 808 5460 nobis
841 5403 1102 5458 faciendo
1135 5405 1396 5475 periisse.
1434 5410 1559 5459 IiIG.

455 5478 566 5549 (l7)
598 5477 702 5532 Sed
729 5478 1025 5549 memerita
1052 5475 1117 5529 de
1174 5481 1382 5532 caetero.
1420 5477 1534 5531 Hoc
1556 5480 1671 5549 est,
1706 5476 1777 5549 de
1809 5475 2026 5549 futuro,

385 5545 620 5676 gignere
652 5548 877 5676 sclilicet
925 5545 1202 5602 ultionem
1246 5553 1519 5603 aeternam
1555 5547 1722 5619 longe
1756 5546 2029 5600 formida-

404 5637 441 5674 '1
470 5639 671 5676 iorem.
732 5641 782 5676 ι).

404 5620 671 5677 )iliorcm.
706 5622 782 5677 In.

453 5694 564 5767 (18)
595 5696 702 5765 Qui
733 5693 951 5766 Thystri
994 5692 1107 5763 ipse
1154 5691 1324 5749 dedit.
1376 5689 1744 5748 Contrarium
1802 5686 2031 5744 videtur

2146 4470 2386 4525 omnino
2420 4469 2600 4543 fuisse
2648 4470 3077 4543 observatum”;
3111 4470 3212 4541 qui
3271 4470 3426 4543 enim
3460 4486 3624 4525 reum
3657 4488 3786 4543 per-

2147 4542 2333 4597 ditum
2369 4542 2658 4607 volebant,
2715 4541 2990 4595 omnibus
3022 4540 3189 4596 illum
3229 4541 3423 4597 modis
3453 4546 3625 4614 atque
3654 4540 3787 4598 arti-

2145 4615 2277 4683 lius,
2307 4619 2363 4669 et
2392 4614 2611 4669 crebris
2644 4613 3200 4674 interrogationibus
3231 4615 3287 4668 in
3322 4613 3586 4669 fraudem
3621 4616 3789 4669 indu-

2141 4688 2372 4741 cebant.
2436 4684 2928 4757 PameliusAlegit
3004 4686 3207 4751 Tiristz',
3262 4685 3351 4740 vel
3414 4687 3656 4757 Tyristi;
3716 4692 3789 4743 La

2143 4758 2325 4813 Cerda
2356 4758 2604 4812 Thrislri.
2642 4758 2711 4811 LE
2741 4755 2843 4810 PR.

2217 4830 2325 4900 (19)
2358 4831 2526 4897 Quasi
2562 4828 2967 4900 rtunwltuosum
3024 4828 3233 4900 civibus
3289 4830 3401 4882 suis
3447 4830 3782 4899 satisfacere.

2142 4901 2501 4972 Vespronius
2536 4899 2631 4955 ille
2694 4900 2991 4953 Candidus
3035 4899 3187 4955 cives
3217 4916 3356 4955 suos
3390 4900 3789 4957 Christianum

2143 4973 2456 5043 quemdam
2512 4973 2581 5025 ad
2635 4976 2882 5026 mortem
2935 4973 3313 5043 dcposccntes
3362 4973 3686 5041 admonuit,
3729 4990 3791 5029 se

2142 5046 2381 5114 quidem
2432 5045 2681 5099 libenter
2737 5060 2939 5098 eorum
2990 5044 3138 5098 votis
3196 5045 3656 5109 satisfacturum,
3687 5045 3789 5101 sed

2142 5134 2261 5171 rem
2298 5116 2517 5171 civitati
2552 5114 2979 5170 tumultuosam
3017 5115 3335 5186 providere.
3372 5116 3499 5171 Rm.

2211 5188 2322 5258 (30)
2375 5187 2735 5243 Concussione
2785 5188 2903 5255 ejus
2957 5188 3263 5242 intellecta.
3306 5188 3426 5242 Hoc
3472 5192 3579 5256 est,
3613 5203 3782 5240 vexa-

2145 5259 2319 5341 tione.
2356 5261 2481 5343 Ipse
2544 5260 2867 5339 infra,.sub_
2911 5259 3083 5343 tinem
3118 5260 3294 5343 hujus
3352 5258 3578 5343 libelli;
3615 5273 3787 5343 parce

2142 5328 2470 5402 provinciae,
2506 5348 2653 5402 quas,
2686 5330 2812 5385 visa
2856 5330 3175 5385 intentione
3199 5335 3321 5395 tua,
3355 5328 3603 5402 obnoxia
3635 5332 3788 5384 facta

2140 5400 2230 5457 est
2288 5400 2797 5465 concussionibus,
2852 5406 2907 5455 et
2979 5403 3230 5456 militum
3297 5406 3354 5455 et
3410 5400 3784 5455 inimicorum

2140 5492 2384 5529 suorum
2432 5476 2736 5543 cujusque.
2773 5477 2895 5527 Rm.
2951 5503 3015 5512 —
3063 5473 3379 5527 Concussio
3419 5476 3507 5527 est
3538 5471 3785 5526 subdola

2141 5547 2433 5601 accusatio
2467 5546 2714 5601 furentis
2745 5544 3050 5613 cujusdam
3075 5544 3402 5610 nebulonis,
3436 5560 3552 5600 non
3586 5548 3783 5599 autem

2139 5617 2403 5692 legitima
2435 5618 2646 5674 actoris
2677 5616 2880 5673 oratio.
2910 5616 2984 5671 Ls
3019 5616 3111 5671 Pa.
