4262 6414
543 347 667 410 783

1063 345 1587 409 TERTULLIANI
1631 343 1955 406 OPERUM
1996 342 2198 404 PARS
2240 343 2289 404 Ι.
2321 375 2400 386 -
2429 344 2702 404 SERIES
2749 345 2794 418 Ι,
2842 345 3404 408 APOLOGETICA.

3823 347 3942 408 784

541 495 656 536 nus
683 479 742 534 in
772 479 908 535 Asia
937 495 1070 535 cum
1105 481 1554 550 persequeretur
1614 478 1922 543 instanter,
1977 493 2183 532 omnes
2213 479 2262 544 Α
2295 477 2469 532 Parce
2497 492 2633 548 ergo
2655 475 2783 541 tibi,
2817 473 2866 529 si
2900 489 3014 529 non
3048 474 3237 543 nobis,
3287 493 3468 548 parce
3491 479 3850 552 Carthagini,
3887 481 3939 538 si

536 567 696 624 illius
727 567 976 624 civitatis
1005 567 1317 623 Christiani
1375 571 1506 621 ante
1567 566 1885 622 tribunalia
1942 567 2071 637 ejus
2115 583 2177 621 se

538 672 713 712 manu
764 656 915 712 facta
973 655 1329 722 obtulerunt,
1363 671 1496 711 eum
1527 656 1573 690 ³³
1608 655 1725 724 ille,
1779 655 1981 726 paucis
2039 654 2174 709 duci

527 745 740 816 jussis,
772 744 1011 816 reliquis
1033 745 1133 813 ait,
1176 746 1240 797 Ὦ
1271 740 1467 810 ὃιῖλοι,
1501 742 1545 796 εἰ
1580 741 1761 797 θὲλετε
1792 741 2170 811 ἀποθνήσκειν,

535 829 883 906 κρημνοὶ)ςῆ
948 831 1188 906 βρόχους
1243 829 1396 905 ἔχετε
1427 834 1560 904 (21).
1613 833 1730 887 Hoc
1783 833 1831 886 si
1890 831 2177 902 placuerit

535 926 592 978 et
609 921 698 976 hic
729 921 876 986 fieri,
897 923 1032 990 quid
1060 923 1236 977 facies
1253 923 1322 976 de
1353 921 1530 977 tantis
1553 920 1814 975 millibus
1838 919 2171 990 hominum,

532 1013 618 1065 tot
649 1009 788 1064 viris
819 1026 885 1065 ac
951 1009 1204 1077 feminis,
1257 1011 1450 1064 omnis
1495 1025 1689 1074 sexus,
1736 1008 1928 1063 omnis
1960 1009 2167 1078 aetatis,

530 1098 723 1154 omnis
781 1097 1104 1170 dignitatis,
1176 1098 1555 1154 otl‘erentibus
1615 1113 1676 1151 se
1725 1096 1885 1151 tibi?
1923 1096 2166 1161 Quantis

525 1185 1034 1258 ignibus,quantis
1050 1186 1260 1258 gladiis
1285 1203 1433 1257 opus
1451 1185 1586 1241 erit!
1613 1185 1754 1256 quid
1774 1186 1902 1256 ipsa
1924 1185 2166 1240 Cartha~

523 1290 595 1346 go
627 1291 876 1347 passura
903 1280 1012 1341 est,
1061 1275 1408 1330 decimanda
1439 1292 1472 1329 a
1505 1281 1578 1340 te,
1612 1290 1745 1329 cum
1780 1275 2162 1344 propinquos,

521 1378 656 1417 cum
682 1361 1132 1418 contubernales
1153 1377 1291 1416 suos
1307 1359 1426 1415 illic
1452 1360 1862 1431 unusquisque
1879 1375 2160 1430 cognove-

517 1450 614 1518 rit,
645 1467 779 1506 cum
809 1450 1019 1506 viderit
1050 1448 1166 1504 illic
1198 1450 1442 1505 fortasse
1473 1456 1530 1503 et
1560 1449 1644 1503 tui
1676 1448 1900 1504 ordinis
1922 1449 2074 1504 viros
2104 1451 2165 1503 et

519 1543 840 1610 matronas,
898 1543 956 1594 et
1014 1537 1362 1610 principales
1417 1553 1680 1608 quasque
1749 1553 2048 1607 personas,
2103 1541 2160 1591 et

513 1627 836 1685 amicorum
891 1632 1128 1684 tuorum
1189 1625 1278 1682 vel
1333 1625 1692 1698 propinquos
1737 1625 1825 1680 vel
1882 1624 2159 1680 amicos?

2286 582 2400 621 non
2433 565 2560 635 tibi,
2594 581 2765 636 parce
2806 563 3111 635 provinciae
3143 581 3268 635 qua:
3312 566 3440 623 visa
3473 568 3796 624 intentione
3833 575 3936 627 tua

2284 654 2530 709 obnoxia
2581 655 2728 709 facta
2785 657 2874 707 est
2930 653 3420 710 concussionibus
3476 661 3531 712 et
3563 656 3820 713 militum
3875 663 3932 714 et

2282 743 2653 798 inimicorum
2677 758 2915 798 suorum
2931 744 3238 813 cujusque.
3262 743 3602 816 Magistrum
3631 747 3927 804 neminem

2283 831 2590 895 habemus,
2620 831 2732 886 nisi
2783 836 2960 884 Deum
3009 831 3224 886 solum.
3264 831 3362 886 Hic
3411 838 3547 888 ante
3580 839 3633 889 te
3677 840 3786 902 est,
3821 853 3925 892 nec

2281 921 2559 975 abscondi
2588 924 2798 990 potest,
2826 920 2925 974 sed
2959 919 3051 974 cui
3106 920 3247 974 nihil
3282 921 3469 976 facere
3503 923 3714 994 possis.
3749 925 3924 980 Caete-

2280 1026 2409 1064 rum
2445 1025 2592 1079 quos
2625 1015 2795 1079 putas
2816 1008 2920 1064 tibi
2968 1009 3302 1078 magistros,
3339 1009 3647 1067 homnines
3692 1018 3831 1068 sunt
3862 1017 3920 1069 et

2276 1095 2390 1168 ipsi
2439 1096 2705 1151 morituri
2749 1097 3119 1167 quandoque.
3154 1096 3269 1152 Nec
3311 1102 3502 1153 tamen
3537 1099 3766 1155 deﬁciet
3796 1101 3917 1156 haec

2275 1190 2452 1248 secta,
2478 1201 2653 1255 quam
2687 1189 2826 1239 tunc
2878 1186 3066 1254 magis
3094 1185 3365 1241 azditicari
3399 1188 3543 1243 105
3572 1187 3744 1256 scias,
3779 1206 3913 1246 cum

2273 1273 2410 1327 caedi
2472 1273 2717 1327 videtur.
2757 1273 3014 1343 Quisque
3061 1274 3216 1328 enim
3269 1279 3490 1328 tantam
3543 1275 3912 1333 tolerantiam

2271 1366 2542 1431 spectans
2573 1361 2639 1426 ³⁸,
2675 1368 2739 1416 ut
2767 1360 2963 1432 aliquo
3007 1360 3284 1432 scrupulo
3313 1378 3626 1432 percussus
3661 1366 3807 1422 705
3843 1368 3909 1434 ³⁸,

2267 1453 2323 1504 et
2351 1449 2646 1520 inquirere
2698 1450 3056 1512 accenditur,
3089 1451 3191 1521 qui
3244 1451 3321 1504 eit
3380 1451 3439 1504 in
3471 1467 3672 1519 causa,
3701 1458 3758 1508 et
3810 1453 3912 1510 ubi

2268 1538 2604 1608 cognoverit
2625 1538 2953 1608 veritatem,
2985 1543 3042 1593 et
3072 1539 3197 1610 ipse
3229 1539 3428 1595 statim
3461 1541 3746 1612 sequitur.

1940 1741 2142 1803 Variae
2171 1741 2490 1803 lectiones.

585 1848 632 1885 ⁸³
678 1849 830 1906 Tum
859 1849 1112 1907 Rhenan.
1188 1849 1234 1886 ³⁸
1279 1850 1631 1923 Exspectans
1689 1847 1861 1904 Rhen.
1893 1847 1938 1884 ³⁸
1983 1851 2050 1903 In
2081 1848 2281 1918 Ehem,
2328 1853 2465 1906 Jun.

1942 1965 2091 2026 Com
2101 1964 2462 2026 mentarius.

580 2072 692 2145 (21)
722 2073 785 2128 Ὠ
817 2069 1014 2143 διῖΛοι,
1040 2094 1093 2130 κ.
1125 2093 1174 2132 τ.
1207 2073 1264 2132 λ.
1298 2075 1407 2131 hoc
1436 2079 1561 2132 est:
1595 2095 1624 2126 «
1655 2074 1699 2130 Ο
1730 2073 1952 2143 miseri,
1983 2073 2033 2129 si
2065 2090 2156 2130 mo

2243 2073 2440 2144 vultis,
2473 2074 2797 2146 praeipitia
2837 2074 3062 2132 habetis
3084 2080 3141 2132 et
3169 2075 3427 2149 laqueos.
3460 2098 3488 2126 »
3520 2079 3654 2131 Enn.

3161 2281 3212 2289 ..-

1373 2436 3029 2604 υιδδΕΒΤΑΤιυ

727 2681 838 2766 IN
911 2679 1017 2792 Q.
1093 2682 1395 2770 SEPT.
1466 2682 1812 2774 FLOR.
1886 2651 2665 2769 'l‘EltTULLIANl'
2727 2683 3655 2792 APOLOGETICUM,

1232 2832 1416 2890 DUOS
1452 2833 1544 2888 AD
1584 2831 1938 2890 NATIONES
1998 2831 2266 2899 LIBROS,
2308 2833 2398 2888 ET
2439 2831 2641 2889 UNUM
2685 2831 2777 2886 AD
2818 2831 3222 2900 SCAPULAM,

1603 2959 1952 3008 AUCTOBB
1983 2959 2252 3008 DOMNO
2283 2959 2432 3007 NIC.
2468 2960 2564 3007 LE
2593 2959 2903 3007 NOUBBY

886 3095 1244 3137 PBBSBYTERO
1281 3097 1348 3136 ET
1385 3096 1653 3137 MONACHO
1692 3095 1922 3136 ORDINIS
1962 3097 2156 3136 SANCTI
2195 3096 2489 3136 BENEDICI'I
2529 3096 2562 3135 Ε
2600 3096 3062 3137 CONGREGATIONE
3100 3096 3296 3137 SANCTI
3335 3096 3544 3136 MAURI.

1055 3346 1276 3403 CAPUT
1307 3347 1614 3419 PRIMUM,

485 3451 743 3524 Analysis
787 3452 1157 3528 Apologetici,
1187 3458 1237 3509 et
1272 3455 1509 3528 quierit
1541 3455 1940 3524 Tertullianus,
1971 3455 2126 3528 cujus

999 3526 1228 3580 nomine
1257 3526 1598 3583 inscribitur.

893 3655 1340 3696 ARTICULUS
1407 3656 1733 3698 PRIMUS.

951 3756 1206 3829 Analysis
1253 3756 1620 3830 Apologetici.

513 3937 522 3940 _
549 3882 692 3934 Cum
724 3878 1121 3936 Tertullianus
1153 3897 1266 3936 non
1301 3897 1512 3954 magno
1543 3882 1668 3937 sine
1708 3881 1889 3937 animi
1920 3881 2117 3938 dolore

476 3971 739 4024 cerneret
774 3967 1135 4024 Christianos
1192 3973 1350 4025 tanta
1405 3970 1714 4042 iniquitate
1744 3971 1816 4026 ab
1865 3970 2115 4026 ethnicis

471 4054 665 4110 vexari
712 4060 772 4110 et
817 4055 1021 4115 occidi.
1054 4061 1119 4112 ut
1175 4072 1280 4112 nec
1319 4058 1430 4114 sibi
1461 4057 1655 4130 palam
1714 4074 1775 4114 se
1805 4059 1974 4125 tueri,
2008 4075 2112 4114 nec

461 4143 763 4214 judicibus
792 4159 891 4198 eos
950 4144 1181 4215 publice
1238 4147 1441 4202 audire
1488 4147 1703 4212 liceret,
1737 4149 1808 4203 ad
1851 4148 2108 4219 ipsorum

468 4248 708 4287 causam
741 4231 970 4288 occulta
1016 4233 1366 4306 scriptorum
1398 4235 1452 4290 vi
1500 4236 1653 4308 apud
1711 4237 1952 4292 Romani
2007 4237 2112 4292 im-

467 4319 616 4392 perii
648 4320 943 4376 antitistes
992 4323 1277 4393 agendam
1334 4340 1649 4395 aggressus
1681 4330 1788 4380 est.
1844 4327 2104 4381 Primum

2159 3351 2204 3417 Β
2312 3346 2525 3402 Deinde
2576 3362 2710 3401 vero
2769 3345 2816 3402 si
2878 3345 3244 3402 Christianus
3298 3345 3624 3419 sacrilegii,
3678 3347 3873 3404 incest

2237 3433 2561 3502 homicidii,
2620 3433 2706 3489 vel
2765 3433 3004 3490 alterius
3082 3433 3397 3504 cujuslibet
3453 3436 3737 3502 criminis,
3795 3437 3882 3491 uti

2240 3522 2576 3596 garriebant
2620 3523 2890 3595 gentiles,
2948 3539 3082 3578 reus
3139 3523 3235 3592 sit,
3295 3540 3399 3579 cur
3427 3523 3500 3579 ab
3538 3522 3656 3581 illis
3684 3528 3887 3582 contra

2237 3612 2468 3667 divinas
2499 3611 2913 3683 humanasque
2963 3611 3142 3683 leges,
3196 3613 3321 3668 sine
3353 3611 3472 3668 ulla
3495 3613 3760 3670 criminis
3791 3631 3882 3670 ac-

2233 3699 2550 3767 cusatione,
2583 3700 2708 3755 ine
2767 3705 2938 3766 teste,
2993 3701 3118 3756 sine
3149 3702 3359 3772 przevio
3394 3700 3572 3757 ullius
3621 3704 3883 3758 circum-

2235 3789 2488 3859 stantiae,
2519 3789 2827 3861 temporis,
2862 3790 3230 3846 consciorum
3263 3790 3551 3858 examine,
3578 3791 3676 3846 sed
3711 3791 3884 3848 unico

2235 3879 2475 3951 ponitus
2508 3879 2770 3935 nominis
2792 3879 3132 3951 prejudicio
3163 3880 3633 3936 condemnatur?
3667 3879 3886 3937 Plinius

2231 3967 2455 4039 itaque,
2483 3968 2589 4024 hac
2625 3968 2916 4040 injustitia
2943 3972 3259 4040 permotus,
3287 3969 3602 4038 Trajanum
3632 3968 3884 4040 impera-

2223 4066 2416 4112 torem
2477 4057 2855 4127 interrogavit
2915 4056 3052 4128 quid
3112 4057 3182 4111 de
3229 4056 3593 4124 Christianis,
3653 4057 3873 4113 nullius

2225 4147 2420 4218 plane,
2480 4151 2689 4218 printer
2747 4146 3097 4200 obstinatam
3160 4146 3218 4200 in
3248 4144 3348 4200 Dei
3379 4151 3436 4201 et
3465 4145 3674 4201 Christi
3711 4146 3868 4203 cultu

2221 4252 2445 4308 suaque
2475 4234 2787 4306 disciplina
2819 4234 3228 4306 perseverandi
3259 4234 3640 4304 voluntatem,
3668 4235 3866 4292 crimi-

2223 4324 2317 4378 nis
2349 4328 2448 4378 aut
2493 4323 2687 4379 delicti
2724 4323 3028 4390 convictis,
3060 4325 3348 4393 agendum
3379 4329 3552 4380 esset.
3589 4325 3696 4381 Sed
3734 4327 3863 4381 nul-

463 4406 662 4480 itaque
705 4409 1052 4480 gravissime
1083 4411 1479 4481 conqueritur,
1513 4413 1874 4469 Christianos
1905 4431 2108 4470 omnes
2214 4411 2338 4468 lum
2369 4412 2528 4468 aliud
2566 4413 2637 4466 ab
2672 4411 2770 4468 illo
2802 4428 3151 4482 responsum
3191 4413 3432 4484 accepit,
3471 4413 3585 4469 nisi
3617 4431 3715 4470 eos
3746 4432 3858 4470 non

464 4497 538 4553 ab
585 4497 859 4563 ethnicis,
891 4498 992 4569 qui
1050 4515 1150 4554 eos
1180 4515 1284 4555 nec
1335 4507 1636 4568 noverant,
1671 4519 1775 4558 nec
1804 4519 1977 4559 nosse
2008 4521 2104 4559 vo-

460 4583 680 4652 lebant,
731 4591 936 4640 contra
984 4587 1184 4641 omnia
1231 4589 1524 4660 aequitatis
1583 4598 1639 4646 et
1673 4597 1892 4646 natura:
1943 4593 2101 4663 jura,

460 4673 594 4729 odio
626 4672 799 4744 plane
831 4673 1183 4746 implacabili
1216 4675 1417 4732 haberi
1449 4683 1507 4733 et
1545 4680 1965 4735 excarnificari.
2003 4681 2105 4736 Pu-

2217 4517 2344 4557 esse
2401 4501 2810 4572 inquirendos,
2870 4503 2966 4556 sed
3033 4501 3260 4558 oblatos
3311 4503 3615 4573 judicibus
3669 4505 3860 4576 puniri

2214 4596 2497 4662 oportere.
2528 4591 2676 4657 Quid
2709 4595 2928 4660 autem,
2953 4591 3192 4646 obsecro
3223 4595 3298 4662 te,
3328 4591 3589 4663 iniquius
3615 4609 3683 4649 ea
3710 4593 3857 4664 lege,

2215 4696 2341 4751 quae
2372 4679 2759 4744 Christianos,
2811 4684 3012 4751 utpote
3074 4680 3436 4750 innocentes,
3487 4686 3642 4738 vetat
3670 4682 3863 4754 inqui-

628 4729 646 4744 .
918 4729 932 4746 .
1100 4729 1107 4730 γ
1456 4729 1504 4733 ν-
1552 4729 1965 4735 mnum—ﬂ---
2003 4729 2079 4736 η
2219 4729 2338 4751 γη
2379 4729 2759 4744 "mh—un.
2817 4729 3009 4751 -τ-ν-
3075 4729 3436 4750 ηπηηπ,
3498 4729 3641 4738 π---η
3670 4729 3831 4754 ..-τ-ς

458 4761 677 4817 blicum
709 4762 1001 4818 enimvero
1029 4763 1577 4835 hujusignorantiae
1604 4768 2008 4823 testimonium
2033 4787 2098 4824 eo
2133 4729 2175 4795 C
2216 4768 2281 4835 ri,
2333 4774 2389 4822 et
2473 4772 2749 4838 tanquam
2812 4773 3086 4824 nocentes
3161 4771 3540 4826 condemnari
3595 4771 3856 4842 praecipit

457 4849 648 4921 magis
677 4849 910 4906 illorum
939 4854 1468 4923 praevaricationem
1503 4857 1911 4929 redarguebat,
1946 4859 2099 4929 quod

457 4938 558 4994 ubi
589 4938 848 5011 primum
881 4943 1276 5012 agnoscebant
1308 4961 1436 5014 qua:
1485 4948 1541 4999 et
1571 4945 1759 5016 qualis
1791 4947 1866 5001 sit
1898 4946 2100 5019 religio

2350 4857 2502 4910 .2l?

2350 4897 2362 4910 .
2392 4858 2424 4909 2
2483 4857 2502 4910 ἒ

2215 4858 2361 5000 (alid
2397 4857 2517 5000 hinc
2570 4962 2721 5011 vero,
2755 4945 2965 5002 divinis
3016 4946 3412 5018 humanisque
3468 4946 3689 5019 legibus
3720 4965 3856 5006 cau-

2209 5037 2332 5089 tum
2363 5038 2470 5104 est,
2532 5051 2603 5090 ne
2655 5034 2832 5089 ullius
2888 5035 3204 5106 cujuslibet
3251 5036 3515 5093 criminis
3572 5055 3706 5094 reus
3741 5038 3859 5096 ulla

2208 5139 2470 5193 unquam
2530 5127 2901 5194 torqueretur
2958 5129 3060 5179 aut
3107 5141 3297 5196 poma,
3361 5129 3463 5180 aut
3510 5127 3852 5198 quaestione,

2207 5211 2320 5265 nisi
2379 5215 2440 5265 ut
2494 5212 2712 5267 scelera
2749 5229 2858 5267 sua
2907 5213 3299 5268 confiteretur.
3355 5217 3426 5269 At
3473 5215 3789 5272 Christiani
3822 5234 3852 5274 e

2205 5301 2496 5356 contrario
2553 5301 3052 5357 discruciabantur
3084 5319 3097 5371 ;
3133 5305 3196 5357 ut
3249 5319 3336 5374 ca,
3397 5321 3647 5376 quorum
3680 5322 3849 5363 accu-

2205 5390 2320 5444 sari
2354 5388 2640 5457 solebant,
2691 5390 2956 5457 crimina,
2999 5407 3174 5462 seque
3203 5390 3567 5450 Christianos
3599 5410 3728 5450 esse
3760 5413 3853 5452 ne-

2203 5483 2425 5551 garent.
2461 5479 2538 5533 De
2571 5479 2693 5534 solo
2725 5479 2921 5549 itaque
2941 5480 3405 5536 Christianorum
3439 5484 3675 5538 nomine
3699 5501 3845 5554 prte-

2200 5566 2346 5622 lium
2377 5572 2521 5625 erat.
2554 5569 2624 5623 Et
2674 5571 2827 5624 certe
2875 5585 3001 5640 qum
3053 5586 3088 5625 a
3135 5569 3440 5641 judicibus
3503 5572 3575 5628 de
3631 5571 3850 5629 tabella

2199 5657 2476 5714 adversus
2534 5672 2633 5713 cos
2682 5657 3174 5730 pronuntiabatur
3229 5659 3560 5730 sententia,
3620 5660 3838 5719 omisso

453 5027 806 5097 Christiana,
840 5029 1038 5085 statim
1079 5031 1280 5086 relicto
1334 5032 1612 5088 falsorum
1646 5036 1886 5090 deorum
1915 5037 2096 5105 cultu,

455 5131 585 5172 eam
615 5119 736 5172 toto
766 5122 1058 5173 terrarum
1092 5119 1148 5172 in
1195 5119 1334 5174 orbe
1365 5121 1864 5192 amplexabantur.
1900 5126 2099 5196 Neque

454 5205 769 5261 dicendum
801 5209 892 5260 est
930 5204 1062 5260 illos
1121 5205 1174 5260 in
1239 5207 1461 5263 malum
1515 5216 1656 5266 tunc
1685 5213 1933 5268 traduci.
1965 5214 2099 5269 Mali

453 5292 744 5365 siquidem
790 5291 1044 5347 hominis
1096 5292 1212 5348 haec
1267 5298 1357 5350 est
1387 5296 1665 5359 conditio.
1697 5302 1762 5352 ut
1791 5299 2011 5369 pudore
2041 5305 2099 5356 et

449 5379 660 5436 timore
718 5379 1018 5451 perfusus,
1077 5378 1333 5437 latebras
1391 5388 1660 5453 quaerat:
1712 5391 1913 5441 contra
1964 5404 2094 5443 vero

448 5467 835 5533 Christianus,
867 5468 976 5522 etsi
1017 5468 1332 5525 damnatus
1363 5487 1428 5526 ac
1477 5473 1740 5544 quolibet
1769 5479 2092 5531 tormento-

450 5571 582 5610 rum
613 5571 822 5626 genere
871 5557 1257 5628 excruciatus,
1292 5561 1362 5615 de
1410 5578 1517 5616 sua
1567 5563 1930 5635 professione
1969 5565 2092 5638 glo-

451 5640 654 5711 riatur,
687 5643 860 5715 gestit
888 5648 944 5700 et
975 5645 1230 5704 exsultat
1267 5652 1415 5722 (cap.
1453 5651 1525 5721 1).
