4262 6352
339 403 456 466 ⁸785

1067 403 1146 462 IN
1191 402 1802 464 APOLOGETICUM
1853 403 1922 460 D.
1973 404 2067 462 LE
2116 404 2444 464 NOURRY
2494 405 3027 465 DlSSEHTATlO.

3635 405 3752 465 786

345 535 606 606 cujusvis
667 535 930 588 criminis
977 535 1186 605 elogio,
1236 535 1378 589 nihil
1403 536 1563 590 aliud
1597 535 1816 590 ferebat
1881 534 1991 589 nisi
2025 537 2070 600 A
2105 535 2279 605 siani,
2309 537 2385 592 Pii
2429 542 2485 592 et
2516 538 2646 592 Veri
2700 538 2810 600 lex.
2858 537 3204 608 nullumque
3253 537 3572 592 decretum.
3633 536 3748 592 Soli

345 627 688 684 Christianos
722 624 1011 678 damnari.
1043 627 1114 678 At
1145 625 1362 679 ethnici
1399 630 1521 679 tum
1557 626 1612 678 in
1649 624 1992 680 sacratiores

345 714 500 783 leges
530 732 596 769 eo
630 714 866 782 gravius
895 715 1230 784 peccabant,
1266 732 1379 784 quo
1432 715 1644 786 saepius
1666 715 1996 769 fatebantur

345 808 537 860 castos
572 808 928 872 sanctosque
951 819 1078 858 esse
1111 819 1302 857 mores
1351 803 1840 872 Christianorum,
1873 821 1996 858 eos-

356 910 465 966 que
501 893 600 963 qui
633 909 703 947 ex
735 893 858 947 suis
906 892 1224 963 gentilibus
1258 893 1599 947 Christianae
1621 892 1749 946 ﬁdei
1783 909 1992 947 nomen

351 983 593 1046 dabant,
631 981 754 1035 fieri
807 997 1038 1052 semper
1087 980 1375 1036 meliores.
1437 985 1826 1036 Veruntamen
1881 998 1993 1034 non

356 1071 567 1126 minori
603 1069 945 1126 crudelitate
977 1070 1032 1124 in
1066 1070 1172 1124 hos
1226 1069 1567 1142 neOphytos,
1592 1087 1766 1141 quam
1803 1070 1858 1124 in
1887 1087 1994 1125 caa-

351 1165 510 1215 teros
543 1175 769 1221 omnes,
809 1160 880 1214 ob
944 1164 1315 1231 assumptum
1351 1158 1748 1215 Christianum
1785 1176 1996 1214 nomen

357 1249 693 1304 sreviebant.

426 1341 490 1392 At
526 1338 718 1402 nobis,
769 1337 1113 1408 inquiebant
1153 1337 1394 1404 ethnici,
1433 1337 1702 1410 displicet
1746 1336 2000 1392 auctoris

366 1442 566 1482 eorum
599 1443 832 1480 nomen.
867 1427 1012 1488 Qnid
1047 1443 1206 1498 ergo,
1233 1428 1544 1498 respondet
1584 1425 1998 1493 Tertullianus,

359 1516 548 1570 odiosi
579 1516 822 1570 subesse
855 1521 1044 1585 potest
1075 1515 1129 1569 in
1162 1515 1377 1571 Christi
1413 1515 1692 1569 nomine?
1714 1515 1915 1568 Nonne
1935 1531 2001 1566 ex

361 1605 654 1660 uavitate
683 1604 773 1658 vel
806 1604 1163 1675 benignitate
1188 1606 1429 1659 ductum
1465 1605 1596 1660 est?
1646 1605 1790 1669 Quid
1824 1604 1999 1658 etiam

358 1693 415 1748 in
443 1693 542 1748 illo
578 1694 767 1764 magis
800 1694 931 1748 odio
958 1694 1223 1766 dignum,
1267 1709 1440 1763 quam
1491 1694 1548 1747 in
1583 1693 1709 1764 ipso
1743 1691 2001 1763 philoso-

367 1781 643 1853 phorum,
681 1783 1072 1847 medicorum,
1112 1799 1430 1852 coquorum
1484 1781 1740 1846 nomine,
1815 1785 2002 1834 trans-

2105 623 2304 695 itaque
2333 626 2596 697 pessimi,
2630 626 3000 697 nequissimi,
3033 643 3097 680 ac
3119 625 3455 697 impiissimi
3497 625 3750 697 impera-

2107 715 2338 769 toresin
2372 733 2469 770 eos
2501 716 2809 770 saevierunt
2845 717 2990 787 (cap.
3019 716 3093 787 5).

2176 804 2317 858 Tum
2352 804 2562 858 dehinc
2593 803 3009 874 Tcrtullianus,
3045 805 3378 860 utethnicis
3413 819 3648 858 omnem
3682 819 3748 858 ex

2107 896 2395 963 majorum
2422 894 2710 949 institutis
2743 894 3044 965 aclegibus
3077 894 3269 966 inepte
3295 894 3561 966 litigandi
3593 894 3746 948 viam

2107 983 2444 1056 praecludat,
2483 983 2670 1054 palam
2716 983 2956 1039 cuilibet
2993 983 3151 1038 brevi
3204 984 3542 1039 inductione
3590 982 3748 1051 facit,

2107 1073 2520 1146 pessumdatas
2556 1073 2626 1127 ab
2676 1071 2791 1126 illis
2842 1072 3024 1126 fuisse
3077 1073 3147 1127 de
3188 1077 3458 1144 sumptu,
3496 1071 3743 1142 ambitu,

2105 1161 2624 1228 viniabstinentia,
2662 1160 2907 1216 divortio
2963 1177 3027 1216 ac
3060 1160 3222 1216 cultu
3269 1161 3510 1216 deorum
3559 1160 3740 1231 leges,

2109 1254 2448 1321 statutaque
2508 1251 2845 1306 sacratiora.
2907 1251 3152 1306 Romani
3210 1250 3426 1322 quippe
3481 1249 3751 1306 consules

2112 1341 2386 1395 Liberum
2423 1356 2552 1393 cum
2585 1339 2709 1393 suis
2762 1338 3058 1409 mysteriis
3099 1339 3281 1393 Roma
3303 1343 3479 1410 atque
3509 1355 3576 1393 ex
3631 1341 3754 1394 tota

2110 1428 2817 1498 Italia,quemadmodum
2873 1427 3002 1482 Piso
3065 1432 3122 1482 et
3179 1427 3484 1495 Gabinius,
3551 1427 3752 1483 itidem

2112 1518 2404 1584 consules;
2440 1517 2799 1586 Serapidem,
2829 1517 3072 1581 lsidum,
3106 1521 3164 1572 et
3211 1517 3646 1588 Harpocratem,
3687 1532 3757 1571 ex

2109 1606 2391 1678 Capitolio
2426 1606 2788 1676 deorumque
2817 1607 2981 1660 curia
3032 1607 3354 1676 ejecerunt,
3384 1607 3481 1677 qui
3547 1605 3752 1676 postli-

2114 1697 2298 1751 minio
2331 1696 2613 1749 duntaxat
2641 1712 2673 1749 a
2707 1694 2984 1750 Romanis
3017 1700 3156 1750 sunt
3188 1695 3460 1750 restituti.
3499 1695 3756 1766 Denique

2114 1785 2327 1841 ethnici
2363 1801 2567 1839 omnes
2600 1784 2872 1838 nuntium
2910 1783 3173 1839 moribus
3209 1801 3557 1855 proavorum
3615 1801 3751 1839 suo-

358 1873 538 1928 misso
602 1875 672 1927 ab
719 1872 1055 1927 auctoribus
1109 1873 1254 1937 suis,
1309 1878 1365 1927 et
1422 1874 1493 1926 ab
1528 1871 1675 1940 faliis
1726 1873 2004 1940 accepto?
2036 1909 2080 1972 Β
2117 1891 2246 1928 rum
2270 1871 2617 1928 remiserant
2649 1871 2875 1941 habitu,
2899 1871 3075 1938 victu,
3109 1871 3430 1938 instructu,
3465 1889 3665 1942 censu,
3700 1877 3758 1928 et

358 1960 592 2019 Nullius
623 1961 874 2032 denique
898 1967 1066 2016 secta}
1095 1979 1304 2016 nomen
1340 1960 1556 2016 malum
1601 1965 1700 2015 aut
1739 1959 1992 2013 invisum

352 2050 535 2104 videri
563 2051 887 2119 debet,nisi
925 2051 1083 2121 prius
1114 2052 1248 2122 quid
1285 2052 1341 2105 in
1379 2052 1507 2123 ipsa
1538 2057 1692 2105 secta
1729 2049 1862 2104 mali
1890 2048 2002 2116 sit,

355 2146 514 2196 certo
547 2139 926 2210 dignoscatur
955 2143 1010 2194 et
1040 2141 1317 2211 probetur
1340 2142 1484 2212 (cap.
1518 2142 1594 2213 3).

430 2246 721 2319 Urgebant
741 2245 959 2301 ethnici
991 2263 1052 2301 se
1085 2245 1280 2318 legum
1310 2248 1380 2302 ab
1415 2248 1870 2319 imperatoribus
1918 2251 1998 2306 la-

362 2341 561 2390 tarum
595 2337 934 2407 praescripto
965 2336 1034 2390 ad
1068 2337 1359 2392 vexandos
1393 2337 1795 2410 tollendosque
1840 2341 1998 2395 Chri-

373 2425 595 2479 stianos
621 2425 824 2480 teneri.
861 2425 1069 2480 Verum
1117 2442 1357 2496 prorsus
1407 2426 1604 2498 inepta
1639 2435 1747 2495 est,
1809 2429 2002 2501 inquit

365 2513 782 2579 Tcrtullianus,
821 2513 940 2569 haac
989 2515 1266 2586 exceptio.
1321 2515 1500 2571 Nemo
1549 2516 1704 2572 enim
1740 2517 1858 2574 ulla
1907 2519 2000 2574 in-

357 2605 521 2672 justa
552 2603 1010 2675 obligaturlege,
1043 2621 1170 2674 qua:
1197 2609 1299 2659 aut
1329 2605 1547 2660 bonum
1582 2607 1868 2678 prohibet,
1903 2613 2004 2664 aut.

365 2692 636 2763 iniquum
670 2691 890 2763 aliquid
939 2694 1205 2764 imperat.
1247 2694 1423 2766 Atqui
1465 2695 1612 2751 tales
1643 2703 1809 2752 erant
1864 2716 2000 2754 san-

364 2779 488 2835 citze
522 2781 578 2835 in
613 2780 975 2836 Christianos
1007 2785 1185 2852 leges.
1210 2784 1443 2839 lnﬁcias
1480 2793 1756 2856 praeterea
1785 2787 2002 2842 ethnici

366 2873 447 2926 ire
483 2887 592 2925 non
623 2875 885 2940 poterant
915 2871 1111 2942 plures
1142 2889 1175 2926 a
1204 2873 1348 2940 suis,
1405 2872 1654 2945 aliisque
1707 2875 2003 2948 legislato-

367 2961 552 3027 ribus,
602 2959 872 3014 humanae
918 2959 1246 3015 infirmitati
1314 2962 1600 3026 obnoxiis,
1639 2965 1825 3030 datas,
1879 2983 2005 3036 qua;

369 3049 606 3119 quidem
640 3049 779 3118 quia
801 3049 933 3103 visae
969 3055 1107 3104 sunt
1139 3054 1238 3104 aut
1287 3051 1471 3105 noxiae
1511 3057 1612 3106 aut
1643 3053 1900 3124 inutiles,
1935 3055 2005 3110 ab

365 3137 494 3191 aliis
530 3138 902 3206 postmodum
955 3140 1294 3204 emendatae,
1347 3146 1652 3212 truncatas,
1719 3145 2006 3215 abrogatas

367 3226 659 3281 fuerunt?
690 3227 892 3281 Nonne
940 3230 1097 3281 enim
1141 3228 1299 3300 leges
1357 3229 1599 3300 Lycurgi
1648 3248 1681 3285 a
1741 3233 2006 3286 Lacedae-

370 3315 606 3382 moniis,
643 3332 835 3372 nonne
865 3315 1022 3388 leges
1057 3317 1241 3389 Papiae
1276 3319 1346 3372 de
1372 3319 1766 3390 suscipiendis
1810 3321 2006 3376 liberis

375 3422 407 3458 a
433 3405 640 3459 Severo
669 3406 1016 3476 imperatore
1047 3411 1147 3460 aut
1198 3412 1490 3474 correctae,
1542 3414 1644 3463 aut
1693 3409 2008 3481 antiquata:

371 3494 546 3549 sunt?
577 3495 782 3549 Nonne
840 3493 929 3549 lex
967 3495 1037 3550 de
1069 3496 1457 3552 creditoribus
1506 3497 1562 3552 in
1607 3500 1752 3552 707
1816 3504 2011 3570 partes

368 3584 636 3638 secandis
699 3584 1012 3639 immutata
1071 3585 1250 3639 fuit?
1307 3591 1422 3641 Nec
1487 3586 1699 3642 mirum
1747 3589 2008 3658 quidem.

367 3672 674 3727 Enimvero
707 3689 896 3744 neque
949 3678 1228 3738 vetustas,
1285 3691 1472 3746 neque
1506 3680 1762 3732 auctoris
1820 3677 2010 3748 digni-

368 3766 478 3824 tas,
513 3763 611 3816 sed
646 3761 885 3832 aequitas
917 3763 1040 3818 sola
1070 3763 1226 3835 leges
1250 3766 1641 3820 commendat.
1675 3766 1848 3822 Nulla
1878 3784 2010 3822 vero

375 3867 634 3921 unquam
663 3851 919 3923 iniquior
942 3853 1078 3920 fuit,
1113 3870 1284 3924 quam
1319 3853 1438 3920 illa,
1466 3872 1591 3926 qure
1624 3855 2008 3923 Christianos,

372 3941 444 3994 ob
469 3958 640 3995 suum
678 3941 962 3996 duntaxat
997 3958 1233 4010 nomen,
1260 3959 1363 3999 nec
1395 3945 1594 3998 audita
1623 3961 1822 4011 causa,
1873 3961 2014 4000 con-

372 4029 632 4084 demnari
659 4030 906 4100 jubebat
936 4033 1081 4102 (cap.
1118 4032 1191 4102 4).

439 4138 734 4200 Quantum
768 4137 922 4192 enim
955 4155 1070 4192 non
1107 4139 1276 4194 modo
1337 4155 1485 4194 nova
1542 4143 1598 4196 et
1640 4140 1879 4211 injuste,
1909 4143 2010 4197 sed

366 4227 539 4280 etiam
571 4227 873 4298 tyrannica
905 4227 1006 4293 sit,
1039 4228 1174 4283 inde
1197 4228 1594 4284 Tcrtullianus
1627 4230 2010 4301 demonstrat,

367 4315 501 4386 quia
531 4316 820 4382 Tiberius,
863 4333 978 4388 quo
1032 4321 1310 4386 regnante
1352 4317 1750 4373 Christianum
1798 4337 2010 4376 nomen

365 4422 465 4474 per
495 4403 684 4460 varias
707 4405 917 4460 mundi
949 4410 1142 4476 partes
1178 4405 1557 4462 disseminari
1587 4407 2008 4478 coepit,auditis

369 4493 584 4548 Christi
647 4493 969 4562 miraculis,
1032 4511 1166 4550 eum
1235 4495 1476 4551 deorum
1529 4512 1774 4552 numero
1832 4497 2016 4553 voluit

369 4582 602 4639 ascribi.
638 4584 799 4649 Quod
848 4584 1085 4656 quidem
1148 4583 1276 4652 etsi,
1335 4586 1603 4641 obstante
1633 4590 1859 4652 senatu,
1896 4603 2011 4641 non

2109 1961 2238 2032 ipso
2261 1961 2433 2016 etiam
2461 1976 2746 2015 sermone.
2783 1959 3132 2014 Christianis
3166 1961 3348 2031 igitur
3405 1963 3622 2016 frustra
3654 1961 3757 2016 ob-

2104 2051 2387 2121 jiciebant
2419 2048 2820 2103 conculcatam
2847 2055 2904 2103 et
2945 2049 3313 2120 profligatam
3340 2055 3600 2105 veterum
3652 2067 3757 2122 pa-

2110 2145 2268 2194 trum
2319 2155 2556 2193 suorum
2606 2137 3032 2202 auctoritatem,
3106 2155 3284 2208 quam
3333 2138 3570 2209 ipsimet
3636 2143 3758 2193 tam

2113 2228 2409 2296 audacter,
2446 2243 2621 2298 quam
2645 2227 2886 2297 impune
2919 2227 3446 2296 pessumdederant
3493 2227 3643 2298 (cap.
3677 2227 3756 2297 6).

2181 2334 2417 2389 Transit
2448 2335 2584 2388 inde
2613 2335 2830 2387 Auctor
2859 2338 3058 2388 noster
3115 2334 3185 2387 ad
3224 2333 3370 2389 falsa
3400 2338 3458 2388 et
3516 2333 3759 2388 mentita

2109 2423 2345 2478 infanda
2393 2421 2853 2477 Christianorum
2910 2421 3175 2493 crimina,
3210 2439 3336 2493 quae
3382 2421 3620 2492 quidem
3676 2421 3760 2476 ita

2112 2512 2304 2576 diluit,
2341 2517 2404 2566 ut
2434 2511 2594 2583 ipsos
2619 2511 2689 2566 ab
2732 2511 2802 2565 iis
2834 2515 2952 2565 tam
2994 2510 3238 2581 alienos,
3273 2528 3449 2582 quam
3509 2509 3758 2582 gentiles

2109 2602 2344 2657 illorum
2380 2602 2570 2674 reipsa
2593 2618 2719 2656 reos
2737 2617 2864 2656 esse
2891 2601 3327 2656 evidentissime
3370 2603 3755 2657 demonstret.

2112 2692 2374 2747 Primum
2404 2692 2561 2747 enim
2607 2689 3150 2762 Christianialongo
3173 2693 3296 2763 jam
3327 2689 3757 2761 temporeinfa-

2113 2783 2445 2849 mabantur,
2495 2781 2663 2852 quasi
2715 2798 2920 2836 carnes
2964 2780 3137 2836 occisi
3190 2798 3304 2836 ase
3353 2779 3516 2852 pueri
3570 2778 3753 2834 ferino

2115 2887 2276 2926 more
2307 2875 2594 2940 vorarent,
2621 2887 2686 2926 ac
2719 2874 2922 2942 postea
2950 2870 3255 2926 exstinctis
3313 2886 3526 2925 canum
3577 2884 3755 2940 opera

2116 2959 2464 3027 luminibus,
2495 2960 2552 3014 in
2579 2959 2837 3031 quolibet
2859 2966 3063 3032 stupro
3099 2965 3155 3015 et
3179 2960 3404 3014 incestu
3437 2957 3760 3012 foedissime

2116 3048 2540 3104 volutarentur.
2599 3051 2672 3103 At
2728 3053 2881 3106 certe
2933 3049 3077 3103 nihil
3137 3048 3367 3104 facilius
3398 3052 3542 3114 erat,
3579 3061 3756 3117 quam

2115 3138 2479 3193 Christianos
2526 3142 2846 3203 tantorum,
2896 3137 2943 3192 si
2994 3153 3192 3193 revera
3230 3137 3301 3192 ab
3331 3136 3406 3192 iis
3445 3139 3742 3207 perpetra-

2118 3229 2339 3291 rentur,
2373 3225 2689 3281 criminum
2740 3227 3099 3281 convincere.
3151 3227 3260 3281 Tot
3306 3225 3599 3281 enimvero
3629 3222 3759 3276 illo-

2121 3332 2249 3369 rum
2283 3315 2506 3370 inimici
2540 3320 2596 3370 et
2627 3316 2824 3371 hostes
2849 3331 3080 3387 semper
3112 3316 3517 3384 fuerunt,quot
3544 3311 3753 3376 Judaei,

2119 3409 2260 3475 quot
2310 3403 2547 3471 milites,
2589 3410 2730 3475 quot
2786 3404 3112 3469 domestici,
3168 3407 3311 3475 quot
3357 3419 3502 3474 pene
3554 3417 3758 3457 eorum

2119 3511 2347 3559 uxores,
2385 3494 2495 3548 imo
2528 3499 2584 3549 et
2605 3494 2850 3564 gentiles
2882 3493 3172 3559 homines,
3215 3494 3314 3564 qui
3348 3490 3484 3548 illos
3525 3505 3758 3561 semper

2118 3583 2579 3638 insectabantur.
2609 3583 2820 3638 Nullus
2861 3587 3056 3637 tamen
3097 3600 3165 3637 ex
3195 3581 3278 3637 eis
3309 3586 3474 3636 tanta
3503 3580 3765 3635 facinora

2120 3671 2355 3743 agnovit
2389 3689 2667 3742 unquam,
2708 3671 3011 3743 multoque
3059 3671 3256 3726 minus
3276 3669 3553 3742 prodidit,
3606 3667 3756 3722 708

2117 3759 2207 3817 vel
2237 3761 2441 3816 iisdem
2494 3761 2838 3816 Christianis
2861 3762 3044 3833 pretio
3074 3761 3270 3832 aliquo
3301 3776 3476 3815 suum
3509 3757 3770 3812 vendidit

2119 3847 2436 3904 silentium.
2474 3852 2540 3904 Et
2568 3867 2699 3905 vero
2732 3849 2865 3921 quis
2896 3850 3016 3904 haec
3045 3850 3294 3904 crimina
3339 3847 3697 3920 prodidisset
3729 3846 3756 3898 ?

2118 3938 2241 3994 Non
2274 3939 2585 3993 Christiani
2625 3939 2991 4010 quidem,qui
3019 3955 3130 3993 non
3161 3938 3359 3992 minus
3401 3933 3764 4006 scrupulose,

2120 4045 2298 4099 quam
2332 4029 2576 4100 gentiles
2596 4046 2703 4084 sua
2740 4029 3005 4083 celabant
3031 4027 3326 4100 mysteria.
3357 4027 3554 4097 Neque
3583 4023 3761 4079 etiam

2119 4117 2355 4188 ethnici,
2393 4117 2493 4189 qui
2526 4119 2596 4173 ab
2636 4119 2975 4173 eorumdem
3009 4116 3468 4173 Chtistianorum
3520 4113 3763 4169 ccetibus

2120 4209 2358 4281 penitus
2391 4208 2632 4275 exclusi,
2668 4209 2807 4279 quid
2840 4209 2898 4263 in
2932 4207 3016 4263 eis
3049 4211 3341 4278 ageretur,
3376 4205 3522 4261 scire
3554 4201 3760 4276 procul

2121 4298 2298 4354 dubio
2327 4315 2440 4353 non
2498 4302 2783 4370 poterant.
2838 4300 2908 4352 At
2953 4295 3072 4365 isti,
3137 4297 3314 4351 Fama
3393 4294 3764 4366 inquiebant,

2121 4387 2420 4441 communi
2455 4387 2574 4442 haec
2606 4386 2906 4458 divulgata
2932 4385 3205 4440 sunt.Sed
3228 4383 3366 4456 quid
3388 4382 3760 4448 famalevius,

2121 4493 2246 4546 quze
2282 4493 2423 4531 sane
2446 4477 2583 4546 quia
2614 4491 2845 4546 semper
2875 4475 3060 4530 oritur
3081 4473 3165 4528 vel
3199 4473 3436 4543 invidia,
3470 4471 3556 4526 vel
3610 4471 3765 4539 odio,

2123 4570 2224 4620 aut
2251 4565 2609 4636 suspicione,
2643 4564 2911 4620 autalios
2950 4562 3278 4635 decipiendi
3316 4561 3766 4633 voluptate,tan-

371 4673 712 4743 perfecerit;
743 4673 801 4728 in
837 4651 945 4730 sua
982 4679 1174 4730 tamen
1214 4651 1538 4746 permansit
1594 4651 1906 4742 sententia,
1957 4680 2013 4731 et
2041 4651 2086 4715 D
2121 4655 2217 4710 diu
2246 4659 2473 4709 tantum
2509 4659 2865 4726 Persevera,
2900 4653 3160 4724 quandi“
3193 4651 3476 4706 mentitur
3503 4651 3652 4722 (0⁸1)·
3684 4651 3768 4720 7)-

370 4762 1309 4820 Christianorumaccusatoribus
1364 4764 1687 4835 periculum
1765 4766 2013 4821 commi-

368 4855 539 4907 natus
573 4857 684 4909 est.
745 4854 825 4909 Ex
867 4855 1316 4910 successoribus
1366 4857 1564 4908 autem
1619 4853 1777 4909 illius
1842 4859 2012 4923 Nero,

372 4942 634 4997 omnium
670 4942 917 5013 primus,
951 4944 1063 4998 heu
1107 4960 1283 5014 quam
1320 4943 1538 5014 impius
1579 4943 2017 5011 sceleratusque

370 5031 542 5086 homo
568 5033 578 5088 l
606 5031 929 5088 Casariano
958 5032 1154 5104 gladio
1213 5034 1491 5088 adversus
1522 5032 1886 5090 Christianos
1936 5034 2016 5089 fe-

374 5120 562 5175 rociit.
587 5121 952 5178 Domitianus
985 5139 1146 5192 vero,
1179 5123 1523 5180 orudelilate
1552 5123 1636 5178 illi
1660 5141 1772 5179 non
1806 5125 2017 5196 impar,

376 5224 509 5264 cum
546 5210 746 5265 eadem
778 5216 1080 5277 tentasset,
1109 5229 1247 5268 suos
1278 5214 1390 5268 cito
1426 5213 1706 5284 repressit
1752 5217 2016 5270 conatus.

378 5298 465 5353 Ab
501 5302 748 5370 utroque
779 5301 974 5372 quiem
999 5299 1170 5373 longe
1223 5301 1412 5357 abfuit
1446 5305 1675 5357 Marcus
1724 5302 2016 5371 Aurelius,

376 5388 477 5461 qui
509 5388 976 5445 Christianorum
1009 5391 1270 5446 militum
1303 5393 1575 5463 precibus
1597 5392 1906 5463 impetrato
1932 5392 2018 5446 di-

372 5479 596 5535 vinitus
632 5479 840 5550 imbre,
866 5479 1050 5551 jussit
1081 5480 1139 5534 in
1173 5497 1270 5536 eos
1303 5480 1559 5536 severius
1610 5481 2017 5548 animadverti,

374 5567 473 5637 qui
507 5568 718 5624 Christi
749 5572 1066 5626 sectatores
1099 5573 1462 5625 accusarent.
1499 5573 1682 5625 Antea
1710 5570 2018 5641 Trajanus,

380 5654 542 5711 nulla
569 5657 688 5730 lege
717 5658 853 5731 lata,
882 5659 1183 5732 prohibuit
1212 5676 1308 5716 eos
1340 5658 1759 5730 inquiri.Nulla
1792 5674 2023 5730 quoque

381 5743 658 5802 adversus
689 5747 822 5806 illos
853 5753 1043 5805 exstat
1071 5747 1492 5820 imperatorum
1534 5748 2022 5820 Adriani,Vespa-

2198 4763 2376 4834 Urget
2398 4761 2800 4817 Tcrtullianus
2831 4765 2951 4816 tam
3001 4757 3308 4815 horribilia
3341 4774 3469 4814 esse
3499 4756 3600 4813 illa
3662 4755 3770 4812 ila-

2125 4853 2288 4925 gitia,
2322 4856 2450 4907 uta
2502 4852 2732 4907 nemine
2778 4851 2932 4906 credi
2988 4865 3246 4921 unquam
3297 4848 3628 4918 debuerint,
3674 4850 3774 4902 aut

2125 4941 2423 5014 potuerint
2495 4941 2802 4996 committi.
2889 4939 3284 4996 Sectatoribus
3360 4937 3575 5010 quippe
3651 4937 3774 4993 suis

2126 5032 2447 5088 Christiani
2485 5037 2762 5086 eternam
2801 5030 3134 5085 felicitatem
3169 5029 3603 5100 promittebant.
3635 5027 3776 5090 Quis

2127 5127 2323 5176 antem
2356 5121 2412 5174 in
2447 5121 2710 5176 animum
2746 5119 2856 5174 sibi
2887 5120 3148 5189 inducat,
3172 5135 3299 5174 eam
3333 5116 3624 5188 pollicitos
3646 5131 3774 5171 esse

2126 5211 2372 5267 homini.
2415 5211 2516 5281 qui
2549 5210 2831 5264 infantem
2855 5209 3162 5274 occideret,
3187 5224 3397 5279 panem
3447 5205 3774 5261 comederet

2128 5301 2346 5355 recenti
2373 5300 2530 5354 illius
2555 5299 2837 5371 sanguine
2859 5298 3266 5362 intinctum,ac
3299 5299 3501 5367 postea
3523 5294 3773 5349 nefando

2128 5390 2352 5445 incestu
2416 5387 2772 5461 pollueretur
2803 5387 2830 5441 ?
2875 5388 2995 5442 Imo
3054 5402 3185 5440 vero
3230 5383 3451 5439 nemini
3509 5398 3773 5453 unquam

2127 5478 2469 5550 persuaderi
2505 5477 2714 5549 poterit
2763 5478 2883 5531 hmo
2907 5477 2976 5530 ab
3008 5473 3259 5543 ethnico,
3292 5473 3383 5527 cui
3427 5471 3666 5542 pudoris
3721 5476 3778 5527 et

2132 5566 2522 5622 humanitatis
2557 5567 2771 5638 aliquis
2807 5580 3017 5620 sensus
3051 5562 3147 5632 sit,
3182 5561 3444 5634 potuisse
3467 5563 3609 5618 ﬁeri.
3669 5562 3778 5617 Ne-

2134 5673 2249 5728 que
2266 5656 2486 5711 dixeris
2503 5653 2806 5727 religionis
2848 5651 3189 5708 Christianis
3212 5651 3542 5708 candidatis
3567 5652 3781 5709 factam

2137 5746 2209 5802 ab
2250 5745 2385 5802 aliis
2416 5745 2703 5801 fraudem.
2745 5741 2884 5808 Quis
2939 5740 3096 5796 anim
3128 5756 3256 5796 eam
3294 5740 3502 5814 facere
3553 5740 3784 5815 potuit?
