4262 6424
444 407 564 468 787

967 407 1487 471 TERTULLIANI
1532 411 1857 474 OPERUM
1904 413 2097 472 PARS
2142 413 2192 472 l.
2227 444 2302 454 —
2342 411 2610 472 SERIES
2655 411 2701 484 l,
2753 409 3318 472 APOLOGETICA.

3723 410 3845 470 788

445 538 599 595 Num
631 553 931 593 sacrorum
966 543 1259 609 pater,aut
1284 540 1434 598 alius
1465 560 1497 598 a
1526 559 1641 614 quo
1663 542 2084 600 edocebantur?
2110 545 2165 611 Α
2195 541 2306 598 diis
2339 541 2560 598 cultum
2596 559 2835 614 prorsus
2862 540 3362 613 denegarent.Nec
3390 539 3678 596 diffitetur
3711 541 3848 611 qui-

447 629 519 682 At
558 643 672 698 quo
702 627 942 682 tandem
973 627 1128 692 dolo,
1161 629 1375 698 quibus
1413 632 1722 703 praestigiis
1752 637 1850 688 eos
1883 634 2087 688 docere
2195 631 2328 685 dem
2360 630 2760 686 Tertullianus
2790 629 3005 700 grande
3039 628 3239 701 procul
3283 628 3460 683 dubio
3510 645 3640 684 esse
3697 629 3844 685 illud

452 719 678 786 poterat
708 715 987 785 quidnam
1021 717 1091 771 ab
1127 717 1270 788 ipsis
1310 720 1380 773 ad
1415 722 1775 776 exsecranda
1821 721 1922 776 illa
1979 721 2088 775 cri-

2199 719 2436 785 crimon,
2471 720 2518 774 si
2551 736 2696 791 quos
2727 719 2939 774 ethnici
2963 717 3306 787 adorabunt,
3337 717 3417 770 dii
3451 733 3651 772 revera
3720 719 3848 774 fue-

460 804 619 858 mina
649 805 1035 874 perpetranda
1065 811 1220 861 esset
1249 809 1540 878 agendum
1571 810 1600 864 ‘2
1632 811 1766 866 Esto
1798 813 2093 877 tamen,et
2203 809 2343 872 rint,
2377 811 2447 862 At
2469 825 2568 862 eos
2603 825 2714 863 non
2751 809 2911 872 deos,
2944 807 3042 862 sed
3079 822 3270 860 merus
3328 805 3601 861 homines
3660 807 3849 863 fuisse

456 891 566 960 fac,
622 889 670 945 si
713 891 880 956 velis,
926 892 1044 947 haec
1101 894 1173 948 ab
1205 893 1321 949 illis
1353 896 1534 952 fuisse
1579 899 1895 953 commissa
1934 914 1949 964 ;
1991 913 2095 951 cur
2202 898 2371 953 testis
2397 903 2521 952 erat
2553 898 2943 970 ipsorummet
2971 894 3336 950 ethnicorum
3375 896 3757 951 conscientia.
3788 895 3851 950 Si

461 995 597 1050 ergo
625 979 700 1034 iis
730 980 966 1035 tandem
1023 981 1241 1052 agnitis
1300 987 1356 1037 et
1405 985 1571 1052 actis,
1626 986 1696 1041 de
1727 986 1931 1040 fraude
1980 982 2095 1039 sibi
2205 987 2337 1058 quis
2368 992 2559 1042 tamen
2595 985 3084 1042 reluctariadhue
3116 985 3348 1054 audeat,
3384 984 3481 1040 ille
3539 985 3850 1041 confestim

456 1068 609 1123 facta
638 1083 942 1138 nunquam
973 1071 1302 1140 conquesti,
1333 1071 1389 1127 in
1423 1074 1638 1129 tradita
1671 1073 1783 1130 sibi
1807 1079 1926 1129 tam
1961 1073 2096 1128 hor-

454 1156 610 1212 ribili
642 1156 904 1212 doctrina
933 1162 1053 1213 tam
1102 1163 1440 1216 constanter
1497 1177 1699 1218 omnes
1768 1179 2098 1234 persevera-

454 1244 642 1300 runt?
671 1247 966 1317 Numquid
991 1247 1276 1303 timebant
1307 1266 1377 1304 ne
1398 1265 1464 1305 ea
1489 1252 1904 1322 patefacientes
1934 1250 2099 1323 puni-

460 1333 711 1388 rentur?
741 1335 888 1400 Quin
938 1334 1056 1391 imo
1115 1337 1485 1394 ethnicorum
1533 1341 1779 1411 gratiam
1811 1341 1920 1396 sibi
1965 1340 2102 1395 inde

462 1423 970 1480 conciliavissent:
1006 1426 1106 1480 sed
1164 1427 1346 1495 perire
1405 1428 1723 1498 malebant,
1783 1447 1948 1502 quam
2003 1429 2102 1484 sub

462 1513 568 1567 tali
596 1515 933 1568 conscientia
951 1516 1149 1571 vivere.
1183 1517 1334 1588 (cap.
1364 1517 1419 1572 8.

470 1795 719 1868 gentiles
749 1799 1086 1854 earumdem
1111 1804 1211 1854 aut
1240 1799 1527 1857 similium
1560 1803 1728 1875 plane
1759 1808 2108 1875 penitusque

472 1885 755 1941 convinci.
779 1890 1024 1942 Saturno
1057 1905 1332 1960 namque,
1367 1891 1466 1962 qui
1499 1892 1752 1963 propriis
1800 1893 1934 1947 ﬁliis
1984 1891 2108 1946 suis

472 1990 588 2029 non
621 1975 896 2046 pepercit,
928 1976 1176 2032 infantes
1211 1979 1280 2032 ad
1343 1981 1598 2050 primum
1656 1998 1846 2052 usque
1893 1979 2109 2036 Tiberii

481 2062 962 2134 proconsulatum
997 2063 1211 2135 palam,
1240 2083 1305 2121 ac
1327 2067 1599 2140 deinceps
1621 2068 1846 2124 occulte
1878 2069 1934 2124 in
1961 2069 2115 2124 Afri-

481 2169 548 2207 ca
569 2151 972 2208 immolabant.
1020 2153 1168 2208 Galli
1217 2172 1349 2211 vero
1379 2157 1646 2214 solebant
1674 2159 1925 2230 majores
1975 2164 2115 2214 natu

480 2239 788 2310 Mercurio,
851 2241 1023 2296 Tauri
1077 2260 1216 2298 suos
1263 2245 1520 2316 hospites
1584 2247 1809 2316 Dianae,
1872 2247 2117 2302 Romani

479 2328 822 2396 bestiarios,
856 2346 971 2384 non
1009 2331 1206 2387 minus
1227 2337 1422 2388 tamen
1454 2334 1746 2404 homines,
1780 2336 1838 2390 in
1867 2336 2117 2408 publicis

475 2416 779 2473 ludisJovi
832 2423 1102 2474 mactare.
1162 2421 1310 2486 Quid
1364 2424 1541 2493 quod,
1593 2423 1693 2479 alii
1747 2441 1859 2480 non
1905 2424 2118 2479 minori

481 2505 825 2562 crudelitate
855 2507 1181 2564 infantibus
1213 2515 1318 2565 aut
1347 2512 1553 2567 abortu
1586 2513 1996 2583 praeripiebant
2035 2513 2119 2567 vi-

486 2599 631 2661 tam,
659 2599 760 2649 aut
785 2601 956 2652 natos
991 2598 1159 2652 morti
1195 2601 1562 2670 exponebant
1587 2617 1719 2657 mox
1744 2603 1972 2657 futurae.
1999 2602 2120 2657 Huc

489 2683 730 2752 accedit,
759 2684 914 2754 quod
939 2701 1051 2739 non
1085 2686 1276 2742 solum
1307 2689 1570 2744 nationes
1602 2691 1888 2762 quaedam,
1921 2707 2122 2762 quem-

489 2772 809 2827 admodum
858 2774 1125 2842 Catilina,
1159 2776 1342 2831 eﬂ‘uso
1362 2794 1468 2833 suo
1500 2779 1785 2850 sanguine
1824 2780 2009 2835 fcedus
2033 2797 2126 2851 pe-

492 2858 934 2932 pigere,verum
969 2861 1144 2918 etiam
1183 2865 1406 2936 Scythae
1468 2867 1762 2922 hominem
1823 2869 2124 2924 comedere

491 2949 846 3004 ferebantur.
883 2950 1128 3006 Bellona!
1163 2969 1396 3025 quoque
1426 2958 1755 3012 sacerdotes
1787 2974 1891 3013 suo
1924 2974 2126 3013 conse-

489 3037 807 3093 crabantur
835 3039 1143 3111 sanguine,
1175 3046 1231 3096 et
1261 3042 1635 3114 gladiatores,
1665 3045 1818 3101 sicut
1847 3045 2125 3102 comitiali

490 3127 696 3182 morbo
726 3126 1082 3198 laborantes,
1114 3130 1394 3187 bibebant
1423 3132 1671 3189 aliorum
1704 3134 2007 3190 hominum
2067 3136 2127 3190 in

489 3230 667 3270 arena
696 3215 1023 3271 occisorum
1051 3220 1421 3290 sanguinem.
1445 3221 1559 3276 Alii
1585 3223 1761 3278 etiam
1785 3223 1840 3277 in
1876 3223 2127 3295 publicis

490 3304 841 3376 Spectaculis
873 3323 1076 3362 carnes
1125 3310 1508 3366 comedebant
1539 3317 1638 3367 aut
1695 3313 1866 3381 cervi,
1919 3313 2018 3384 qui
2069 3314 2127 3368 in

489 3391 704 3449 ominis
734 3395 1021 3466 sanguine
1043 3396 1484 3467 jacuerat,haut
1516 3401 1664 3473 apri,
1696 3403 1796 3473 qui
1827 3402 2127 3457 hominem

492 3486 912 3550 cruentaverat,
967 3488 1069 3539 aut
1151 3487 1273 3542 ursi
1328 3487 1602 3554 alveolos,
1661 3491 1760 3563 qui
1819 3491 2132 3546 ructahant

501 3568 694 3625 adhuc
715 3569 1021 3628 hominum
1048 3572 1105 3628 in
1141 3574 1304 3630 hisce
1360 3576 1516 3632 ludis
1561 3578 1998 3635 interfectorum
2048 3580 2130 3635 vi-

499 3673 682 3713 scera.
719 3659 976 3730 Denique
1007 3663 1195 3734 magis
1225 3663 1536 3737 horrendo,
1571 3684 1675 3723 nec
1706 3686 1968 3739 unquam
2028 3686 2131 3724 no-

497 3746 800 3815 minando,
843 3750 1058 3805 scelere
1101 3753 1495 3810 substantiam
1539 3755 1795 3812 hominis
1849 3756 2131 3830 deglutie-

495 3835 658 3890 bant.
682 3836 998 3892 Christiani
1034 3855 1064 3893 e
1093 3842 1381 3898 contrario
1414 3844 1805 3901 abhorrebant
1864 3847 2012 3901 709
2062 3847 2134 3902 ab

499 3924 659 3979 omni
691 3926 921 3981 saevitia:
951 3942 1184 3998 genere,
1217 3947 1323 3986 nec
1369 3932 1456 3987 fas
1505 3933 1589 3988 eis
1620 3939 1743 3989 erat
1771 3935 1947 3990 etiam
2006 3952 2135 3991 cru-

499 4013 803 4070 delissima
818 4014 1271 4074 intertormenta
1285 4026 1384 4075 aut
1398 4021 1740 4078 animalium
1766 4025 2138 4096 sanguinem,

497 4105 598 4157 aut
629 4103 979 4160 suifocatum
1031 4105 1280 4178 aliquid,
1333 4115 1436 4166 aut
1484 4113 1745 4168 oblatum
1805 4113 1970 4170 falsis
2026 4113 2139 4170 diis

496 4192 894 4248 morticinium
920 4201 1279 4268 praegustare
1310 4199 1462 4272 (cap.
1495 4201 1572 4270 9).

567 4298 714 4362 Quid
761 4317 892 4356 vero
923 4318 1114 4359 causae
1150 4309 1275 4359 erat
1321 4321 1428 4362 cur
1488 4308 1705 4364 ethnici
1774 4311 2140 4367 Christianos

497 4389 1287 4463 arguerentincestus,cujus
1313 4397 1645 4467 exemplum
1677 4399 1915 4455 dederat
1956 4401 2143 4456 scele-

497 4476 831 4534 ratissimus
855 4479 1104 4551 Jupiter,
1138 4486 1196 4536 et
1227 4483 1310 4539 rei
1360 4491 1524 4540 erant
1552 4488 1735 4543 Persa:
1758 4489 1785 4543 ?
1861 4489 2141 4560 Ejusdem

497 4582 627 4620 vero
659 4566 895 4623 sceleris
952 4571 1224 4641 suspecti,
1260 4579 1426 4628 erant
1446 4575 1814 4647 Macedones,
1846 4594 1879 4632 a
1927 4579 2145 4650 quibus

2205 1076 2534 1131 innumeris
2567 1074 2898 1130 revincetur
2919 1073 3280 1144 Scriptorum
3315 1089 3552 1128 suorum
3584 1073 3852 1128 testimo-

2209 1166 2346 1232 niis,
2381 1164 2478 1236 qui
2512 1164 2641 1220 loca
2670 1161 3061 1232 indicant,ubi
3091 1161 3480 1217 commentitii
3503 1161 3585 1216 illi
3611 1163 3690 1217 dii
3714 1163 3858 1226 nati,

2208 1255 2306 1310 ubi
2360 1253 2664 1310 mortalem
2721 1257 2966 1324 egerunt
3021 1250 3224 1316 vitam,
3314 1255 3372 1306 et
3429 1249 3526 1305 ubi
3579 1267 3645 1306 ea
3694 1251 3860 1305 ﬁnita

2210 1343 2422 1416 sepulti
2457 1347 2612 1398 sunt.
2664 1341 2809 1407 Quia
2862 1357 2994 1396 vero
3052 1338 3288 1411 longius
3345 1338 3556 1395 fuisset
3586 1339 3853 1412 singulos

2211 1434 2386 1488 hosce
2419 1433 2558 1486 deos
2609 1429 2954 1484 nominatim
3006 1443 3326 1497 recensere,
3383 1429 3600 1484 Auctor
3657 1434 3860 1483 noster

2211 1523 2356 1578 illud
2417 1520 2673 1586 Saturni,
2733 1521 2974 1574 deorum
3019 1515 3280 1571 omnium
3339 1515 3535 1588 primi,
3593 1517 3858 1588 exemplo

2215 1794 2348 1861 post
2379 1788 2593 1842 multas
2615 1785 3039 1857 expeditiones,
3085 1783 3266 1840 Attico
3319 1783 3573 1856 hospitio
3596 1785 3666 1840 ab
3707 1784 3856 1840 Jano

2214 1877 2307 1934 vel
2361 1877 2537 1932 Inone
2591 1875 2649 1930 in
2707 1873 2872 1930 Italia
2926 1877 3220 1944 exceptus,
3279 1873 3462 1928 monti
3520 1890 3587 1928 ac
3642 1873 3859 1929 civitati

2224 1983 2400 2038 quam
2431 1964 2694 2029 incoluit,
2749 1964 2969 2033 totique
3019 1961 3196 2017 Italiae
3237 1961 3397 2016 dedit
3428 1963 3706 2017 Saturniae
3755 1977 3858 2016 no-

2225 2057 2585 2125 men.Neque
2609 2053 2665 2107 id
2698 2051 2892 2107 minus
2920 2051 3224 2122 perspicue
3246 2049 3620 2106 declarabant
3648 2047 3859 2104 tabulis

2227 2144 2296 2199 ab
2327 2143 2452 2213 ipso
2482 2141 2559 2196 ibi
2594 2139 2849 2212 primum
2881 2139 3158 2206 confictis,
3185 2142 3240 2193 et
3269 2153 3548 2193 nummus
3605 2135 3860 2207 imagine

2227 2234 2514 2305 signatus,
2547 2231 2619 2287 ob
2672 2246 2840 2301 quem
2892 2229 3201 2300 praesidere
3249 2227 3451 2284 aerario
3502 2226 3861 2299 perhibetur.

2225 2323 2409 2378 Homo
2437 2319 2742 2392 igiturille
2775 2319 2903 2386 luit,
2929 2334 3033 2373 nec
3087 2319 3157 2373 de
3204 2317 3346 2372 coelo
3374 2322 3431 2373 et
3477 2321 3632 2373 terra
3669 2321 3857 2382 ortus,

2227 2411 2400 2466 sicuti
2433 2408 2700 2464 nonnulli
2732 2406 2974 2463 fabulati
3007 2415 3164 2462 sunt.
3207 2407 3456 2462 Caeteros
3487 2422 3624 2478 ergo
3655 2421 3860 2460 omnes

2228 2500 2387 2566 deus,
2413 2496 2514 2568 qui
2538 2512 2706 2550 suam
2742 2510 2810 2549 ex
2841 2493 2938 2548 illo
2981 2495 3201 2548 ducunt
3231 2493 3534 2564 originem,
3595 2492 3864 2548 homines

2229 2586 2406 2643 etiam
2439 2585 2640 2652 fuisse,
2674 2582 2805 2654 quis
2837 2598 3048 2654 negare
3069 2581 3307 2636 audebit
3332 2583 3481 2653 (cap.
3515 2580 3602 2652 10)
3630 2579 3659 2635 ?

2303 2696 2416 2751 Nec
2456 2695 2598 2750 sinit
2633 2692 2868 2764 quidem
2913 2690 3308 2746 Tertullianus
3369 2689 3481 2746 sibi
3526 2689 3869 2760 responderi

2233 2787 2340 2842 hos
2364 2789 2492 2854 post
2523 2787 2768 2838 mortem
2795 2786 3024 2836 tantum
3075 2797 3243 2836 suam
3285 2780 3527 2835 deorum
3588 2778 3872 2850 ascriptus

2234 2891 2364 2932 esse
2397 2888 2661 2928 numero.
2696 2870 3066 2925 Divinitatem
3090 2869 3247 2924 enim
3279 2868 3481 2924 nullus
3529 2867 3703 2923 homo
3757 2866 3871 2922 sibi

2236 2963 2498 3018 conferre
2556 2963 2766 3032 potest.
2801 2959 2862 3014 Si
2918 2959 3010 3013 cui
3057 2973 3194 3029 ergo
3241 2974 3343 3013 seu
3403 2960 3557 3023 ante,
3607 2972 3709 3011 seu
3743 2958 3878 3027 post

2238 3056 2482 3106 mortem
2517 3051 2652 3104 data
2683 3053 2792 3114 est,
2827 3047 2876 3103 is
2908 3052 3059 3103 certe
3099 3046 3171 3100 ab
3205 3046 3317 3101 alio
3369 3044 3692 3117 potentiore
3758 3049 3870 3098 Deo

2236 3140 2397 3196 illam
2434 3139 2696 3210 accipere
2717 3137 2939 3194 debuit.
2990 3141 3064 3191 At
3121 3134 3285 3191 nulla
3331 3134 3501 3207 plane
3533 3150 3713 3189 causa
3760 3149 3872 3187 un-

2240 3246 2415 3301 quam
2471 3229 2581 3283 fuit
2627 3244 2734 3283 cur
2794 3225 2891 3282 ille
2937 3241 3208 3281 summus
3249 3222 3406 3278 Deus
3464 3222 3693 3292 aliquos
3744 3224 3878 3292 post

2239 3336 2438 3375 eorum
2473 3323 2726 3374 mortem
2760 3317 2899 3371 deos
2931 3316 3162 3371 faceret.
3196 3313 3426 3369 Nullius
3457 3311 3696 3383 quippe,
3756 3309 3876 3365 sive

2239 3409 2311 3463 ad
2335 3411 2621 3464 mundum
2646 3405 3075 3470 fabricandum,
3109 3403 3228 3460 sive
3259 3403 3330 3457 ad
3364 3401 3521 3458 aliud
3571 3398 3873 3471 quidpiam

2241 3497 2530 3570 agendum
2559 3511 2822 3566 unquam
2863 3493 3116 3564 indiguit
3156 3489 3391 3548 auxilio.
3463 3493 3614 3544 Ante
3673 3501 3879 3542 omnes

2241 3586 2526 3656 siquidem
2562 3583 2795 3638 ﬁctitios
2817 3581 3122 3654 gentilium
3155 3580 3316 3649 deos,
3346 3576 3575 3650 pluvia,
3626 3575 3875 3638 lumina,

2243 3676 2456 3743 sidera,
2513 3672 2792 3738 tonitrua,
2845 3668 3116 3737 fulmina,
3179 3673 3236 3724 et
3267 3667 3429 3723 varia
3484 3667 3721 3738 frugum
3780 3679 3882 3736 ge-

2243 3780 2383 3820 nera
2404 3768 2531 3817 orta
2561 3765 2720 3817 sunt.
2755 3759 2904 3825 Quin
2953 3758 3072 3813 imo
3103 3756 3368 3813 omnium
3404 3753 3710 3810 hominum
3766 3750 3888 3824 pri-

2247 3869 2401 3918 mus,
2433 3855 2564 3923 post
2594 3850 2792 3905 omnia
2821 3849 2893 3904 ad
2927 3847 3106 3903 vitam
3164 3848 3292 3914 ejus
3352 3842 3702 3908 necessaria,
3753 3857 3884 3896 con-

2247 3942 2404 3997 ditus
2437 3945 2543 3996 est.
2577 3939 2699 3994 Non
2733 3937 2922 4009 magis
2965 3952 3100 4008 ergo
3151 3933 3340 4002 Liber,
3373 3932 3564 3999 Ceres,
3623 3930 3888 3986 Bacchus

2247 4035 2303 4086 et
2331 4029 2588 4084 Minerva
2618 4028 2690 4082 ob
2721 4026 2987 4081 iuventas
3019 4024 3216 4095 fruges
3248 4021 3327 4076 dii
3352 4019 3492 4076 facti
3525 4023 3690 4085 sunt,
3743 4017 3893 4072 710

2251 4135 2431 4192 quam
2464 4115 2744 4174 Lucullus
2765 4117 2837 4171 ob
2868 4129 3069 4170 cerasa
3097 4129 3166 4168 ex
3222 4114 3405 4166 Ponto
3445 4111 3778 4165 transvecta
3831 4106 3892 4160 in

2252 4208 2506 4264 Italiam.

2321 4298 2516 4368 Neque
2540 4295 2746 4368 potiori
2779 4294 3004 4351 ratione
3035 4291 3149 4347 dici
3201 4293 3390 4363 potest
3419 4285 3692 4344 collatam
3727 4301 3902 4358 prop-

2251 4392 2339 4443 ter
2371 4386 2574 4442 merita
2604 4390 2660 4441 et
2678 4384 2922 4440 virtutes
2953 4380 3294 4437 hominibus
3326 4375 3715 4434 divinitatem.
3753 4373 3900 4429 Nam

2253 4477 2389 4531 iude
2419 4474 2724 4531 coniicitur
2752 4487 3094 4544 supremum
3127 4469 3384 4541 aliquem
3405 4482 3534 4523 esse
3572 4465 3769 4531 deum,
3802 4461 3902 4534 qui

2256 4565 2620 4621 merentibus
2677 4561 3045 4618 divinitatem
3091 4559 3414 4631 dispensat.
3468 4553 3690 4612 Deinde
3771 4568 3904 4609 vero

499 4653 772 4710 isirrisus
803 4657 914 4711 fuit
953 4639 1285 4732 (χαί-ΟΕόὶρί
1316 4665 1654 4734 tragoediam
1673 4639 2151 4738 agendo,l‘amen-
2181 4648 2224 4714 D
2255 4653 2504 4725 gentiles
2537 4652 2704 4709 fateri
2733 4652 3094 4725 cogebantur
3124 4651 3262 4738 deos
3319 4661 3457 4704 suos
3490 4644 3678 4738 fuisse
3707 4639 3899 4738 homi-

494 4743 732 4798 tabatur
762 4743 1032 4802 violatam
1054 4765 1087 4803 a
1114 4751 1394 4822 semetips
1413 4770 1444 4807 o
1486 4759 1735 4810 matrem
1782 4773 1972 4811 suam.
1997 4757 2148 4820 Quid

499 4830 707 4902 plura?
736 4833 994 4904 [mprobi
1034 4837 1283 4907 gentiles
1330 4842 1552 4912 stupris
1611 4844 1946 4912 assuefacti,
2021 4845 2148 4902 suis

504 4919 684 4975 etiam
743 4921 970 4991 liberis,
1020 4924 1157 4980 olim
1211 4928 1512 4999 expositis,
1556 4948 1659 4986 nec
1710 4932 1820 4987 sibi
1891 4934 2147 5004 amplius

503 5009 776 5081 cognitis,
835 5015 1109 5083 stuprum
1151 5031 1297 5072 caeca
1355 5017 1600 5075 libidine
1670 5020 2019 5078 inferebant.
2078 5026 2149 5079 At

504 5097 817 5156 Christiani
849 5106 950 5156 aut
981 5101 1040 5157 in
1067 5103 1422 5176 virginitatis
1487 5111 1935 5179 perseverabant
1965 5117 2144 5183 statu,

504 5189 699 5244 autab
731 5190 890 5245 omni
939 5197 1074 5262 post
1131 5195 1576 5254 matrimonium
1635 5215 1876 5255 excessu
1913 5218 2148 5273 semper

501 5277 903 5335 abstinebant.

573 5367 659 5422 Ab
683 5366 850 5424 falsis
883 5375 1080 5425 autem
1102 5371 1442 5445 ﬁctitiisque
1464 5376 1926 5434 Christianorum
1959 5381 2147 5435 occul-

500 5455 578 5512 tis
626 5457 995 5528 criminibus,
1056 5462 1126 5515 ad
1180 5479 1248 5518 ea
1295 5466 1509 5521 transit
1554 5467 1975 5539 Tertullianus,
2017 5487 2146 5541 quas

503 5545 717 5601 ethnici
749 5550 1060 5606 manifesta
1093 5555 1148 5606 et
1196 5553 1432 5623 publica
1484 5571 1614 5612 esse
1655 5558 2140 5616 criminabantur.

507 5632 867 5706 Praecipuum
902 5644 1094 5694 autem
1129 5640 1270 5696 illud
1295 5648 1560 5718 erat,quo
1590 5647 1880 5721 sacrilegii
1905 5658 1956 5704 et
1995 5649 2147 5708 laesis

511 5721 832 5790 maiestatis
864 5726 1074 5784 divinas
1100 5728 1230 5786 ideo
1252 5735 1868 5811 accusabantur,quod
1907 5755 2143 5799 omnem

2259 4760 2362 4799 nes
2399 4742 2722 4814 improbos,
2783 4741 3020 4813 impios,
3077 4737 3416 4804 sceleratos,
3475 4729 3896 4804 nequissimos,

2258 4831 2524 4904 aliosque
2585 4831 2702 4886 illis
2751 4830 2975 4885 similes
3009 4829 3082 4886 ab
3113 4827 3242 4884 aliis
3262 4827 3412 4882 bene
3467 4818 3709 4878 moratis
3770 4817 3906 4889 jure

2260 4920 2467 4977 merito
2495 4920 2894 4977 condemnari.
2915 4919 3023 4974 Fac
3053 4922 3251 4973 tamen
3287 4914 3419 4970 illos
3447 4912 3627 4968 fuisse
3659 4906 3902 4980 probos,

2257 5011 2359 5066 sed
2387 5027 2510 5082 (non
2544 5007 2816 5065 meliores
2849 5011 3017 5064 erant
3068 5008 3308 5062 Socrate
3363 5007 3420 5059 ct
3472 4998 3750 5068 Aristide,
3799 5011 3910 5051 nec

2264 5099 2532 5166 fortiores
2563 5097 2951 5154 Themistocle
2984 5094 3410 5160 etAlexandro,
3451 5106 3558 5146 nec
3622 5085 3910 5142 feliciores

2256 5189 2554 5260 Polycrate
2586 5193 2643 5243 et
2689 5186 2862 5259 Sylla,
2898 5202 3002 5242 nec
3049 5188 3240 5240 Croeso
3297 5182 3578 5238 Crassove
3637 5176 3904 5243 ditiores,

2256 5277 2684 5350 eloquentiores
2734 5274 3125 5332 Demosthene
3165 5278 3224 5329 et
3254 5272 3545 5339 Cicerone,
3599 5264 3910 5338 sapientio-

2256 5384 2350 5423 res
2377 5368 2683 5434 Catone,ac
2715 5365 2985 5436 Scipione
3003 5363 3308 5435 aequiores.
3341 5365 3455 5415 Cur
3482 5372 3620 5429 ergo
3672 5352 3914 5420 ethnici,

2255 5456 2348 5512 his
2388 5458 2542 5528 apud
2574 5456 2793 5512 inferos
2815 5453 3057 5524 relictis,
3099 5452 3233 5508 illos
3265 5451 3322 5506 in
3353 5447 3564 5506 ccelum
3613 5437 3914 5514 tanquaml

2255 5547 2394 5602 deos
2424 5545 2792 5602 sustulerunt
2821 5545 2966 5616 (cap.
3001 5543 3089 5614 11)
3110 5542 3140 5597 ‘I

2325 5653 2435 5710 Sed
2465 5653 2558 5709 dic
2586 5669 2757 5725 porro
2795 5649 3037 5724 quinam
3075 5649 3198 5706 sint
3225 5645 3289 5705 hi
3315 5643 3621 5718 gentilium
3659 5639 3762 5728 dii.
3785 5636 3920 5694 Nihi

2252 5742 2426 5816 plane
2457 5742 2516 5799 in
2549 5741 2686 5813 illis,
2715 5739 2796 5798 ait
2847 5736 3268 5810 Tertullianus,
3310 5730 3622 5806 video,nisi
3651 5732 3917 5786 mortuo-
