4262 6352
380 422 498 482 ’189
1110 423 1188 482 IN
1237 423 1846 484 APOLOGETICUM
1892 423 1962 480 D.
2011 425 2108 483 LE
2153 424 2480 485 NOURRY
2529 423 3066 484 DISSERTATIO.
3680 423 3802 482 790

385 570 515 610 rum
547 553 854 608 hominum
889 553 1312 609 nomina.Nihil
1345 555 1520 609 audio
1545 559 1750 624 praeter
1783 555 2035 623 fabulas,
2065 561 2118 625 Α
2148 556 2287 610 deos
2320 555 2675 624 destruebat,
2709 558 2894 609 morte
2923 555 3237 609 damnatus
3277 556 3382 607 est.
3405 552 3516 608 Sed
3550 552 3800 608 rescissa

385 648 561 714 atque
593 659 661 697 ex
706 642 799 696 his
855 642 1068 698 fabulis
1119 660 1284 698 sacra
1343 643 1614 699 instituta
1661 659 2031 714 recognosco.
2146 644 2520 698 damnatione
2559 641 3590 715 prmelarumtandemillireddidere
3623 641 3786 696 testi-

384 732 963 802 Quidvero,quorum
993 749 1195 786 eorum
1220 734 1612 788 simulacraex
1629 734 2032 787 communium
2147 733 2740 787 monium.Postremo
2779 733 3058 803 Diogenes
3089 731 3330 802 quidam
3365 730 3548 786 irrisit
3580 731 3790 786 Hercu-

383 821 761 876 vasculorum
813 826 868 875 et
937 821 1463 876 instrumentorum
1521 823 1781 886 materie,
1829 821 1912 876 vel
1969 839 2036 876 ex
2143 821 2277 888 lem,
2316 838 2379 875 ac
2411 821 2590 876 Varro
2621 825 2912 876 trecentos
2941 820 3111 876 Joves
3143 820 3464 875 introduxit
3501 824 3650 891 (cap.
3686 821 3796 891 14).

385 911 658 982 ipsismet
707 911 962 966 vasculis
1010 916 1066 965 et
1123 911 1532 966 instrumentis
1584 912 1919 981 fabrefacta,
1955 911 2034 965 dii

388 1001 626 1055 tandem
663 999 949 1068 sacrilega
998 1001 1431 1054 consecratione
1483 1002 1632 1055 facta
1680 1005 1818 1055 sunt
1839 1003 1864 1055 ‘3
1896 1002 2035 1066 Quis

384 1089 631 1159 insuper
663 1105 778 1144 non
811 1089 1008 1142 videat
1041 1089 1290 1160 pulchra
1347 1089 1446 1144 illa
1505 1089 1841 1154 simulacra,
1894 1093 2034 1145 dum

385 1178 768 1242 fabricantur,
803 1178 1005 1232 eadem
1043 1178 1184 1248 pati,
1219 1183 1394 1249 atque
1424 1178 1766 1243 Christiani,
1798 1196 1930 1233 cum
1965 1181 2034 1234 ab

383 1266 633 1322 ethnicis
665 1266 1062 1337 torquentur?
1091 1268 1170 1321 Ex
1204 1266 1455 1321 metallis
1487 1268 1638 1322 enim
1692 1270 1862 1334 ﬁunt,
1914 1268 2038 1339 qui—

387 1357 495 1410 bus
527 1356 885 1409 damnantur
915 1355 1247 1412 Christiani.
1287 1355 1392 1410 Illa
1433 1356 1704 1411 crucibus
1739 1361 1795 1412 et
1825 1357 2036 1428 stipiti-

386 1447 496 1500 bus
529 1445 936 1516 imponuntur,
989 1446 1280 1499 raduntur
1326 1445 1581 1516 ungulis,
1629 1447 1865 1517 ignibus
1899 1464 2035 1501 exu-

386 1534 724 1604 runtur,sed
758 1533 849 1587 his
877 1533 1152 1587 omnibus
1186 1534 1374 1587 modis
1407 1534 1720 1590 Christiani
1755 1535 2039 1589 tolluntur

385 1640 415 1678 e
450 1622 678 1685 medio;
717 1622 772 1676 in
835 1621 941 1676 hoc
977 1627 1170 1678 tamen
1221 1623 1291 1676 ab
1340 1622 1453 1677 illis
1494 1625 1848 1694 discrepant,
1882 1625 2036 1695 quod

385 1711 702 1766 simulacra
733 1710 990 1782 primum
1025 1717 1164 1765 sunt
1197 1712 1324 1765 sine
1356 1711 1724 1783 capite,quod
1758 1713 2036 1767 Christia-

387 1801 501 1868 nis,
532 1800 907 1871 iniquissime
939 1799 1258 1869 damnatis,
1294 1801 1529 1855 tandem
1562 1806 1918 1873 amputatur.
1953 1802 2035 1855 Ad

388 1890 509 1944 hzec
535 1906 690 1955 vero,
723 1889 782 1943 hi
816 1889 872 1942 in
905 1888 1131 1944 insulas
1166 1889 1516 1962 relegantur,
1552 1891 1609 1944 in
1663 1891 1875 1960 quibus
1918 1889 2035 1961 ple-

389 1996 602 2050 rosque
633 1995 838 2033 omnes
887 1977 1194 2049 gentilium
1247 1979 1383 2032 deos
1436 1984 1604 2034 natos
1654 1986 2034 2051 mortuosque

386 2086 514 2125 esse
547 2084 716 2122 nemo
750 2066 953 2121 nescit.
989 2067 1180 2138 thue
1213 2069 1562 2138 respondere
1611 2073 1878 2139 poterant
1914 2069 2034 2122 hinc

387 2175 547 2212 mera
578 2173 704 2211 esse
736 2155 1204 2211 Christianorum
1250 2157 1305 2212 in
1338 2158 1478 2213 deos
1521 2158 1815 2225 convicia;
1851 2175 2035 2228 quan-

389 2245 704 2318 doquidem
737 2245 972 2300 eosdem
1013 2247 1150 2300 deos
1184 2245 1402 2301 Seneca
1434 2246 1700 2318 pluribus
1749 2247 2037 2318 longeque

391 2335 778 2392 amarioribus
848 2335 1040 2390 verbis
1093 2335 1417 2390 insectatus
1494 2341 1599 2392 est.
1661 2337 1832 2390 Recte
1901 2351 2036 2406 ergo

388 2424 702 2480 Christiani
752 2424 851 2478 illa
909 2425 1148 2479 deorum
1201 2424 1516 2479 simulacra
1559 2427 1800 2480 adorare
1833 2440 2038 2480 renue-

395 2517 556 2583 bant,
591 2530 718 2584 quis
752 2529 783 2567 a
815 2512 1030 2582 milvis,
1065 2513 1354 2580 muribus,
1381 2514 1610 2569 araneis
1641 2514 2038 2585 coinquinata,

397 2605 468 2658 ab
504 2603 649 2675 ipsis
700 2602 1022 2674 gentilibus
1081 2602 1479 2675 negliguntur,
1531 2603 1884 2670 illuduntur,
1942 2604 2039 2658 de-

395 2697 728 2748 struuntur.

466 2782 613 2846 Quin
644 2781 821 2836 etiam
871 2780 966 2836 alii
1003 2781 1145 2836 alios
1197 2783 1336 2837 deos
1384 2783 1672 2850 colebant,
1725 2780 2041 2853 nullusque

395 2867 521 2925 sine
554 2867 1068 2922 senatusconsulto
1096 2869 1239 2924 deus
1270 2886 1398 2925 esse
1432 2871 2042 2942 poterat.Domesticos

392 2972 528 3013 vero
580 2957 720 3011 deos
771 2973 874 3027 pro
908 2973 1016 3010 sua
1074 2958 1324 3028 quisque
1382 2965 1482 3014 aut
1539 2960 1883 3015 necessitate
1943 2963 2045 3015 aut

394 3050 678 3117 potestate
709 3045 1151 3116 Oppignerabat,
1185 3046 1270 3100 vel
1301 3049 1606 3115 vendebat,
1638 3048 1722 3103 vel
1757 3050 2040 3115 mutabat,

398 3135 570 3189 modo
602 3134 661 3188 in
693 3133 953 3203 trullam,
995 3135 1167 3189 modo
1207 3135 1265 3189 in
1299 3138 1601 3192 cacabum.
1641 3138 1904 3192 Publicos
1938 3154 2044 3191 au-

395 3229 510 3279 tem
546 3225 682 3280 deos
718 3224 776 3278 in
810 3224 1066 3279 hastario
1118 3225 1424 3298 vectigales
1474 3227 1787 3294 habebant,
1841 3244 1903 3281 ac
1934 3227 2043 3282 sub

2218 927 2393 999 Urget
2421 927 2611 983 adhuc
2634 927 3032 983 Tertullianus
3065 927 3123 980 in
3157 925 3463 997 gentilium
3491 927 3796 984 comcediis

2147 1037 2211 1076 ac
2242 1021 2541 1092 tragmdiis
2574 1019 2972 1091 repraesentari
3009 1018 3300 1072 moechum
3335 1018 3612 1087 Anubim,
3648 1035 3800 1073 mas-

2147 1113 2346 1167 culum
2398 1112 2644 1177 Lunam,
2699 1109 3048 1182 ﬂagellatam
3102 1109 3365 1175 Dianam,
3415 1108 3577 1164 Jovis
3621 1111 3798 1163 testa-

2147 1206 2436 1266 mentum,
2471 1207 2704 1271 tresque
2739 1199 3011 1254 Hercules
3070 1199 3387 1254 famelicos.
3441 1197 3524 1252 Ab
3558 1197 3793 1253 histrio-

2147 1290 2321 1344 nibus
2351 1289 2593 1360 insuper
2624 1289 3008 1344 exhibebatur
3038 1287 3134 1343 Sol
3165 1285 3610 1359 lugens,Cybele
3637 1285 3798 1342 fasti-

2148 1380 2374 1434 diosum
2411 1383 2702 1450 pastorem
2735 1378 3229 1450 suspirans,Jovis
3262 1375 3797 1445 elogium,Junonis

2149 1469 2534 1538 Minervaque
2558 1468 2874 1538 judicium,
2909 1485 2973 1522 ac
3008 1468 3238 1522 tandem
3271 1466 3329 1521 in
3381 1465 3497 1520 illis
3543 1464 3795 1537 ignomi-

2148 1559 2379 1612 niosum
2439 1563 2614 1628 caput
2691 1557 3145 1628 rcprmsentabat
3202 1556 3293 1610 dei
3353 1552 3602 1625 alicujus
3650 1553 3798 1608 ima-

2148 1649 2368 1720 ginem,
2416 1651 2472 1702 et
2522 1664 2734 1718 corpus
2785 1647 3033 1701 ridicula
3082 1651 3205 1701 arte
3253 1644 3654 1700 eﬂ‘eminatum
3689 1641 3796 1697 Mi-

2148 1753 2383 1791 nervam
2434 1741 2533 1790 aut
2581 1734 2908 1790 Herculem.
2965 1735 3162 1805 Neque
3211 1732 3424 1788 melius
3475 1731 3697 1802 aliquid
3729 1746 3797 1785 ex

2148 1842 2319 1880 cavea
2349 1829 2668 1895 exspectes.
2703 1824 2783 1878 lbi
2812 1824 2967 1878 enim
3002 1838 3252 1894 persona
3280 1822 3559 1893 agebatur
3591 1819 3794 1889 Atydis

2071 1939 2113 2001 Β
2149 1911 2407 1979 castrati,
2439 1911 2698 1968 ardentis
2730 1910 3014 1978 Herculis,
3057 1908 3326 1965 Mercurii
3372 1909 3524 1962 inter
3569 1905 3796 1964 ludicra

2146 2001 2608 2056 meridianorum
2637 2000 2973 2073 spectacula
2999 2005 3260 2054 mortuos
3279 1997 3535 2052 cauterio
3567 1993 3787 2050 exami-

2146 2090 2366 2156 nantis,
2399 2107 2463 2146 ac
2496 2089 2690 2145 fratris
2711 2089 2870 2145 Jovis
2900 2089 3180 2145 cadavera
3211 2092 3573 2142 mortuorum
3598 2082 3789 2139 homi-

2146 2196 2288 2234 num
2325 2197 2457 2234 cum
2491 2179 2700 2235 malleo
2735 2177 3289 2235 deducentis.Plura
3319 2176 3433 2232 alia
3463 2175 3555 2231 his
3573 2173 3793 2229 similia

2148 2269 2367 2324 omittit
2418 2268 2836 2338 Tertullianus,
2911 2269 3168 2339 vitioque
3215 2264 3534 2338 gentilibus
3593 2263 3788 2328 vertit,

2149 2358 2302 2427 quod
2335 2357 2489 2411 intra
2541 2358 2783 2412 deorum
2835 2357 3074 2428 templa,
3116 2357 3389 2427 ipsasque
3441 2354 3594 2408 inter
3639 2367 3792 2413 aras,

2151 2452 2325 2516 atque
2367 2446 2426 2500 in
2463 2447 2830 2501 sacerdotum
2864 2450 2920 2500 et
2973 2446 3319 2499 aedituorum
3376 2438 3794 2506 tabernaculis,

2152 2535 2440 2590 adulteria
2497 2539 2934 2606 componerent,
2983 2537 3421 2604 tractarentque
3484 2526 3795 2585 lenocinia.

2152 2625 2400 2689 Quinam
2432 2641 2590 2695 ergo,
2640 2625 2721 2680 ait
2775 2623 2894 2693 ille,
2943 2624 3149 2678 divinae
3203 2620 3532 2693 majestatis
3579 2618 3684 2688 rei,
3718 2633 3792 2672 an

2151 2714 2265 2785 ipsi
2297 2713 2396 2785 qui
2454 2713 2924 2784 tanto_ludibrio
2983 2713 3122 2768 deos
3181 2728 3319 2766 suos
3371 2709 3684 2772 habebant,
3722 2721 3794 2760 an

2153 2803 2494 2863 Christiani.
2534 2803 2634 2874 qui
2694 2803 2801 2858 hos
2859 2803 3152 2874 negabant
3207 2817 3336 2856 esse
3379 2800 3541 2864 deos,
3580 2796 3801 2868 quique

2154 2891 2371 2948 idcirco
2403 2908 2604 2947 eorum
2650 2891 2871 2963 templa
2915 2891 3174 2946 interdiu
3234 2906 3351 2945 non
3405 2889 3705 2952 noverant,
3738 2887 3796 2939 et

2154 2998 2221 3037 ea
2251 2979 2300 3035 si
2333 2981 2455 3035 ﬁeri
2486 2987 2703 3051 posset,
2738 2981 2971 3052 penitus
2995 2979 3348 3051 spoliassent
3379 2993 3529 3049 \cap.
3563 2973 3693 3045 l5)?

2225 3087 2440 3142 Verum
2463 3091 2666 3141 contra
2687 3086 3040 3156 objiciebant
3059 3085 3274 3140 ethnici
3295 3088 3471 3155 caput
3501 3081 3800 3136 asininum

2157 3192 2190 3230 a
2215 3174 2551 3230 christianis
2581 3181 2863 3246 tanquam
2897 3176 3071 3230 deum
3113 3173 3364 3229 adorari.
3406 3172 3512 3226 Sed
3549 3185 3801 3232 merum,

897 3255 1066 3324 fuit”
1122 3255 1424 3324 ’δυιῖδωσδ
1474 3255 1787 3329 ¹¹¹ωθυίῖί¹⁶²
1841 3255 1903 3329 ﬁt;
1934 3255 2044 3329 “ff
2087 3315 2122 3329 η
2162 3264 2243 3318 ait
2271 3263 2690 3329 Tertullianus,
2724 3268 2813 3318 est
2844 3263 3166 3329 somnium,
3197 3263 3289 3316 cui
3322 3258 3625 3316 Cornelius
3645 3255 3809 3311 Taci-

400 3314 702 3418 δαεὶδκθί
750 3312 1300 3418 ΡυωίθίδίίτδθθοΡίθ
1352 3333 1488 3372 me
1537 3317 1790 3416 madet“
1845 3316 1959 3418 N9."
1989 3316 2046 3370 id
2082 3315 2125 3381 C
2162 3312 2259 3407 ῐιὶὲ
2281 3312 3522 3418 agaii'ggagiaga;magna}...1.1;.
3554 3343 3812 3418 prodidit

405 3403 666 3474 profecto
701 3401 935 3456 mirum.
985 3402 1067 3456 Dii
1113 3403 1328 3475 quippe
1361 3421 1474 3476 quo
1527 3405 1713 3477 magis
1745 3406 1952 3474 sancti,
1988 3422 2053 3459 eo

410 3491 599 3563 magis
631 3489 924 3545 tributarii
957 3496 1142 3546 erant.
1174 3493 1507 3549 Mendicans
1535 3511 1666 3550 vero
1690 3494 2053 3549 ethnicorum

410 3580 613 3653 religio
639 3580 926 3635 circuibat
959 3596 1275 3651 cauponas,
1311 3600 1374 3637 ac
1408 3600 1678 3652 magnam
1723 3601 1825 3655 pro
1854 3581 2055 3654 templi

413 3669 663 3741 alicujus
695 3668 856 3724 aditu
888 3669 1151 3740 exigebat
1182 3675 1531 3727 mercedem.

484 3777 596 3832 Sed
638 3777 909 3846 agedum,
960 3793 1098 3847 quo,
1153 3793 1369 3848 quaeso,
1424 3781 1596 3835 modo
1646 3781 1863 3836 ethnici
1923 3782 2060 3836 deos

419 3883 558 3922 suos
590 3865 1003 3920 honorabant?
1033 3867 1244 3921 Eodem
1278 3867 1448 3939 plane
1479 3886 1544 3924 ac
1585 3875 1846 3926 mortuos
1877 3871 2061 3942 impe-

415 3960 637 4010 ratores
673 3972 684 4010 :
722 3954 838 4008 imo
867 3969 1003 4008 vero
1034 3956 1305 4010 eumdem
1338 3957 1616 4013 honorem
1668 3959 1786 4014 illis
1815 3959 2062 4014 viventi-

415 4045 547 4109 bus,
581 4060 648 4099 ac
678 4041 924 4097 mortuis
963 4042 1074 4097 diis
1105 4045 1230 4099 suis
1262 4045 1810 4104 detulerunt.Simili
1833 4064 2065 4120 quoque

420 4133 592 4188 modo
623 4133 992 4187 Larentinam
1028 4134 1416 4205 meretricem,
1458 4136 1754 4192 Simonem
1803 4139 2063 4210 Magum,

420 4227 478 4278 et
511 4222 704 4277 nescio
737 4237 906 4292 quem
943 4221 1153 4293 Synedi
1189 4224 1459 4291 deum,ac
1489 4225 1752 4298 impurae
1780 4227 2065 4297 Junones,

422 4311 677 4377 Cereres,
713 4313 767 4365 et
803 4312 945 4365 711
998 4312 1209 4366 Dianas
1250 4315 1696 4370 venerabantur.
1743 4316 1890 4380 Quid
1932 4332 2067 4388 ergo

423 4399 679 4472 amplius
718 4399 777 4454 in
825 4403 1086 4456 veterum
1120 4402 1359 4458 deorum
1393 4405 1810 4462 contumeliam
1844 4407 1967 4461 fieri
1996 4407 2068 4461 ab

424 4489 542 4546 ullo
574 4489 809 4545 homine
840 4493 1067 4561 poterat
1095 4495 1243 4562 (cap.
1282 4494 1365 4559 12,
1400 4494 1537 4565 t3)?

499 4597 702 4654 Nonne
733 4597 909 4652 etiam
943 4598 1022 4653 dii
1054 4616 1170 4655 non
1203 4599 1415 4656 minori
1448 4601 1564 4658 illis
1597 4608 1762 4658 erant
1790 4603 2071 4673 ludibrio,

2162 3443 2395 3498 Judmos
2413 3441 2778 3496 consimilem
2799 3442 2978 3511 hujus
2993 3441 3186 3495 bestiae
3200 3437 3571 3510 superficiem
3594 3433 3809 3488 idcirco

2167 3546 2562 3594 consecrasse,
2591 3531 2730 3601 quia
2760 3531 2927 3602 ipsis,
2976 3530 3034 3584 in
3090 3531 3331 3600 ngypto
3389 3526 3488 3581 siti
3540 3523 3811 3578 laboran-

2167 3621 2596 3691 tibus,quidam
2630 3621 2833 3691 onagri
2853 3620 3072 3675 fontem
3091 3613 3610 3674 ostenderant.Sed
3633 3611 3814 3682 hujus

2170 3708 2610 3764 mendacissimi
2659 3708 2962 3780 scriptoris
3033 3705 3328 3762 calumnia
3376 3701 3817 3760 evidentissima

2172 3799 2522 3871 patuit,cum
2557 3797 3236 3869 Pompeius,Judaeorum
3269 3794 3554 3865 templum
3585 3792 3814 3863 ingres-

2172 3905 2294 3957 sus,
2330 3887 2555 3942 nullum
2589 3887 2666 3942 ibi
2703 3887 2918 3942 invenit
2961 3886 3366 3943 simulacrum.
3395 3887 3470 3937 At
3517 3884 3669 3936 certe
3699 3893 3814 3948 quo

2171 3979 2228 4032 id
2264 3977 2491 4047 falsius,
2525 3994 2588 4032 eo
2619 3977 2810 4032 verius
2841 3981 2964 4032 erat
3001 3978 3270 4047 jumenta
3302 3971 3520 4038 omnia,
3568 3974 3624 4024 et
3672 3984 3815 4022 can-

2171 4066 2392 4123 therios
2423 4084 2553 4122 cum
2588 4083 2696 4122 sua
2725 4067 2991 4138 Hippona
3022 4065 3093 4120 ab
3128 4063 3377 4120 ethnicis
3408 4059 3515 4116 coli
3547 4063 3602 4114 et
3630 4057 3818 4113 hono-

2175 4172 2311 4210 1‘81‘1.

2247 4245 2362 4300 Nec
2415 4245 2624 4316 potiori
2682 4244 2905 4300 ratione
2964 4240 3313 4298 Christianis
3390 4235 3821 4311 exprobrabant

2179 4335 2369 4390 crucis
2401 4335 2613 4390 Christi
2646 4333 2889 4390 cultum.
2927 4333 3077 4397 Quid
3109 4331 3264 4387 enim
3315 4329 3373 4385 in
3431 4327 3531 4383 illo
3580 4339 3820 4395 arguere

2180 4424 2491 4495 poterant?
2522 4424 2722 4478 Nonne
2753 4422 2909 4494 apud
2941 4438 3038 4478 eos
3071 4417 3368 4490 prostabat
3392 4415 3582 4472 Pallas
3613 4412 3824 4481 Attica,

2181 4530 2245 4568 ac
2277 4517 2444 4568 Ceres
2480 4514 2626 4568 712
2671 4512 2902 4582 Pharia,
2937 4527 3064 4582 quae
3120 4508 3255 4564 rudi
3311 4507 3442 4578 palo
3499 4508 3555 4561 et
3609 4502 3828 4573 lignoa

2184 4603 2375 4659 crucis
2407 4603 2603 4674 stipite
2635 4619 2747 4657 non
2780 4598 3298 4671 distinguebatur?
3329 4598 3392 4652 In
3414 4609 3657 4651 suorum
3688 4607 3830 4664 prse-

427 4688 528 4762 qui
557 4687 814 4759 pessima
845 4704 1084 4760 quaeque
1116 4688 1234 4745 illis
1279 4691 1705 4761 sacriﬁcabant,
1738 4698 1793 4749 et
1843 4694 2074 4749 tertiam
2105 4682 2151 4748 D
2186 4697 2340 4749 terea
2369 4693 2613 4748 deorum
2661 4690 3018 4759 simulacris,
3077 4689 3134 4743 in
3193 4686 3473 4756 victoriis,
3530 4680 3828 4755 trophaais,

428 4777 838 4850 subripiebant
885 4779 1245 4834 decimarum
1293 4780 1522 4836 Herculi
1571 4783 1903 4837 debitarum
1943 4800 2075 4854 par-

430 4866 591 4924 tem?
621 4867 823 4923 Nonne
855 4866 953 4922 alii
1007 4869 1130 4924 suis
1162 4868 1220 4924 in
1271 4869 1436 4925 libris
1480 4889 1593 4926 non
1642 4873 1896 4928 maxima
1952 4873 2080 4929 sine

432 4956 667 5012 illorum
701 4956 1023 5028 ignominia
1047 4958 1442 5029 praedicabant
1464 4976 1561 5016 eos
1580 4961 1732 5016 inter
1760 4978 1821 5017 se
1845 4968 2080 5033 propter

436 5045 742 5115 Trojanos,
777 5051 878 5102 aut
927 5047 1170 5103 Achivos
1214 5049 1564 5119 decertasse,
1613 5051 1896 5107 Venerem
1946 5069 2082 5107 sau-

438 5134 672 5204 ciatam,
723 5138 963 5191 Martem
1012 5137 1072 5191 in
1140 5137 1389 5194 vinculis
1445 5157 1589 5211 pene
1643 5147 2082 5214 consumptum,

435 5225 636 5281 Jovem
669 5241 702 5279 a
729 5230 986 5282 monstro
1010 5228 1264 5298 quodam
1297 5228 1796 5298 liberatum,nunc
1826 5236 2084 5298 ﬂentem,

442 5330 597 5369 nunc
634 5313 780 5369 fcede
811 5315 1170 5372 subantem?
1214 5318 1398 5373 Postea
1443 5336 1577 5375 vero
1627 5326 1845 5377 canunt
1873 5321 2089 5392 Apolli-

443 5418 574 5458 nem
603 5403 944 5475 Admeto,et
971 5406 1346 5463 Laomedonti
1379 5413 1715 5480 Neptunum
1749 5411 2085 5480 servientes,

445 5493 733 5550 Pindarus
774 5510 904 5550 vero
953 5496 1358 5568 JEsculapium
1421 5498 1666 5554 fulmine
1738 5500 2088 5570 judicatum.

446 5583 728 5640 Praeterea
762 5601 793 5638 a
825 5585 1100 5658 tragoedis
1129 5587 1516 5644 decantantur
1545 5589 1787 5646 deorum
1820 5605 2090 5646 aerumnae

450 5677 508 5726 et
534 5690 780 5730 errores.
822 5675 902 5731 Ex
934 5676 1298 5749 philosophis
1329 5681 1522 5736 autem
1555 5683 1838 5748 Socrates,
1859 5680 1968 5736 etsi
1994 5696 2094 5752 per

455 5777 754 5833 quercum,
785 5765 1043 5836 hircum,
1075 5772 1132 5824 et
1159 5783 1360 5824 canem
1381 5769 1689 5839 juraverit,
1735 5772 1871 5842 quia
1895 5775 2092 5827 tamen

2190 4782 2375 4855 signis
2433 4781 2809 4846 militaribus,
2868 4777 3212 4834 vexillorum
3289 4780 3346 4832 et
3415 4773 3829 4830 cantabrorum

2190 4872 2466 4944 sipharis,
2501 4875 2600 4926 aut
2627 4886 2826 4925 eorum
2861 4867 3161 4924 intestinis
3193 4865 3536 4933 monilibus,
3572 4866 3629 4919 et
3662 4860 3831 4918 stolis

2191 4979 2391 5018 cruces
2425 4961 2746 5016 adorabant
2779 4959 2894 5014 illis
2927 4957 3287 5030 suppositas.

2261 5051 2374 5108 Alii
2415 5050 2587 5123 paulo
2637 5049 2875 5121 quidem
2924 5046 3335 5104 verissimilius
3380 5043 3838 5116 suspicabantur

2194 5141 2682 5210 Christianorum,
2715 5138 3216 5211 quemadmodum
3275 5138 3600 5201 Persarum,
3650 5130 3838 5185 Deum

2197 5248 2325 5287 esse
2355 5229 2683 5286 Solem.Sed
2709 5229 2828 5284 haec
2862 5227 3009 5283 falsa
3030 5225 3286 5298 suspicio
3308 5224 3443 5278 inde
3466 5222 3706 5277 suborta
3727 5222 3838 5286 est,

2200 5322 2354 5392 quod
2387 5321 2564 5375 iidem
2596 5317 2936 5382 Christiani,
2973 5317 3044 5371 ad
3086 5315 3276 5370 Solem
3327 5308 3608 5375 conversi,
3656 5312 3840 5362 Deum

2202 5411 2608 5484 precabantur,
2642 5426 2706 5464 ac
2735 5407 2827 5463 die
2861 5405 3011 5462 Solis
3037 5405 3155 5460 sive
3187 5401 3481 5458 dominico
3515 5397 3726 5453 laetitia:
3749 5395 3846 5451 in-

2202 5500 2527 5572 dulgerent.
2571 5499 2682 5554 Sed
2722 5495 2879 5552 istud
2929 5492 3239 5566 gentilium
3297 5487 3747 5561 reprehensione
3779 5499 3844 5541 eo

2204 5595 2358 5647 certe
2389 5589 2586 5645 minus
2619 5587 2864 5660 dignum
2897 5586 3039 5653 erat,
3090 5581 3243 5653 quod
3289 5579 3376 5634 illi
3407 5579 3562 5636 diem
3609 5573 3844 5633 Saturni

2206 5679 2320 5736 otio
2351 5683 2408 5734 et
2435 5676 2614 5733 victui
2641 5674 3090 5731 destinaverant.

2276 5770 2576 5824 Postremo
2605 5768 2822 5822 Auctor
2853 5764 3050 5821 noster
3074 5760 3347 5819 Judaeum
3378 5759 3845 5833 quemdam,ma-
