4262 6416
458 353 574 413 ’791

977 353 1501 415 TERTULLIANI
1548 352 1869 414 OPERUM
1915 351 2112 412 PARS
2160 353 2205 411 ἰ.
2243 383 2321 396 --
2354 353 2627 414 SERlES
2673 354 2720 424 Ι,
2767 353 3333 414 APOLOGETICA.

3738 354 3858 414 792

471 479 693 535 ximum
745 480 999 552 profecto
1067 479 1436 547 nebulonem,
1471 478 1761 547 exsibilat,
1810 479 1911 550 qui
1970 496 2100 534 cum
2137 489 2184 549 Α
2288 480 2485 551 Neque
2517 497 2685 551 porro
2718 497 3014 535 summam
3038 480 3198 534 illius
3223 479 3628 535 auctoritatem
3655 481 3866 550 repetit

470 567 784 624 bestiarios
810 572 984 637 esset,
1019 568 1170 623 inter
1199 569 1369 623 ludos
1401 568 1720 633 Circenses,
1754 568 1809 622 in
1848 569 1978 633 ista,
2025 569 2109 620 in-

474 657 620 726 quit,
645 658 857 712 civitate
887 657 1202 712 novissime
1233 658 1440 721 editos,
1474 657 1746 712 tabellam
1783 655 2104 728 proposuit,

474 744 532 798 in
567 762 681 816 qua
706 746 894 816 pictus
918 746 1437 800 circumferebatur
1459 745 1610 800 Deus
1642 745 2106 800 Christianorum

475 833 712 888 auribus
744 834 1008 898 asininis,
1070 838 1251 890 altero
1301 835 1444 905 pede
1503 835 1842 905 ungulatus,
1892 833 2107 887 librum

475 927 728 992 gestans,
762 927 818 977 et
854 928 1109 994 togatus,
1161 939 1292 978 cum
1328 924 1431 978 hac
1481 923 1729 980 ridicula
1776 922 2106 992 inscriptio-

477 1025 547 1063 ne
579 1027 593 1064 :
627 1013 765 1066 Deus
796 1011 1236 1067 Christianorum
1273 1014 1594 1068 onochwtes.
1642 1013 1749 1068 Sed
1783 1030 1959 1085 quam
2003 1012 2106 1069 fal-

475 1113 541 1151 sa
571 1101 937 1172 mendaxque
971 1100 1080 1155 fuit
1111 1101 1229 1155 haec
1283 1101 1530 1172 pictura,
1563 1107 1683 1157 tam
1739 1119 1938 1158 verum
1988 1107 2113 1157 erat

474 1189 546 1239 ab
566 1187 816 1243 ethnicis
861 1190 998 1244 deos
1050 1190 1277 1244 adorari
1319 1189 1622 1246 hominum
1667 1190 2113 1262 belluarumque

473 1276 755 1332 membris
785 1278 1138 1348 compositos
1172 1280 1318 1350 (cap.
1349 1280 1455 1350 16).

543 1383 622 1437 Ne
670 1385 866 1436 autem
913 1383 1088 1438 ethici
1140 1400 1336 1438 veram
1384 1383 1845 1439 Christianorum
1898 1385 2114 1439 doctri-

474 1487 608 1524 nam
639 1471 969 1526 voluntaria
996 1471 1376 1543 ignoratione,
1407 1476 1463 1528 et
1493 1473 1934 1543 impudentibus
1960 1488 2117 1527 more

477 1559 649 1614 solito
679 1559 999 1614 mendaciis
1056 1560 1330 1631 deinceps
1377 1561 1899 1626 calumniarentur,
1955 1560 2114 1615 illam

482 1647 880 1703 Tertullianus
911 1665 1145 1705 summa
1183 1666 1315 1704 cum
1351 1649 1652 1716 brevitate,
1697 1654 1821 1703 tum
1874 1651 2116 1704 sinceri-

485 1740 604 1790 tate
633 1737 718 1791 sic
747 1738 981 1808 exponit
1012 1755 1024 1793 :
1063 1743 1231 1807 Deus,
1265 1739 1656 1809 inquit,quem
1688 1739 2119 1801 colimus,unus

2215 584 2282 622 ex
2312 570 2420 622 hac
2453 573 2682 623 tantum
2716 569 3084 639 antiquitate,
3127 569 3224 622 sed
3262 585 3326 623 eo
3379 569 3652 638 maxime,
3710 570 3860 636 quod

2218 656 2388 728 plane
2432 659 2626 712 divina
2681 659 2777 712 sit.
2836 660 2918 712 Ab
2975 657 3128 711 illius
3188 673 3442 727 namque
3502 658 3861 724 auctoribus,

2219 746 2413 801 divino
2443 747 2660 817 Spiritu
2695 746 2928 811 alflatis,
2962 747 3164 800 mundi
3198 746 3393 801 clades
3439 746 3668 816 aliaque
3698 745 3864 818 plura

2222 835 2493 905 praedicta
2524 841 2680 901 sunt,
2715 853 2841 906 quas
2875 852 3071 890 revera
3101 834 3383 889 accidisse
3434 836 3860 907 cognoscimus.

2220 923 2497 979 Dubitare
2527 925 2766 994 proinde
2796 925 2866 979 de
2897 923 3119 979 caeteris
3153 941 3263 979 non
3301 924 3608 990 debemus,
3632 940 3762 995 quas
3791 926 3864 980 ab

2219 1011 2291 1067 iis
2346 1015 2731 1084 praenuntiata
2789 1029 3022 1084 quoque
3081 1013 3334 1067 fuerunt.
3395 1013 3605 1067 Ratum
3669 1014 3866 1083 itaque

2221 1101 2520 1172 ﬁxumque
2549 1119 2677 1157 esse
2708 1103 2880 1157 debet
2937 1118 3119 1156 unum
3179 1101 3486 1167 duntaxat,
3540 1101 3641 1173 qui
3675 1103 3748 1157 ab
3778 1102 3863 1158 eis

2223 1189 2445 1260 passim
2473 1190 2842 1261 praedicatur,
2875 1191 3053 1245 Deum
3085 1189 3350 1260 existere,
3378 1205 3694 1261 veramque
3738 1206 3865 1246 esse

2223 1279 2612 1334 Christianam
2640 1279 3003 1350 religionem,
3043 1295 3170 1351 quis
3211 1278 3370 1334 hisce
3428 1278 3662 1335 illorum
3695 1277 3862 1334 libris

2224 1367 2464 1422 suffulta
2492 1373 2580 1423 est
2608 1369 2755 1440 (cap.
2785 1369 2894 1437 20).

2295 1473 2402 1527 Sed
2435 1477 2560 1527 tum
2592 1473 2974 1545 insurgebant
3003 1473 3241 1540 ethnici,
3285 1490 3351 1529 ac
3400 1473 3867 1530 vociferabantur

2227 1561 2511 1616 novellam
2581 1577 2704 1617 esse
2754 1561 2900 1616 hanc
2977 1561 3316 1633 religionem
3381 1561 3864 1626 christianorum,

2228 1648 2328 1718 qui
2361 1666 2392 1703 a
2422 1649 2686 1717 Judaica,
2718 1653 2775 1706 et
2805 1649 3039 1706 nomine
3070 1657 3126 1705 et
3143 1649 3372 1716 ritibus,
3407 1649 3575 1721 plane
3608 1650 3864 1721 penitus-

2227 1755 2340 1810 que
2369 1739 2796 1810 discrepabant.
2829 1739 3044 1794 Verum
3083 1738 3174 1793 his
3217 1739 3531 1810 respondet
3559 1738 3864 1794 Tertullia-

487 1829 596 1890 est,
630 1825 733 1895 qui
764 1827 1051 1880 mundum
1109 1827 1468 1896 universum,
1517 1827 1575 1880 in
1625 1843 1746 1881 suae
1793 1826 2122 1896 majestatis
2153 1846 2200 1910 Β
2230 1844 2340 1881 nus
2391 1827 2622 1882 Judzeos
2681 1843 2915 1882 summa
2972 1827 3243 1883 felicitate
3311 1829 3508 1883 landiu
3571 1827 3862 1894 ﬂoruisse,

491 1919 923 1980 ornamentum,
978 1932 1044 1970 ex
1090 1915 1273 1970 nihilo
1323 1915 1553 1970 creavit.
1603 1915 1879 1978 Quamvis
1926 1919 2118 1970 autem

487 2010 892 2077 cognoscatur,
922 2005 1234 2061 invisibilis
1278 2009 1474 2059 tamen
1512 2008 1621 2068 est,
1671 2004 2119 2073 inaestimabilis,

485 2093 834 2166 immensus,
867 2111 932 2150 ac
962 2093 1073 2149 sibi
1107 2093 1213 2148 soli
1240 2096 1441 2148 tantus
1472 2096 1726 2165 quantus
1781 2097 1889 2160 est,
1924 2093 2118 2163 cogni-

482 2187 599 2239 tus.
639 2185 800 2239 Hunc
831 2199 962 2239 vero
992 2199 1175 2237 unum
1207 2197 1526 2252 verumque
1572 2183 1752 2237 Deum
1799 2198 1990 2237 revera
2019 2198 2118 2236 ex-

479 2272 684 2328 sistere
716 2274 1121 2328 demonstrant
1151 2275 1209 2326 et
1239 2271 1518 2339 mundus,
1557 2275 1615 2326 et
1670 2274 1871 2326 caetera
1898 2271 2113 2338 omnia,

478 2378 604 2433 quas
633 2362 806 2418 verbo
836 2360 959 2415 fieri
1008 2360 1208 2430 jussit,
1271 2360 1492 2414 ratione
1524 2359 1851 2430 composuit
1899 2376 1965 2414 ac
1998 2359 2115 2413 vir-

476 2455 595 2506 tute
627 2467 734 2506 sua
763 2449 1041 2506 condidit.
1091 2449 1240 2515 Quin
1285 2449 1460 2503 etiam
1507 2448 1652 2503 illud
1682 2448 2118 2504 evidentissima

478 2540 890 2611 comprobatur
920 2538 1251 2594 testimonio
1284 2540 1490 2592 animis
1524 2539 2118 2601 nostraa,naturaliter

478 2627 842 2691 Christianas,
885 2644 1012 2698 quas
1060 2627 1118 2680 in
1150 2643 1499 2698 quocunque
1555 2627 1675 2681 sive
1731 2626 2115 2692 infirmitatis,

481 2715 599 2771 sive
629 2715 858 2783 erroris,
892 2717 1012 2770 sive
1043 2731 1229 2786 pravas
1261 2714 1522 2770 libidinis
1565 2719 1720 2770 statu
1769 2716 1866 2783 sit,
1899 2716 1997 2770 ubi
2029 2731 2115 2770 re-

482 2803 728 2875 sipiscit,
759 2809 858 2859 aut
888 2803 1034 2860 redit
1059 2804 1128 2858 ad
1161 2818 1222 2859 se
1249 2803 1458 2874 ipsam,
1495 2821 1607 2857 non
1641 2804 1908 2870 deos,sed
1933 2821 2115 2858 unum

482 2892 810 2947 conclamat
846 2893 1052 2959 Deum,
1113 2907 1365 2968 eumque
1415 2891 1676 2960 judieem
1733 2896 2114 2947 contestatur.

481 2981 631 3052 (cap-
667 2981 773 3052 1⁷)ο
1854 3042 1858 3046 ,

549 3070 664 3126 Nec
695 3071 893 3126 minus
922 3069 1159 3125 evidens
1189 3069 1396 3124 divinae
1427 3069 1775 3125 exsistentits
1804 3086 2118 3141 argumen-

475 3162 602 3214 tum
635 3159 964 3214 desumitur
994 3175 1061 3214 ex
1091 3158 1272 3214 sacris
1300 3157 1525 3213 Veteris
1561 3159 1914 3213 Testamenti
1948 3158 2112 3214 libris

477 3249 576 3321 qui
607 3248 805 3320 scripti
834 3252 972 3303 sunt
1001 3265 1034 3303 a
1061 3247 1200 3302 viris
1227 3247 1420 3302 divino
1451 3247 1665 3318 Spiritu
1712 3248 2027 3316 inundatis,
2059 3254 2115 3303 et

477 3335 578 3409 qui
603 3337 821 3407 scripta
849 3353 958 3392 sua
983 3335 1160 3391 variis
1188 3336 1460 3407 verisque
1481 3336 1781 3392 miraculis
1811 3337 2118 3392 confirma-

474 3440 629 3481 vere.
662 3424 942 3480 Aristaeus
973 3429 1166 3480 autem
1199 3425 1543 3480 testificatur
1573 3425 1746 3481 hosce
1773 3425 1974 3487 libros,
2005 3426 2112 3480 He-

481 3513 678 3568 braico
710 3513 963 3584 primum
996 3529 1266 3569 sermone
1297 3515 1674 3585 compositos,
1725 3514 1783 3568 in
1829 3515 2115 3581 Graecum,

482 3606 832 3674 procurante
880 3603 1182 3658 Ptolemaeo
1241 3602 1639 3674 Philadelpho,
1675 3619 1740 3658 ac
1781 3604 2118 3658 Menedemo

483 3691 826 3761 probante,a
853 3691 1220 3762 septuaginta
1237 3691 1456 3746 Judaeil
1486 3707 1719 3746 summa
1745 3692 1857 3747 fide
1880 3708 2121 3746 conver-

487 3795 584 3834 sos
633 3778 834 3833 fuisse.
880 3781 1028 3834 Tum
1082 3783 1274 3834 autem
1323 3779 1515 3836 adhuc
1567 3780 2019 3836 asservabantur
2059 3779 2118 3835 in

485 3867 778 3923 Ptolemaei
803 3867 1150 3923 bibliotheca
1197 3868 1494 3924 Hebraicis
1525 3872 1584 3924 et
1642 3868 1854 3923 Graecis
1913 3869 2119 3924 litteris

485 3957 725 4021 exarati,
758 3973 904 4028 quos
935 3957 1117 4012 Judaei
1171 3955 1420 4029 singulis
1477 3957 1805 4028 quibusque
1860 3957 2122 4012 sabbatis

483 4047 678 4117 palam
709 4045 1315 4101 lectitabanLNullum
1346 4061 1482 4116 ergo
1513 4045 1584 4100 de
1615 4044 1845 4100 illorum
1879 4045 2120 4101 veritate

485 4137 658 4206 atque
688 4134 1019 4206 integritate
1050 4135 1294 4190 dubium
1327 4151 1456 4190 esse
1487 4137 1710 4205 poterat
1740 4135 1883 4206 (cap.
1920 4135 2028 4203 18).

555 4241 865 4297 Maximam
916 4245 1109 4297 autem
1151 4240 1385 4296 illorum
1435 4241 1836 4296 auctoritatem
1866 4241 2123 4296 vindicat

484 4329 821 4401 antiquitas.
856 4330 1000 4385 Nam
1034 4329 1209 4385 unius
1237 4329 1530 4401 prophetes
1581 4329 1886 4396 scrinium,
1919 4329 1976 4384 id
2010 4336 2118 4398 est,

485 4420 695 4492 Moysis
725 4419 880 4486 libri,
913 4419 1134 4474 ceteris
1165 4417 1472 4490 gentilium
1506 4418 2118 4487 commentationibus,

485 4509 620 4578 diis,
653 4507 913 4580 templis,
945 4507 1218 4577 oraculis,
1252 4507 1578 4576 sacris,imo
1610 4508 1883 4564 omnibus
1911 4507 2121 4564 Graacis

2232 1916 2490 1986 quandiu
2545 1915 2762 1988 insigni
2828 1933 2936 1971 sua
2980 1915 3234 1986 justitia,
3295 1933 3360 1970 ac
3401 1915 3863 1987 patriarcharum

2230 2005 2364 2068 fide,
2397 2004 2642 2076 gratiam
2681 2004 2774 2059 Dei
2823 2009 3290 2076 promeruerunt.
3345 2004 3654 2076 Postquam
3705 2021 3859 2073 vero,

2229 2093 2586 2149 conculcatis
2617 2092 2777 2147 illius
2809 2092 3056 2165 legibus,
3086 2094 3342 2148 maxima
3371 2095 3427 2147 in
3477 2092 3696 2148 scelera
3725 2109 3858 2163 pro-

2226 2180 2373 2253 lapsi
2397 2187 2552 2248 sunt,
2583 2181 2641 2236 in
2674 2198 2873 2238 eorum
2907 2199 3133 2254 pmnam
3167 2181 3861 2254 dispersi,palabundi,ao

2227 2269 2353 2325 coeli
2386 2270 2614 2342 solique
2656 2275 2914 2325 extorres
2973 2271 3053 2325 ita
3081 2276 3384 2344 vagantur,
3444 2275 3508 2326 ut
3562 2269 3704 2342 ipsis
3763 2287 3863 2342 pa-

2226 2360 2396 2414 triam
2432 2377 2598 2414 suam
2650 2360 2892 2429 vestigio
2952 2361 3159 2415 saltem
3220 2359 3476 2416 salutare
3518 2376 3864 2415 conoessum

2227 2465 2340 2504 non
2395 2449 2587 2503 fuerit.
2623 2450 2694 2502 At
2747 2464 2861 2504 non
2896 2449 3014 2504 haec
3063 2453 3291 2504 tantum
3327 2468 3360 2504 a
3389 2452 3574 2505 sacris
3630 2448 3865 2503 illorum

2224 2539 2454 2592 vatibus
2486 2536 2762 2608 praedicta
2791 2541 2949 2607 sunt,
2984 2538 3083 2592 sed
3119 2538 3380 2592 futurum
3422 2554 3655 2609 quoque
3686 2536 3865 2592 alium

2226 2625 2536 2697 populum,
2589 2625 2648 2680 in
2712 2641 2886 2697 quem
2945 2625 3100 2680 Deus
3159 2627 3462 2696 majorem,
3521 2642 3695 2697 quam
3749 2624 3868 2680 illis

2226 2714 2471 2784 gratiam
2508 2715 2862 2769 transferret.
2924 2714 3190 2769 Christus
3242 2731 3375 2769 vero
3435 2712 3633 2770 selecti
3687 2714 3866 2785 hujus

2226 2800 2424 2871 populi
2459 2801 2694 2867 arbiter,
2726 2800 3120 2871 magisterque
3150 2804 3258 2869 est,
3292 2801 3362 2856 ab
3396 2800 3603 2856 iisdem
3637 2817 3867 2873 quoque

2225 2887 2530 2960 prophetis
2563 2889 3007 2958 praenuntiatus.
3040 2889 3110 2944 Et
3149 2890 3199 2944 is
3230 2889 3468 2959 quidem
3503 2890 3865 2961 phi1030pbis

2225 2977 2438 3032 Zenoni
2469 2982 2524 3032 et
2549 2977 2810 3032 Cleanthi
2845 2994 2959 3032 non
2993 2977 3161 3048 plane
3190 2977 3544 3050 incognitus,
3572 2979 3672 3034 Dei
3705 2977 3866 3052 λὸγος

2226 3081 2441 3130 sermo,
2493 3065 2662 3129 ratio,
2713 3065 2942 3136 sophia,
2993 3067 3300 3137 sapientia,
3352 3083 3640 3140 verasque
3691 3067 3868 3122 Filius

2227 3159 2333 3210 est.
2369 3155 2490 3209 Non
2523 3155 2678 3208 enim
2726 3155 3053 3220 hominum,
3086 3160 3187 3209 aut.
3236 3155 3591 3211 factitiorum
3624 3157 3865 3212 deorum

2225 3260 2406 3305 more,
2439 3243 2539 3297 sed
2591 3242 2746 3298 sicut
2801 3243 3000 3298 radius
3056 3260 3125 3298 ex
3178 3244 3320 3309 sole,
3363 3245 3442 3298 ita
3500 3244 3743 3316 spiritus
3801 3260 3869 3299 ex

2225 3333 2461 3404 spiritu,
2493 3337 2548 3387 et
2596 3331 2796 3387 lumen
2828 3333 2909 3387 de
2930 3332 3150 3387 lumine
3180 3334 3436 3403 genitus,
3467 3350 3579 3389 non
3631 3332 3870 3388 recessit

2227 3439 2260 3476 θ.
2293 3421 2551 3487 matrice,
2608 3421 2705 3475 sed
2768 3423 2851 3475 ita
2906 3421 3172 3487 excessit,
3207 3427 3272 3476 ut
3329 3437 3444 3477 non
3503 3426 3872 3494 separetura

2227 3511 2552 3566 substantia
2585 3512 2677 3565 sui
2708 3509 2913 3576 Patris,
2945 3527 2980 3564 a
3011 3526 3124 3581 quo
3155 3509 3303 3566 alter
3333 3510 3592 3578 modulo,
3621 3527 3736 3565 non
3767 3528 3874 3566 nu-

2229 3615 2408 3667 mero,
2444 3599 2624 3670 gradu
2659 3615 2772 3652 non
2805 3603 2985 3682 statu,
3021 3615 3175 3654 unus
3215 3599 3453 3655 omnino
3489 3616 3618 3654 cum
3652 3599 3752 3655 illo
3783 3606 3874 3654 est

2230 3692 2399 3742 Deus.
2430 3687 2656 3741 Statuto
2695 3686 2905 3742 dehinc
2947 3691 3208 3758 tempore
3257 3687 3566 3760 prolapsus
3599 3689 3655 3744 ln
3687 3688 3870 3761 virgi-

2230 3793 2384 3842 nem,
2417 3775 2590 3831 homo
2622 3775 2736 3830 Deo
2770 3775 2981 3831 mistus
3012 3776 3200 3832 factus
3233 3777 3362 3834 fuit.

2301 3882 2385 3936 Ad
2418 3881 2598 3937 aniles
2627 3899 2758 3938 vero
2806 3881 3033 3938 fabulas
3077 3881 3196 3938 hmo
3237 3884 3475 3954 rejicere
3531 3899 3646 3938 non
3705 3887 3874 3955 pote-

2229 3976 2360 4026 rant
2391 3988 2580 4042 nsque
2628 3969 2896 4044 gentiles,
2931 3971 3030 4043 qui
3080 3971 3302 4028 similes
3360 3971 3505 4028 alias
3563 3972 3870 4042 tinxerant,

2228 4076 2417 4132 neque
2447 4060 2656 4129 Judaei,
2688 4060 2784 4132 qui
2819 4065 3094 4116 noverant
3133 4060 3297 4116 illum
3332 4078 3364 4116 a
3395 4061 3520 4117 suis
3568 4060 3872 4133 prophetis

2228 4150 2584 4222 promissum
2620 4150 2820 4206 fuisse.
2845 4149 2989 4206 Nam
3013 4149 3074 4204 hi
3105 4149 3164 4206 in
3189 4165 3254 4206 eo
3278 4151 3575 4217 errabant,
3601 4151 3758 4222 quod
3783 4165 3870 4216 ca,

2231 4257 2356 4312 quas
2387 4239 2446 4294 in
2479 4239 2550 4294 iis
2599 4240 2780 4296 sacris
2810 4239 3129 4311 Scripturis
3163 4240 3232 4294 de
3274 4240 3462 4311 primo
3511 4243 3568 4294 et
3615 4239 3870 4295 secundo

2228 4328 2390 4385 illius
2422 4329 2670 4385 adventu
2705 4327 2859 4384 dicta
2898 4333 3055 4398 sunt,
3091 4345 3205 4384 non
3251 4326 3671 4402 intelligentes,
3704 4326 3870 4382 illum

2231 4419 2300 4472 ad
2335 4435 2442 4474 nos
2487 4419 2612 4489 jam
2671 4418 2900 4474 venisse
2958 4417 3393 4475 inliciebantur.
3425 4418 3615 4473 Tanta
3676 4421 3870 4472 autem

2231 4513 2354 4562 erat
2409 4524 2608 4563 eorum
2670 4507 2920 4574 caecitas,
2969 4507 3340 4578 perversitas,
3383 4509 3440 4562 et
3491 4505 3778 4578 nequitia,
3808 4509 3874 4561 ut

490 4571 640 4652 713
661 4571 1117 4660 characteribus,
1163 4571 1228 4651 ac
1282 4571 1575 4668 plerisque
1632 4597 1905 4669 gentibus
1938 4601 1992 4653 et
2024 4615 2119 4652 ur-
2153 4571 2197 4636 D
2230 4598 2385 4653 hunc
2418 4596 2618 4668 magiis
2648 4571 3072 4662 accusaverint,
3106 4596 3203 4667 qui
3253 4571 3424 4652 editis
3481 4571 3782 4652 mir-acutis
3812 4611 3874 4651 se

485 4685 656 4741 bibus
684 4685 1219 4741 vetustiores.sunt.
1241 4689 1385 4739 Nam
1415 4685 1463 4741 is
1489 4685 1954 4757 Moyses,lnacho
1977 4703 2120 4742 coae-

484 4791 614 4842 vus,
647 4792 762 4829 non
795 4775 967 4830 modo
1000 4775 1316 4829 Homerum
1351 4779 1402 4829 et
1435 4774 1650 4830 Priami
1710 4775 1955 4845 cladem,
2018 4777 2119 4832 sed

482 4862 950 4919 vetustissimum
969 4879 1200 4935 quoque
1221 4864 1485 4920 Danaum
1508 4868 1676 4920 astate
1695 4865 1865 4937 longe
1886 4869 2122 4937 superat

483 4953 683 5008 Cmteri
715 4968 846 5008 vero
900 4952 1214 5024 prophetae,
1272 4952 1381 5008 etsi
1438 4952 1537 5009 illo
1597 4955 1969 5025 posteriores,
2003 4971 2120 5010 non

475 5040 641 5097 brevi
661 5045 855 5097 tamen
891 5041 1172 5112 temporis
1202 5041 1508 5098 intervallo
1545 5043 1771 5098 Grtscos
1804 5043 2117 5115 sapientes,

473 5129 746 5202 legiferos
799 5135 856 5186 et
905 5131 1216 5187 historicos
1276 5133 1648 5188 antecedunt.
1712 5133 1858 5196 Quia
1895 5147 2030 5188 vero
2061 5133 2118 5187 id

487 5220 637 5290 quod
699 5221 974 5276 omnibus
1031 5223 1276 5292 probatu
1337 5221 1681 5277 facillimum
1713 5226 1820 5292 est,
1849 5237 2119 5278 enarrare

475 5308 709 5381 longius
746 5310 908 5377 foret,
959 5310 1353 5366 Tertullianus
1403 5311 1554 5366 hanc
1598 5311 2000 5383 probationem
2031 5310 2119 5365 id-

481 5399 632 5453 circo
666 5398 907 5454 missam
963 5399 1233 5466 fecit,ita
1262 5403 1454 5455 tamen
1516 5403 1581 5454 ut
1637 5400 1826 5454 fontes
1884 5398 2118 5465 indicet,

480 5487 736 5560 citctque
765 5489 955 5544 varios
977 5489 1311 5560 scriptores,
1345 5505 1411 5544 ex
1441 5489 1655 5561 quibus
1688 5487 1785 5542 illa
1810 5487 2121 5560 Scripturis

485 5593 660 5632 sacris
704 5578 1025 5648 antiquitas
1082 5577 1400 5650 unicuique
1454 5576 1940 5633 manifestissima
1997 5577 2121 5632 ﬁeri

487 5669 678 5741 potest
711 5667 855 5736 (cap.
892 5667 1001 5736 19).

2230 4685 2407 4759 Λόγον
2444 4687 2538 4741 Dei
2573 4686 2765 4758 palam
2796 4686 3159 4742 ostendebat.
3181 4686 3323 4742 Cum
3350 4701 3485 4742 vero
3511 4685 3732 4742 cmlesti
3767 4701 3874 4740 sua

2229 4776 2494 4832 doctrina
2527 4775 2812 4847 plurimos
2844 4775 2913 4830 ad
2948 4791 3008 4831 se
3041 4775 3319 4840 alliceret,
3350 4779 3490 4830 tunc
3526 4773 3872 4848 exasperati,

2230 4865 2396 4920 illum
2429 4864 2768 4920 obtulerunt
2790 4864 2991 4920 Pontio
3023 4863 3230 4931 Pilato,
3257 4867 3408 4920 714
3441 4865 3512 4920 ab
3544 4880 3727 4937 eoque
3756 4863 3874 4919 vio-

2230 4953 2408 5009 lentia
2439 4953 2847 5026 sutfragiorum
2881 4957 3267 5022 extorserunt,
3295 4958 3357 5009 ut
3387 4953 3567 5024 cruci,
3591 4953 3873 5025 quemad-

2231 5043 2467 5098 modum
2526 5042 2622 5098 ille
2681 5043 3066 5114 praedixerat,
3127 5043 3479 5116 afﬁgeretur.
3543 5047 3619 5098 Eo
3679 5047 3872 5099 autem

2231 5133 2532 5204 moriente,
2564 5133 2716 5187 facta
2745 5136 2833 5188 est
2863 5132 3099 5188 insolita
3128 5133 3302 5204 plane
3333 5132 3474 5188 solis
3505 5133 3774 5198 defectio,
3803 5131 3873 5186 ab

2230 5221 2439 5276 iisdem
2469 5221 2711 5290 Judaeia,
2740 5223 2836 5294 qui
2885 5239 3012 5277 eam
3047 5239 3079 5278 a
3110 5222 3411 5294 prophetis
3464 5222 3874 5277 aununtiatam

2229 5310 2586 5380 nesciebant,
2613 5311 2673 5364 in
2702 5312 2924 5367 arcani:
2954 5310 3079 5367 suis
3111 5311 3424 5384 descripta.
3448 5311 3534 5366 Ab
3563 5310 3680 5366 illis
3704 5326 3875 5382 porro

2232 5417 2442 5472 corpus
2474 5401 2601 5470 ejus
2635 5401 2900 5473 sepulcro
2933 5406 3020 5457 est
3052 5401 3374 5456 conditum.
3401 5401 3511 5457 Sed
3540 5416 3673 5456 cum
3707 5398 3874 5455 tertia

2231 5489 2325 5545 die
2382 5489 2729 5546 mirabiliter
2781 5491 3218 5559 resurrexisset,
3273 5492 3618 5562 subreptum
3670 5505 3702 5544 a
3749 5488 3870 5544 dis-

2229 5576 2442 5648 cipulis
2495 5577 2926 5647 jaclitaverunt.
2959 5580 3032 5633 At
3070 5577 3167 5634 ille
3214 5578 3504 5634 redivivus
3561 5575 3750 5632 turbis
3810 5591 3872 5631 se

2233 5665 2533 5736 subduxit,
2553 5682 2618 5723 ac
2647 5682 2750 5738 per
2779 5666 2904 5724 dies
2933 5666 3324 5739 quadraginta
3353 5683 3489 5723 cum
3511 5664 3868 5738 quibusdam
