4262 6364
386 363 499 421 793

1106 365 1186 424 IN
1232 364 1839 428 APOLOGETICUM
1887 368 1956 425 D.
2008 368 2106 427 LE
2152 368 2475 428 NOURRY
2527 368 3067 428 DISSERTATIO.

3672 370 3803 429 794

385 493 694 565 discipulis
727 500 1125 561 conversatus,
1158 515 1255 553 eos
1304 500 1567 556 doctrina
1601 500 1817 571 ubique
1847 498 2031 553 divul-
2066 506 2115 571 Α
2146 504 2202 554 et
2232 501 2444 571 singuli
2481 501 2525 555 si
2558 502 2770 573 petenti
2797 501 3127 556 Christiane
3150 500 3247 571 qui
3274 502 3479 563 sinl,se
3510 501 3809 557 daemones

385 584 577 653 ganda
610 584 838 651 imbuit,
874 603 938 639 ac
987 591 1116 656 post
1159 587 1274 641 haec
1305 588 1662 644 circumfusa
1707 590 1862 644 nube
1893 606 2038 643 con-

386 673 612 728 scendit
642 674 698 727 in
734 673 962 728 omium.
991 674 1211 731 Pilatus
1234 680 1495 749 vero,qui
1522 684 1659 733 tunc
1681 677 2039 734 conscientia

385 762 754 817 Christianus
784 768 929 831 erat,
961 780 1027 817 ea
1071 766 1267 819 omnia
1317 767 1607 823 nuntiavit
1651 767 1903 830 Tiberio,
1936 766 2037 837 qui

386 850 622 920 quidem
684 850 910 907 Christo
961 854 1325 920 credidisset,
1388 856 1499 909 nisi
1560 857 1770 911 fuisset
1827 857 2036 923 Czesar,

385 940 845 1010 irnperassetque
910 941 1185 997 ethnicis.
1256 948 1467 999 Verum
1530 946 1797 1001 szeviores
1850 943 2039 999 Judaei

386 1028 700 1100 discipulos
738 1029 971 1099 Christi,
1022 1033 1295 1087 traditam
1340 1034 1451 1089 sibi
1500 1036 1572 1090 ab
1613 1052 1677 1091 eo
1709 1035 2038 1090 doctrinam

388 1118 783 1187 praedicantes,
833 1120 1237 1178 crudelissime
1280 1123 1661 1192 divexarunt;
1723 1138 2041 1195 eorumque

386 1209 731 1279 sanguinem
763 1210 911 1267 Nero
942 1210 1168 1283 primus
1194 1217 1382 1270 Remis
1406 1216 1629 1271 eﬂ‘udit.

458 1320 632 1372 Porro
676 1322 872 1372 autem
918 1319 1317 1375 Tertullianus
1366 1327 1704 1379 constanter
1750 1327 2044 1379 asseverat

387 1405 537 1459 hanc
577 1422 771 1461 veram
822 1423 949 1463 esse
998 1408 1339 1465 Christianae
1384 1411 1659 1467 doctrinae
1715 1430 2036 1477 summam,

387 1510 492 1547 nec
524 1511 695 1565 posse
735 1494 847 1550 sibi
880 1496 952 1551 ab
984 1496 1234 1553 ethnicis
1266 1500 1436 1554 Iidem
1472 1501 1759 1572 abrogari.
1795 1506 2043 1556 Persua-

384 1598 516 1637 sum
566 1582 851 1653 siquidem
915 1584 1231 1641 Christiani
1310 1590 1544 1659 penitus
1606 1590 1901 1645 habebant
1961 1592 2045 1643 fas

386 1672 611 1726 nemini
672 1688 926 1742 unquam
978 1675 1183 1743 fuisse,
1218 1678 1517 1748 multoque
1572 1680 1767 1733 minus
1814 1679 1921 1733 sibi
1961 1695 2045 1733 re-

387 1761 621 1833 ligionis
689 1782 806 1819 sua:
854 1767 1210 1821 documenta
1267 1768 1719 1838 declarantibus,
1791 1769 2044 1824 mentiri.

2148 606 2276 644 esse
2347 607 2457 644 non
2530 591 2844 658 fateantur,
2906 606 3009 661 per
3063 589 3486 645 'I‘ertullianum
3548 590 3682 645 licet
3740 596 3806 647 ut

2146 678 2301 735 illico
2338 681 2615 733 fundatur
2645 681 2905 750 ejusdem
2936 679 3241 733 christiani
3274 679 3534 750 sanguis.
3563 681 3634 733 At
3656 679 3808 735 nihil

2148 768 2315 840 plane
2365 770 2471 824 hac
2522 770 3017 824 demonstratione
3070 773 3159 823 est
3212 768 3561 840 simplicius,
3616 770 3809 824 mani-

2150 858 2357 913 festiue
2388 864 2445 913 et
2475 859 2790 913 efﬁcacius.
2852 856 2953 912 Vel
3003 858 3157 911 enim
3213 857 3525 911 mentietur
3555 858 3808 913 daemon:

2148 951 2204 1003 et
2251 948 2395 1003 deus
2439 965 2551 1002 non
2598 954 2686 1002 est
2734 964 2745 1003 :
2796 946 2885 1002 vel
2938 964 3069 1001 vera
3128 945 3300 1015 dicet,
3334 963 3398 1000 ac
3448 947 3687 1016 proinde
3728 946 3811 1001 dii

2149 1053 2346 1091 revera
2388 1038 2681 1092 daemones
2713 1042 2873 1091 sunt.
2907 1035 3251 1107 Quicunque
3300 1051 3435 1105 ergo
3480 1034 3599 1090 haec
3630 1053 3665 1091 a
3695 1035 3810 1091 diis

2151 1125 2301 1179 facta
2322 1125 2548 1191 dixerit,
2576 1125 2623 1179 is
2654 1130 2890 1189 asserat,
2913 1140 3147 1179 necesse
3179 1128 3267 1178 est
3297 1122 3427 1178 illos
3458 1123 3813 1179 Christianis

2150 1229 2279 1269 esse
2316 1214 2634 1283 subjectos,
2669 1219 2843 1284 atque
2874 1214 3087 1268 idcirco
3123 1219 3239 1267 tam
3286 1210 3463 1267 falsos
3510 1229 3640 1268 esse
3672 1213 3813 1268 deos

2151 1318 2324 1373 quam
2350 1318 2482 1357 vera
2511 1310 2600 1357 est
2621 1302 3080 1358 Christianorum
3116 1301 3334 1373 religio.
3360 1301 3560 1357 Omnis
3593 1302 3812 1374 quippe

2154 1392 2273 1447 hac
2322 1397 2579 1462 potestas
2628 1393 2815 1446 oritur
2862 1409 2925 1446 ex
2977 1390 3189 1445 Christi
3237 1392 3493 1457 nomine,
3528 1408 3643 1462 quo
3696 1392 3811 1446 dre-

2157 1497 2376 1545 mones,
2401 1480 2472 1535 ab
2506 1480 2621 1535 illis
2654 1481 2927 1550 adjurati,
2954 1481 3024 1535 de
3055 1480 3312 1535 obsessis
3343 1481 3651 1535 hominum
3686 1496 3810 1535 cor-

2156 1569 2394 1641 poribus
2440 1575 2730 1641 coguntur
2782 1587 2895 1623 non
2948 1569 3137 1625 solum
3192 1569 3364 1638 exire,
3415 1570 3514 1625 sed
3569 1570 3815 1640 insuper

2156 1657 2318 1712 fateri
2366 1676 2426 1713 se
2476 1660 2615 1713 deos
2667 1676 2781 1714 non
2830 1676 2979 1723 esse,
3032 1660 3130 1713 sed
3179 1659 3517 1713 immundos
3549 1658 3811 1730 spiritus,

2157 1749 2229 1801 ob
2260 1747 2546 1803 malitiam
2584 1765 2751 1803 suam
2786 1749 3235 1819 praedamnatos,
3261 1748 3502 1802 unicum
3527 1764 3657 1803 vero
3687 1763 3817 1803 esse

391 1853 535 1915 Quid
571 1868 704 1923 ergo
738 1856 793 1908 in
827 1855 930 1909 hac
960 1872 1161 1910 eorum
1197 1856 1472 1922 religione
1513 1863 1568 1913 et
1616 1858 1772 1914 cultu
1827 1864 2050 1930 poterat
2083 1884 2129 1947 Β
2159 1837 2463 1947 Derjlalc
2508 1853 2649 1947 verat
2685 1837 2930 1947 lidclrcfn
2955 1854 3082 1947 egi?
3114 1854 3235 1906 ίιυω
3284 1838 3355 1892 de
3384 1836 3610 1892 (ληίδίο
3643 1834 3817 1908 Ρθουῖο

392 1955 520 1995 esse
553 1942 713 2008 mali,
747 1943 847 2013 qui
882 1948 1059 1997 Deum
1095 1962 1125 1999 a
1156 1961 1217 1999 se
1252 1963 1352 2016 per
1379 1946 1674 2002 Christum
1718 1948 1826 2002 coli
1862 1947 2049 2019 palam

396 2030 783 2083 asserebant?
813 2029 1014 2086 Nonne
1043 2033 1223 2086 Judzei
1256 2034 1436 2088 Deum
1474 2051 1575 2105 per
1597 2035 1851 2107 Moysem
1879 2052 2052 2091 vene—

396 2118 697 2185 rabantur,
749 2135 817 2173 ao
863 2120 1107 2189 gentiies
1164 2122 1339 2176 Graaci
1402 2140 1501 2194 per
1563 2124 1707 2179 alios
1768 2125 2051 2193 homines,

396 2206 639 2261 Romani
684 2224 814 2262 vero
846 2225 947 2278 per
976 2213 1226 2265 Numam
1280 2212 1627 2283 Pompilium
1681 2215 2053 2285 superstitio-

397 2296 572 2350 nibus
620 2298 743 2351 suis
800 2296 1016 2353 initiati
1068 2300 1251 2354 sunt‘?
1282 2301 1669 2365 Quaerendum
1703 2304 1898 2373 potius
1930 2309 2055 2359 erat

396 2388 593 2440 utrum
626 2402 760 2441 vera
794 2387 871 2441 sit
901 2387 1116 2443 Christi
1140 2388 1436 2453 divinitas,
1463 2407 1575 2461 qua
1605 2392 1857 2463 cognita,
1884 2392 2053 2448 homo

404 2475 462 2529 in
508 2475 715 2530 melius
746 2476 1097 2531 reformatur
1128 2478 1279 2550 (cap.
1310 2479 1422 2550 21).

472 2565 797 2619 Credebant
856 2570 1133 2636 praeterea
1190 2567 1500 2624 Christiani
1553 2587 1681 2626 esse
1739 2572 2054 2638 daemones,

304 2644 307 2647 ⁴
403 2652 793 2725 philosophis,
852 2670 920 2710 ac
980 2656 1353 2726 potissimum
1413 2660 1630 2714 Socrati
1686 2677 1750 2714 ac
1815 2660 2054 2742 Zenoni,

396 2742 582 2814 poetis
615 2748 786 2812 atque
839 2744 1028 2814 magis
1070 2744 1225 2800 haud
1274 2749 1624 2818 incognitos,
1660 2767 1803 2820 quos
1853 2749 2057 2820 vulgus

398 2832 775 2897 exsecrando,
810 2839 911 2887 aut
942 2833 1071 2887 aliis
1125 2834 1520 2892 maledicende
1569 2838 1817 2893 invocat.
1854 2839 1919 2893 Hi
1953 2856 2055 2894 au-

398 2926 516 2974 tem
549 2920 889 2991 spiritaalis,
930 2922 1083 2976 sicut
1113 2922 1321 2993 angeli,
1356 2931 1495 2980 sunt
1538 2927 1901 2995 substantias,
1954 2927 2055 2982 sed

398 3008 456 3062 in
502 3013 806 3078 peccatum
851 3008 1129 3080 prolapsi,
1183 3012 1425 3067 exitium
1460 3014 1716 3069 hominis
1750 3017 1819 3069 ab
1854 3002 2056 3070 mundi

399 3097 567 3150 initio
622 3096 807 3151 moliti
865 3104 1023 3153 sunt.
1080 3100 1243 3154 Sicut
1318 3105 1513 3156 autem
1576 3103 1925 3175 substantia,
1976 3104 2059 3158 sic

402 3184 626 3240 viribus
658 3185 1019 3257 spiritalibus
1051 3188 1298 3258 praediti,
1333 3206 1446 3243 non
1480 3190 1671 3245 solum
1706 3192 1900 3263 fruges
1952 3193 2057 3247 ho-

2160 1931 2293 1980 ante
2324 1926 2479 1981 dicta
2513 1930 2654 1983 sunt.
2682 1928 2830 1998 (cap.
2863 1928 2952 1993 22,
2984 1927 3096 1997 23).

2235 2034 2404 2088 Recte
2451 2049 2586 2104 ergo
2633 2051 2699 2089 ex
2748 2033 2830 2089 eis
2880 2032 3279 2089 'I‘ertullianus
3327 2031 3625 2088 concludit
3654 2031 3821 2087 Chri-

2163 2122 2390 2180 stianos
2422 2139 2721 2194 perperam
2757 2123 2902 2177 laesae
2936 2124 3258 2193 majestatis
3291 2122 3498 2177 divinae
3531 2122 3815 2177 accusari.

2161 2212 2437 2274 Quamvis
2467 2212 2619 2265 enim
2672 2216 2964 2267 constaret
2994 2228 3159 2266 veros
3202 2226 3331 2265 esse
3380 2211 3520 2266 deos
3551 2208 3814 2264 ethnico-

2166 2317 2317 2366 rum,
2352 2299 2463 2371 ipsi
2498 2305 2716 2367 tamen,
2770 2301 3269 2372 quemadmodum
3307 2298 3482 2366 Plato,
3518 2297 3820 2353 existima-

2165 2389 2306 2443 bant
2365 2405 2540 2459 penes
2598 2406 2804 2454 unum,
2874 2394 3013 2459 puta
3074 2392 3274 2443 Jovem
3335 2404 3463 2443 esse
3521 2402 3818 2441 summam

2165 2481 2532 2549 potestatem,
2584 2482 2641 2532 et
2698 2476 2890 2533 officia
2948 2493 3123 2548 penes
3182 2481 3436 2531 crateres.
3488 2474 3631 2539 Quid
3685 2491 3821 2546 ergo

2167 2569 2485 2638 peccabant
2514 2566 2848 2636 Christiani,
2882 2566 2980 2637 qui
3014 2582 3196 2620 unum
3234 2580 3577 2637 supremum
3611 2563 3820 2629 Deum,

2168 2656 2337 2711 sicuti
2372 2654 2467 2710 alii
2512 2655 2779 2709 homines
2812 2656 3048 2710 unicum
3089 2654 3523 2726 imperatorem,
3554 2650 3822 2708 colebant

2168 2752 2223 2801 et
2252 2745 2681 2801 venerabantur
2708 2744 2735 2799 ?
2766 2744 3038 2815 Nunquid
3083 2744 3137 2797 id
3189 2744 3387 2797 minus
3424 2741 3653 2797 licitum
3704 2739 3821 2796 illis

2167 2840 2311 2902 erat;
2362 2850 2537 2906 quam
2586 2833 2835 2904 singulis
2866 2834 3198 2904 quibusque
3231 2832 3589 2898 hominibus,
3624 2828 3823 2885 civita-

2167 2924 2346 2989 tibus,
2381 2932 2433 2977 et
2480 2922 2792 2994 provinciis
2837 2922 3151 2994 quemdam
3188 2921 3490 2993 preprium
3534 2923 3592 2974 et
3641 2934 3821 2990 pecu—

2168 3013 2370 3091 liarem
2425 3013 2599 3066 deum
2661 3011 2919 3066 habere?
2976 3016 3047 3065 At
3099 3014 3253 3065 certe
3307 3008 3426 3075 alii,
3467 3008 3701 3063 nemine
3734 3023 3822 3060 re—

2170 3107 2490 3173 pugnante,
2548 3100 2771 3166 Jovem,
2833 3100 2932 3155 alii
2994 3099 3215 3167 Fidem,
3273 3097 3521 3169 Egyptii
3582 3112 3715 3151 aves
3772 3098 3830 3150 et

2173 3189 2405 3253 bestias,
2463 3189 2588 3258 Syri
2647 3194 2961 3258 Astartom,
3012 3194 3185 3259 atque
3258 3187 3340 3241 ita
3400 3184 3586 3242 caeteri
3648 3200 3824 3240 suum

403 3250 704 3345 minisque
749 3250 1146 3331 valetudinem
1196 3250 1419 3343 vitiant,
1472 3282 1568 3334 sed
1630 3250 2057 3351 illiusuqueque
2090 3250 2132 3316 θ’
2171 3278 2345 3333 deum
2394 3250 2683 3349 privatim
2756 3250 3040 3333 colebant.
3090 3250 3227 3331 -Uno
3280 3276 3452 3330 verbo
3507 3272 3826 3343 unicuique

400 3364 662 3419 animum
714 3364 1059 3420 concutiunt
1107 3367 1301 3435 pravis
1348 3370 1626 3433 motibus,
1660 3376 1716 3423 et
1763 3387 1796 3424 ει
1845 3369 2056 3424 divini-

398 3453 539 3507 tatis
586 3458 857 3509 avertunt
900 3454 1176 3525 cogitatu.
1226 3456 1430 3511 Nativa
1468 3474 1601 3513 vero
1632 3458 1891 3530 agilitate
1922 3474 2057 3514 cum

402 3543 619 3611 ubique
668 3559 783 3598 uno
834 3550 1131 3601 momento
1190 3546 1331 3611 sint,
1382 3563 1448 3601 ac
1490 3546 1592 3602 Dei
1641 3548 2061 3620 dispositiones

403 3637 777 3702 cognoscant,
821 3634 1168 3689 aemulantur
1212 3636 1582 3701 divinitatem,
1617 3636 1748 3690 dum
1793 3639 2064 3707 furantur

405 3722 829 3776 divinationem.
860 3723 947 3776 Ad
994 3722 1118 3777 haec
1164 3739 1322 3794 vero,
1356 3725 1636 3796 ambigua
1680 3728 2063 3796 pronuntiant

405 3810 659 3878 oracula,
694 3816 904 3866 sanant
933 3827 1081 3882 quos
1112 3816 1407 3879 lisserunt,
1442 3813 1589 3869 falsa
1618 3816 1794 3871 variis
1840 3816 2063 3887 praesti-

405 3900 519 3973 giis
552 3899 776 3955 faciunt
797 3900 1517 3972 miracula,phantasmata
1538 3904 1739 3970 edunt,
1757 3906 2064 3960 defuncto-

407 4007 537 4045 rum
564 3989 855 4044 infamant
874 3991 1122 4058 animas,
1146 4008 1355 4063 pueros
1384 3991 1682 4048 eliduntin
1705 3994 1921 4050 oraculi
1946 3995 2064 4051 elo-

407 4082 633 4152 quium,
666 4081 898 4137 somnia
928 4081 1275 4146 immittunt,
1324 4088 1501 4154 atque
1532 4100 1731 4139 eorum
1763 4101 1941 4156 opera
1971 4103 2064 4141 ca-

406 4187 522 4243 pra
554 4187 620 4226 ac
670 4186 886 4226 mensis
940 4172 1200 4227 divinare
1249 4177 1690 4229 consueverant.
1724 4174 1900 4245 Atqui
1933 4174 2066 4229 eth-

408 4261 546 4328 nici,
600 4260 696 4331 qui
747 4259 867 4315 haae
910 4260 1109 4317 omnia
1157 4261 1271 4316 diis
1332 4262 1457 4318 suis
1511 4261 1904 4330 ascribebant,
1958 4263 2067 4319 hos

407 4350 583 4406 dubio
616 4348 815 4422 procul
848 4350 1141 4406 daemones
1173 4366 1301 4407 esse
1332 4350 1689 4407 fatebantur.

477 4458 675 4529 Neque
723 4459 1074 4529 respondere
1121 4462 1386 4530 poterant
1434 4459 1570 4515 deos
1624 4475 1761 4515 suos
1830 4475 1943 4514 non
2001 4475 2069 4515 ex

408 4546 501 4603 his
531 4561 661 4617 quae
688 4545 747 4599 in
794 4545 1053 4617 profanis
1083 4544 1245 4614 locis,
1282 4548 1378 4603 sed
1415 4564 1540 4619 quae
1586 4548 1646 4602 in
1681 4564 1879 4604 eorum
1917 4548 2066 4604 dun-

2167 3367 2378 3422 licebat
2427 3382 2858 3438 quemcumque
2904 3366 3074 3421 vellet
3122 3365 3309 3420 colere
3358 3369 3566 3436 printer
3622 3378 3824 3417 verum

2172 3461 2369 3510 Deum.
2403 3457 2512 3511 Sed
2563 3471 2755 3511 nonne
2792 3455 2900 3509 hoc
2949 3454 3145 3526 potius
3178 3460 3297 3509 erat
3342 3452 3690 3518 maximum,
3725 3468 3827 3506 cu-

2168 3546 2264 3616 ius
2294 3544 2439 3600 falso
2470 3545 2830 3600 Christianos
2860 3542 3303 3613 insimulabant,
3327 3541 3476 3597 lassas
3505 3540 3831 3610 majestatis

2171 3635 2377 3689 divina:
2410 3634 2673 3688 crimen?
2708 3634 2773 3688 Et
2820 3638 2972 3688 certe
3025 3632 3168 3687 illud
3226 3637 3391 3687 tanto
3440 3630 3632 3702 majus
3682 3627 3867 3685 erat,‘

2172 3729 2390 3796 quanto
2420 3722 2717 3778 crudelius
2750 3722 3115 3778 Christianos
3154 3722 3223 3776 ad
3283 3721 3427 3776 falsa
3459 3720 3705 3775 numina
3734 3735 3828 3773 co-

2171 3814 2361 3881 lenda,
2417 3829 2482 3867 ac
2538 3828 2738 3867 verum
2796 3817 2853 3867 et
2910 3827 3102 3866 rerum
3181 3810 3447 3865 omnium
3507 3812 3827 3864 creatorem

2171 3903 2353 3958 Deum
2381 3902 2614 3974 penitus
2636 3901 2967 3972 negandum
2983 3916 3186 3972 cogere
3208 3898 3543 3954 nitebantur
3562 3896 3829 3981 (cap.24).

2244 4008 2629 4079 Objectabant
2671 4013 2867 4063 tamen
2926 4007 3172 4063 Romani
3224 4023 3285 4062 se
3327 4022 3429 4076 pro
3470 4004 3728 4076 pietatis,
3764 4018 3831 4056 ac

2175 4097 2474 4169 religionis
2524 4113 2663 4168 erga
2707 4098 2845 4153 deos
2892 4113 3030 4152 suos
3083 4095 3287 4151 merito
3326 4094 3625 4165 accepisse
3654 4091 3832 4147 totius

2177 4192 2460 4242 terrarum
2494 4188 2651 4242 orbis
2684 4185 3019 4258 imperium.
3067 4185 3214 4252 Quid
3261 4182 3446 4256 ergo?
3488 4183 3569 4238 ait
3599 4179 3833 4237 Tertul-

2177 4276 2388 4331 lianus.
2422 4275 2720 4346 Numquid
2772 4275 2912 4329 illud
2957 4275 3411 4345 impetraverant
3455 4289 3488 4327 a
3530 4270 3644 4326 diis
3704 4270 3829 4326 suis

2173 4365 2504 4421 vernaculis
2554 4381 2618 4420 ac
2646 4364 3007 4431 domesticis,
3042 4362 3244 4434 quales
3293 4365 3457 4417 erant
3502 4359 3829 4427 Sterculus,

2178 4457 2460 4511 Mutunus
2504 4459 2561 4509 et
2616 4455 2922 4509 Larentina
2982 4452 3257 4507 meretrix
3294 4451 3322 4505 ?
3391 4450 3532 4515 Quis
3588 4449 3832 4505 credat?

2175 4545 2474 4617 Numquid
2509 4560 2541 4599 a
2571 4543 2894 4616 peregrinis
2924 4545 2980 4599 et
3011 4541 3364 4609 adventitiis,
3397 4540 3613 4612 quibus
3646 4539 3834 4609 major

407 4638 567 4690 taxat
599 4635 830 4706 templis
875 4635 1113 4701 fiebant,
1148 4637 1355 4693 debere
1386 4637 1688 4693 aestimari.
1722 4638 1846 4692 Non
1872 4620 2138 4709 disparD
2173 4636 2386 4701 Romae,
2440 4650 2615 4706 quam
2663 4634 2860 4705 patriae
2910 4649 3028 4688 sua;
3096 4631 3461 4704 protegendae
3513 4645 3653 4685 cura
3704 4644 3834 4683 esse

407 4725 621 4780 etenim
653 4730 742 4780 est
780 4724 942 4781 illius
974 4727 1134 4780 furor
1176 4726 1275 4798 qui
1333 4743 1403 4781 ex
1458 4731 1620 4782 turre
1664 4726 1757 4782 bis
1806 4726 1918 4782 diis
1968 4743 2069 4783 sa-

408 4818 587 4881 crata,
621 4820 675 4870 et
706 4816 945 4870 alterius
991 4814 1089 4887 qui
1134 4831 1194 4871 se
1244 4832 1312 4869 ex
1360 4831 1593 4871 summo
1622 4815 1826 4870 vicinae
1860 4816 2067 4872 domus

408 4908 556 4960 tecto
577 4905 688 4959 dat
731 4905 1109 4976 pracipitem.
1166 4905 1280 4960 Nec
1325 4905 1518 4977 impar
1567 4905 1737 4961 etiam
1788 4904 1950 4961 illius
1980 4909 2071 4962 est

408 4994 689 5061 amentia,
724 4994 825 5066 qui
858 4994 914 5048 in
948 4995 1063 5049 dea:
1094 4994 1373 5049 honorem
1404 4994 1655 5050 lacertos
1687 4999 1743 5050 et
1773 4995 2067 5067 genitalia,

409 5088 584 5154 atque
617 5082 862 5139 alterius
890 5084 989 5155 qui
1021 5084 1128 5138 sibi
1163 5083 1361 5156 gulam
1394 5088 1677 5155 prosecat.
1702 5084 1806 5139 Sed
1842 5085 1889 5140 si
1924 5084 2070 5150 haec,

407 5172 489 5228 ait
536 5173 682 5228 715
732 5172 1151 5237 Tertullianus,
1203 5172 1344 5228 levis
1402 5173 1708 5227 videantur
1764 5173 2069 5239 momenti,

406 5262 538 5317 aliis
563 5263 928 5333 argumentis
956 5262 1343 5319 invictissime
1375 5263 1813 5318 demonstratur
1835 5263 2069 5318 eosdem

403 5372 528 5411 esse
560 5355 698 5411 deos
733 5354 1038 5427 gentilium
1066 5372 1130 5411 ac
1163 5356 1482 5410 daemones.
1526 5356 1890 5409 Producatur
1913 5353 2067 5408 enim

404 5444 635 5516 aliquis,
669 5445 767 5516 qui
801 5445 871 5500 de
902 5445 1007 5500 deo
1040 5445 1279 5517 patitur,
1314 5443 1414 5516 qui
1463 5443 1579 5499 aris
1612 5443 1909 5509 inhalans,
1962 5459 2070 5498 nu-

405 5551 537 5591 men
571 5533 860 5607 concipit;
915 5534 1158 5606 prodeat
1208 5534 1315 5589 dea
1356 5535 1519 5606 virgo
1546 5531 1878 5605 pluviarum
1908 5530 2072 5602 polli-

408 5624 657 5693 citatrix,
698 5625 1029 5695 proferatur
1066 5623 1125 5679 in
1176 5624 1437 5680 medium
1483 5623 1628 5679 deus
1676 5619 2069 5692 Esculapius,

411 5714 754 5771 morientem
806 5714 1066 5786 aliquem
1125 5720 1463 5783 sanaturus,
1495 5718 1740 5783 tumque
1774 5709 1831 5766 hi
1864 5725 2069 5767 omnes

2177 4724 2469 4781 debebat?
2516 4727 2581 4778 At
2628 4722 2836 4795 Cybele
2886 4723 3128 4777 Romam
3163 4722 3368 4787 ascita,
3402 4720 3473 4776 de
3502 4717 3835 4774 nuntianda

2177 4830 2387 4887 magno
2413 4829 2518 4869 suo
2542 4812 2825 4868 sacerdoti
2859 4810 3177 4884 archigallo
3205 4809 3422 4866 Aurelii
3456 4808 3833 4881 imperatoris

2177 4909 2364 4960 morte
2392 4908 2511 4959 tam
2543 4919 2749 4975 parum
2776 4901 3022 4957 sollicita
3049 4902 3177 4971 fuit,
3200 4905 3263 4957 ut
3289 4898 3607 4971 tranquillo
3639 4897 3833 4953 animo

2178 5010 2352 5067 passa
2384 4993 2461 5047 sit
2491 4991 2739 5048 lacertos
2771 4991 3192 5063 impurumque
3240 4990 3593 5063 sanguinem
3628 4987 3700 5043 ab
3730 4986 3830 5043 illo

2178 5083 2331 5139 litari
2366 5101 2469 5155 pro
2504 5083 2748 5153 hujusce
2776 5081 3148 5153 imperatoris
3180 5079 3386 5145 salute,
3422 5080 3518 5151 qui
3544 5079 3667 5149 jam
3701 5078 3837 5131 ante

2180 5179 2305 5229 octo
2338 5173 2459 5228 dies
2498 5189 2566 5227 ex
2596 5171 2705 5225 hac
2737 5171 2851 5226 vita
2880 5170 3251 5241 migraverat.
3289 5169 3413 5232 Qua
3442 5182 3576 5222 vero
3609 5165 3836 5219 ratione

2177 5263 2407 5335 Jupiter
2437 5267 2554 5317 tam
2590 5260 2877 5332 patienter
2928 5259 3064 5315 tulit
3112 5259 3339 5314 Cretam
3381 5272 3571 5323 suam,
3606 5254 3705 5308 ubi
3733 5269 3837 5308 na-

2179 5356 2298 5421 tus,
2334 5356 2622 5417 mortuus,
2656 5353 2713 5405 et
2759 5349 3029 5422 sepultus
3078 5352 3189 5415 est,
3239 5347 3518 5403 Romanis
3578 5341 3835 5398 fascibus

2184 5442 2333 5496 716
2365 5439 2643 5495 concuti?
2690 5437 2982 5509 Numquid
3018 5437 3171 5492 Juno
3219 5452 3379 5506 aequo
3431 5433 3625 5489 animo
3684 5432 3834 5487 ferre

2180 5531 2369 5602 potuit
2417 5527 2842 5598 Carthaginem,
2894 5526 3007 5581 sibi
3052 5524 3194 5580 olim
3242 5524 3385 5579 adeo
3435 5521 3730 5587 dilectam,
3781 5523 3839 5575 et

2180 5620 2355 5676 Samo
2396 5618 2787 5691 praepositam,
2842 5632 2875 5672 a
2924 5613 3204 5671 Romanis
3257 5612 3456 5683 deleri,
3490 5615 3555 5668 ut
3603 5610 3839 5683 imperii

2183 5711 2275 5767 sui
2307 5710 2453 5765 ﬁnes
2502 5707 2678 5765 latius
2708 5706 3099 5779 propagarent
3128 5701 3150 5759 Ρ
3203 5706 3280 5760 At
3308 5702 3360 5760 si
3399 5718 3493 5761 res
3523 5706 3719 5760 tamen
3760 5700 3841 5758 ita
