4262 6416
470 407 589 467 795

989 407 1513 469 TERTULLIANI
1561 411 1882 472 QPERUM
1933 412 2135 471 PARS
2182 412 2328 471 l.—
2367 409 2638 473 SERIES
2682 411 2728 484 Ι,
2775 411 3345 474 APOLOGETICA.

3750 415 3871 474 796

470 540 569 610 sit,
602 555 706 594 cur
745 539 988 594 Romani
1022 539 1301 596 minorem
1333 540 1418 595 illi
1451 541 1936 614 honorem,quam
1966 542 2115 614 lupis
2148 546 2198 610 Α
2228 543 2366 599 leris
2397 545 2738 614 arguebant.
2771 545 3005 613 Quidni,
3037 560 3170 600 cum
3217 543 3506 600 viventem
3552 543 3870 616 imperato-

467 628 934 699 prouitutissimm
965 627 1243 683 Larentizs
1272 629 1604 684 tribuerunt
1628 631 1655 684 ‘I

541 733 755 789 Deinde
784 749 914 788 vero
955 733 1150 806 plures
1194 734 1429 792 illorum
1473 736 1573 804 dii,
1620 738 1793 793 sicuti
1823 739 2110 794 Saturnus

468 826 526 880 et
553 822 800 895 Jupiter,
833 829 1232 895 regnaverant.
1267 832 1311 878 A
1363 842 1474 897 quo
1523 842 1658 898 ergo
1715 828 2110 883 Romanorum

470 913 576 967 deo
608 928 780 966 suum
817 929 1087 982 accepere
1138 929 1378 984 regnum
1405 916 1425 968 ἓ
1456 915 1751 986 Numquid
1800 935 1829 971 a
1860 918 2109 988 quodam

467 1000 728 1057 Sterculo
749 1000 777 1055 ‘I
806 1001 946 1066 Quis
979 1001 1090 1057 nisi
1127 1005 1320 1058 fatuus
1352 1003 1409 1059 id
1441 1005 1631 1060 dicere
1663 1007 1922 1062 audeat?
1949 1006 2112 1062 Multi

467 1105 696 1162 quoque
728 1090 964 1146 fuerunt
1019 1108 1203 1162 reges,
1235 1093 1332 1165 qui
1384 1110 1490 1149 nec
1525 1095 1917 1152 Romanorum
1952 1098 2110 1165 deos,

467 1195 572 1236 nec
601 1178 744 1236 alios
774 1196 1077 1252 nunquam
1126 1181 1438 1237 coluerant.
1490 1185 1746 1256 Denique
1787 1186 2111 1241 Romanum

469 1285 710 1338 regnum
745 1267 1241 1341 ante,re1igionem
1275 1273 1540 1328 accrevit.
1577 1275 1925 1346 Priusquam
1956 1276 2110 1331 enim

468 1357 659 1412 Numa
690 1357 1012 1428 Pompilius
1047 1375 1222 1413 vanas
1245 1362 1685 1431 superstitiones
1720 1363 1912 1419 Romae
1944 1363 2112 1419 insti-

470 1445 703 1514 tuisset,
737 1451 792 1501 el
821 1450 954 1500 ante
985 1463 1163 1516 quam
1196 1447 1314 1503 ulla
1344 1452 1495 1520 apud
1541 1451 1670 1508 illos
1705 1454 1944 1509 fuissent
1975 1456 2110 1510 deo-

470 1549 599 1589 rum
631 1533 963 1602 simulacra,
988 1533 1182 1606 plures
1213 1537 1397 1593 Latini
1428 1538 1756 1597 habuerunt
1789 1559 1968 1616 reges.
2009 1549 2112 1598 Ro-

470 1623 630 1678 mani
659 1639 816 1694 ergo,
847 1623 1039 1694 inquit
1081 1625 1498 1694 Tertullianus,
1529 1645 1638 1684 non
1667 1637 1797 1688 ante
1845 1635 2111 1705 religiosi,

471 1728 631 1782 quam
670 1715 917 1785 magni;
965 1713 1186 1785 ideoque
1235 1732 1340 1772 non
1389 1718 1453 1773 ob
1484 1719 1584 1775 hoc
1622 1724 1834 1790 magni,
1867 1725 2000 1795 quia
2028 1740 2115 1779 re-

471 1801 676 1870 ligiosi.

2219 647 2340 686 rem
2377 633 2546 704 longe
2577 634 2786 705 magis,
2821 650 2998 704 quam
3052 635 3191 688 deos
3223 649 3362 688 suos
3388 637 3651 688 mortuos
3693 634 3867 690 time-

2222 729 2372 792 rent,
2396 728 2570 793 atque
2594 723 2806 778 idcirco
2839 721 3011 776 citius
3034 737 3137 792 per
3157 721 3264 776 hos
3295 738 3501 777 omnes
3524 723 3867 794 pejerarent,

2222 829 2397 884 quam
2449 827 2551 884 per
2601 811 2970 883 imperatoris
3018 811 3304 882 genium?
3352 810 3497 876 Quid
3535 828 3669 866 vero
3701 816 3868 868 rectas

2221 901 2429 957 rationi
2473 901 2659 971 magis
2709 905 3016 972 repugnat,
3050 916 3226 970 quam
3261 900 3375 955 diis
3405 899 3736 956 sacrificare
3765 917 3869 972 pro

2221 990 2477 1046 hominis
2523 990 2730 1056 salute,
2764 1006 2940 1061 quam
2975 1005 3080 1044 nec
3122 990 3258 1044 dare
3299 993 3562 1058 possunt,
3596 1005 3702 1045 nec
3729 1006 3873 1045 con-

2221 1095 2451 1140 servare
2471 1079 2498 1133 ?
2530 1079 2652 1142 Quo
2679 1078 2833 1132 enim
2866 1079 3061 1144 modo,
3101 1082 3270 1150 urget
3299 1078 3874 1145 Tertullianus,alios

2221 1170 2559 1237 servabunt,
2591 1167 2690 1238 qui
2723 1183 2860 1222 suas
2913 1168 3063 1222 aedes
3094 1183 3159 1222 ac
3192 1171 3414 1222 statuas
3444 1167 3568 1223 sine
3598 1183 3874 1222 caesareo-

2222 1275 2351 1314 rum
2386 1256 2641 1311 militum
2674 1256 2935 1312 excubiis
2964 1258 3112 1310 tueri
3138 1271 3252 1310 non
3289 1255 3688 1321 valent?Quid
3720 1271 3872 1322 vero,

2222 1346 2376 1418 quod
2411 1346 2629 1417 templa
2660 1350 2714 1399 et
2746 1345 2828 1399 dii
2875 1344 3044 1399 multi
3077 1345 3330 1416 pendent
3359 1344 3429 1400 de
3458 1344 3698 1401 Casaris
3727 1349 3872 1399 nutu

2224 1452 2290 1492 ac
2321 1435 2620 1489 voluntate
2639 1435 2666 1488 ί.)
2698 1435 2895 1504 Itaque
2935 1433 3252 1488 Christiani
3285 1433 3472 1489 multo
3505 1433 3714 1505 potiori
3740 1435 3873 1505 jure

2221 1541 2323 1596 pro
2355 1523 2725 1595 imperatoris
2757 1523 2946 1578 salute
2988 1539 3101 1577 non
3153 1522 3332 1578 falsos
3388 1521 3522 1578 illos
3575 1523 3736 1588 deos,
3768 1522 3868 1577 sed

2223 1615 2406 1670 Deum
2465 1629 2687 1680 verum,
2744 1611 2956 1678 vivum,
3015 1617 3074 1666 et
3132 1614 3416 1666 internum
3462 1611 3870 1682 precabantur.

2222 1705 2364 1759 Nam
2399 1705 2457 1757 et
2487 1702 2722 1772 ipsimet
2750 1701 3152 1773 imperatores,
3203 1700 3251 1754 si
3307 1716 3465 1755 sanas
3495 1700 3706 1756 mentis
3737 1700 3875 1773 sint;

2224 1793 2382 1848 hune
2430 1769 2541 1846 sibi
2589 1794 2786 1860 cptant
2835 1769 2962 1845 esse
3012 1788 3354 1860 prepitium,
3403 1806 3438 1844 a
3496 1805 3608 1860 quo
3664 1769 3882 1844 habent

543 1889 651 1943 Sed
711 1889 904 1945 acrius
953 1891 1145 1947 adhuc
1186 1898 1388 1964 urget:
1423 1897 1739 1969 Quomodo,
1772 1900 1986 1971 inquit,
2022 1902 2125 1963 isti
2157 1910 2204 1976 Β
2236 1880 2391 1976 (ιξξοά
2425 1878 2688 1976 Ῑξοωίηθδ
2711 1877 2857 1976 imit,
2894 1878 3048 1948 (ἰυοά
3092 1877 3306 1976 νίνξιῖξξν
3341 1877 3492 1976 quoq
3527 1876 3656 1976 εξῙίίε
3686 1875 3879 1932 homi'

471 1977 532 2033 in
564 1977 814 2032 aliorum
846 1995 1020 2051 regna
1053 1981 1435 2039 invaserunt?
1465 1991 1587 2041 Non
1613 1987 1822 2059 pietate
1847 1991 2121 2062 profecto,

475 2081 579 2120 nec
631 2065 927 2139 religione,
981 2069 1081 2124 sed
1133 2070 1322 2140 bellis,
1357 2077 1412 2127 et
1460 2073 1735 2140 victoriis,
1769 2093 1835 2132 ac
1887 2078 2124 2149 proinde

474 2156 773 2210 communi
827 2157 1102 2212 moenium
1152 2163 1208 2214 et
1263 2161 1635 2233 templorum,
1670 2167 2037 2222 sacerdotum
2070 2171 2126 2223 et

475 2243 708 2311 civium,
751 2261 945 2300 rerum
993 2263 1295 2303 sacrarum
1342 2254 1398 2305 et
1430 2252 1804 2320 profanarum
1839 2259 2029 2325 strage
2060 2271 2125 2310 ac

477 2331 669 2387 ruina.
705 2332 960 2390 Haaccine
1010 2350 1145 2407 ergo
1194 2341 1282 2392 est
1324 2337 1531 2409 pietas,
1567 2346 1803 2412 propter
1839 2361 2010 2413 quam
2047 2343 2123 2398 dii

477 2424 533 2476 et
571 2419 922 2478 lmdentibus
972 2440 1033 2478 se
1065 2424 1342 2482 Romanis
1374 2427 1532 2484 orbis
1579 2429 1890 2501 imperium
1951 2433 2122 2488 dede-

481 2511 638 2575 runt,
680 2515 735 2564 et
790 2509 921 2566 aliis
970 2512 1336 2581 ademerunt,
1388 2515 1488 2587 qui
1546 2533 1686 2574 suos
1743 2536 1973 2591 quoque
2021 2536 2124 2575 nec

480 2597 691 2653 minori
727 2599 941 2669 pietate
973 2601 1238 2657 colebant
1287 2605 1444 2660 deos.
1494 2606 1752 2679 Denique
1799 2615 1930 2663 ante
1968 2610 2127 2680 jacta

484 2690 677 2741 Romae
707 2687 1104 2755 fundamenta,
1140 2693 1464 2764 regnabant
1494 2712 1607 2750 non
1642 2696 1829 2752 solum
1881 2697 2126 2770 Babylo-

484 2775 587 2844 nii,
612 2775 783 2842 Medi,
808 2776 1078 2849 Egyptii,
1110 2781 1330 2852 Assyrii
1365 2785 1421 2838 et
1450 2785 1788 2852 Amazones,
1813 2787 1912 2841 sed
1946 2786 2127 2842 Judaei

484 2863 662 2919 etiam
685 2864 783 2935 qui
805 2882 1008 2922 omnes
1023 2867 1415 2926 Romanorum
1441 2871 1806 2947 aliorumque
1818 2876 2124 2947 gentilium

482 2953 621 3008 deos
653 2954 1025 3025 respuebant,
1059 2961 1116 3012 et
1155 2960 1634 3028 aspernabantur.
1675 2968 1798 3018 Non
1849 2981 1984 3036 ergo
2017 2966 2129 3022 Ro-

487 3057 796 3098 manorum
844 3047 946 3098 aut
993 3044 1239 3102 aliarum
1285 3050 1541 3119 gentium
1576 3052 1652 3106 dii
1689 3069 1866 3125 regna
1896 3054 2129 3126 dispert-

491 3135 645 3198 sant,
667 3130 766 3186 sed
799 3130 960 3187 solus
983 3132 1081 3188 ille
1110 3136 1480 3209 omnipotens
1518 3141 1686 3211 Deus,
1736 3143 1908 3214 cujus,
1942 3142 2136 3214 inquit

487 3221 704 3274 Auctor
756 3224 974 3287 noster,
1029 3232 1108 3279 est
1165 3226 1333 3292 orbis,
1391 3231 1492 3300 qui
1535 3239 1819 3300 regnatur,
1874 3236 1927 3286 et
1977 3238 2134 3288 homo

489 3308 622 3379 ipse,
654 3311 750 3381 qui
794 3278 1005 3381 regnat.
1051 3278 1178 3369 Non
1219 3278 1534 3373 Christiani
1587 3278 1919 3393 iugitur,’qui
1971 3321 2134 3376 illum
2167 3278 2210 3346 Ο

491 3396 778 3463 colebant,
811 3400 909 3454 sed
944 3403 1190 3457 Romani
1223 3401 1437 3476 aliique
1472 3407 1720 3478 gentiles
1749 3408 1895 3464 lzesze
1928 3410 2142 3481 majes'

492 3484 627 3540 talis
670 3486 878 3542 divinas
925 3489 1172 3546 crimine
1204 3493 1721 3566 convincebantur,
1755 3497 1853 3568 qui
1896 3515 2011 3553 non
2049 3515 2141 3553 so-

495 3571 618 3628 lum
651 3573 830 3631 falsos
859 3577 998 3633 deos
1049 3577 1335 3648 colebant,
1379 3584 1476 3638 sed
1519 3586 1752 3642 eosdem
1784 3586 2144 3642 Christianos

496 3662 568 3717 ad
600 3677 796 3718 eorum
830 3665 1053 3722 cultum
1086 3669 1449 3739 quibuslibet
1477 3673 1761 3747 supplicis
1803 3674 2148 3748 compellere

496 3752 859 3808 conabantur
887 3752 1033 3828 (cap.
1065 3758 1154 3828 25,
1185 3759 1295 3825 26).

569 3858 822 3922 Quorum
871 3877 1007 3916 vero
1057 3864 1245 3935 major
1284 3873 1404 3921 erat
1454 3866 1782 3937 clementia,
1815 3869 1876 3925 hi
1905 3887 2150 3942 persua-

499 3947 634 4003 dere
663 3947 780 4004 illis
812 3951 1135 4020 tentabant,
1187 3959 1250 4008 ut
1309 3954 1517 4012 saltem
1552 3963 1815 4014 manente
1840 3960 1990 4032 apud
2017 3961 2150 4016 ani-

498 4051 652 4091 mum
699 4038 816 4092 veri
863 4038 962 4094 Dei
1002 4040 1228 4096 colendi
1262 4046 1563 4116 praposz'to,
1595 4051 1714 4102 tam
1760 4048 2150 4118 pertinaciter,

501 4127 742 4198 tamque
772 4131 927 4182 certo
957 4128 1166 4200 capitis
1205 4131 1462 4201 periculo
1513 4133 1626 4190 diis
1682 4135 2007 4192 sacriﬁcare
2037 4154 2154 4194 non

503 4219 860 4272 recusarent.
891 4217 999 4272 Sed
1057 4218 1171 4274 hoc
1217 4219 1373 4276 falsa
1405 4221 1813 4280 miserirordim
1844 4225 2156 4282 consilium

505 4301 579 4356 iis
617 4301 1014 4375 inepirabatur
1063 4307 1267 4366 fraude
1315 4314 1374 4366 et
1423 4312 1639 4368 astutia
1667 4313 2021 4385 daemonum,
2055 4306 2158 4389 qui

505 4389 972 4451 Christianorum
1019 4401 1367 4468 potestatem
1417 4401 1714 4469 timentes,
1751 4405 2029 4462 adversus
2061 4422 2159 4462 eos

505 4478 862 4552 implacabili
895 4485 1028 4541 odio
1057 4486 1416 4558 proeliantur.
1434 4494 1544 4546 Nec
1576 4491 1890 4549 minimum
1923 4494 2161 4567 quidem

506 4574 716 4641 putant
743 4588 872 4628 esse
898 4575 1415 4644 praedamnationis
1464 4597 1581 4636 sum
1614 4581 1907 4654 solatium,
1942 4584 1992 4639 si
2020 4601 2160 4640 con-

2235 1969 2410 2025 nibus
2439 1967 2746 2039 imperent.
2784 1967 2885 2021 Pro
2926 1983 3127 2022 eorum
3176 1964 3350 2037 igitur
3403 1966 3610 2031 salute,
3643 1981 3881 2037 prospe-

2230 2060 2424 2124 ritate,
2471 2057 2586 2112 vita
2633 2056 2899 2128 longiori,
2958 2057 3349 2127 diuturnoque
3412 2055 3656 2126 imperio
3715 2053 3880 2108 Chri-

2231 2147 2404 2203 stiani
2441 2146 2714 2201 manibus
2746 2143 3036 2216 expansis,
3071 2145 3227 2199 nudo
3258 2144 3464 2214 capite,
3498 2142 3627 2198 sine
3665 2139 3877 2213 praevio

2231 2237 2517 2292 monitore
2549 2251 2746 2306 preces
2777 2233 3103 2288 fundabant
3133 2234 3202 2288 de
3240 2248 3411 2288 carne
3440 2231 3672 2303 pudica,
3703 2230 3881 2285 inno-

2233 2329 2396 2381 cente
2427 2323 2642 2389 anima,
2677 2339 2741 2377 ac
2771 2327 2970 2378 sancto
3011 2321 3227 2393 Spiritu
3279 2320 3588 2394 profectas.
3619 2319 3731 2374 Sed
3762 2333 3880 2373 non

2234 2414 2571 2480 oll'erebant,
2617 2412 2770 2467 sicut
2813 2411 3052 2479 ethnici,
3103 2427 3287 2482 grana
3324 2408 3500 2465 unius
3549 2407 3723 2474 assis,
3774 2421 3879 2461 nec

2233 2502 2458 2560 arboris
2512 2501 2766 2556 Arabicae
2822 2499 3132 2573 lacrymas,
3189 2515 3296 2554 nec
3329 2497 3678 2570 sanguinem
3721 2494 3882 2552 bovis

2233 2593 2366 2648 tabe
2398 2593 2497 2646 aut
2526 2594 2691 2645 aetate
2723 2589 3114 2659 confecti,nec
3137 2604 3409 2661 spurcam
3441 2584 3882 2651 conscientiam,

2235 2685 2336 2737 aut
2366 2680 2590 2735 hostias
2617 2695 2650 2734 a
2679 2677 3074 2733 vitiosissimis
3106 2676 3505 2732 sacerdotibus
3527 2675 3883 2730 immolatae.

2235 2770 2610 2826 Ethnicorum
2653 2767 2849 2838 itaque
2873 2766 3148 2839 praesides
3179 2770 3452 2837 provocat
3469 2763 3887 2834 Tertullianus,

2236 2864 2302 2916 ut
2332 2859 2714 2923 Christianos,
2760 2856 2809 2911 si
2859 2859 2945 2910 fas
2995 2872 3254 2926 unquam
3287 2855 3380 2924 sit,
3412 2870 3478 2909 eo
3505 2854 3676 2908 modo
3707 2852 3889 2908 Deum

2237 2965 2341 3022 pro
2373 2945 2738 3022 imperatoris
2770 2945 2957 3000 salute
2989 2948 3292 3016 precantes
3322 2946 3650 3016 torqueant,
3673 2941 3895 2996 discru-

2239 3021 2416 3108 cient,
2447 3039 2503 3091 et
2535 3033 2798 3092 occidant
2832 3035 2981 3106 (cap.
3013 3034 3102 3100 28,
3135 3033 3225 3098 29,
3256 3033 3368 3101 30).

2310 3146 2493 3209 Quam
2527 3142 2753 3198 sincero
2785 3144 2980 3197 autem
3005 3139 3221 3206 animo,
3247 3155 3349 3196 nec
3372 3139 3509 3195 ﬁcta
3529 3137 3598 3194 ad
3611 3135 3886 3204 elatione,

2247 3251 2372 3308 quis
2403 3232 2652 3289 ethnicis
2695 3247 2823 3286 eam
2873 3229 3288 3301 objicientibus
3329 3229 3604 3300 prodesse
3634 3227 3893 3299 poterat,

2249 3325 2332 3381 sic
2394 3323 2576 3378 Deum
2629 3319 3087 3392 omnipotentem
3146 3322 3539 3390 precarentur,
3602 3315 3737 3372 inde
3795 3313 3896 3370 ille

2251 3414 2632 3476 demonstrat,
2661 3409 2814 3480 quod
2867 3407 3047 3464 sacris
3095 3422 3294 3463 eorum
3334 3405 3568 3471 litteris,
3600 3420 3745 3476 quas
3776 3417 3895 3458 non

2253 3499 2642 3568 occultabant,
2675 3498 2946 3554 omnibus
2970 3497 3320 3570 praecipitur,
3345 3499 3410 3551 ut
3439 3511 3553 3550 non
3585 3493 3773 3550 solum
3794 3505 3898 3564 pro

2252 3588 2508 3646 inimicis
2541 3587 2687 3656 suis,
2706 3587 2803 3644 sed
2829 3604 2932 3659 pro
2961 3587 3111 3660 ipsis
3137 3585 3313 3642 etiam
3346 3582 3692 3641 nominatim
3715 3581 3900 3653 impe-

2256 3678 2549 3735 ratoribus
2576 3679 2753 3733 Deum
2777 3681 2965 3733 orent.
3000 3675 3174 3731 Addit
3195 3673 3369 3730 aliam
3393 3672 3539 3746 ipsis
3570 3672 3752 3727 fuisse
3773 3685 3904 3725 cau-

2257 3785 2405 3836 eam,
2437 3768 2554 3824 sive
2601 3766 2797 3839 potius
2841 3765 3271 3834 necessitatem,
3305 3779 3406 3835 pro
3451 3758 3907 3834 imperatoribus

2257 3864 2316 3915 et
2345 3856 2573 3928 imperii
2602 3855 2846 3911 Romani
2869 3858 3024 3911 statu
3047 3852 3344 3924 orandi,ut
3373 3850 3578 3907 mundi
3602 3848 3906 3917 nimirum,

2261 3946 2361 4018 qui
2419 3963 2551 4001 cum
2612 3961 2678 4000 eo
2737 3944 2925 4016 perire
2977 3942 3246 4012 debebat,
3295 3940 3431 3997 ﬁnis
3488 3938 3905 3995 retardaretur.

2263 4035 2542 4102 Quocirca
2582 4051 2684 4106 per
2712 4033 2956 4089 salutem
3008 4033 3428 4103 imperatorum
3477 4027 3725 4084 libenter
3746 4026 3907 4096 jura-

2263 4125 2425 4193 bant,
2458 4120 2700 4178 minime
2729 4137 2860 4177 vero
2893 4137 2994 4194 per
3037 4119 3276 4175 illorum
3307 4117 3532 4191 genios,
3563 4132 3714 4188 quos
3743 4113 3908 4184 adju-

2265 4213 2587 4271 rationibus
2620 4211 2822 4285 fugare
2852 4213 3271 4270 consueverant
3299 4209 3446 4281 (cap.
3477 4208 3567 4274 31,
3597 4206 3710 4278 32).

2335 4321 2616 4376 Praeterea
2647 4323 2810 4376 tanto
2839 4319 3046 4390 major,
3077 4315 3271 4388 inquit
3299 4318 3517 4371 Auctor
3544 4317 3762 4381 noster,
3795 4312 3918 4367 erat

2266 4409 2733 4466 Christianorum
2765 4407 2950 4480 pietas
2982 4410 3040 4464 et
3069 4405 3267 4478 religio
3313 4420 3452 4478 erga
3479 4403 3917 4475 imperatorem,

2269 4504 2489 4573 quanto
2539 4499 2755 4555 certius
2796 4497 3060 4554 sciebant
3105 4494 3272 4552 illum
3303 4511 3336 4550 a
3365 4493 3480 4550 Deo
3509 4508 3642 4548 vero
3671 4490 3921 4547 electum

2270 4606 2336 4647 ac
2365 4589 2772 4646 constitutum.
2794 4588 2879 4643 Ab
2903 4587 3013 4642 hoc
3033 4585 3214 4658 igitur
3234 4585 3351 4641 Deo
3373 4580 3744 4654 imperatoris
3763 4577 3921 4635 salu-

511 4659 784 4715 stantiam
836 4661 1062 4719 illorem
1113 4664 1478 4741 labefactare,
1521 4685 1736 4742 eosque
1791 4651 1998 4730 laedere
2056 4673 2160 4730 ali-
2190 4651 2237 4717 D
2274 4685 2395 4736 tem
2445 4694 2510 4735 eo
2565 4677 2794 4734 facilius
2848 4651 3118 4750 poterant
3161 4651 3493 4746 impetrare,
3553 4671 3708 4743 quod
3763 4667 3924 4723 hisce

511 4750 742 4817 quando
799 4751 1048 4822 possint.
1103 4755 1492 4820 Quamobrem
1552 4759 1863 4818 Christiani
1913 4763 2030 4820 illis
2079 4780 2168 4821 re-

511 4837 749 4908 sistunt,
811 4857 1280 4918 persuasumque
1336 4846 1572 4920 habent,
1617 4866 1678 4907 se
1737 4868 2040 4925 nunquam
2100 4854 2170 4909 de

510 4925 774 4998 ipsorum
809 4929 1053 5000 malitia,
1075 4933 1385 5004 gloriosius
1415 4937 1802 5012 triumphare,
1829 4957 2003 5012 quam
2036 4959 2169 4999 cum

510 5031 616 5086 pro
670 5020 965 5077 constanti
1030 5022 1166 5081 ﬁdei
1230 5041 1348 5083 suae
1405 5028 1767 5100 professione
1813 5032 2170 5090 damnantur

508 5105 661 5178 (cap.
695 5109 806 5181 27).

582 5196 754 5286 Boi-ro
788 5203 985 5256 autem
1037 5203 1257 5262 ethnici
1289 5207 1488 5280 impiis
1546 5208 1879 5266 daemonum
1921 5210 2073 5268 dolis
2113 5228 2171 5286 et

511 5284 734 5376 artibus
783 5287 1143 5350 Christianos
1179 5312 1290 5352 non
1325 5297 1496 5354 modo
1529 5298 1600 5354 ad
1647 5300 1885 5356 deorum
1921 5284 2166 5376 cultum,

513 5373 612 5444 qui
660 5377 895 5436 omnino
927 5379 1074 5439 liber
1119 5389 1175 5440 et
1221 5385 1608 5456 voluntarius,
1643 5393 1744 5445 aut
1791 5389 1992 5447 nullus
2041 5373 2169 5448 esse

513 5464 703 5533 debet,
737 5467 946 5528 invitos
1004 5472 1301 5546 impellere
1356 5477 1645 5546 volebant,
1678 5480 1780 5536 sed
1839 5480 1911 5536 ad
1960 5481 2168 5539 iisdem

515 5567 747 5625 quoque
776 5558 891 5615 diis
921 5578 1024 5632 pro
1069 5564 1259 5621 salute
1290 5565 1662 5640 imperatoris
1692 5569 2166 5628 sacriﬁcandum.

517 5640 877 5732 Quapropter
952 5648 1072 5706 haec
1149 5654 1437 5711 sacriﬁcia
1519 5657 1703 5714 facere
1783 5659 2166 5732 defugientes,

519 5728 779 5799 majoris,
815 5737 960 5794 717
997 5757 1177 5812 quam
1233 5742 1384 5800 lassa
1441 5745 1765 5816 majestatis
1805 5728 2010 5808 divinis
2041 5728 2170 5810 sco;

2277 4768 2548 4842 precibus
2577 4767 2746 4823 illum
2777 4767 2893 4823 Deo
2925 4765 3211 4822 minorem
3234 4779 3362 4821 esse
3392 4756 3924 4818 fatebantur.Nefas

2279 4863 2471 4916 autem
2502 4856 2647 4930 ipsis
2676 4860 2799 4913 erat
2841 4855 3248 4927 imperatorem
3294 4853 3469 4909 deum
3515 4847 3824 4922 appellare,
3862 4849 3928 4902 ut

2278 4952 2410 5021 pote
2441 4945 2538 5017 qui
2570 4945 2744 5001 homo
2767 4948 2874 5010 est,
2908 4961 2974 5000 ac
3012 4945 3154 5000 dum
3184 4939 3532 5012 triumphat,
3574 4953 3690 4994 sua:
3723 4935 3925 4989 admo-

2279 5039 2453 5092 netur
2508 5034 2779 5090 humanae
2833 5032 3206 5090 conditionis.
3253 5029 3400 5095 Quin
3448 5044 3580 5084 vero
3631 5026 3927 5096 Augustus

2278 5125 2598 5196 imperator
2627 5122 2862 5180 nolebat
2915 5139 2978 5178 se
3019 5120 3326 5177 dominum
3378 5116 3594 5174 vocari.
3655 5115 3724 5170 Et
3777 5114 3930 5168 recte

2281 5212 2555 5284 quidem;
2588 5229 2722 5268 nam
2757 5229 2910 5267 unus
2941 5216 3030 5268 est
3049 5209 3314 5267 omnium
3340 5211 3514 5278 atque
3541 5204 3716 5262 etiam
3748 5202 3931 5273 impe-

2280 5301 2488 5358 ratoris
2519 5302 2814 5370 dominus,
2832 5300 3054 5358 scilicet
3078 5299 3232 5355 Deus
3261 5296 3654 5368 omnipotens.
3680 5290 3937 5362 Denique

2281 5392 2573 5466 quomodo
2591 5391 2906 5464 imperator
2926 5389 3117 5446 adhuc
3147 5387 3331 5458 vivus,
3359 5388 3587 5458 poterat
3608 5382 3710 5438 Dei
3737 5377 3933 5452 appel-

2276 5481 2386 5538 lari
2415 5481 2670 5551 nomine,
2695 5481 2852 5553 quod
2882 5479 3102 5537 ethnici
3125 5493 3239 5534 non
3262 5482 3396 5533 ante
3427 5471 3791 5548 apotheosim
3813 5468 3933 5524 Cae-

2277 5571 2512 5630 saribus
2551 5571 2888 5628 tribuebant
2904 5573 3056 5642 (cap.
3089 5569 3179 5639 33,
3209 5564 3348 5638 34)?

2350 5663 2477 5729 Qua
2503 5665 2699 5718 autem
2755 5659 3029 5717 facilitate
3084 5662 3142 5714 et
3190 5652 3477 5714 evidentia
3532 5647 3932 5708 Tertullianus

2277 5751 2559 5808 hactenus
2614 5749 2958 5821 probaverat
3011 5744 3373 5804 Christianos
3425 5757 3543 5799 non
3617 5754 3746 5797 esse
3799 5743 3930 5795 reos
