4262 6348
369 416 483 474 797

1101 417 1180 477 IN
1226 416 1832 478 APOLOGETICUM
1878 418 1951 476 D.
2000 418 2095 476 LE
2142 418 2465 479 NOUHRY
2510 416 3053 478 DISSEllTATIO.

3656 410 3777 474 798

370 546 518 603 lassa
553 547 879 617 majestatis
916 548 1063 603 718
1098 547 1393 614 humanae,
1436 550 1639 605 eadem
1691 548 2014 621 perspicui-
2046 550 2099 616 Α
2127 548 2228 616 ris,
2270 550 2370 605 sed
2429 550 2667 615 erroris,
2724 550 2805 603 uti
2846 548 3124 603 hactenus
3186 545 3582 618 probavimus,
3644 559 3773 599 esse

368 642 487 692 tate
520 637 802 702 ostendit,
846 653 944 692 eos
977 642 1282 709 propterea
1334 639 1405 693 ab
1437 639 1685 693 ethnicis
1742 639 1852 693 dici
1899 654 2015 693 non

370 726 632 799 potuisse
662 725 928 796 publicos
959 726 1178 789 hostes.
1214 728 1367 798 quod
1394 728 1655 799 ipsorum
1682 743 1841 783 more
1901 745 2017 782 non

368 815 730 871 celebrarent
785 816 1079 870 Caesarum
1139 815 1447 870 solemnia.
1503 817 1642 881 Quis
1691 817 1847 871 enim
1904 816 2016 871 nisi

369 903 589 974 impius
615 902 787 957 homo
813 903 1048 971 negabit
1080 918 1147 959 ea
1176 905 1405 973 agenda
1436 921 1561 960 esse
1610 921 1742 959 cum
1807 922 2017 973 magna

370 992 680 1059 modestia,
750 992 1125 1057 verecundia,
1183 992 1518 1061 sobrietate,
1582 998 1636 1049 et
1685 993 2016 1065 pudicitia?

367 1080 541 1152 Atqui
572 1079 817 1149 gentiles
849 1096 914 1135 ea
944 1080 1313 1136 celebrabant
1342 1099 1576 1137 summa
1594 1099 1723 1137 cum
1758 1082 2017 1151 lascivia,

366 1169 667 1236 ebrietate,
711 1169 1097 1238 impudentia,
1161 1170 1461 1225 seditiosis
1509 1171 2013 1237 cursitationibus,

367 1258 623 1327 injuriis,
643 1262 699 1313 et
716 1258 991 1329 appensis
1008 1257 1196 1313 instar
1213 1258 1587 1330 lupanarium
1608 1262 1676 1315 ad
1705 1262 2013 1317 domorum

369 1352 563 1417 postea
580 1346 793 1402 laureis
810 1363 876 1401 ac
894 1346 1170 1403 lucernis.
1188 1347 1309 1402 Huc
1323 1350 1546 1403 accedit
1563 1350 1714 1419 quod
1736 1350 1854 1404 haec
1870 1351 2018 1405 festa

369 1434 657 1491 solemnia
701 1441 963 1507 agentes,
1000 1454 1114 1491 non
1148 1436 1294 1507 ipsis
1334 1438 1651 1509 parcebant
1701 1439 2015 1509 imperato-

372 1524 554 1592 ribus,
572 1525 788 1596 quibus
809 1541 942 1579 cum
965 1524 1162 1596 plures
1184 1527 1311 1579 vitta
1332 1543 1517 1581 annos
1543 1526 1687 1581 falso
1712 1529 2014 1597 optabant,

371 1616 497 1667 tum
537 1614 608 1667 de
649 1613 763 1666 alio
799 1628 943 1667 novo
975 1613 1312 1685 cogitabant
1347 1616 1598 1670 creando
1643 1617 2014 1687 imperatore.

442 1721 638 1793 Neque
660 1722 804 1777 sinit
833 1724 1048 1777 Auctor
1073 1728 1267 1779 noster
1323 1724 1434 1778 sibi
1495 1725 1832 1796 responderi
1897 1726 2017 1780 haec

373 1811 504 1867 casei
538 1816 766 1867 tantum
801 1816 857 1867 et
884 1811 1099 1883 ingrati
1147 1812 1304 1884 vulgi
1357 1830 1485 1869 esse
1515 1820 1665 1879 vota,
1721 1831 1833 1869 non
1885 1832 2017 1869 vero

2128 638 2399 693 inimicos
2434 640 2583 710 (cap.
2619 640 2709 705 36,
2741 638 2857 707 37).

2198 728 2584 782 'l‘ransitinde
2615 731 2825 782 Auctor
2878 730 3075 781 noster
3115 724 3185 779 ad
3226 722 3465 778 alteram
3502 738 3608 777 nec
3659 720 3772 776 mi-

2129 833 2240 871 nus
2275 819 2423 872 719
2455 817 2854 887 impudentem
2889 812 3270 878 calumniam,
3295 829 3405 883 qua
3454 810 3768 867 Christiani

2128 906 2198 959 de
2231 906 2375 961 falso
2413 905 2626 960 illicitas
2678 904 2951 960 factionis
3001 901 3244 957 crimine
3294 899 3765 972 postulabantur.

2126 996 2259 1059 Quae
2291 996 2468 1062 enim,
2502 994 2583 1049 ait
2616 993 2730 1061 ille,
2759 993 3031 1048 estfactio
3056 991 3276 1056 illicita,
3300 990 3408 1045 nisi
3434 989 3766 1055 hominum,

2127 1084 2225 1155 qui
2268 1084 2623 1155 dignitatum
2657 1089 2757 1138 aut
2786 1083 2976 1154 gloria:
3011 1080 3330 1135 ambitione
3379 1079 3644 1133 civitates
3702 1093 3767 1133 ac

2128 1189 2307 1245 regna
2332 1172 2688 1227 turbabant?
2719 1172 2889 1243 Atqui
2914 1168 3430 1236 Christianiﬂnulla
3453 1166 3771 1222 ambitione

2127 1263 2307 1330 ducti,
2342 1262 2613 1317 nuntium
2645 1278 2877 1333 semper
2895 1258 3624 1315 remiserantethnicorum
3657 1273 3770 1312 caa-

2126 1353 2307 1417 tibus,
2359 1358 2415 1406 et
2472 1352 2647 1407 rebus
2707 1350 2979 1422 publicis,
3030 1346 3530 1420 quemadmodum
3609 1345 3769 1413 circi,

2123 1441 2359 1510 theatri,
2394 1440 2985 1510 arente,aliorumque
3015 1434 3485 1509 spectaculorum
3510 1433 3770 1505 volupta-

2126 1531 2305 1585 tibus.
2338 1534 2408 1584 At
2430 1534 2582 1585 certe
2648 1528 2719 1582 iis
2770 1528 2998 1596 rejectis
3056 1527 3280 1581 nullum
3334 1525 3470 1579 inde
3520 1522 3770 1579 ethnicis

2127 1620 2433 1685 damnum,
2471 1618 2746 1689 nullaque
2780 1617 3016 1686 injuria,
3043 1616 3210 1670 sicuti
3238 1630 3426 1685 neque
3457 1614 3503 1668 si
3538 1612 3770 1684 quando

2127 1708 2440 1764 Christiani
2494 1707 2637 1762 alias
2695 1710 3171 1761 consectarentur
3228 1703 3578 1775 voluptates,
3625 1717 3771 1772 quas

2128 1797 2343 1853 ethnici
2377 1796 2634 1851 vicissim
2670 1796 3024 1867 respuebant
3053 1797 3201 1865 (cap.
3235 1794 3345 1862 38).

374 1900 645 1956 aliorum.
680 1907 797 1957 Non
822 1903 980 1957 enim
1013 1902 1221 1974 plebeii
1257 1901 1528 1957 homines
1560 1903 2017 1958 erantinfensis-
2048 1918 2095 1983 Β
2196 1903 2587 1960 Tertullianus
2646 1919 2816 1974 porro
2881 1906 2945 1957 ut
3001 1901 3252 1957 cunctiis
3313 1898 3545 1972 planius
3578 1897 3770 1953 adhuc

374 1990 507 2044 simi
542 1990 969 2062 imperatorum
1004 1990 1204 2045 hostes
1229 1992 1433 2059 Cassii,
1458 1992 1645 2063 Nigri,
1672 1991 1885 2059 Albini,
1916 2010 2017 2047 ne-

374 2095 486 2151 que
510 2078 606 2133 alii
639 2079 879 2151 Sigeriis
910 2084 966 2135 et
1000 2079 1331 2136 Partheniis
1353 2081 1715 2146 audaciores,
1738 2085 1835 2151 qui
1868 2081 2021 2137 inter

374 2168 521 2222 duas
551 2165 747 2223 lauros
769 2168 1052 2224 Caesarem
1072 2170 1451 2236 obsederunt;
1481 2187 1668 2241 neque
1693 2169 1730 2224 ii
1757 2171 2016 2240 tandem,

374 2256 469 2327 qui
502 2256 712 2312 harum
748 2257 1129 2313 scelestarum
1157 2258 1410 2330 partium
1436 2259 1578 2315 socii
1608 2263 1732 2314 tum
1758 2260 2019 2331 quotidie

374 2346 863 2417 agnoscebantur.
924 2352 998 2401 At
1053 2346 1152 2402 isti
1186 2352 1379 2403 tamen
1435 2364 1536 2418 pro
1596 2348 2016 2419 imperatorum

374 2433 566 2490 salute
624 2451 793 2490 sacra
872 2435 1184 2503 faciebant,
1274 2454 1376 2509 per
1430 2452 1632 2491 eorum
1678 2437 2019 2507 dejerabant

371 2523 629 2593 genium,
663 2541 727 2579 ac
759 2523 1043 2580 solemnia
1070 2524 1242 2579 sicuti
1274 2524 1371 2580 alii
1395 2541 1596 2581 omnes
1626 2525 2015 2581 celebrabant.

374 2613 589 2668 Eadem
623 2629 855 2684 quoque
888 2614 1303 2686 dependebunt
1324 2615 1516 2670 ofﬁcia
1540 2614 1846 2686 astrologi,
1882 2632 2017 2671 aru-

376 2703 590 2770 spices,
627 2718 902 2774 augures,
930 2703 1108 2775 magi,
1155 2704 1253 2774 qui
1290 2703 1621 2759 daemonum
1672 2705 1899 2760 artibus
1950 2707 2019 2761 de

375 2791 670 2847 Caesarum
704 2791 901 2847 futura
934 2797 1120 2847 morte
1166 2793 1601 2864 consultabant,
1635 2795 2020 2865 exoptabant-

376 2896 488 2952 que
521 2896 648 2935 esse
681 2880 1005 2953 proximam
1032 2881 1182 2953 (cap.
1214 2882 1327 2951 35).

445 2986 651 3041 Debita
677 3003 813 3058 ergo
842 2986 1295 3059 imperatoribus
1321 2988 1486 3056 fides,
1512 2988 1697 3060 pietas
1729 2992 1786 3044 et
1816 2989 2020 3062 religio

379 3092 492 3129 non
524 3074 581 3129 in
614 3075 706 3130 bis
737 3076 947 3131 officiis
972 3077 1262 3147 consistit,
1290 3093 1419 3148 quae
1439 3078 1509 3132 ab
1534 3094 1733 3133 eorum
1749 3077 2022 3134 hostibus

374 3163 592 3235 smpius
624 3164 907 3221 exihiberi
937 3165 1062 3221 visa
1118 3172 1278 3234 sunt,
1334 3167 1433 3221 sed
1495 3167 1552 3221 in
1608 3166 1894 3236 moribus,
1955 3184 2023 3223 ac

378 3254 542 3351 bonae
575 3254 786 3351 mentis
809 3254 1108 3327 cperibus,
1148 3272 1278 3328 qua:
1318 3256 1771 3327 imperatoribus
1804 3262 1859 3311 et
1890 3256 2021 3312 aliis
2047 3285 2090 3351 α

376 3342 1204 3415 omnibusindiscriminatim,
1226 3344 1502 3416 nullaque
1522 3346 1633 3400 nisi
1654 3363 1685 3401 a
1702 3348 1811 3401 Deo
1825 3363 2023 3417 exspe-

377 3436 533 3487 ctata
564 3434 831 3488 mercede
858 3433 1182 3505 persolvas.
1216 3439 1291 3489 At
1324 3434 1444 3490 haec
1470 3436 1829 3506 praestabant
1859 3435 2027 3492 Chri-

387 3521 587 3589 stiani,
622 3522 721 3594 qui
742 3522 1033 3594 jubentur
1064 3523 1281 3579 nemini
1316 3523 1468 3579 male
1496 3524 1662 3588 velle,
1696 3530 1798 3580 aut
1819 3525 2026 3593 facere,

382 3612 452 3666 de
485 3610 646 3667 nullo
682 3612 841 3667 maIe
873 3613 1143 3684 cogitare,
1178 3613 1471 3669 neminem
1529 3614 1747 3684 odisse,
1788 3613 2031 3685 diligere

384 3700 680 3767 inimicos,
726 3718 789 3756 ac
816 3718 951 3757 cum
988 3702 1296 3773 laeduntur,
1323 3720 1427 3775 par
1456 3704 1579 3776 pari
1627 3721 1741 3759 non
1793 3709 2028 3763 reterre.

386 3790 548 3855 Quod
572 3790 809 3861 quidem
842 3791 913 3846 ab
946 3790 1065 3847 illis
1090 3797 1209 3847 tam
1241 3790 1446 3848 sedulo
1495 3794 1871 3849 observatum
1906 3797 2029 3863 est;

380 3880 445 3930 ut
477 3878 549 3932 ab
580 3878 752 3950 vulgo
784 3878 1086 3950 lapidibus
1118 3880 1385 3952 appetiti,
1430 3879 1518 3935 vel
1551 3880 1799 3936 aliorum
1838 3882 2031 3937 furore

378 3965 620 4036 ignibus
655 3968 867 4035 exusti,
894 3967 982 4022 vel
1016 3968 1463 4024 bacchanalium
1500 3969 1670 4025 furiis
1721 3987 1788 4025 ex
1835 3970 2031 4042 sepul-

378 4070 473 4107 cro
501 4054 725 4119 effossi,
758 4058 847 4110 tot
905 4060 1220 4127 tantasque
1280 4057 1391 4113 sibi
1435 4062 1537 4113 aut
1596 4058 1721 4113 suis
1753 4058 2033 4115 fratribus

384 4140 579 4199 illatas
605 4142 853 4214 injurias
886 4163 1186 4218 nunquam
1237 4146 1441 4203 ulcisci
1492 4146 1805 4204 voluerint.
1868 4148 2035 4204 Pote-

381 4236 513 4287 rant
570 4236 768 4289 tamen
820 4234 889 4291 de
944 4234 1017 4291 iis
1059 4252 1260 4307 pcenas
1319 4252 1549 4292 sumere
1606 4240 1709 4293 aut
1766 4236 2037 4309 pauculis

382 4320 592 4377 faculis
625 4322 911 4393 occultas,
945 4327 1046 4379 aut
1077 4325 1420 4396 majoribus,
1447 4343 1625 4398 quam
1656 4325 1894 4397 ethnici,
1924 4326 2035 4381 mi-

383 4411 554 4466 litum
589 4411 774 4484 copiis
805 4417 1054 4485 apertas.
1093 4413 1195 4471 Per
1219 4418 1402 4470 totum
1429 4415 1721 4488 siquidem
1746 4416 2035 4472 mundum

382 4500 657 4573 dispersi,
694 4502 890 4571 urbes,
917 4503 1258 4577 municipia,
1292 4510 1505 4577 castra,
1538 4504 1912 4578 exceptisque
1942 4522 2037 4562 so-

2128 1995 2459 2050 ostenderet
2490 1992 2630 2047 nihil
2666 2009 2697 2047 a
2753 1990 3101 2047 Christianis
3156 1988 3491 2045 turbulento
3547 1986 3765 2042 illicita:

2128 2084 2418 2153 factionis,
2452 2083 2551 2137 sed
2581 2082 2780 2136 omnia
2811 2081 2933 2135 solo
2965 2096 3112 2134 verre
3136 2078 3430 2150 religionis
3479 2084 3537 2132 et
3594 2075 3773 2147 pieta-

2127 2175 2205 2230 tis
2236 2173 2433 2228 animo
2467 2171 2630 2237 fieri;
2668 2170 2916 2225 breviter
2946 2185 3012 2224 ac
3071 2168 3297 2223 sincere
3349 2184 3417 2221 ea
3465 2165 3764 2233 describit,

2128 2280 2256 2334 quas
2288 2262 2346 2316 in
2389 2277 2590 2316 eorum
2624 2260 2871 2314 cmtibus
2903 2257 3244 2328 agebantur.
3280 2256 3341 2311 In
3374 2255 3511 2324 illis,
3556 2254 3766 2323 inquit,

2128 2353 2244 2408 vim
2276 2352 2391 2406 Deo
2426 2349 2731 2414 faciebant,
2764 2347 2908 2403 tusis
2937 2345 3371 2419 precationibus
3432 2360 3535 2415 pro
3574 2344 3764 2414 impe-

2128 2446 2317 2496 ratore
2344 2454 2397 2495 et
2430 2437 2835 2509 potestatibus,
2862 2452 2963 2507 pro
2996 2439 3149 2490 statu
3184 2432 3403 2503 saeculi,
3455 2449 3521 2487 ac
3568 2449 3761 2486 rerum

2128 2530 2342 2602 quiete,
2379 2546 2481 2600 pro
2530 2544 2690 2582 mora
2748 2526 2849 2580 {ini
2909 2524 3119 2580 ultimo
3181 2522 3389 2579 mundi
3445 2521 3761 2577 afferenda.

2128 2620 2278 2675 Tum
2310 2618 2523 2673 dehinc
2552 2615 2898 2688 legebantur
2929 2613 3136 2668 divina
3166 2614 3503 2684 Scriptura,
3549 2610 3767 2681 quibus

2129 2706 2488 2763 adstantium
2515 2707 2817 2776 pascerent
2864 2704 3061 2767 ﬁdem,
3124 2718 3288 2772 spem
3334 2699 3640 2771 erigerent,
3701 2714 3766 2753 ac

2131 2797 2375 2868 figerent
2408 2795 2700 2849 fiduciam.
2734 2794 3140 2864 Sequebantur
3169 2794 3371 2862 postea
3421 2788 3771 2844 exhortatio-

2132 2903 2254 2949 nes,
2288 2884 2723 2956 castigationes,
2758 2886 2813 2937 et
2846 2882 3041 2936 divina
3079 2881 3152 2935 ob
3184 2896 3357 2952 grave
3378 2878 3613 2950 aliquod
3646 2893 3781 2948 pec-

2132 2978 2329 3030 catum
2361 2990 2629 3028 censura.
2682 2971 3081 3026 Praesidebant
3139 2975 3335 3024 autem
3376 2968 3468 3023 his
3525 2968 3770 3022 cratibus

2133 3063 2355 3135 probati
2420 3061 2698 3131 seniores,
2733 3077 2844 3115 non
2880 3059 3079 3132 pretio,
3114 3058 3212 3114 sed
3239 3057 3444 3112 merito
3474 3056 3632 3111 hunc
3666 3054 3775 3110 ho-

2132 3168 2333 3208 norem
2393 3150 2608 3223 adepti.
2687 3149 3108 3220 Unusquisque
3157 3163 3291 3203 vero
3332 3149 3633 3201 menstrua
3683 3143 3777 3199 dic

2136 3242 2423 3297 modicam
2459 3240 2671 3311 stipem
2705 3255 2813 3294 sua
2844 3242 3070 3310 sponte,
3105 3241 3163 3291 ot
3194 3253 3296 3309 pro
3320 3234 3558 3290 modulo
3581 3232 3777 3289 confe-

2138 3331 2300 3386 rebat
2338 3331 2406 3385 ad
2440 3329 2677 3384 alendos
2709 3327 3004 3399 quoslibet
3032 3342 3265 3398 egenos,
3301 3341 3490 3390 senes,
3543 3338 3775 3395 pueros,

2139 3418 2390 3486 exsules,
2424 3418 2758 3473 carceribus
2786 3416 3171 3488 mancipatos,
3204 3415 3466 3485 aliosque
3516 3413 3587 3467 ad
3652 3429 3781 3466 me-

2138 3506 2280 3562 talla
2310 3507 2637 3561 damnatos.
2672 3503 2897 3559 Ethnici
2956 3520 3093 3575 ergo
3154 3503 3370 3558 frustra
3414 3501 3781 3557 conabantur

2140 3596 2288 3652 hanc
2318 3595 2603 3650 infamare
2632 3599 2893 3649 mutuam
2917 3593 3385 3650 Christianorum
3408 3590 3777 3658 charitatem,

2140 3702 2257 3756 qua
2286 3686 2461 3741 etiam
2513 3702 2643 3740 sese
2672 3683 2918 3738 invicem
2954 3699 3089 3738 vera
3126 3681 3404 3753 religione
3464 3681 3778 3747 adunatos,

2141 3777 2348 3831 fratres
2376 3774 2704 3841 vocabant;
2738 3789 2963 3845 suaque
2994 3772 3124 3828 aliis
3158 3771 3562 3843 partiebantur
3594 3770 3772 3836 bona,

2142 3864 2357 3936 quibus
2392 3879 2696 3935 nunquam
2730 3879 2845 3917 non
2877 3862 3264 3918 dirimebatur
3287 3865 3529 3915 mutuus
3580 3858 3781 3914 ethni-

2142 3970 2344 4009 corum
2376 3969 2558 4007 amor.
2593 3952 2913 4007 Indiscreta
2942 3951 3159 4023 quippe
3191 3950 3275 4005 illi
3306 3949 3605 4005 habebant
3661 3962 3787 4004 om-

2144 4043 2261 4111 nia,
2296 4050 2501 4113 praater
2531 4058 2761 4106 uxores,
2784 4056 2928 4112 quas
2956 4041 3038 4108 hi,
3063 4044 3267 4095 caetera
3297 4037 3495 4095 omnia
3522 4036 3787 4092 retinen-

2143 4136 2251 4195 tes,
2284 4146 2416 4186 cum
2442 4131 2647 4185 amicis
2678 4130 2803 4185 suis
2851 4130 3349 4201 quemadmodum
3402 4128 3670 4183 Socrates
3727 4136 3783 4186 et

2142 4224 2299 4287 Cato,
2334 4219 2869 4275 communicabant.

2220 4326 2409 4399 Pergit
2433 4326 2846 4393 Tertullianus,
2879 4342 2944 4382 ac
2979 4343 3161 4395 creua,
3194 4325 3388 4397 inquit
3426 4323 3789 4381 Christiano-

2148 4432 2299 4484 rum,
2334 4432 2445 4471 non
2480 4415 2634 4471 sicut
2673 4416 3124 4488 Megariensum,
3147 4414 3233 4471 vel
3265 4414 3516 4470 aliorum
3564 4412 3645 4469 ibi
3708 4413 3781 4469 ab

2146 4505 2244 4561 illo
2276 4508 2633 4573 notatorum,
2685 4504 2925 4577 prodiga
2955 4508 3080 4560 erat
3138 4508 3195 4560 et
3251 4508 3623 4576 sumptuosa,
3684 4502 3787 4558 sed

385 4590 459 4647 lis
490 4592 730 4647 deorum
766 4593 1024 4666 templis,
1059 4595 1257 4650 omnia
1289 4594 1694 4668 impleverant.
1756 4596 2037 4661 Quamvis
2068 4656 2108 4669 ﬁ
2138 4596 2273 4666 jure
2306 4594 2511 4650 merito
2543 4611 2577 4650 a
2602 4593 2815 4651 Graecis
2844 4591 3028 4669 ἀγάπη
3062 4596 3118 4650 et
3174 4610 3208 4650 a
3266 4592 3481 4650 Latinis
3544 4592 3783 4648 dilectio

385 4686 581 4736 autem
639 4680 897 4738 minores
947 4683 1147 4755 copias
1193 4684 1484 4741 instruere
1539 4686 1894 4758 potuissent,
1941 4656 2113 4741 cuiD
2148 4689 2539 4757 nuncupatur.
2598 4686 2643 4740 A
2729 4685 3003 4757 precibus
3067 4684 3396 4753 inchoatur,
3457 4701 3524 4740 ac
3582 4688 3787 4756 postea

385 4776 581 4827 tamen
614 4770 765 4827 bello
800 4774 1054 4845 prompti
1087 4778 1141 4828 et
1172 4773 1365 4830 idonei
1400 4792 1514 4830 non
1568 4780 1759 4845 erunt,
1806 4774 1905 4847 qui
1963 4762 2034 4829 lii-

384 4862 592 4917 benter
615 4879 718 4933 pro
752 4879 873 4918 suae
903 4863 1206 4936 religionis
1238 4865 1606 4921 confessione
1638 4882 1699 4921 se
1749 4863 2035 4921 trucidari

387 4950 761 5022 patiebantur
780 4952 807 5007 ?
826 4954 935 5009 Fac
952 4954 1151 5024 etiam,
1176 4954 1225 5010 si
1250 4954 1414 5021 velis,
1441 4972 1539 5012 eos
1558 4954 1738 5011 fuisse
1760 4954 2031 5011 inermes.

386 5042 460 5095 At
491 5056 599 5095 sua
629 5040 753 5096 sola
786 5059 818 5097 a
866 5042 1140 5114 gentibus
1180 5044 1520 5114 defectione,
1578 5049 1676 5100 aut
1717 5044 2036 5116 separatio-

386 5144 480 5197 ne,
512 5145 673 5184 sesse
690 5130 984 5187 vindicare
1009 5132 1283 5189 facillime
1312 5135 1801 5206 poterant.Tanta
1819 5134 2036 5205 quippe

383 5221 507 5273 erat
538 5218 769 5275 illorum
804 5219 1142 5293 multitudo,
1175 5228 1239 5277 ut
1268 5223 1483 5278 ethnici
1516 5223 1628 5280 sibi
1661 5222 1803 5280 solis
1826 5223 2034 5291 relicti,

382 5323 551 5362 suam
585 5308 1031 5380 obstupuissent
1062 5311 1132 5366 ad
1168 5312 1578 5383 solitudinem,
1605 5312 1882 5386 acplures
1900 5312 2036 5369 bos-

385 5400 471 5451 tes
504 5396 872 5465 habuissent,
907 5416 1083 5470 quam
1114 5400 1290 5456 cives.
1328 5403 1586 5474 Denique
1634 5403 1705 5457 ad
1753 5401 2036 5459 Christia-

384 5502 591 5542 norum
623 5486 942 5543 vindictam
978 5489 1123 5543 satis
1156 5491 1354 5561 utique
1395 5491 1626 5561 fuisset,
1660 5490 1708 5546 si
1742 5491 2037 5545 daemones

383 5590 499 5630 non
535 5576 903 5650 depulissent
935 5578 1008 5633 ab
1059 5578 1320 5636 obsessis
1367 5580 1737 5637 ethnicorum
1772 5578 2038 5651 corpori-

387 5663 521 5721 bus.
579 5668 765 5723 Tanto
822 5667 1005 5739 igitur
1050 5667 1159 5724 hoc
1221 5687 1337 5726 uno
1368 5670 1664 5743 praesidio,
1715 5666 2037 5742 gentilibus

394 5750 618 5824 collato,
641 5758 1033 5814 ostendebant
1060 5774 1125 5815 se
1145 5775 1262 5816 non
1292 5759 1541 5817 humani
1573 5759 1815 5833 quidem
1855 5772 2035 5831 gene-

2146 4791 2351 4831 omnes
2380 4778 2543 4830 tanta
2575 4773 2969 4830 moderatione
3013 4774 3330 4829 comedunt
3360 4777 3417 4829 et
3451 4773 3693 4841 bibunt,
3728 4774 3793 4826 ut

2146 4864 2522 4920 meminerint
2560 4864 2743 4920 Deum
2781 4882 2881 4937 per
2912 4870 3139 4921 noctem
3199 4864 3588 4919 adorandum.
3650 4863 3791 4916 Post

2145 4970 2360 5024 aquam
2418 4970 2552 5009 vero
2613 4954 2947 5010 manualem
2980 4959 3035 5009 et
3083 4953 3333 5016 lumina.
3392 4951 3663 5025 quisque,
3727 4951 3794 5005 ut

2146 5048 2359 5115 potest,
2390 5044 2460 5099 ad
2492 5044 2713 5116 aliquid
2745 5060 2813 5099 ex
2836 5043 3153 5116 Scripturis
3179 5042 3363 5100 sacris
3414 5048 3526 5098 Deo
3585 5056 3794 5096 canen-

2147 5133 2288 5188 dum
2322 5138 2694 5206 provocatur.
2744 5134 2857 5190 Alii
2915 5151 3047 5190 vero
3103 5150 3301 5190 secum
3364 5132 3787 5202 colloquentes,

2146 5223 2458 5279 Dominum
2501 5224 2703 5279 audire
2735 5224 2946 5279 sciunt.
2981 5224 3239 5293 Denique
3261 5221 3442 5279 oratio
3492 5220 3644 5275 sicut
3703 5218 3791 5272 in-

2147 5312 2320 5385 cepit,
2361 5313 2440 5369 ita
2470 5313 2693 5369 dirimit
2746 5314 3095 5379 convivium,
3153 5317 3331 5384 atque
3383 5310 3519 5366 inde
3584 5323 3789 5364 omnes

2146 5419 2261 5457 non
2293 5402 2659 5459 tumultuoso
2686 5408 2739 5458 et
2772 5402 2988 5458 lascivo
3019 5401 3383 5458 ethnicorum
3444 5414 3621 5462 more,
3681 5397 3784 5452 sed

2146 5508 2383 5547 summa
2407 5509 2544 5548 cum
2568 5494 2855 5549 modestia
2886 5492 3214 5547 discedunt.
3250 5492 3434 5560 Atque
3481 5504 3549 5543 ex
3580 5486 3654 5541 iis
3706 5485 3790 5542 ita

2146 5582 2425 5655 expositis
2453 5582 2847 5638 Tertullianus
2879 5579 3177 5637 concludit
3206 5596 3321 5634 non
3368 5576 3430 5634 in
3477 5576 3572 5633 his
3628 5574 3790 5636 Chri-

2146 5671 2499 5737 stianorum,
2531 5670 2633 5727 sed
2665 5669 2808 5741 ipsis
2837 5667 3143 5740 gentilium
3174 5667 3420 5729 cmtibus
3451 5683 3581 5726 esse
3606 5665 3784 5723 illici-

2149 5763 2238 5816 tas
2269 5760 2756 5831 damnandasque
2788 5757 3096 5817 factiones.
