4262 6416
433 389 550 448 799

951 382 1477 446 TERTULLIANI
1522 382 1846 444 OPERUM
1891 383 2093 443 PARS
2138 382 2590 446 I.-—SERIES
2636 388 2684 459 Ι,
2730 389 3296 450 APOLOGETICA.

3699 385 3820 445 800

509 520 626 575 Nec
655 519 858 591 potiori
883 519 1118 588 quidem
1146 519 1279 587 jure
1311 516 1367 571 hi
1401 517 1786 570 clamitabant
1839 516 2071 571 eosdem
2104 523 2160 588 Α
2187 518 2466 587 quiebant
2495 521 2762 591 gentiles,
2815 523 3116 594 vectigalia
3147 523 3514 577 minuuntur.
3547 521 3653 575 Sed
3687 520 3818 590 qui-

443 609 804 665 Christianos
838 606 1202 678 publicarum
1235 605 1498 660 omnium
1525 604 1922 659 calamitatum
1949 621 2076 660 esse

446 696 885 752 auctores.Nam
914 701 1046 749 ante
1079 695 1345 748 auditum
1380 693 1611 747 illorum
1640 710 1850 748 nomen
1884 692 2080 764 plures

447 785 673 848 insulsa,
699 784 769 838 ab
793 789 1073 837 Auctores
1104 787 1302 836 nostro
1335 782 1743 848 denominatae,
1777 789 1878 837 aut
1901 783 2080 836 maris

444 873 741 934 ﬂuctibus.
768 877 868 926 aut
899 872 1154 926 motibus
1180 875 1342 924 terrae
1369 871 1653 940 absorpta:
1715 876 1874 926 sunt.
1935 872 2080 926 Con-

445 968 563 1018 stat
593 962 767 1017 etiam
799 966 988 1015 antea.
1025 976 1089 1014 ac
1117 959 1454 1030 priusquam
1491 958 1593 1013 ulli
1625 965 1823 1014 essent
1867 963 2081 1013 Roma-

449 1067 659 1106 norum
694 1051 844 1106 720
876 1049 978 1117 dii,
1010 1053 1199 1103 totum
1235 1048 1436 1102 orbem
1462 1053 1753 1103 terrarum
1804 1047 2084 1120 generali,

451 1157 555 1195 nec
591 1145 819 1194 tantum
853 1136 1188 1208 campestri,
1226 1144 1290 1191 ut
1321 1135 1483 1191 Plato
1534 1139 1782 1208 putavit,
1844 1137 2086 1208 periisse

452 1228 693 1283 diluvio.
727 1229 807 1282 Ad
843 1227 962 1281 haec
994 1242 1125 1281 vero
1183 1227 1530 1296 priusquam
1582 1226 1766 1282 Judaei
1800 1227 1857 1280 in
1920 1232 2087 1297 Egy-

455 1324 622 1389 ptum
657 1317 1032 1387 migrassent,
1063 1322 1237 1385 atque
1284 1316 1428 1370 adeo
1458 1315 1629 1385 longe
1685 1321 1856 1370 antea
1911 1333 2088 1386 quam

454 1405 720 1460 Christus
747 1404 1083 1475 religionem
1117 1422 1286 1460 suam
1345 1403 1669 1470 fundasset,
1731 1403 1881 1457 ultor
1938 1404 2090 1476 ignis

453 1495 762 1550 Sodomam
795 1501 854 1548 et
883 1493 1286 1559 Gomorrham,
1321 1492 1620 1548 Vulsinios
1678 1497 1734 1547 et
1787 1491 2091 1563 Pompeios

455 1588 923 1653 consumpserat.
957 1581 1187 1636 Nemini
1230 1597 1460 1651 quoque
1511 1581 1930 1652 incompertum
1992 1583 2092 1637 Ro-

453 1689 660 1728 manes
673 1670 961 1727 Cannensi
988 1671 1184 1741 praelio
1206 1670 1388 1724 fuisse
1413 1669 1767 1741 proﬂigatos,
1784 1677 1840 1724 et
1855 1677 2091 1742 captum

455 1778 489 1816 a
517 1760 845 1815 Senonibus
877 1759 1242 1831 capitolium,
1276 1775 1409 1813 cum
1442 1757 1688 1814 Romani
1740 1759 1878 1814 deos
1929 1776 2089 1831 suos,

457 1856 516 1905 et
546 1847 691 1903 nulli
721 1847 1034 1902 Christiani
1065 1863 1264 1901 verum
1286 1848 1460 1902 Deum
1485 1847 1811 1904 adorarent.
1844 1848 2089 1903 Demum

459 1937 663 1992 eadem
697 1943 871 1991 antea
901 1936 1010 1990 fuit
1033 1937 1264 1991 urbium
1299 1941 1473 2005 atque
1516 1936 1867 2006 templomm
1901 1936 2095 1992 clades
2126 1910 2172 1974 Β

462 2031 520 2081 et
547 2025 735 2080 ruina.
765 2027 836 2080 At
860 2024 980 2080 haec
1002 2042 1113 2081 non
1143 2030 1460 2096 potuerunt
1501 2025 1594 2091 iis,
1625 2042 1879 2099 “uorum
1929 2033 2097 2081 erant

456 2115 695 2186 templa,
730 2113 969 2168 laetitiis
999 2113 1112 2168 diis
1143 2112 1382 2180 ascribi,
1415 2114 1518 2169 sed
1572 2113 1855 2184 impietati
1916 2114 2100 2169 homi-

461 2220 628 2269 num,
662 2202 760 2273 qui
791 2219 889 2258 eos
921 2201 1249 2267 coluerunt,
1297 2219 1361 2257 ac
1395 2218 1590 2257 verum
1631 2204 1806 2258 Deum
1832 2203 2098 2258 omnium

466 2293 755 2348 bonorum
793 2291 1032 2360 fontem,
1087 2296 1187 2346 aut
1240 2291 1577 2361 ignorantes
1627 2296 1726 2345 aut
1783 2293 2102 2361 aspernati,

473 2381 631 2438 omni
661 2381 934 2435 vitiorum
969 2380 1374 2450 scelerumque
1403 2396 1611 2451 genere
1639 2397 1766 2435 sese
1816 2383 2102 2436 contami-

481 2473 778 2526 naverant.
811 2473 934 2522 Huc
961 2469 1206 2531 accedit,
1238 2469 1392 2538 quod
1425 2470 1496 2522 ab
1526 2484 1592 2523 eo
1643 2474 1923 2539 tempore,
1987 2487 2102 2541 quo

481 2562 678 2614 exorta
705 2562 792 2612 est
821 2556 1056 2610 Christii
1090 2555 1315 2627 religio,
1370 2556 1611 2612 leviores
1671 2558 1870 2629 procul
1929 2559 2108 2616 dubio

477 2647 715 2701 fuerunt
771 2645 1020 2716 publica;
1076 2644 1416 2714 huiusmodi
1466 2646 1852 2704 calamitates.
1944 2645 2106 2704 Illius

483 2736 696 2805 quippe
726 2737 1080 2788 sectatorum
1114 2733 1446 2787 innocentia
1495 2733 1862 2804 iniquitatem
1915 2738 2114 2793 seaculi

486 2823 847 2895 temperavit.
890 2823 956 2876 Et
984 2837 1116 2876 vero
1141 2821 1238 2875 ubi
1271 2821 1600 2877 calamitate
1628 2824 1824 2894 aliqua
1857 2829 2116 2884 mundus

488 2913 880 2986 premebatur,
913 2916 1037 2964 tum
1062 2909 1278 2964 ethnici
1312 2909 1488 2964 falsos
1535 2912 1674 2966 deos
1732 2931 1871 2970 suos
1904 2917 2118 2974 ritibus

489 3003 676 3059 solitis
707 3016 1008 3072 perperam
1043 2999 1398 3070 fatigabant:
1442 2999 1752 3056 Christiani
1801 3021 1932 3060 vero
1982 3022 2118 3061 con-

488 3093 756 3156 tinentia,
816 3090 1083 3161 jejunii,
1143 3088 1391 3160 aliisque
1468 3091 1816 3160 poenitentia:
1891 3095 2121 3151 actibus

488 3181 804 3238 exorabant
831 3179 949 3234 veri
981 3178 1079 3234 Dei
1127 3178 1611 3234 misericordiam.
1646 3181 1769 3237 Non
1804 3182 1862 3237 hi
1921 3183 2120 3255 itaque

487 3271 605 3326 veri
637 3270 733 3326 Dei
763 3269 1040 3337 cultores,
1093 3269 1194 3324 sed
1245 3268 1486 3334 ethnici,
1539 3269 1705 3325 illum
1750 3279 2119 3342 spernentes,
2151 3262 2194 3331 C

490 3359 854 3433 publicarum
887 3356 1283 3412 calamitatum
1315 3373 1492 3413 causa
1513 3364 1680 3414 erant
1703 3364 1850 3430 (cap.
1883 3363 1974 3425 39,
2007 3363 2115 3435 40).

563 3468 746 3521 Instat
798 3463 988 3520 adhuc
1059 3463 1456 3520 Tertullianus
1525 3465 1930 3539 iniquissimos
1995 3487 2123 3527 esse

491 3557 696 3611 borum
728 3553 887 3624 deos,
916 3552 965 3607 si
998 3558 1230 3625 propter
1256 3554 1717 3612 Christianorum
1750 3558 2124 3616 sceleraillos

489 3643 669 3700 tantis
705 3641 874 3697 malis
903 3642 1183 3698 afﬂictent
1213 3659 1276 3698 ac
1306 3644 1634 3700 conﬁciant.
1669 3647 1785 3702 Nee
1817 3648 1958 3703 sinit
2014 3649 2122 3706 hoc

490 3731 673 3790 telum
705 3731 762 3786 in
796 3731 1155 3788 Christianos
1187 3733 1523 3803 retorqueri,
1553 3750 1699 3804 quos
1731 3736 1884 3792 Deus
1913 3737 2122 3794 iisdem

493 3826 668 3894 atque
724 3820 970 3892 gentiles
1001 3820 1431 3877 calamitatibus
1463 3824 1712 3895 Opprimi
1771 3827 2124 3898 patiebatur.

490 3911 688 3967 Justos
723 3909 938 3982 quippe
969 3909 1257 3981 homines,
1282 3911 1511 3983 utiipse
1564 3914 1763 3985 edixit,
1825 3933 1938 3971 non
2000 3917 2123 3973 dis-

491 4004 688 4056 cernet
719 4000 790 4056 ab
822 3999 1082 4070 injustis,
1117 3999 1230 4055 nisi
1251 3999 1306 4054 in
1341 3999 1548 4058 ultimo
1579 4006 1926 4074 postmundi
1954 4005 2125 4062 linem

485 4090 734 4162 judicio.
765 4089 1129 4163 Quapropter
1159 4089 1342 4147 voluit
1371 4092 1569 4147 omnia
1600 4093 1656 4147 in
1690 4093 1800 4149 hoc
1856 4095 2128 4151 humanas

493 4179 624 4235 vitae
656 4195 830 4234 cursu
864 4182 1137 4236 omnibus
1169 4196 1297 4236 esse
1353 4183 1711 4252 communia,
1771 4189 1827 4240 et
1887 4186 2132 4242 adversa

498 4269 732 4340 quidem
757 4269 927 4326 bonis
958 4270 1017 4325 in
1049 4271 1529 4340 admonitionem,
1563 4273 1733 4329 malis
1762 4290 1896 4330 vero
1929 4274 1988 4330 in
2037 4292 2132 4331 ca-

496 4359 893 4432 stigationem.
929 4359 1116 4416 Nullis
1149 4366 1428 4432 praatcrea
1456 4362 1716 4418 adversis
1770 4361 2136 4420 laedebantur

495 4447 832 4516 Christiani,
868 4450 1081 4521 quibus
1113 4450 1258 4505 nihil
1291 4455 1414 4506 erat
1444 4451 1782 4523 optabilius,
1827 4469 2004 4524 quam
2065 4455 2136 4509 de

495 4536 604 4592 hoc
662 4538 881 4594 mundo
938 4539 1110 4595 exire.
1167 4541 1521 4612 Quacunque
1565 4545 1759 4597 autem
1833 4542 2137 4598 vexatione

498 4631 968 4694 concuterentur,
1003 4643 1166 4700 spem
1195 4629 1588 4702 ﬁduciamque
1625 4646 1794 4686 suam
1853 4629 2137 4702 prasdica-
2167 4633 2215 4698 D

497 4712 654 4771 tione
732 4715 1061 4771 divinarum
1130 4718 1567 4788 Scripturarnm
1639 4719 1999 4774 recreabant.
2065 4721 2138 4774 At

500 4801 717 4860 ethnici
745 4820 775 4860 e
805 4806 1095 4861 contrario
1126 4806 1272 4861 nihil
1305 4807 1364 4862 in
1390 4807 1650 4864 adversis
1683 4806 1874 4864 solatii
1935 4825 1967 4864 a
2025 4807 2139 4863 diis

503 4891 648 4961 suis,
676 4909 863 4965 neque
893 4893 951 4949 in
983 4894 1112 4961 hac,
1141 4912 1324 4967 neque
1349 4895 1408 4951 in
1441 4897 1636 4953 futura
1676 4896 1791 4953 vita
1820 4897 2138 4964 habentes,

499 4981 752 5052 injustos
777 4981 982 5054 utique
1010 4982 1276 5040 colebant
1304 4988 1361 5040 et
1387 4984 1650 5058 ingratos
1683 4989 1834 5059 (cap.
1860 4986 1972 5057 41).

573 5088 718 5156 Quid
752 5093 1031 5163 prazterea
1054 5091 1242 5164 magis
1273 5092 1595 5149 absurdum
1629 5093 1746 5150 alia
1767 5095 2137 5153 ethnicorum

502 5178 572 5235 de
594 5179 939 5236 Christianis
971 5181 1456 5254 expostulatione,
1485 5200 1600 5254 qua
1629 5186 2142 5257 conquerebantur

502 5285 601 5327 eos
631 5288 758 5328 esse
787 5269 1184 5328 infructuosos
1216 5287 1280 5328 ac
1312 5270 1662 5344 Reipublicaa
1694 5275 1936 5332 inutiles
1958 5274 1986 5329 ‘I
2015 5275 2139 5331 Non

505 5360 656 5417 enim
681 5361 1075 5418 Brachmanes
1097 5370 1290 5434 erant,
1323 5367 1425 5420 aut
1455 5363 1751 5438 silvicolaa,
1784 5367 1885 5422 sed
1935 5364 2141 5438 quaeli-

500 5449 595 5505 bet
623 5466 755 5506 cum
793 5449 1000 5507 iisdem
1031 5451 1279 5507 ethnicis
1311 5453 1661 5510 commercia
1694 5453 1909 5526 ubique
1959 5453 2142 5510 habe-

505 5536 668 5609 bant,
701 5557 766 5595 ac
796 5539 936 5597 solis
958 5541 1212 5614 exceptis
1235 5542 1667 5616 superstitiosis
1699 5543 1935 5601 illorum
1967 5560 2140 5600 caare-

507 5629 742 5695 moniis,
776 5629 858 5686 sic
889 5636 1042 5687 artes
1074 5632 1401 5689 miscebant
1430 5641 1484 5690 et
1509 5651 1736 5706 operas,
1759 5638 1823 5690 ut
1874 5651 2008 5691 eum
2044 5633 2142 5702 iis,

505 5719 562 5770 et
583 5716 652 5772 de
681 5717 795 5774 illis
825 5720 1100 5778 viverent.
1133 5724 1206 5779 At
1236 5723 1592 5797 templorum
1641 5732 2002 5794 nostrorum,
2055 5724 2143 5799 in:

2187 605 2318 673 bus,
2365 608 2444 662 ait
2491 610 2931 666 Tertullianus?
2975 612 3266 682 Numquid
3301 610 3639 666 hominibus
3671 609 3818 663 diis-

2190 710 2301 765 qne
2324 697 2529 752 vestris
2576 701 3002 755 mendicatihus
3024 702 3050 754 ‘I
3080 701 3282 756 Nonne
3299 698 3616 754 Christiani
3648 714 3816 765 opem

2189 782 2306 837 illis
2358 787 2688 856 petentibus
2723 805 2953 860 semper
2974 791 3187 857 ferunt,
3221 803 3541 859 eorumque
3590 785 3820 842 miseri-

2192 873 2388 927 cordia
2415 873 2581 944 plura
2610 877 2830 932 vicatim
2875 878 3100 945 tribuit,
3161 894 3336 948 quam
3387 875 3632 947 gentiles
3683 880 3820 930 tem-

2189 961 2432 1030 platim?
2468 964 2684 1019 Catera
2729 982 2861 1020 vero
2908 965 3216 1038 vectigalia
3267 966 3443 1020 iidem
3503 963 3824 1019 Christiani

2193 1053 2357 1105 tanta
2382 1053 2494 1107 fide
2515 1055 2870 1124 expendunt,
2890 1060 3110 1126 quanta
3138 1054 3514 1126 improbitate
3544 1053 3615 1108 ab
3645 1050 3830 1108 ethni-

2195 1138 2280 1192 cis
2308 1139 2654 1195 fraudantur
2676 1143 2826 1213 (cap.
2865 1143 2976 1212 42).

2269 1247 2510 1313 Quinam
2545 1253 2765 1315 autem,
2796 1252 2983 1320 pergit
3002 1252 3218 1304 Auctor
3241 1252 3440 1304 noster
3462 1249 3532 1302 de
3557 1246 3833 1303 Christia-

2199 1355 2406 1393 norum
2452 1337 2850 1408 querebantur
2901 1338 3266 1394 inutilitate?
3313 1339 3516 1393 Nonne
3573 1335 3835 1402 lenones,

2203 1429 2344 1484 721
2401 1430 2796 1500 perductores,
2861 1427 3170 1499 aquarioli,
3225 1426 3442 1496 sicarii,
3508 1425 3830 1494 venenarii,

2199 1518 2378 1588 magi,
2420 1522 2475 1572 et
2504 1517 2601 1572 alii
2640 1517 2905 1588 ejusdem
2949 1518 3144 1572 farina:
3181 1515 3492 1571 homines?
3518 1515 3591 1570 At
3619 1513 3703 1569 eis
3738 1513 3826 1568 in-

2201 1607 2532 1662 fructuosos
2570 1623 2696 1662 esse
2737 1607 2960 1661 fructus
2997 1611 3105 1662 est.
3135 1606 3412 1661 Caeterum
3438 1604 3487 1660 si
3527 1601 3838 1658 Christiani

2201 1695 2423 1766 aliquid
2495 1695 2829 1767 reipublicae
2870 1696 3112 1750 afferant
3157 1692 3513 1758 detrimenti,
3554 1691 3696 1746 illud
3723 1692 3834 1745 daa-

2204 1785 2402 1839 monia
2464 1801 2532 1839 ex
2589 1785 2974 1855 ipsorummet
3049 1783 3416 1840 ethnicorum
3496 1781 3838 1853 corporibus

2204 1873 2508 1944 ejiciendo,
2558 1874 2702 1929 satis
2757 1890 3051 1946 superque
3091 1871 3578 1944 compensabant.
3621 1874 3837 1924 Verum

2205 1961 2454 2034 gentiles
2494 1967 2658 2018 tanta
2697 1963 2951 2034 profecto
2983 1961 3351 2029 crudelitate,
3387 1964 3607 2033 quanto
3645 1957 3836 2030 reipu-

2205 2051 2370 2107 blicae
2393 2051 2606 2106 damno
2631 2052 2974 2107 occidebant
2994 2049 3380 2117 Christianos,
3413 2065 3658 2121 quorum
3684 2064 3838 2103 com-

2209 2145 2372 2212 perta
2397 2142 2672 2196 omnibus
2723 2158 2851 2196 esse
2890 2141 3097 2196 debeat
3127 2139 3462 2195 innocentia
3481 2137 3567 2194 vel
3607 2154 3673 2194 eo
3696 2135 3842 2202 solo,

2211 2230 2367 2299 quod
2407 2229 2706 2286 sceleratis
2747 2247 2878 2285 cum
2922 2229 3076 2301 pleni
3119 2233 3319 2286 essent
3339 2243 3621 2292 carceres,
3645 2225 3845 2282 nullus

2214 2317 2315 2385 ibi,
2371 2319 2480 2373 nisi
2525 2335 2698 2374 suum
2723 2318 2912 2374 solum
2935 2318 3007 2374 ob
3032 2334 3267 2386 nomen,
3291 2317 3658 2374 Christianus
3679 2331 3848 2388 repe-

2215 2409 2474 2462 riebatur
2495 2409 2645 2480 (cap.
2679 2409 2766 2475 43,
2800 2409 2916 2478 44).

2289 2515 2641 2585 Nequeinde
2679 2519 2904 2571 tantum
2965 2515 3247 2587 probatur
3283 2512 3514 2570 illorum
3553 2512 3681 2570 vita)
3723 2528 3852 2567 mo-

2220 2619 2468 2673 rumque
2500 2602 2828 2676 integritas,
2861 2603 2960 2659 sed
2993 2620 3060 2658 ex
3109 2602 3322 2658 divinis
3378 2601 3553 2658 etiam
3616 2599 3852 2657 illorum

2220 2691 2470 2764 legibus,
2505 2708 2632 2763 quae
2663 2693 2971 2748 sanctitate
2990 2697 3046 2746 et
3075 2691 3420 2747 auctoritate
3452 2707 3561 2746 sua
3581 2689 3854 2746 omnibus

2223 2782 2500 2837 humanis
2532 2781 2705 2853 longe
2743 2786 3037 2852 praestant.
3097 2781 3242 2836 Nam
3302 2780 3392 2836 ch
3447 2777 3854 2848 homicidium,

2226 2870 2337 2926 illas
2371 2871 2514 2925 iram
2545 2888 2558 2937 ;
2593 2871 2677 2925 ha:
2711 2869 3090 2938 adulterium,
3124 2869 3232 2925 illa:
3274 2868 3854 2940 concupiscentiam:

2229 2960 2312 3014 hae
2344 2959 2718 3029 malelicium,
2760 2960 2868 3014 illa;
2904 2959 3361 3030 maleloquium;
3423 2957 3518 3013 ille
3578 2955 3859 3028 injuriam

2229 3049 2506 3104 vindicari
2544 3049 2906 3121 praecipiunt,
2960 3048 3047 3104 his
3103 3047 3332 3120 injurias
3377 3047 3560 3103 vicem
3620 3045 3863 3102 reddere

2230 3137 2558 3209 prohibent.
2594 3142 2716 3193 Huc
2748 3137 2970 3193 accedit
3000 3137 3153 3208 quod
3185 3135 3405 3204 omnia,
3450 3153 3572 3206 quae
3632 3135 3691 3189 in
3749 3133 3862 3188 hu-

2234 3227 2424 3283 manis
2454 3227 2761 3298 gentilium
2805 3226 3032 3298 legibus
3092 3226 3432 3298 probantur,
3492 3223 3614 3278 haac
3665 3239 3733 3277 ex
3782 3221 3868 3275 di-

2232 3315 2384 3371 vinis
2417 3316 2875 3372 Christianorum
2908 3314 3146 3370 statutis
3184 3313 3438 3368 delibata
3495 3315 3653 3367 sunt.
3713 3310 3862 3364 Pris-

2228 3409 2389 3461 terea
2421 3407 2702 3477 majorem
2735 3421 2863 3460 esse
2893 3403 3124 3473 harum,
3158 3418 3331 3473 quam
3367 3399 3600 3456 illarum
3662 3401 3863 3453 aucto-

2232 3494 2463 3549 ritatem
2522 3493 2658 3549 hinc
2697 3493 2867 3565 plane
2919 3491 3242 3559 conﬁcitur,
3275 3489 3414 3560 quia
3468 3487 3728 3544 humana
3772 3483 3866 3540 lex

2232 3582 2504 3655 perfringi
2538 3581 2706 3638 facile
2733 3578 2942 3653 petest,
2967 3580 3054 3635 vel
3086 3584 3320 3652 propter
3337 3594 3566 3634 reorum
3589 3575 3867 3645 latebras,

2233 3677 2289 3748 et
2318 3671 2594 3743 peccandi
2625 3669 3054 3736 necessitatem,
3089 3667 3170 3724 vel
3196 3671 3430 3740 propter
3451 3663 3725 3737 supplicii
3748 3664 3877 3718 bre-

2233 3757 2492 3830 vitatem,
2520 3777 2632 3815 non
2657 3759 2806 3814 ultra
2827 3759 3050 3814 obitum
3081 3755 3404 3829 inﬂigendi.
3435 3757 3508 3811 At
3530 3753 3674 3810 nihil
3707 3769 3871 3825 pror-

2236 3867 2339 3906 sus
2369 3848 2547 3904 latere
2579 3852 2768 3921 potest
2797 3853 3001 3914 Deum,
3035 3847 3136 3919 qui
3169 3846 3531 3915 mternas,de
3583 3840 3870 3914 quibusli-

2237 3941 2334 3996 bet
2359 3939 2672 3995 criminum
2697 3937 2947 3993 consciis
2979 3953 3180 4008 pmnas
3215 3935 3444 4007 repetit.
3477 3932 3623 3998 Quid
3660 3930 3874 3986 mirum

2237 4045 2374 4101 ergo
2407 4028 2454 4084 si
2488 4032 2652 4084 tanta
2685 4028 2880 4095 fuerit,
2915 4025 3087 4082 sicuti
3114 4026 3240 4096 jam
3265 4024 3734 4080 demonstratum
3765 4021 3874 4087 est,

2235 4117 2706 4174 Christianorum
2779 4115 2944 4171 illum
3021 4112 3356 4169 timentium
3414 4108 3774 4176 innocentia,
3821 4109 3878 4162 et

2242 4205 2546 4279 gentilium
2612 4204 3019 4278 proconsulem
3078 4201 3470 4259 metuentium
3528 4196 3879 4272 perversitas

2241 4295 2393 4367 (cap.
2420 4295 2506 4364 45,
2539 4295 2626 4366 46)
2651 4293 2679 4347 ‘z

2314 4389 2390 4438 At
2417 4382 2747 4456 philosophi
2775 4380 2980 4448 nostri,
3027 4379 3262 4437 aiebant
3301 4379 3423 4445 isti,
3483 4376 3751 4433 eamdem
3813 4389 3879 4429 ac

2244 4471 2563 4529 Christiani
2605 4472 3026 4544 profitebantur
3085 4468 3509 4533 innocentiam,
3559 4463 3880 4537 justitiam,

2246 4561 2587 4634 patientiam
2649 4560 3048 4628 sobrietatem,
3111 4556 3479 4629 pudicitiam.
3526 4555 3584 4611 Si
3636 4554 3715 4609 ita
3773 4555 3882 4620 est,

2247 4651 2561 4722 respondet
2585 4647 3004 4714 Tertullianus,
3036 4661 3140 4701 cur
3171 4644 3368 4717 plures
3397 4640 3752 4716 philosophi,
3786 4657 3884 4696 su-

2248 4737 2621 4811 perstitiones
2669 4735 2980 4808 gentilium
3016 4733 3337 4805 aspernati,
3394 4731 3732 4801 laudantur,
3787 4728 3886 4783 do-

2250 4831 2583 4899 nanturque
2613 4825 2824 4882 statuis
2873 4841 2937 4881 ac
2971 4823 3240 4891 salariis;
3275 4821 3588 4878 Christiani
3617 4836 3749 4876 vero
3799 4818 3884 4872 id-

2249 4916 2400 4972 circo
2432 4918 2778 4989 torquentur
2815 4917 2876 4983 et
2924 4910 3405 4968 interficiuntur?
3453 4909 3728 4982 Nunquid
3785 4910 3886 4961 So-

2250 5009 2459 5073 crates,
2491 5006 2588 5078 qui
2621 5004 2922 5070 daamonis,
2957 5001 3320 5074 sibisemper
3341 4999 3888 5070 assistentis,opera

2251 5111 2398 5150 usus
2429 5100 2537 5159 est,
2594 5097 2652 5150 et
2703 5091 3034 5164 IEsculapio
3095 5089 3464 5160 sacrificavit,
3523 5088 3730 5145 melior
3779 5086 3890 5141 fuit

2253 5183 2622 5251 Christianis,
2672 5182 2772 5254 qui
2831 5180 3118 5236 dmmonia
3175 5179 3382 5252 fugant
3438 5182 3494 5233 et
3539 5176 3889 5250 expullunt?

2251 5272 2521 5344 Nunquid
2553 5271 2834 5342 Thaletis,
2869 5269 2967 5343 qui
3001 5270 3071 5326 de
3122 5268 3238 5324 Deo
3294 5267 3691 5340 interrogatus
3744 5264 3890 5322 nihil

2253 5361 2575 5434 respondit,
2610 5365 2712 5418 aut
2743 5360 3026 5430 Platonis,
3059 5359 3158 5431 qui
3191 5357 3338 5413 dixit
3397 5363 3572 5413 Deum
3617 5373 3745 5412 esse
3800 5355 3893 5412 in-

2250 5457 2425 5508 ventu
2459 5461 2513 5508 et
2537 5455 2812 5508 enarrata
2843 5448 3171 5519 difﬁcllem,
3204 5449 3411 5518 major,
3446 5451 3546 5503 aut
3577 5445 3784 5502 melior
3806 5449 3895 5502 est

2255 5541 2523 5611 scientia,
2555 5559 2732 5616 quam
2764 5539 3080 5612 cujuslibet
3112 5537 3426 5594 Christiani
3483 5536 3731 5609 opiﬁcis,
3791 5534 3896 5607 qui

2253 5632 2438 5688 Deum
2470 5631 2711 5702 invenit,
2745 5635 2801 5688 et
2823 5631 2953 5702 quis
2986 5628 3084 5686 ille
3115 5626 3194 5684 sit
3241 5625 3544 5682 confestim
3603 5621 3895 5697 explicat?

2251 5721 2531 5793 Nunquid
2580 5721 3068 5791 Christianorum,
3130 5715 3236 5788 qui
3291 5713 3716 5772 continentiam
3769 5729 3894 5772 ser-
