4262 6352
409 338 519 399 801

1136 340 1218 400 ΙΝ
1261 339 1869 401 APOLOGETICUM
1914 341 1987 399 D.
2033 341 2129 401 LE
2175 343 2501 405 NOURRY
2546 344 3089 417 DISSERTATIO.

3695 375 3815 439 802

405 478 563 541 vant,
596 480 697 532 aut
727 475 947 531 nullam
988 480 1197 547 praeter
1252 491 1509 544 uxorem,
1568 472 1844 530 feminam
1908 491 2052 530 con-
2080 483 2134 548 Α
2164 475 2491 534 humanum
2522 480 2595 535 ab
2620 498 2686 537 eo
2717 484 2874 541 refici
2908 505 3098 559 posse,
3131 511 3164 549 a
3209 513 3323 567 quo
3351 504 3545 559 anima
3586 508 3655 564 de
3688 529 3803 570 uno

406 565 736 635 cupiscunt,
772 566 964 619 minor
1010 572 1111 620 aut
1153 566 1312 636 pejor
1368 568 1457 620 est
1512 563 1815 635 pudicitia,
1872 580 2051 636 quam

410 654 661 710 Platonis
694 655 1148 710 adolescentium
1203 655 1582 725 corruptoris,
1640 654 1730 709 vel
1784 654 2053 724 Diogenis

408 742 694 815 Phrynem
730 745 1094 799 meretricem
1129 744 1350 815 perdite
1407 743 1679 809 amantis,
1738 742 1825 797 vel
1870 750 2051 814 Speu-

408 832 559 903 sippi
594 833 651 886 in
685 832 971 888 adulterio
1005 834 1331 898 morientis,
1381 831 1467 886 vel
1528 830 1843 886 Democriti
1896 848 2048 901 sese,

408 938 477 975 ne
511 921 785 977 mulieres
817 922 1106 993 corruptis
1164 920 1348 976 oculis
1378 920 1619 983 videret,
1648 920 1997 975 obcazcantis
2034 920 2044 977 l

404 1012 535 1074 Quis
568 1026 699 1065 vero
730 1011 839 1065 fuit
882 1017 983 1065 aut
1013 1010 1286 1081 Diogenis
1347 1008 1653 1075 modestia,
1714 1008 2048 1080 superbiam

403 1099 681 1163 Platonis,
716 1098 830 1153 alia
872 1100 1148 1169 superbia
1194 1098 1493 1163 calcantis,
1556 1102 1656 1151 aut
1706 1097 2048 1169 Pythagorae

401 1195 457 1242 et
486 1187 731 1242 Zenonis
763 1188 1131 1259 tyrannidem
1158 1187 1553 1241 affectantium
1578 1186 1604 1240 ?
1635 1188 1767 1251 Quae
1802 1186 2048 1259 Lycurgi

403 1277 773 1348 sequitas,qui
806 1277 878 1331 ob
914 1277 1258 1331 emendatas
1292 1276 1446 1346 leges
1481 1292 1620 1330 suas
1654 1283 1897 1329 mortem
1933 1277 2046 1331 sibi

402 1367 681 1421 conscivit
702 1366 728 1420 ?
760 1366 907 1433 Quid
943 1365 1374 1436 plura?Nonne
1402 1364 1738 1420 Aristoteles
1772 1368 1886 1419 tam
1921 1371 2047 1420 tur-

402 1456 552 1527 piter
581 1456 877 1510 Hermiam
908 1454 1033 1510 loco
1064 1471 1169 1509 suo
1200 1454 1441 1525 expulit,
1488 1470 1665 1525 quam
1722 1452 2045 1509 Alexandro

403 1544 678 1599 adulatus
710 1544 851 1599 est?
881 1544 1080 1598 Nonne
1124 1543 1285 1598 Plato
1329 1543 1546 1597 ventris
1604 1541 1791 1614 gratia
1845 1542 2044 1597 vendi-

400 1638 578 1702 tatus,
612 1633 944 1704 Aristippus
992 1636 1323 1703 nepotatus,
1359 1633 1507 1688 722
1540 1632 1780 1703 Hippias
1837 1630 1895 1685 in
1953 1631 2043 1685 in-

400 1723 587 1790 sidiis,
622 1739 655 1777 a
684 1738 745 1777 se
790 1722 957 1777 alteri
1003 1721 1241 1793 paratis,
1296 1723 1524 1777 occisus
1585 1721 2042 1775 memorantur?

2163 565 2220 620 in
2254 564 2426 672 aliud"
2446 585 2657 672 corpus
2688 574 2998 672 'migrandi
3056 564 3399 653 potestatem
3434 592 3647 653 habere

2163 671 2359 756 peram
2393 658 2652 756 tingitur.
2688 661 2898 720 Verum
2931 670 3224 729 enimvero
3285 678 3485 737 tictitia
3519 658 3691 756 plane
3720 698 3811 749 est

2162 743 2263 798 illa
2317 747 2647 804 animarum
2704 753 3007 824 migratio;
3071 743 3546 837 quandoquidem
3598 743 3802 837 nullus

2162 848 2422 903 unquam
2456 852 2518 890 se
2549 838 2605 892 in
2640 839 2885 899 bestiam
2940 850 3317 909 retormatum
3352 864 3605 929 agnovit.
3649 868 3804 923 Prie-

2160 926 2320 1018 terea
2349 924 2452 978 hoc
2485 927 2691 982 animae
2724 931 2795 986 de
2818 950 2933 989 uno
2975 936 3031 991 in
3065 939 3222 996 aliud
3277 924 3487 1018 corpus
3526 959 3774 1013 transitu

2161 1027 2277 1064 una
2309 1012 2565 1069 hominis
2597 1034 2729 1087 pars
2764 1022 2908 1088 viva,
2943 1025 3125 1083 altera
3182 1003 3415 1106 semper
3458 1048 3686 1102 mortua
3718 1003 3803 1103 re:

2160 1106 2376 1199 manet.
2407 1109 2477 1157 At
2509 1121 2743 1161 necesse
2784 1112 3020 1169 omnino
3055 1124 3143 1171 est
3170 1126 3355 1179 totum
3393 1127 3687 1190 hominem
3724 1142 3795 1193 ad

2159 1194 2465 1283 pristinam
2524 1211 2690 1283 suam
2750 1200 2926 1256 vitam
2989 1207 3195 1277 redire,
3249 1218 3309 1265 ut
3369 1217 3439 1271 de
3493 1220 3659 1279 bonis
3702 1232 3803 1283 aut

2159 1276 2352 1385 malis,
2386 1298 2417 1333 a
2448 1297 2508 1335 se
2532 1281 2587 1336 in
2622 1284 2730 1339 hac
2761 1288 2879 1343 vita
2926 1294 3093 1364 actis,
3129 1276 3402 1359 ultimum
3464 1325 3496 1362 a
3535 1276 3655 1368 Deo

2156 1365 2372 1421 dicium
2405 1371 2629 1469 referat.
2666 1374 2809 1437 Quid
2844 1395 2995 1447 vero,
3031 1388 3183 1451 quod
3244 1391 3441 1450 anima
3495 1365 3643 1456 nihii
3672 1365 3800 1462 sine

398 1814 469 1866 At
497 1810 862 1867 Christianus
922 1810 993 1865 ab
1039 1809 1111 1864 iis
1170 1809 1441 1864 omnibus
1494 1808 1918 1879 alienissimus,
1952 1809 2039 1863 ni-
2073 1859 2119 1924 Β
2148 1810 2547 1881 temetipsum,
2584 1824 2893 1889 postquam
2938 1842 3067 1882 esse
3097 1808 3583 1904 desieméxtoﬁl}i1
3599 1808 3792 1909 .Βῖἕᾶιῖ

398 1898 476 1924 Ltl
512 1916 769 1924 ..-η-..-Μ
808 1898 899 1924 με..
935 1897 1127 1924 ,εκειη
1178 1898 1421 1924 ιΑ-ιΑ-.ζι
1503 1898 1559 1924 ΟΞ
1598 1897 1729 1924 ..ηζη
1765 1898 1915 1924 Ani...
1956 1915 2019 1924 Α..
2151 1911 2277 1924 ιιι-..ιη
2338 1900 2565 1924 -..Ω---,
2628 1906 2685 1924 n,
2738 1913 2748 1924 ι
2966 1913 2977 1924 ι
3253 1923 3258 1924 ,

398 1898 480 1954 hil
512 1916 773 1970 unquam
808 1898 900 1953 his
934 1897 1129 1953 simile
1178 1898 1443 1953 tentavit.
1503 1898 1562 1953 Si
1595 1897 1730 1969 quis
1762 1898 1916 1953 enim
1954 1915 2045 1953 ex-

396 1989 575 2043 cessit
604 2004 633 2044 e
665 1987 869 2059 regula
898 1986 1239 2058 disciplinis,
1274 1992 1400 2043 turn
1435 1988 1610 2043 desiit
1638 2004 1767 2043 esse
1796 1986 2044 2043 Christi-

397 2095 566 2135 anus.

466 2167 693 2223 Ethnici
755 2183 890 2239 ergo
960 2168 1178 2223 frustra
1233 2167 1612 2222 venditabant
1662 2166 2039 2238 philosOphos

397 2275 536 2314 suos
567 2256 913 2313 Christianis
970 2257 1214 2312 scientia
1244 2256 1610 2327 mquiparari.
1644 2256 1788 2310 Nam
1834 2255 1894 2310 hi
1928 2254 2038 2325 ipsi

394 2346 746 2419 philosophi,
806 2345 1303 2416 quemadmodum
1362 2349 1540 2417 poetae
1600 2360 1664 2399 ac
1739 2344 2033 2415 sophistae,

392 2438 561 2510 plura
619 2438 856 2510 quidem
920 2437 1131 2509 placita
1190 2452 1257 2491 ex
1314 2437 1497 2492 sacris
1556 2435 1764 2491 divina:
1821 2440 2033 2491 nostris

390 2528 703 2598 Scriptura:
735 2526 990 2581 fontibus
1020 2526 1376 2582 hauserant:
1410 2526 1511 2580 sed
1569 2527 1697 2597 ejus
1748 2524 2030 2597 simplici-

385 2620 588 2685 tatem,
621 2633 687 2671 ac
725 2632 1054 2671 sermonem
1087 2620 1226 2669 tunc
1267 2616 1581 2669 obscurum
1615 2616 2030 2687 despicientes,

384 2721 452 2760 ea
482 2705 673 2776 pravis
696 2708 1085 2776 corruperunt
1143 2703 1268 2758 suis
1324 2704 1722 2774 opinionibus.
1783 2709 1861 2759 Ex
1920 2705 2026 2760 hac

383 2794 600 2864 quippe
657 2810 822 2849 sacra
874 2793 1170 2863 Scriptura
1229 2799 1590 2865 agnoverunt
1646 2810 1828 2847 unum
1879 2795 2026 2849 dun-

380 2888 540 2938 taxat
568 2898 696 2938 esse
730 2887 908 2937 Deum
935 2899 947 2936 :
981 2882 1080 2937 sed
1097 2882 1251 2936 hunc
1278 2882 1558 2936 Platonici
1591 2881 2022 2954 incorporeum,

381 2972 559 3027 Stoici
594 2986 962 3043 corporeum,
995 2970 1277 3041 Epicurus
1305 2985 1373 3024 ex
1403 2971 1635 3038 atomis,
1661 2987 1728 3025 ex
1761 2974 2023 3027 numeris

382 3060 764 3132 Pythagoras,
799 3058 1121 3115 Heraclitus
1155 3075 1223 3114 ex
1250 3058 1384 3129 igne
1414 3063 1605 3115 ortum
1653 3076 1782 3115 esse
1814 3062 2023 3117 docue-

380 3155 533 3203 runt.
562 3147 748 3203 Simili
806 3162 1039 3220 quoque
1096 3148 1268 3203 modo
1326 3146 1491 3203 Plato
1549 3148 1803 3204 divinam
1858 3149 2021 3207 illius

2151 1900 2589 2002 erasnreﬁcere.
2623 1906 2919 1967 Postremo
2962 1913 3083 1983 lux,
3113 1900 3381 1993 tenebrat,
3417 1900 3789 2002 sideraffrﬁu:

2151 1990 2280 2085 ctus
2312 1991 2498 2086 terrae,
2529 1997 2778 2067 semina,
2806 2006 2862 2055 et
2918 2011 3122 2063 caetera
3178 2012 3290 2069 alia
3349 1990 3789 2095 quamplurima

2150 2076 2522 2175 reviviscunt,
2558 2092 2776 2175 quanto
2810 2094 2995 2163 magis
3027 2098 3096 2151 ad
3134 2101 3309 2158 vitam
3366 2076 3785 2175 redibit-3;;

2154 2160 2343 2263 homo,
2379 2168 2478 2238 qui
2511 2171 2747 2263 quidem
2781 2176 2830 2230 si
2871 2160 2934 2234 se
2978 2181 3192 2253 Pythiae
3251 2160 3764 2261 erasum—“noverit

2147 2253 2411 2351 omnium
2461 2260 2847 2351 morientium
2922 2274 2979 2323 et
3025 2251 3489 2349 —resurgentium
3544 2251 3789 2351 estadd:

2145 2340 2407 2448 αὶίηυῖ
2461 2345 2799 2448 Ubicunque
2846 2372 3003 2429 ergo,
3054 2371 3155 2419 aut
3208 2340 3555 2448 qvuocunque
3606 2340 3779 2444 modo

2131 3141 2287 3238 poris
2315 3152 2536 3238 puncto
2569 3152 2829 3219 excitari,
2863 3163 3017 3229 quod
3070 3164 3127 3220 in
3180 3169 3294 3226 fine
3355 3180 3561 3234 mundi
3621 3141 3774 3238 nitar

380 3237 805 3308 providentiam
869 3237 1142 3305 asseruit,
1202 3252 1376 3308 quam
1435 3238 1666 3308 negavit
1712 3238 2014 3308 Epicurus.
2049 3222 2092 3289 Ο
2134 3230 2279 3285 hanc
2309 3236 2743 3306 temporaneam
2774 3222 3003 3305 aetatem
3051 3269 3114 3308 ac
3145 3222 3773 3327 aeternitatem-deinde

378 3325 574 3399 Aliqui
605 3326 770 3382 illum
804 3331 965 3382 extra
995 3327 1309 3391 mundum,
1371 3325 1469 3380 alii
1528 3327 1585 3381 in
1644 3343 1709 3381 eo
1761 3327 2020 3398 positum

376 3417 714 3472 censebant.
749 3416 1026 3472 Eamdem
1058 3432 1197 3471 sane
1226 3416 1298 3469 ob
1332 3432 1569 3470 causam
1592 3416 1764 3471 varias
1787 3417 2023 3473 fuerunt

375 3504 609 3561 illorum
644 3506 713 3561 de
746 3505 951 3560 mundi
982 3510 1111 3560 ortu
1148 3511 1205 3559 et
1263 3504 1589 3574 duratione,
1646 3521 1711 3559 ac
1770 3506 1840 3561 de
1888 3507 2019 3560 ani-

375 3610 480 3649 ma:
510 3596 782 3651 humana:
806 3600 1017 3650 natura
1048 3594 1437 3665 opinationes.
1499 3594 1695 3665 Neque
1734 3594 2015 3663 objicien-

370 3684 509 3739 dum
541 3689 627 3740 est
658 3702 690 3738 a
720 3684 1076 3756 quibusdam
1112 3700 1346 3755 quoque
1403 3683 1746 3738 Christianis
1790 3685 2017 3740 adulte-

369 3777 557 3827 ratam
593 3774 773 3828 fuisse
802 3780 1089 3828 recentem
1127 3772 1336 3827 Christi
1370 3771 1719 3827 doctrinam.
1755 3777 1897 3827 Nam
1932 3772 2012 3839 hi,

368 3861 562 3934 inquit
593 3861 1016 3925 Tertullianus,
1047 3860 1297 3915 hairetici
1339 3864 1496 3928 sunt,
1532 3866 1587 3914 et
1618 3861 1897 3916 adversus
1925 3879 2015 3917 er-

369 3967 528 4005 rores
559 3950 785 4004 illorum
819 3948 1255 4021 praescribimus
1287 3948 1615 4003 certissima
1646 3950 1904 4005 veritatis
1928 3968 2015 4006 re—

371 4038 529 4109 gula,
563 4054 689 4108 quae
723 4038 794 4092 ab
831 4038 1095 4107 ejusdem
1153 4037 1369 4092 Christi
1420 4036 1726 4108 discipulis
1784 4040 1854 4093 ad
1906 4057 2013 4095 nos

370 4126 724 4183 transmissa
753 4132 858 4181 est.

440 4232 691 4301 Maligna
722 4234 963 4305 insuper
992 4233 1319 4288 daemonum
1353 4231 1685 4296 calliditate,
1722 4250 2012 4306 pravoque

366 4323 602 4379 illorum
636 4324 915 4379 instinctu
950 4321 1197 4395 gentiles
1216 4319 1546 4392 philosophi
1567 4331 1617 4377 et
1642 4328 1820 4393 poetae
1841 4340 2013 4394 quas-

365 4413 497 4469 dam
526 4413 928 4485 excogitarunt
972 4410 1222 4479 fabulas,
1286 4414 1349 4465 ut
1406 4410 1552 4465 falsa
1608 4412 1885 4478 veritatis,
1950 4413 2007 4468 in

364 4503 682 4575 Scripturis
714 4502 894 4558 sacris
926 4502 1175 4567 traditis,
1213 4499 1601 4554 similitudine
1658 4501 1845 4554 emtori
1905 4501 2006 4556 ho-

2131 3320 2385 3377 futuram
2411 3325 2739 3387 intercedit.

2122 4070 2253 4147 rnm
2286 4061 2633 4147 sententiam
2694 4064 3052 4126 deridebant.
3116 4074 3227 4131 Fac
3284 4082 3500 4147 tamen,
3552 4086 3598 4140 si
3649 4087 3764 4145 Deo

2121 4141 2330 4247 placet,
2357 4144 2515 4247 illam
2547 4165 2673 4204 esse
2705 4152 2933 4209 falsam.
2988 4164 3057 4214 At
3109 4169 3261 4220 certe
3319 4141 3593 4228 omnibus
3636 4141 3764 4247 ipsa

2120 4234 2344 4286 aeternas
2376 4240 2477 4288 aut
2509 4253 2692 4305 pmnaa
2723 4247 2821 4294 aut
2853 4248 3139 4303 mercedis
3198 4268 3331 4322 spes
3370 4256 3528 4312 ulilis
3588 4234 3677 4315 est
3708 4266 3765 4317 et

2120 4323 2471 4377 necessaria.
2502 4326 2873 4399 Quaacunque
2934 4349 3104 4403 porro
3136 4338 3236 4392 illa
3268 4342 3362 4409 sit,
3398 4362 3511 4401 non
3547 4348 3761 4405 idcirco

2117 4411 2310 4463 tamen
2345 4411 2399 4463 in
2432 4412 2795 4471 Christianos
2817 4418 3050 4489 gladiis,
3111 4426 3335 4495 bestiis,
3387 4436 3680 4507 crucibus,
3708 4443 3765 4494 et

2119 4498 2707 4567 ignibus,exsultante
2739 4509 3330 4577 populo,saeviendum
3365 4529 3507 4577 erat.
3534 4498 3761 4582 Ethnici

362 4593 552 4647 mines
584 4592 730 4663 ipsis
754 4590 968 4663 potius,
1003 4606 1180 4661 quam
1214 4586 1585 4653 Christianis,
1620 4588 1728 4643 sibi
1765 4590 2006 4655 odiosis,
2039 4593 2085 4650 D
2120 4587 2301 4681 igitur
2333 4589 2554 4645 insulse
2592 4609 2831 4662 prorsus
2861 4600 3211 4669 gestiebant,
3264 4625 3329 4662 ac
3361 4610 3763 4681 gloriabantur

358 4680 531 4737 fidem
562 4684 921 4753 prmstarent.
970 4679 1060 4734 Sic
1111 4678 1265 4733 enim
1319 4678 1535 4731 ﬁnxere
1584 4678 1813 4748 aliquod
1849 4680 2002 4750 apud

358 4770 576 4825 inferos
632 4768 914 4836 tribunal,
970 4766 1574 4839 Pyriphlegethontem
1632 4766 1898 4833 fluvium,
1950 4772 2005 4823 et

358 4858 581 4931 Elysios
611 4874 891 4930 campos;
955 4856 1091 4927 quia
1124 4873 1157 4910 a
1209 4854 1427 4910 nostris
1487 4861 1829 4926 acceperant
1870 4858 2003 4911 ulti-

358 4964 522 5001 mum
555 4948 674 5002 fore
704 4947 1011 5003 hominum
1072 4945 1337 5000 omnium
1390 4943 1704 5012 judicium,
1752 4950 1999 5001 aeternas

356 5036 757 5107 improborum
793 5052 1015 5107 pcenas,
1073 5051 1140 5089 ac
1183 5035 1412 5106 piorum
1473 5034 1890 5105 sempiternam
1938 5036 1996 5091 in

356 5125 628 5196 paradiso
661 5124 1014 5180 felicitatem.
1052 5125 1156 5180 Sed
1192 5124 1325 5195 quis
1360 5122 1580 5177 nesciat
1622 5123 1857 5194 scriptis
1899 5143 1993 5181 no-

354 5214 517 5281 stris,
553 5218 617 5269 ut
674 5218 804 5284 pote
861 5213 1312 5287 antiquioribus,
1373 5212 1559 5284 potius
1626 5228 1802 5283 quam
1864 5214 1994 5271 aliis

351 5302 797 5372 recentioribus,
832 5303 1004 5357 sicuti
1039 5302 1353 5374 archetypo
1410 5302 1602 5373 potius
1631 5318 1807 5372 quam
1848 5302 1993 5360 ima-

346 5392 464 5463 gini
498 5392 851 5447 credendum
878 5394 1029 5463 (cap.
1078 5390 1211 5463 47)?

420 5506 479 5553 Et
504 5504 657 5556 certe
688 5499 1073 5571 Pythagorica
1112 5500 1440 5553 animarum
1478 5496 1991 5567 transmigratinne

348 5590 517 5660 longe
552 5592 738 5644 verior
769 5596 857 5643 est
907 5590 1136 5659 integra
1190 5605 1499 5660 corporum
1538 5592 1868 5641 nostrorum
1900 5605 1986 5642 re-

346 5680 589 5734 atitutio.
627 5679 806 5735 Nemo
838 5678 1052 5750 quippe
1082 5678 1310 5734 inﬁcias
1342 5692 1605 5747 unquam
1638 5674 1747 5731 ibit
1776 5691 1987 5747 corpus

2118 4677 2188 4775 de
2219 4676 2453 4775 illorum
2486 4682 2924 4756 suppliciis,qui
2956 4690 3223 4749 damnari
3258 4676 3474 4769 potius,
3508 4720 3685 4775 quam
3729 4724 3763 4763 a

2114 4766 2229 4863 Deo
2249 4770 2828 4863 excidereioptantes,
2860 4766 3760 4863 immortalem—agebanttrium-

2113 4856 2293 4926 phum
2322 4862 2468 4929 (cap.
2505 4862 2591 4930 48,
2628 4864 2738 4935 49).

2179 4966 2285 5019 Sed
2349 4984 2553 5024 rursus
2616 4972 2863 5042 gentiles
2914 4978 3225 5054 acriusque
3285 4989 3758 5051 vociferabantur

2109 5054 2333 5111 nullam
2366 5056 2714 5117 Christianis
2763 5080 2889 5121 esse
2948 5074 3227 5140 querendi
3274 5093 3531 5151 causam,
3567 5084 3613 5139 si
3647 5103 3756 5141 sua

2109 5151 2314 5241 sponte
2338 5148 2756 5241 patiantur.-_At
2813 5155 2904 5211 his
2949 5162 3162 5215 Aut-tor
3194 5171 3391 5221 noster
3440 5148 3755 5241 respondet

2107 5233 2238 5330 illos
2272 5238 2579 5330 mercpati
2606 5238 2879 5330 militum,
2915 5247 3036 5318 qui,
3070 5248 3201 5305 licet
3257 5254 3392 5311 belli
3441 5233 3752 5330 deprecen-

2103 5327 2199 5379 tur
2231 5325 2509 5417 pericula,
2539 5329 2674 5384 totis
2707 5337 2899 5388 tamen
2934 5338 3234 5396 decertant
3279 5325 3532 5417 viribus,
3552 5366 3619 5404 ac
3648 5351 3750 5407 de-

2102 5592 2448 5682 riamhabet
2474 5595 2736 5666 placendi
2772 5604 2903 5668 Deo,
2937 5608 2992 5655 et
3023 5602 3146 5657 vita:
3196 5613 3419 5665 aeternis
3472 5592 3744 5682 praedam.

2101 5678 2164 5734 In
2213 5680 2461 5751 glorioso
2521 5689 2715 5738 autem
2768 5683 2876 5741 hoc
2936 5691 3254 5750 certamine
3309 5678 3487 5770 ipsa,‘
3525 5704 3744 5773 quibus
