4262 6378
567 345 688 406 803

1084 341 1612 406 TERTULLIANI
1655 340 1981 403 OPERUM
2029 339 2226 401 PARS
2269 340 2318 400 Ῑ.
2349 373 2429 384 -
2463 339 2736 403 SERIES
2777 343 2826 420 Ι,
2871 343 3438 407 APOLOGETIGA.

3839 346 3960 408 80!

564 476 1317 543 cruciantur,instrumenta
1346 472 1466 529 illis
1497 477 1636 529 sunt
1657 471 1895 528 habitus
1927 471 2202 540 victoriae,
2233 476 2287 544 Α
2317 473 2466 528 inter
2492 476 2704 530 nostros
2731 475 3025 546 scriptores
3051 475 3347 532 admodum
3374 477 3576 543 clarus,
3599 479 3658 532 in
3690 478 3956 547 Apologs-

565 567 742 622 vestis
778 565 1114 638 palmata,et
1144 580 1351 620 currus
1381 561 1825 634 triumphantis.
1851 562 1964 616 Nec
1995 561 2204 631 despe-

563 656 672 710 rati
706 672 864 726 ergo,
897 671 1001 709 nec
1033 652 1232 724 perciti
1293 652 1406 707 dici
1474 656 1742 723 poterant
1802 652 1873 705 ab
1930 649 2202 720 ethnicis,

563 746 662 817 qui
690 745 873 809 Mutii,
907 741 1292 814 Empedoclis.
1358 741 1613 805 Didonis,
1675 739 1899 812 Reguli,
1955 742 2206 794 Anaxar-

561 835 673 899 chi,
705 834 904 887 Atticai
939 831 1283 895 meretricis,
1316 830 1560 885 Zenonis
1594 829 1825 898 Eleatis,
1885 829 2201 896 Laconum,

561 922 922 992 aliorumque
953 921 1010 974 in
1047 919 1353 974 tormentis
1385 929 1440 972 et
1482 918 1892 972 crudelissima
1926 932 2064 971 nece
2097 915 2206 970 for-

557 1010 869 1065 titudinem
903 1015 959 1064 et
1001 1008 1409 1072 constantiam,
1470 1024 1584 1061 non
1637 1006 1908 1060 maximis
1968 1010 2199 1058 tantum

556 1099 887 1155 extulerunt
915 1098 1214 1163 laudibus,
1248 1099 1348 1152 sed
1398 1113 1496 1152 eos
1525 1096 1701 1151 etiam
1735 1095 1965 1160 statuis,
1999 1092 2204 1164 imagi-

557 1189 753 1258 nibus,
787 1187 974 1243 titulis
1007 1188 1073 1242 ad
1120 1188 1438 1259 quamdam
1470 1203 1539 1241 ex
1579 1190 1764 1240 morte
1797 1185 1867 1239 ad
1899 1184 2075 1238 vitam
2110 1199 2191 1236 re-

554 1277 944 1343 vocationem,
991 1281 1044 1330 et
1121 1274 1316 1345 glorise
1367 1274 1750 1328 eternitatem
1828 1273 2196 1326 decorarunt.

554 1365 736 1421 Tanto
769 1366 950 1437 igitur
978 1364 1143 1420 abest
1177 1367 1241 1418 ut
1270 1362 1654 1430 Christianus,
1689 1361 1787 1434 qui
1846 1378 1878 1414 a
1926 1360 2064 1426 Deo,
2096 1374 2198 1428 pro

556 1471 670 1528 quo
702 1454 941 1526 patitur,
973 1469 1168 1508 veram
1201 1451 1580 1506 aeternitatem
1608 1455 1922 1521 exspectat,
1953 1448 2196 1500 insanus

552 1544 651 1610 sit,
683 1542 822 1614 quin
856 1541 1051 1614 potius
1082 1540 1215 1594 inde
1245 1539 1636 1594 innocentiam
1671 1553 1861 1603 suam,
1924 1541 1978 1590 et
2005 1532 2195 1589 ethni-

551 1647 750 1687 corum
774 1630 1039 1701 iniquam
1073 1629 1276 1700 probet
1305 1627 1728 1682 crudelitatem.
1766 1630 1966 1680 Nonne
2016 1623 2193 1678 etiam

551 1721 607 1776 hi
639 1719 753 1792 ipsi
783 1717 1172 1774 Christianam
1222 1715 1529 1771 mulierem
1581 1715 1652 1770 ad
1697 1715 1962 1770 lenonem
1998 1712 2193 1782 potius

551 1826 722 1882 quam
756 1809 978 1863 leonem
1011 1805 1368 1869 damnando,
1411 1804 1602 1874 palam
1657 1803 2083 1858 conﬁtebantur
2114 1799 2193 1854 la-

551 1899 682 1954 bem
746 1895 1037 1970 pudicitiae
1105 1894 1264 1949 omni
1351 1898 1774 1949 tormentorum
1859 1905 2086 1964 genere,
2136 1896 2188 1944 et

551 1992 736 2042 morte
761 1987 891 2058 ipsa
921 1983 1259 2040 atrociorem
1291 1985 1362 2038 ab
1401 1983 1502 2037 illa
1550 1987 1609 2038 et
1655 1981 1785 2036 aliis
1839 1978 2188 2036 Christianis

548 2075 807 2148 reputari
837 2073 1075 2144 PNeque
1105 2073 1260 2136 inde,
1295 2088 1365 2127 ne
1385 2071 1570 2126 hilum
1607 2067 2187 2143 quidem.gentilibus

547 2181 655 2220 sua
691 2163 1026 2236 proficiebat
1083 2161 1350 2227 saevitia;
1409 2158 1885 2232 quandoquidem
1944 2155 2185 2226 sanguis

547 2259 871 2325 martyrum
903 2266 1100 2306 semen
1133 2254 1258 2304 erat
1283 2249 1776 2315 Christianorum,
1801 2263 1916 2318 quo
1967 2246 2183 2299 mirum

543 2342 603 2397 in
650 2341 890 2396 modum
950 2340 1245 2393 crescebat
1302 2354 1532 2408 semper
1589 2337 1822 2390 illorum
1881 2350 2181 2388 numerus.

540 2435 658 2485 Sua
677 2428 969 2500 siquidem
992 2432 1176 2482 morte
1197 2425 1365 2497 longe
1378 2427 1571 2497 plures
1590 2425 1906 2480 etfecerunt
1927 2423 2179 2492 discipu-

541 2519 841 2590 los,quam
872 2516 1088 2585 Cicero,
1107 2517 1338 2583 Seneca,
1375 2515 1676 2586 Diogenes,
1713 2513 1864 2569 724
1895 2512 2178 2582 Pyrrhon,

540 2613 596 2664 et
625 2605 956 2670 Callinicus,
989 2604 1089 2675 qui
1150 2620 1287 2658 suos
1345 2605 1413 2657 ad
1462 2603 1684 2657 doloris
1713 2600 2088 2656 tolerantiam
2123 2603 2180 2654 et

543 2699 791 2750 mortem
819 2690 1103 2748 cohortati
1133 2696 1292 2745 sunt.
1323 2689 1579 2746 Gentiles
1611 2705 1865 2760 namque
1924 2689 2178 2758 primum

541 2784 777 2855 quidem
810 2780 1081 2836 invictam
1101 2779 1368 2834 admirati
1392 2786 1530 2833 sunt
1549 2779 2012 2834 Christianorum
2041 2793 2178 2831 con-

538 2872 837 2927 stantiam.
867 2870 1014 2924 Tum
1050 2868 1261 2923 dehinc
1290 2873 1648 2940 agnoverunt
1673 2872 1845 2921 tanta:
1899 2872 2175 2921 constan-

535 2961 631 3016 tia:
663 2975 899 3014 causam
955 2962 1012 3012 et
1061 2956 1405 3012 Christiana:
1473 2955 1772 3028 religionis
1848 2956 2172 3011 veritatem.

534 3051 674 3105 Eam
707 3064 876 3120 porro
908 3046 1168 3116 agnitam
1201 3044 1319 3099 ulla
1375 3045 1592 3114 absque
1629 3060 1791 3099 mora
1839 3043 2172 3115 amplexati,

535 3137 683 3193 miro
712 3134 934 3192 incensi
961 3137 1100 3189 sunt
1130 3139 1333 3188 ardore
1363 3132 1648 3204 martyrii,
1683 3148 1799 3203 qua
1830 3148 1946 3187 non
1977 3132 2170 3186 solum

2316 563 2418 616 tico
2443 578 2560 629 suo,
2593 579 2753 634 quem
2782 567 3049 619 adversus
3077 571 3268 633 gentes
3297 582 3397 638 pro
3426 572 3611 622 nostra
3641 567 3748 637 ﬁde
3763 569 3953 624 scribit

2312 651 2467 718 (Ruf.
2492 652 2592 707 lib.
2627 669 2688 719 II,
2723 669 2851 725 cap.
2882 655 2957 725 2).
2990 658 3104 710 Nec
3137 655 3286 710 male
3347 658 3626 727 proiecto,
3673 657 3720 711 si
3755 657 3957 728 aliqua

2313 755 2429 793 non
2461 741 2758 796 omisisset
2785 741 2962 797 latine
2991 743 3076 799 sic
3127 745 3404 798 vertenda
3439 761 3450 799 :
3485 746 3675 800 Postea
3706 749 3957 801 ercum

2312 831 2372 883 in
2397 846 2703 887 sermonem
2733 833 3015 887 translato.
3041 833 3395 889 Persuasum
3420 834 3618 906 itaque
3641 835 3952 904 Eusebius,

2312 919 2515 990 etipse
2537 919 2708 974 etiam
2745 921 2996 976 Ruﬁnus
3054 921 3389 978 habuerunt
3435 922 3592 978 hunc
3652 923 3868 980 librum
3918 943 3954 981 a

2310 1007 2664 1062 Tertulliano
2696 1009 3092 1081 conscriptum
3125 1010 3328 1065 fuisse.
3378 1010 3548 1066 Plura
3577 1013 3769 1068 adhuc
3795 1012 3951 1068 idem

2312 1097 2618 1166 Eusebius,
2651 1102 2972 1153 memorato
3028 1098 3371 1154 Tertulliani
3429 1100 3685 1169 nomine,
3745 1117 3812 1156 ex
3842 1101 3951 1159 hoc

2310 1183 2513 1236 eodem
2545 1181 2692 1236 libro
2725 1185 3094 1256 transcripsit
3131 1186 3372 1253 (Euseb.
3422 1186 3528 1242 lib.
3582 1205 3668 1255 ιιι,
3699 1205 3824 1260 cap.
3855 1191 3947 1256 23,

2310 1287 2366 1342 p.
2396 1272 2510 1337 91),
2543 1277 2598 1326 et
2635 1271 2849 1326 alicubi
2890 1273 3121 1328 addidit
3154 1292 3167 1328 :
3202 1271 3430 1344 Ηίληται
3475 1271 3520 1328 δ’
3562 1277 3698 1347 ἡμῖν
3748 1278 3782 1344 ἡ
3809 1274 3954 1331 ἵστο-

2308 1377 2398 1430 ρια
2446 1357 2495 1430 ἐξ
2545 1360 2610 1426 ἧς
2659 1357 2911 1430 ἀνωτέρω
2964 1357 3353 1434 δεδηλώκαμεν
3393 1367 3490 1417 τοῦ
3545 1361 3947 1439 Τερτυλλιανοῦ

2305 1446 2618 1517 Ῥωμαικῆς
2670 1447 3022 1523 Ἀπολογίας,
3071 1452 3136 1517 ἧς
3182 1452 3217 1518 ἡ
3269 1449 3530 1524 ἑρμηνεία
3584 1457 3774 1508 τοῦτον
3828 1451 3949 1530 ἔχει

2303 1532 2526 1609 τρόπον.
2590 1539 2755 1593 Porro
2829 1555 2898 1594 ea:
2952 1538 3286 1595 Tertulliani
3332 1544 3690 1612 Apotogetico,
3748 1545 3946 1601 Latine

2301 1627 2627 1696 conscripto,
2658 1627 2816 1693 cuius
2843 1643 3012 1698 supra
3058 1631 3390 1684 mentionem
3446 1632 3699 1700 fecimus,
3757 1633 3876 1690 hinc
3904 1651 3945 1690 a

2300 1713 2456 1769 nobis
2484 1715 2769 1786 desumpta
2800 1726 2878 1771 est
2925 1720 3186 1772 narratio
3217 1717 3389 1786 (Ibid.
3436 1735 3563 1791 cap.
3597 1720 3757 1791 35,p.
3793 1723 3938 1794 105).

2301 1800 2395 1856 Sic
2423 1803 2575 1856 enim
2604 1802 2872 1858 Valesius
2918 1807 3114 1860 Graeca
3169 1806 3511 1861 Tertulliani
3543 1809 3715 1863 verba
3736 1808 3941 1866 Latina

2302 1846 2394 1856 ων
2623 1846 2872 1858 ......-...-
2921 1846 3114 1860 ...κη
3179 1846 3511 1861 "unum...
3551 1846 3715 1863 ,υιυα
3736 1846 3941 1866 ne...“

2221 1846 2267 1911 B
2297 1887 2452 1944 fecit.
2489 1890 2610 1946 Alio
2636 1892 2886 1962 denique
2918 1893 3109 1948 adhuc
3141 1893 3198 1947 in
3233 1893 3399 1964 libro,
3446 1896 3639 1952 citatis
3671 1897 3943 1954 similiter

2297 1977 2634 2034 Tertulliani
2669 1980 2851 2034 nostri
2885 1980 3220 2047 verbis,ha3c
3253 1983 3533 2054 praemisit
3561 1985 3939 2056 (ldem,lib.v,

2295 2082 2418 2133 cap.
2449 2067 2504 2134 5,
2538 2083 2670 2139 pag.
2708 2068 2828 2138 169)
2861 2087 2874 2124 :
2910 2069 3127 2142 Μάρτυς
3159 2065 3216 2123 δὲ
3242 2069 3448 2124 τούτων
3477 2072 3673 2146 γένοιτ’
3702 2069 3760 2126 ἂν
3790 2073 3936 2144 ἀξιό-

2294 2171 2471 2227 χρεως
2501 2154 2528 2208 ὁ
2560 2152 2953 2230 Τερτυλλιανὸς
3001 2159 3070 2228 τῇ
3098 2157 3379 2233 Ῥωμαῖκῇ
3429 2159 3722 2234 συγκλήτῳ
3766 2183 3933 2237 προσ-

2291 2244 2506 2312 ωνήσας
2588 2243 2719 2317 ὑπὲρ
2789 2250 2890 2312 τῆς
2976 2243 3209 2308 πίστεως
3294 2246 3633 2322 ἀπολογίας,
3703 2252 3770 2318 ἧς
3842 2250 3934 2306 καὶ

2288 2329 2516 2404 πρόσθεν
2565 2331 3066 2406 ἐμνημονεύσαμεν,
3110 2337 3208 2404 τήν
3269 2357 3326 2390 τε
3381 2337 3620 2412 ἱστορίαν
3699 2333 3934 2414 βεϐαιῶν

2289 2419 2381 2472 οὖν
2457 2417 2723 2490 ἀποδείξει
2809 2422 3034 2494 μείζονι,
3093 2422 3182 2476 καὶ
3271 2423 3639 2502 ἐναργεστέρᾳ.
3729 2429 3831 2485 Sed
3881 2435 3936 2488 et

2292 2511 2678 2576 Tertullianus,
2736 2512 2819 2568 ita
2873 2513 3188 2584 interprete
3237 2513 3491 2580 Valesio,
3547 2517 3795 2589 ejusdem
3849 2522 3935 2576 rei

2288 2599 2519 2654 idoneus
2575 2603 2728 2656 testis
2782 2606 2861 2656 est
2912 2604 2970 2657 in
3020 2601 3394 2673 Apologetico,
3443 2623 3603 2677 quem
3651 2623 3753 2676 pro
3799 2609 3931 2679 ﬁdei

2285 2697 2489 2745 nostra:
2515 2689 2834 2760 defensione
2862 2692 2941 2746 ad
2987 2697 3240 2746 senatum
3300 2695 3451 2748 urbis
3507 2694 3687 2750 Romae
3735 2697 3926 2754 Latino

2283 2792 2530 2832 sermone
2568 2781 2911 2850 conscripsit,
2971 2782 3125 2848 cuius
3175 2781 3345 2836 etiam
3395 2798 3564 2853 supra
3593 2787 3926 2842 mentionem

2281 2866 2531 2934 ferimus,
2563 2866 2660 2922 ubi
2689 2868 2832 2923 hanc
2859 2869 3146 2924 historium
3200 2871 3465 2927 validiore
3491 2877 3652 2944 atque
3703 2874 3920 2931 eviden-

2284 2955 2421 3011 tiore
2446 2960 2767 3023 argumento
2787 2959 3096 3028 conﬁrmat.

2356 3059 2504 3115 725
2531 3061 2614 3115 Ad
2645 3061 2764 3116 haec
2784 3062 3328 3134 vero,Hieronymus
3345 3063 3402 3119 in
3422 3081 3530 3121 sua
3553 3066 3623 3121 ad
3645 3070 3920 3139 Magnum

2282 3146 2527 3218 epistola
2560 3149 2912 3220 (Hieronym.
2947 3154 3116 3222 epist.
3173 3152 3262 3221 83,
3295 3152 3366 3208 ad
3393 3153 3532 3224 Mag.
3585 3171 3716 3227 pag.
3747 3157 3876 3226 656)
3903 3175 3918 3214 :

532 3225 909 3281 remittuntur
968 3221 1166 3313 omnia
1223 3228 1479 3313 peccata,
1527 3221 1625 3276 sed
1685 3227 1806 3313 tota
1860 3219 2165 3313 elittmpei
2200 3211 2242 3279 (ἶ
2283 3211 2478 3302 {Quid
2511 3211 3106 3310 Tertulliaiio,inquit,
3128 3211 3436 3308 eruditius,
3459 3211 3600 3313 quid
3630 3211 3920 3302 a‘cutiusl‘l

531 3314 718 3386 gratia
749 3313 1076 3368 redimitur.
1112 3309 1341 3364 Gratias
1373 3310 1549 3381 igitur
1605 3310 1852 3378 agebant
1905 3307 2170 3363 ethnico-

529 3419 660 3458 rum
693 3400 1021 3465 sententiis,
1055 3398 1271 3469 quibus
1303 3400 1588 3468 damnati,
1650 3415 1684 3453 a
1758 3397 1872 3452 Deo
1905 3397 2164 3452 absolve-

530 3494 747 3548 bantur
761 3495 913 3561 (cap.
945 3489 1062 3559 50).

1146 3635 1462 3676 ARTICULUS
1491 3636 1552 3675 Il.

527 3729 838 3787 Ostenditur
867 3727 1265 3784 Tertullianum
1284 3743 1397 3782 esse
1451 3726 1618 3798 hujus
1668 3725 1801 3780 libri
1856 3732 2158 3796 auctorem,

591 3819 655 3857 ac
683 3803 804 3873 quis
833 3801 930 3855 ille
957 3802 1146 3873 fuerit,
1207 3813 1331 3873 quae
1362 3801 1491 3873 pejus
1541 3799 1756 3869 patria,
1807 3799 1903 3866 qui
1949 3814 2158 3873 paren-

589 3870 962 3944 tesfqnorum'
988 3871 1154 3946 falsis
1209 3870 1570 3939 religionibus
1625 3872 1865 3941 primum
1917 3870 2159 3925 imbutus

591 3947 724 4016 fuit.

587 4061 826 4116 Constat
873 4075 1032 4128 sane,
1089 4073 1156 4112 ac
1204 4055 1534 4111 communis
1587 4054 1870 4117 omnium,
1922 4056 2155 4114 nemine

517 4149 801 4204 hactenus
833 4147 1180 4218 refragante,
1216 4143 1504 4200 sententia
1564 4144 1673 4198 fuit
1727 4144 2153 4202 Tertullianum

515 4237 696 4309 hujus
732 4233 1242 4309 Apologeticilibri
1273 4249 1477 4288 verum
1535 4233 1972 4304 genuinumque
2024 4251 2153 4292 esse

509 4331 828 4382 auctorem.
863 4323 1075 4396 Siquis
1106 4326 1300 4378 tamen
1361 4324 1517 4376 certa
1568 4320 1811 4391 hujusce
1860 4323 2153 4394 Opinionis

510 4417 858 4487 argumenta
887 4413 998 4468 sibi
1032 4410 1272 4482 proferri
1327 4409 1640 4478 desiderat,
1693 4411 1923 4468 abunde
1953 4413 2000 4467 ei
2052 4430 2149 4468 sa-

506 4505 777 4561 tisfacere
807 4503 963 4558 haud
993 4499 1230 4557 difﬁcile
1261 4503 1369 4555 est.
1403 4499 1546 4554 Nam
1582 4504 1787 4571 praeter
1817 4501 2148 4573 complures

2277 3323 2686 3395 Apologeticus
2716 3329 2928 3398 ejus,et
2955 3329 3167 3385 Contra
3203 3335 3407 3402 gentes
3437 3331 3913 3398 libelli,cunctam

2277 3413 2470 3468 saeculi
2504 3416 2766 3470 obtinent
2793 3417 3184 3488 disciplinam.
3212 3441 3239 3468 »
3275 3419 3444 3475 Plura
3470 3426 3662 3475 autem
3694 3420 3754 3475 in
3786 3439 3910 3478 rem

2277 3502 2416 3558 adeo
2441 3508 2656 3558 certam
2711 3510 2768 3560 et
2815 3508 2958 3561 adeo
3016 3507 3341 3564 evidentem
3404 3524 3713 3580 congerere
3761 3510 3908 3566 nihil

2274 3606 2512 3648 necesse
2543 3601 2646 3663 est,
2680 3593 2794 3650 nisi
2833 3595 2974 3651 velis
3004 3596 3115 3666 ipsi
3174 3596 3284 3653 soli
3341 3597 3660 3654 meridiano
3716 3597 3907 3656 lucem

2273 3679 2488 3736 afferri.

2344 3771 2666 3840 Antequam
2699 3787 2830 3827 vero
2887 3772 2959 3828 ad
3017 3773 3173 3829 hunc
3231 3773 3448 3830 librum
3494 3793 3654 3832 more
3709 3783 3908 3833 nostro

2269 3858 2720 3915 examinandum
2750 3861 3076 3932 veniamus,
3135 3880 3320 3935 Opera;
3381 3865 3633 3936 pretium
3683 3871 3772 3922 est
3818 3865 3909 3921 in-

2267 3948 2553 4020 vestigare
2585 3949 2719 4021 quis
2749 3951 2843 4006 hic
2877 3952 3000 4022 ipse
3031 3952 3187 4008 illius
3235 3937 3440 4009 auctor
3489 3954 3678 4010 fuerit.
3713 3955 3908 4012 Primo

2266 4037 2463 4108 itaque
2493 4046 2767 4109 quatuor,
2809 4040 2968 4096 nullo
2999 4041 3190 4096 adhuc
3231 4042 3605 4109 reclamante,
3638 4044 3911 4100 feruntur

2265 4127 2384 4182 haec
2424 4133 2552 4197 ejus
2605 4131 2883 4187 nomina:
2947 4133 3200 4200 Quintus,
3280 4133 3602 4204 Septimius,
3661 4136 3904 4204 t'lorens,

2265 4219 2657 4274 Tertullianus.
2721 4219 3022 4275 Neminem
3094 4237 3226 4277 vero
3287 4238 3518 4279 movere
3557 4223 3730 4279 debet
3785 4224 3904 4278 haec

2261 4310 2346 4360 tm
2377 4307 2682 4362 nominum
2717 4309 2908 4364 turba.
2942 4313 3084 4364 Nam
3119 4309 3318 4381 plures
3357 4311 3600 4367 totidem
3625 4311 3903 4384 appellati

2261 4399 2489 4460 sunt,ut
2519 4395 2590 4450 ab
2621 4394 2749 4450 aliis
2781 4413 2898 4452 sua:
2921 4397 3134 4467 gentis,
3167 4413 3232 4453 ac
3262 4399 3494 4454 familiis
3538 4399 3901 4466 hominibus,

2261 4483 2764 4540 discernerentur.
2827 4485 3086 4541 Primum
3144 4492 3338 4543 autem
3389 4492 3514 4544 erat
3543 4505 3899 4560 praenomen,

508 4593 944 4664 manuscriptos
992 4588 1323 4645 remotioris
1379 4593 1434 4644 et
1484 4587 1774 4660 propioris
1819 4591 2006 4646 aetatis
2055 4609 2148 4647 co-

2280 4588 2374 4642 [uo
2407 4573 2478 4633 is.
2528 4573 2618 4628 cui
2678 4573 3108 4644 imponebatur,
3132 4577 3202 4631 ab
3234 4578 3512 4632 omnibus
3543 4577 3667 4632 suis
3709 4579 3901 4633 fratri-

509 4681 686 4750 dices,
716 4682 774 4736 in
807 4680 1020 4752 quibus
1043 4679 1137 4734 hic
1168 4677 1295 4749 ipse
1341 4676 1487 4732 liber
1515 4677 1858 4733 Tertulliani
1906 4679 2144 4736 nomine

502 4769 865 4838 inscribitur,
891 4768 1200 4828 Eusebius,
1235 4767 1406 4836 cujus
1467 4765 1576 4820 hac
1635 4765 1690 4820 in
1743 4783 1802 4820 re
1835 4768 1975 4824 ﬁdes
2001 4768 2144 4824 nulli

503 4864 777 4932 suspecta
803 4874 930 4913 esse
962 4856 1149 4924 debet,
1186 4861 1314 4929 post
1347 4855 1702 4926 transcripta
1733 4856 1997 4928 quaedam
2033 4858 2142 4912 hu—

499 4949 662 5019 iusce
711 4947 843 5002 libri
901 4947 1091 5015 verba,
1151 4945 1364 5000 ibidem
1444 4945 1657 5014 adjecit
1709 4962 1721 5000 :
1771 4947 1947 4999 Ταῦτα
2005 4948 2139 5022 Τερ-

498 5032 789 5097 τυλλιανὸς
831 5081 846 5107 ,
908 5033 1038 5096 τοὺς
1131 5031 1414 5105 Ῥωμαίων
1508 5031 1707 5103 νόμους
1814 5028 2142 5106 ἠκριϐωκὼς

498 5124 653 5200 ἀνὴρ,
713 5122 778 5178 τά
831 5145 889 5178 τι
943 5121 1085 5178 ἄλλα
1160 5118 1392 5192 ἔνδοξος,
1447 5119 1536 5174 καὶ
1595 5125 1700 5175 τῶν
1761 5120 1996 5193 μάλιστα
2049 5120 2134 5177 ἐπὶ

490 5211 716 5286 Ῥώμης
773 5212 1061 5286 λαμπρῶν,
1121 5209 1171 5265 ἐν
1239 5213 1306 5284 τῇ
1381 5208 1642 5286 γραφείσῃ
1715 5211 1809 5282 μὲν
1866 5210 2009 5283 αὐτῳ
2066 5216 2134 5283 τῇ

492 5301 782 5375 Ῥωμαίωτ
813 5306 989 5377 φωνῇ,
1017 5295 1416 5376 μεταϐληθείσῃ
1465 5295 1522 5352 δὶ
1566 5298 1653 5352 καὶ
1687 5298 1774 5353 ἐπὶ
1806 5301 1902 5368 τήν
1937 5299 2134 5355 Ἐλλά-

493 5388 556 5446 δα
587 5391 837 5466 γλῶσσαν
873 5392 1004 5467 ὑπὲρ
1037 5393 1372 5465 Χριστιανῶν
1431 5383 1700 5460 ἀπολογίᾳ
1747 5390 1977 5460 (Euseb.
2030 5391 2131 5445 lib.

490 5498 554 5550 ιι,
588 5481 788 5537 Eccles.
822 5480 947 5536 hist.
981 5496 1107 5550 cap.
1140 5482 1191 5545 ‘2,
1225 5494 1281 5548 p.
1317 5475 1425 5544 41).
1453 5477 1585 5540 Quae
1618 5474 1854 5545 quidem
1886 5477 2130 5532 Ruﬁnus

487 5569 573 5624 sic
606 5568 802 5625 Latine
829 5569 1250 5641 interpretatus
1282 5567 1372 5621 est
1405 5579 1418 5618 :
1454 5564 1582 5621 Haec
1615 5565 1994 5622 Tertullianus
2044 5568 2130 5622 vir

489 5663 542 5712 et
579 5657 760 5728 legum
781 5667 836 5714 et
864 5656 1272 5714 institutionum
1301 5654 1665 5711 Romanorum
1679 5657 2126 5728 peritissimus,et

2255 4661 2365 4715 bus
2388 4661 2672 4733 distingui
2727 4669 2943 4732 posset.
3001 4664 3226 4718 Etenim
3287 4665 3668 4735 praenomina,
3724 4667 3898 4722 sicuti

2256 4748 2429 4804 Varro
2462 4767 2566 4804 nos
2599 4751 2848 4814 monuit,
2880 4758 3018 4806 sunt
3049 4774 3074 4801 ‹‹
3106 4752 3378 4807 instituta
3408 4754 3479 4807 ad
3505 4770 3675 4808 usum
3696 4755 3896 4826 singu-

2254 4837 2421 4902 laria,
2454 4839 2670 4908 quibus
2723 4841 3199 4895 discernerentur
3223 4841 3462 4896 nomina
3485 4842 3793 4911 gentilitia,
3829 4850 3896 4900 ut

2252 4943 2285 4980 a
2317 4943 2560 4981 numero
2592 4927 2808 4995 Prima,
2841 4929 3124 4995 Secunda,
3158 4929 3373 4997 Tertia,
3396 4930 3697 4995 Quarta,in
3727 4931 3889 5001 viris,

2251 5020 2316 5068 ut
2344 5015 2616 5084 Quintus,
2649 5017 2876 5084 Sextus,
2922 5019 3228 5086 Decimus;
3261 5019 3345 5074 sic
3397 5019 3468 5075 ab
3500 5020 3635 5076 aliis
3690 5021 3888 5091 rebus,

2249 5118 2383 5156 cum
2410 5108 2606 5158 essent
2640 5105 2755 5158 duo
2787 5106 3042 5161 Terentii
3104 5111 3206 5161 aut
3261 5106 3482 5178 plures,
3513 5108 3888 5164 discernendi

2247 5207 2426 5246 causa
2455 5197 2520 5246 ut
2551 5193 2775 5264 aliquid
2809 5194 3109 5266 singulare
3144 5195 3446 5265 haberent,
3481 5199 3785 5264 notabant,
3820 5203 3886 5253 ut

2245 5282 2318 5334 ab
2349 5297 2414 5334 eo
2445 5280 2546 5350 qui
2571 5299 2739 5337 mane
2773 5290 2942 5338 natus
2966 5284 3274 5351 diceretur,
3311 5292 3374 5339 ut
3429 5291 3580 5340 esset
3629 5286 3881 5352 Manius,

2243 5370 2342 5439 qui
2374 5368 2500 5423 luce
2533 5370 2766 5440 Lucius,
2799 5372 2898 5442 qui
2932 5378 3064 5444 post
3095 5372 3275 5444 patris
3326 5381 3597 5440 mortem,
3631 5374 3884 5430 Posthu-

2242 5474 2373 5512 mus
2398 5481 2425 5506 »
2457 5458 2644 5528 (Varr.
2680 5460 2780 5515 lib.
2811 5478 2875 5526 ιι,
2907 5463 2978 5516 de
3002 5460 3146 5533 ling.
3183 5461 3365 5516 Latin.
3401 5480 3530 5534 pag.
3566 5464 3716 5534 126).

2306 5564 2529 5620 Nomen
2555 5581 2686 5622 vero
2714 5572 2838 5624 erat
2864 5567 3247 5642 gentilitium,
3308 5567 3428 5624 sive
3479 5585 3512 5624 a
3556 5575 3729 5642 gente
3774 5569 3873 5624 de-

2237 5658 2566 5726 sumptum,
2597 5671 2666 5712 ex
2704 5673 2822 5729 qua
2849 5673 3014 5715 suam
3049 5655 3264 5730 aliquis
3293 5657 3542 5715 ducebat
3564 5657 3872 5732 originem.
