4262 6352
381 302 499 363 805

1108 296 1191 358 IN
1233 294 1842 358 APOLOGETICUM
1886 295 1955 353 D.
2004 293 2098 354 LE
2142 295 2465 358 NOURRY
2515 295 3059 359 DISSERTATIO.

3666 297 3786 357 806

380 432 710 503 Cognomen
742 446 933 502 porro,
968 429 1120 500 quod
1173 428 1369 500 plures
1418 428 1490 482 ab
1540 425 1851 499 agnomine
1900 441 2014 481 non
2053 427 2109 494 Α
2209 426 2557 500 Carthagine
2597 428 2777 501 igitur
2805 429 2965 484 haud
3009 428 3184 485 dubie
3214 432 3386 484 natus
3444 431 3552 506 est,
3600 437 3787 501 patre,

380 521 773 592 distinguunt,
810 520 1016 574 datum
1040 524 1150 585 est,
1182 524 1245 573 ut
1267 534 1400 572 cum
1424 517 1483 571 in
1508 534 1623 571 una
1644 514 1866 570 familla
1897 515 2026 586 plu-

385 628 476 665 res
510 609 773 681 ejusdem
823 612 991 662 erant
1043 606 1322 673 nominis,
1368 604 1777 677 unusquisque
1823 619 1892 659 ex
1922 620 2035 672 qua

391 705 567 755 natus
617 698 843 764 fuisset,
903 696 1358 768 dignosceretur.
1419 697 1488 749 At
1543 695 1780 764 quidam
1838 697 2032 748 tamen

382 790 699 861 opinantur
729 804 1020 859 agnomen
1051 786 1179 841 ideo
1226 786 1472 851 dictum,
1506 786 1656 854 quod
1692 784 1880 839 tribus
1906 784 2032 854 jam

386 879 721 935 memoratis
768 876 1081 931 accesserit
1124 875 1210 930 vel
1262 875 1334 929 ob
1391 874 1734 946 praclarum
1798 872 2033 943 aliquod

383 968 562 1023 animi
620 965 826 1021 vitium
874 965 961 1020 vel
1012 964 1272 1036 corporis
1332 980 1581 1029 naevum,
1619 962 1705 1017 vel
1747 962 1922 1017 aliam
1956 963 2034 1016 si-

386 1057 585 1113 milem
644 1056 716 1111 ob
775 1071 1035 1110 causam.
1069 1054 1179 1109 Sed
1231 1054 1301 1108 de
1360 1053 1453 1107 his
1508 1053 1677 1123 plura
1735 1051 2033 1123 Sigonius,

383 1144 722 1218 Onuphrius
784 1145 1100 1213 Panvinus,
1163 1147 1219 1197 et
1269 1143 1368 1197 alii
1423 1142 1639 1211 (Sigon.
1699 1140 1762 1199 de
1818 1143 2032 1195 nomin.

385 1237 615 1291 Roman.
658 1235 885 1306 oap.5:
948 1231 1210 1303 Onuphr.
1262 1232 1336 1287 de
1391 1232 1609 1286 nomin.
1670 1230 1824 1285 Rom.
1883 1231 1909 1296 §
1972 1228 2036 1283 13

384 1330 441 1381 et
470 1325 577 1395 16).

456 1429 809 1487 Tertulliani
835 1428 1033 1500 itaque
1063 1444 1396 1501 praenonem
1432 1427 1540 1481 fuit
1589 1427 1845 1495 Quintus,
1877 1425 2036 1480 haud

386 1521 561 1576 dubie
592 1520 732 1590 quia
761 1520 969 1590 quinto
1014 1519 1166 1572 inter
1213 1518 1423 1572 fratres
1455 1532 1593 1571 suos
1624 1516 1829 1571 ordine
1861 1519 2035 1571 natus

389 1613 533 1665 erat.
554 1610 775 1664 Nomen
797 1608 1115 1679 Septimius,
1137 1608 1221 1661 uti
1247 1607 1373 1677 ipse
1396 1606 1488 1661 his
1506 1606 1800 1675 signiﬁcat
1820 1605 2033 1676 verbis,

391 1699 606 1770 quibus
637 1698 854 1753 librum
884 1696 949 1752 de
984 1696 1302 1765 Virginibus
1332 1694 1594 1761 vetandis,
1628 1694 1714 1749 sic
1746 1693 2030 1749 absolvit:

390 1811 418 1837 ‹‹
451 1787 580 1843 Haec
611 1804 745 1843 cum
772 1786 926 1842 bona
973 1801 1113 1857 pace
1158 1783 1511 1856 legentibus,
1554 1784 1858 1838 veritatem
1892 1799 2037 1837 con-
2068 1790 2115 1855 Β

389 1875 689 1932 suetudini
722 1873 1216 1947 praeponentibus,
1268 1890 1377 1944 pax
1415 1878 1472 1926 et
1510 1872 1697 1943 gratia
1730 1889 1761 1926 a
1793 1872 2037 1927 Domino

391 1971 589 2021 nostro
613 1969 751 2020 Jesu
798 1963 1087 2019 redundet
1137 1978 1271 2017 cum
1320 1961 1600 2032 Septimio
1651 1961 2036 2031 Tertulliano,

389 2055 559 2125 cujus
598 2055 706 2110 hoc
735 2052 1086 2124 Opusculum
1137 2055 1245 2106 est.
1284 2072 1309 2099 ››
1360 2050 1623 2121 (Tertull.
1657 2050 1756 2105 lib.
1788 2050 1853 2105 de
1891 2052 2033 2118 Virg.

389 2143 602 2199 vetand.
636 2159 762 2214 cap.
799 2142 908 2213 17).
943 2145 1163 2196 Nomen
1205 2145 1401 2194 autem
1454 2139 1596 2193 illud
1647 2140 1906 2207 Septimii
1939 2140 2038 2193 ha-

390 2232 535 2302 buit,
570 2231 708 2303 quia
738 2235 902 2285 ortus
932 2234 1020 2285 est
1052 2246 1119 2284 ex
1148 2228 1428 2299 Septimia
1470 2232 1659 2297 gente.
1710 2226 1855 2290 Quia
1906 2242 2039 2281 vero

391 2320 588 2391 plures
622 2324 791 2375 erant
816 2319 994 2389 hujus
1026 2317 1258 2372 familiae
1292 2316 1418 2385 viri,
1453 2316 1718 2371 additum
1750 2315 1800 2371 ei
1832 2331 2039 2385 cogno-

392 2426 525 2465 men
577 2411 801 2464 Ftorens
848 2408 1239 2475 Tertullianus,
1287 2405 1398 2460 nisi
1448 2405 1727 2476 probetur
1758 2422 1791 2459 a
1822 2420 2038 2475 cogno-

392 2498 548 2554 mine
579 2497 865 2569 distingui
897 2496 1042 2550 illud
1093 2510 1405 2566 agnomen,
1444 2494 1594 2563 quod
1627 2493 1739 2563 ipsi
1780 2492 2039 2563 aliquam

392 2587 770 2660 peculiarem,
805 2587 887 2640 uti
920 2584 1355 2649 annotavimus,
1390 2585 1461 2639 ob
1489 2599 1726 2638 causam
1762 2583 1837 2637 sit
1875 2583 2039 2651 adje-

392 2682 575 2733 ctum.

464 2786 769 2848 Caeterum,
814 2780 1049 2836 tametsi
1081 2783 1329 2849 quatuor
1370 2779 1483 2852 ipsi
1530 2780 1748 2834 fuerint
1780 2780 2040 2849 nomina,

394 2874 516 2929 solo
568 2869 953 2926 nihilominus
1000 2869 1345 2924 Tertulliani
1394 2869 1631 2923 nomine
1664 2869 1735 2922 ab
1768 2869 2039 2934 Eusebio,

396 2962 479 3017 uti
523 2962 646 3029 jam
696 2958 975 3025 vidimus,
1027 2962 1201 3028 atque
1254 2959 1326 3012 ab
1386 2958 1755 3029 Hieronymo,
1790 2960 1847 3010 et
1886 2956 2039 3024 aliis,

395 3047 894 3122 quemadmodum
928 3045 1080 3100 infra
1122 3061 1228 3101 nec
1276 3045 1453 3101 semel
1488 3045 2040 3111 animadvertemus,

396 3137 739 3210 appellatur.
773 3138 961 3207 Atque
993 3151 1059 3191 eo
1107 3134 1283 3189 etiam
1340 3134 1461 3190 solo
1510 3134 1880 3204 Apotoyeticus
1910 3134 2038 3203 ejus
2071 3154 2113 3221 ρ

397 3227 543 3283 liber
573 3227 632 3281 in
664 3224 1087 3296 manuscriptis
1118 3224 1335 3279 nostris
1364 3223 1667 3278 codicibus
1716 3222 2040 3294 inscriptus

396 3322 505 3373 est.

467 3409 591 3472 Qua
620 3408 817 3459 autem
853 3403 910 3458 in
957 3401 1255 3475 provincia
1298 3407 1355 3457 et
1403 3402 1547 3456 urbe
1596 3404 1768 3456 natus
1802 3400 1899 3471 sit,
1934 3417 2041 3457 nos

396 3495 565 3550 docet
598 3494 749 3549 726
781 3492 1168 3564 Hieronymus
1225 3491 1385 3547 hisce
1440 3490 1631 3546 verbis
1668 3508 1679 3545 :
1742 3489 2040 3545 Tertullia-

394 3600 567 3640 nus...
645 3583 946 3654 provinciae
1002 3582 1229 3652 Africae,
1278 3582 1522 3635 civitatis
1599 3579 2042 3650 Carthaginensis

387 3673 747 3745 (Hieronym.
812 3671 987 3725 Catal.
1047 3670 1313 3741 Scriptor.
1372 3670 1563 3725 eccles.
1625 3685 1750 3740 cap.
1783 3669 1872 3735 53,
1903 3686 2036 3741 pag.

389 3761 536 3833 115).
578 3760 967 3826 Quamobrem
1002 3758 1062 3813 in
1104 3759 1378 3814 chronico
1437 3759 1764 3814 Eusebiano
1823 3758 2041 3813 dicitur

388 3849 763 3906 Tertullianus
795 3848 929 3918 Afer
957 3847 1180 3918 (Chron.
1234 3848 1445 3903 Euseb.
1497 3849 1567 3902 ab
1616 3865 1789 3903 anna.
1823 3847 2036 3902 Christ.

385 3941 551 4008 208):
587 3939 657 3993 ab
690 3938 897 4008 Optato
940 3942 1134 3990 autem
1185 3938 1557 3991 Tertullianus
1592 3937 2039 4007 Carthaginensis

392 4029 607 4099 (Optat.
643 4025 743 4079 lib.
778 4040 819 4091 ι,
854 4024 917 4078 de
940 4024 1160 4078 schism.
1197 4028 1466 4080 Donatist.
1493 4042 1621 4097 pag.
1653 4027 1729 4092 8).
1764 4026 1867 4080 Sed
1898 4025 2037 4096 quid

388 4116 643 4172 testibus
674 4130 821 4185 opus
856 4117 946 4167 est
978 4112 1267 4182 pluribus,
1300 4130 1431 4168 cum
1466 4114 1713 4184 ipsemet
1738 4113 2040 4168 Tertullia-

386 4222 499 4260 nus
531 4203 780 4276 patriam
815 4218 983 4257 suam
1018 4200 1128 4269 his,
1162 4218 1289 4273 quae
1326 4201 1383 4256 in
1417 4201 1538 4271 illo,
1573 4204 1643 4257 de
1675 4219 1790 4274 quo
1823 4202 2035 4274 agitur,

384 4295 719 4363 Apologetico
750 4291 1024 4363 legimus,
1055 4290 1247 4345 verbis
1277 4290 1495 4345 indicet
1517 4292 1544 4344 ?
1590 4293 1845 4347 Infantes
1879 4312 1906 4339 «
1940 4307 2037 4362 pe-

386 4401 489 4441 nes
520 4383 773 4438 Africam
824 4384 1073 4435 Saturno
1123 4380 1585 4435 immolabantur
1622 4380 1814 4452 palam
1851 4396 2038 4451 usque

386 4474 457 4529 ad
510 4469 991 4544 proconsulatum
1048 4469 1283 4524 Tiberii.
1331 4511 1343 4523 .
1390 4511 1403 4523 .
1450 4512 1463 4524 .
1510 4513 1521 4525 .
1568 4511 1580 4525 .
1626 4474 1771 4525 teste
1826 4468 2039 4523 militia

386 4564 587 4635 patriis
648 4565 857 4616 nostra:
908 4575 1034 4631 qua
1086 4558 1339 4629 idipsum
1402 4576 1621 4614 munus
1667 4558 1751 4613 illi
1787 4575 2033 4631 procon-

386 4652 497 4708 suli
528 4652 725 4706 functa
755 4654 840 4704 est
874 4672 895 4701 ι
952 4647 1300 4703 Tertullian.
1353 4648 1631 4719 Apologet.
1681 4666 1808 4719 cap.
1855 4650 1932 4713 9).
1967 4649 2038 4702 At

386 4742 627 4813 insuper
674 4754 737 4794 se
792 4736 1141 4808 Carthagine
1201 4745 1401 4792 natum
1455 4738 1636 4792 fuisse
1689 4738 2040 4793 testiﬁcatur

387 4830 500 4886 alio
555 4830 614 4885 in
671 4828 842 4894 libro,
919 4842 1094 4897 quem
1170 4826 1730 4898 Carthaginensibus
1799 4827 2032 4882 obtulit.

389 4918 713 4975 Oblivionis
730 4917 887 4973 enim
915 4916 1122 4970 vitium
1151 4914 1230 4969 ibi
1253 4914 1338 4970 eis
1363 4916 1492 4971 ideo
1524 4918 1854 4987 exprobrat,
1881 4917 2035 4987 quod

388 5008 495 5063 etsi
530 5008 708 5063 ariete
739 5006 879 5060 olim
913 5006 971 5059 in
1004 5004 1175 5059 bellis
1227 5022 1333 5059 usu
1386 5006 1674 5061 fuissent:
1706 5028 1733 5056 ‹‹
1769 5006 1911 5061 Cum
1950 5011 2038 5061 ta-

390 5112 545 5163 men,
598 5094 809 5167 inquit,
862 5092 1196 5148 ultimarent
1242 5097 1505 5165 tempora
1545 5096 1765 5167 patriae.
1801 5100 1857 5149 et
1888 5095 2038 5150 aries

382 5184 507 5255 jam
560 5184 858 5239 Romanus
898 5182 955 5236 in
1004 5198 1208 5237 muros
1257 5184 1554 5253 quondam
1605 5201 1743 5240 suos
1775 5185 2037 5251 auderet,

390 5264 928 5344 obstupuereillico
960 5270 1467 5342 Carthaginenses,
1501 5278 1565 5327 ut
1601 5291 1813 5330 novum
1846 5280 2039 5329 extra-

392 5378 568 5417 neum
620 5360 919 5431 ingenium
967 5380 993 5407 n
1057 5359 1234 5429 (Idem
1268 5359 1349 5415 lib
1418 5361 1483 5416 de
1540 5364 1742 5429 Pallio,
1802 5380 1928 5433 cap.
1963 5363 2037 5430 1).

392 5453 595 5509 Nonne
630 5454 822 5505 autem
858 5448 991 5503 inde
1049 5446 1240 5518 colligi
1300 5453 1493 5520 potest
1553 5452 1644 5506 his
1701 5451 1889 5507 verbis
1922 5467 2037 5505 non

392 5545 583 5599 minus
613 5540 765 5596 claro
798 5554 988 5607 suam,
1025 5552 1202 5609 quam
1242 5537 1479 5596 illorum
1516 5559 1661 5613 quos
1694 5540 2036 5612 alloquitur,

393 5631 645 5703 patriam
676 5630 746 5686 ab
779 5627 879 5684 illo
912 5625 1257 5699 designari?

2149 523 2211 571 ut
2239 519 2323 573 ait
2379 518 2787 591 Hieronymus,
2845 521 3165 575 centurione
3216 518 3647 588 proconsulari:
3698 518 3787 573 vel

2145 606 2297 662 sicut
2351 608 2411 662 in
2470 610 2703 664 Eusebii
2759 608 3039 663 Chronico
3115 606 3370 678 legimus
3417 624 3429 661 :
3508 607 3605 662 ille
3661 624 3786 663 cen-

2143 698 2388 751 turionis
2440 699 2846 769 proconsntaris
2903 699 3055 768 ﬁlius
3111 698 3238 751 fuit.
3298 698 3370 751 At
3427 714 3541 751 non
3577 714 3786 767 magno

2144 786 2383 857 quidem
2417 787 2475 841 in
2510 787 2724 842 honore
2747 791 2912 842 erant
2941 784 3305 857 proconsulis
3333 785 3704 841 centuriones
3731 791 3789 842 et

2146 876 2402 943 milites;
2439 880 2639 947 utpote
2671 876 2769 948 qui
2821 875 2979 931 illius
3030 874 3414 946 apparitores,
3448 873 3585 928 vilia
3615 876 3786 930 mini-

2145 964 2321 1020 steria
2352 964 2511 1020 obire
2542 970 2965 1020 consueverant
2992 964 3350 1035 (Hieronym.
3388 962 3565 1019 Cutut.
3597 966 3784 1035 script.

2144 1054 2288 1108 Eccl.
2341 1071 2467 1123 cap.
2528 1055 2617 1117 53,
2678 1071 2733 1124 p.
2794 1054 2934 1120 115;
2995 1054 3193 1109 Chron.
3256 1053 3492 1121 Euseb,
3543 1054 3613 1107 ad
3646 1070 3784 1107 ann.

2145 1142 2360 1197 Christ.
2388 1144 2535 1210 208).

2218 1231 2296 1285 Ab
2330 1230 2436 1286 hoc
2484 1236 2678 1286 autem
2738 1234 2900 1303 patre
2957 1247 3063 1287 suo
3118 1229 3535 1299 Tertullianus,
3569 1234 3626 1287 et
3656 1230 3788 1287 aliis

2147 1337 2303 1375 nunc
2357 1319 2673 1392 incognitis
2730 1320 3071 1391 parentibus
3128 1320 3253 1376 suis
3308 1319 3559 1375 ethnicis
3603 1324 3789 1391 ortus,

2148 1411 2431 1465 nefandas
2462 1410 2695 1466 illorum
2727 1410 3176 1481 superstitiones
3216 1426 3349 1464 cum
3411 1410 3562 1465 lacte
3609 1410 3786 1475 suxit,

2148 1499 2461 1570 palamque
2492 1502 2693 1570 postea
2741 1499 3044 1569 professus
3086 1503 3193 1553 est.
3226 1499 3371 1553 Nam
3405 1498 3503 1553 ubi
3536 1500 3605 1555 de
3634 1499 3785 1555 veris

2147 1588 2612 1642 Christianorum
2637 1588 3012 1659 dogmatibus
3039 1587 3318 1657 disputat,
3339 1590 3573 1643 eosdem
3596 1587 3787 1643 ethni-

2146 1693 2245 1731 cos
2276 1675 2359 1731 sie
2385 1675 2631 1731 alfatur:
2678 1676 2808 1731 Haec
2857 1697 2885 1725 ‹‹
2918 1684 2972 1729 et
3018 1691 3123 1730 nos
3162 1674 3400 1731 risimus
3429 1674 3786 1745 aliquando;

2148 1765 2216 1819 de
2236 1764 2445 1819 vestris
2470 1764 2718 1820 fuimus:
2746 1765 2914 1832 fiunt,
2943 1780 3055 1819 non
3081 1768 3404 1819 nascuntur
3430 1763 3788 1819 Christiani»

2148 1853 2517 1925 (Tertullian.
2571 1854 2843 1925 Apotoget.
2904 1869 3031 1924 cap.
3095 1852 3201 1923 18).
3263 1853 3443 1908 Suam
3495 1868 3646 1922 vero,
3679 1868 3795 1922 qua

2148 1945 2287 1994 tunc
2310 1940 2631 2008 laborabat,
2656 1941 2998 2007 caecitatem,
3022 1956 3087 1996 ac
3110 1942 3229 1995 veri
3254 1940 3355 1995 Dei
3382 1940 3793 2011 ignorantiam,

2149 2029 2239 2084 his
2269 2029 2461 2085 verbis
2489 2029 2602 2085 alio
2644 2030 2703 2084 in
2754 2028 2902 2085 libro
2950 2028 3247 2101 deplorat:
3304 2053 3324 2079 ι
3362 2028 3796 2099 Pcenitentiam,

2151 2118 2257 2173 hoc
2286 2135 2473 2189 genus
2505 2118 2836 2183 hominum,
2896 2119 3051 2188 quod
3084 2124 3139 2172 et
3177 2118 3289 2189 ipsi
3347 2124 3501 2174 retro
3550 2118 3794 2185 fuimus,

2149 2206 2302 2275 caeci,
2337 2207 2462 2262 sine
2511 2207 2746 2262 Domini
2804 2207 3048 2277 lumine,
3111 2214 3320 2262 natura
3359 2212 3530 2263 tenus
3563 2215 3794 2273 norant,

2150 2296 2484 2367 passionem
2534 2296 2715 2350 animi
2765 2296 3080 2367 quamdam
3126 2312 3273 2362 esse,
3300 2313 3425 2368 quae
3474 2296 3671 2351 veniat
3720 2296 3792 2350 de

2149 2385 2369 2440 oli'ensa
2408 2386 2712 2440 sententia:
2771 2384 2982 2456 prioris
3041 2384 3193 2455 (Init.
3230 2384 3332 2439 lib.
3384 2384 3449 2439 de
3496 2386 3788 2440 Pcenitent.

2150 2490 2277 2545 cap.
2314 2476 2389 2542 1).

2219 2568 2364 2618 Tum
2388 2580 2545 2635 ergo,
2579 2564 3077 2635 quemadmodum
3110 2562 3325 2619 eruditi
3375 2562 3481 2618 viri
3529 2563 3801 2620 observa-

2151 2658 2378 2723 verunt,
2409 2653 2527 2707 veri
2585 2652 2682 2707 Dei
2743 2658 2799 2707 et
2854 2652 3194 2707 Christiana:
3237 2650 3537 2725 religionis
3570 2651 3794 2708 lumine

2151 2742 2433 2814 privatus,
2471 2741 2731 2813 profanis
2764 2741 3117 2813 spectaculis
3147 2740 3568 2797 delectabatur.
3592 2741 3671 2797 De
3702 2742 3795 2797 his

2151 2832 2307 2887 enim
2369 2831 2581 2886 alicubi
2642 2831 2821 2885 dixit:
2888 2855 2908 2880 ι
2947 2830 3096 2885 Malo
3150 2848 3263 2886 non
3318 2830 3587 2903 implere,
3619 2848 3797 2903 quam

2153 2919 2494 2975 meminisse
2531 2941 2557 2969 ››
2589 2920 2691 2989 (De
2719 2919 2958 2990 Spectac.
2993 2936 3120 2990 cap.
3155 2920 3264 2991 19).
3298 2920 3447 2983 Quin
3472 2919 3649 2975 etiam
3682 2938 3796 2977 non

2152 3009 2278 3064 sine
2310 3008 2489 3063 animi
2530 3008 2727 3063 dolore
2786 3010 3095 3064 confitetur
3154 3025 3215 3063 se
3265 3008 3323 3063 in
3384 3008 3577 3079 turpia
3606 3009 3800 3066 carnis

2151 3097 2293 3155 vitia
2324 3114 2451 3152 esse
2485 3097 2820 3168 prolapsum
2848 3115 2860 3153 :
2895 3120 2921 3146 ‹‹
2957 3104 3073 3168 Ego
3112 3097 3290 3165 enim,
3323 3096 3647 3168 inquiebat,
3680 3100 3798 3155 scio

2154 3204 2246 3241 me
2302 3202 2486 3257 neque
2540 3186 2656 3241 alia
2712 3203 2886 3241 carne
2943 3186 3231 3241 adulteria
3279 3187 3663 3257 commisisse,
3701 3203 3802 3242 ne-

2153 3292 2264 3348 que
2311 3279 2454 3329 tunc
2509 3275 2867 3345 (legendum,
2928 3278 3102 3346 nunc)
3162 3274 3275 3329 alia
3313 3291 3485 3329 carne
3516 3276 3585 3329 ad
3615 3276 3799 3331 conti-

2152 3365 2413 3419 nentiam
2445 3363 2607 3418 eniti.
2638 3384 2666 3411 ››
2702 3368 2803 3431 (De
2834 3364 3140 3418 Resurrect.
3178 3378 3329 3417 earn.
3381 3380 3508 3434 cap.
3538 3364 3651 3434 59).
3687 3370 3799 3421 Nec

2152 3454 2350 3509 minus
2408 3458 2607 3524 aperte
2659 3452 2918 3507 declarat
2991 3468 3051 3507 se
3114 3451 3364 3507 aliorum
3426 3459 3799 3524 peccatorum

2151 3558 2392 3595 suorum
2452 3540 2829 3613 poenituisse:
2892 3542 3039 3595 «Tu
3098 3546 3368 3613 peccator
3410 3543 3525 3598 mei
3564 3542 3797 3615 similis,

2149 3630 2267 3686 imo
2300 3647 2391 3687 me
2423 3631 2633 3685 minor.
2664 3630 2780 3702 Ego
2830 3629 2985 3684 enim
3044 3630 3445 3702 praastantiam
3480 3632 3536 3686 in
3570 3631 3799 3691 delictis

2150 3736 2340 3775 meam
2372 3736 2620 3791 agnosco
2655 3743 2676 3771 ι
2715 3721 2817 3789 (De
2862 3720 3156 3774 Pcenitent.
3192 3736 3319 3792 cap.
3364 3721 3437 3793 4).
3483 3722 3562 3777 Ac
3593 3740 3798 3779 rursus

2149 3814 2384 3882 postea:
2419 3832 2446 3859 ‹‹
2481 3813 2753 3863 Peccator
2782 3809 3048 3863 omnium
3085 3813 3355 3864 notarum
3385 3826 3518 3865 cum
3552 3811 3799 3880 sim,nec

2152 3898 2251 3953 ulli
2302 3898 2383 3953 rei
2445 3898 2588 3953 727
2647 3897 2761 3952 nisi
2818 3898 3172 3968 paenitentiae
3230 3904 3424 3967 natus,
3484 3916 3597 3953 non
3633 3900 3797 3955 facile

2150 4005 2391 4059 possum
2446 4004 2622 4058 super
2680 4003 2747 4041 ea
2800 4004 2860 4041 re
2917 3991 3108 4042 tacere
3138 4007 3163 4037 ι»
3201 3988 3296 4057 (De
3345 3988 3636 4041 Pwnitent.
3669 4004 3775 4060 cap

2151 4078 2259 4145 12).
2310 4079 2382 4131 At
2440 4075 2586 4130 nulli
2634 4074 2835 4146 procul
2888 4075 3067 4131 dubio
3126 4076 3341 4130 mirum
3405 4075 3713 4145 videbitur,
3747 4076 3798 4132 si

2147 4165 2413 4220 ethnicus
2470 4166 2667 4229 homo,
2707 4167 2803 4235 qui
2857 4165 2993 4219 deos
3052 4163 3367 4231 adulteros,
3410 4169 3465 4218 et
3516 4165 3798 4222 adulteris

2146 4256 2373 4326 pejores
2405 4255 2707 4319 adorabat,
2767 4271 2969 4309 eorum
3030 4252 3313 4325 exempla,
3349 4254 3502 4309 sicut
3530 4253 3796 4313 Chmreas

2147 4344 2301 4415 apud
2334 4344 2672 4398 Terentium
2706 4342 2982 4413 (Eunuch.
3037 4348 3147 4397 act.
3200 4342 3297 4413 III,
3342 4359 3500 4398 scen.
3532 4344 3587 4411 5,
3620 4361 3671 4397 ν.
3708 4344 3797 4414 43)

2147 4432 2315 4503 sequi
2348 4431 2614 4486 voluerit.
2668 4432 2779 4487 Sed
2835 4436 3067 4503 quanta:
3118 4432 3240 4487 haec
3285 4430 3535 4487 crimina
3571 4432 3797 4488 Tertul-

2068 4540 2114 4605 D
2148 4522 2300 4577 liano
2332 4521 2471 4577 olim
2505 4521 2694 4575 etnico
2727 4520 3031 4592 voluptati,
3068 4525 3227 4576 tanto
3260 4520 3371 4592 ipsi
3406 4520 3798 4577 Christianam

2150 4616 2352 4683 postea
2412 4609 2751 4681 religionem
2820 4611 3136 4681 profitenti,
3190 4610 3271 4665 uti
3334 4627 3401 4665 ex
3436 4611 3565 4681 ejus
3611 4610 3797 4678 libris,

2149 4706 2325 4771 atque
2382 4699 2490 4754 hoc
2552 4699 2873 4771 pressertim
2928 4698 3321 4771 Apologetico,
3355 4704 3534 4771 patet,
3570 4700 3797 4757 horrori

2151 4791 2409 4845 fuerunt.

2751 4974 3069 5014 ARTICULUS
3100 4975 3183 5015 Ill.

2152 5059 2358 5129 Quibus
2399 5059 2708 5113 rationibus
2757 5058 3137 5113 Tertullianus
3183 5059 3253 5113 ad
3306 5059 3679 5115 Christianam
3707 5075 3795 5115 r8-

2222 5130 2480 5202 ligionem
2508 5131 2804 5196 adductus,
2837 5136 2892 5185 et
2920 5130 3137 5203 quando
3167 5148 3287 5186 eam
3314 5131 3593 5205 professus
3623 5139 3721 5187 est.

2221 5274 2443 5337 Quibus
2469 5272 2868 5328 Tertullianus
2902 5273 3228 5328 rationibus
3261 5273 3331 5327 ad
3365 5272 3575 5328 Christi
3619 5272 3793 5328 fidem

2150 5363 2597 5434 amplexandam
2632 5360 2924 5432 impulsus
2975 5362 3072 5426 sit,
3111 5361 3156 5415 si
3182 5412 3187 5417 ,
3211 5360 3343 5431 quis
3375 5359 3649 5431 postulat,
3680 5359 3731 5415 is
3763 5376 3797 5415 a

2150 5451 2392 5522 Georgio
2456 5450 2826 5504 Ambiauensi
2887 5448 3180 5519 Capucino
3232 5448 3431 5503 audiet
3483 5453 3601 5503 tres
3661 5448 3794 5505 illas

2150 5541 2367 5597 fuisse:
2402 5539 2870 5596 Christianorum
2929 5537 3351 5604 innocentiam,
3394 5536 3797 5597 excellentiam

2154 5647 2329 5686 sacrae
2380 5629 2714 5701 Seripturae,
2765 5643 2829 5684 ac
2870 5626 3083 5685 miram
3135 5626 3473 5685 eorumdem
3512 5626 3797 5688 Christia-
