4262 6416
504 351 620 412 807

1022 348 1543 412 TERTULLIANI
1590 351 1912 412 OPERUM
1963 351 2160 412 PARS
2205 352 2252 411 l.
2287 386 2364 398 —
2393 355 2668 417 SERIES
2711 358 2759 431 Ι,
2805 358 3380 421 APOLOGETICA.

3782 366 3908 426 808

502 499 712 539 norum
767 481 827 537 in
886 482 1178 537 daemones
1261 485 1608 554 potestatem
1697 482 1926 556 (Georg.
1982 483 2138 540 vind.
2169 496 2224 562 Α
2251 485 2404 546 enim
2437 485 2764 546 luminibus
2794 490 2914 545 haec
2947 492 3162 548 veritas
3192 491 3472 564 fulgebat,
3507 497 3570 549 ut
3603 495 3678 550 ab
3711 497 3913 552 omni-

508 575 727 631 Tertull.
790 579 938 646 part.
999 589 1062 636 ιι,
1115 578 1322 645 quaeet.
1387 575 1412 628 1
1478 579 1535 630 et
1606 574 1682 646 2).
1747 575 1963 630 Verum
2027 575 2145 629 haec

503 664 651 736 ipsa,
681 662 1054 734 quantumvis
1093 663 1309 730 valida,
1365 663 1656 718 rationum
1705 667 2002 718 momenta
2050 663 2148 718 ille

505 754 730 822 eadem,
764 768 876 821 qua
923 754 1266 822 astruxerat,
1303 768 1478 806 manu
1530 753 1798 807 destruit.
1831 752 1975 807 Nam
2010 769 2147 806 con-

502 844 754 897 tinenter
778 840 1046 910 abjunxit
1078 840 1342 895 ethnicos
1386 841 1759 911 Judazosque,
1791 839 1996 911 quales
2033 841 2146 895 uti-

505 946 616 1002 que
675 933 841 984 erant
898 928 1202 1000 Ulpianus,
1263 934 1318 983 et
1375 930 1709 995 Suetonius,
1769 930 2058 1000 Josephus
2091 933 2148 983 et

506 1019 690 1083 Philo,
724 1017 985 1088 aliosque
1017 1017 1389 1072 doctissimos
1421 1018 1593 1088 viros,
1630 1019 1788 1072 hisce
1823 1018 2147 1072 rationibus

506 1125 622 1163 non
687 1107 881 1161 minus
939 1110 1181 1172 attento,
1244 1123 1419 1177 quam
1486 1107 1900 1172 Tertullianus,
1953 1108 2146 1162 animo

507 1196 866 1269 ponderatis,
901 1211 1016 1250 non
1059 1195 1318 1266 potuisse
1368 1197 1435 1249 ari
1473 1197 1814 1250 Christianis
1847 1195 2148 1267 religionis

506 1284 926 1359 professionem
987 1285 1215 1339 adduci.
1264 1286 1649 1352 Quamobrem
1697 1290 1865 1357 putat
1920 1283 2148 1340 Tertul-

505 1375 728 1429 lianum
777 1377 1077 1428 nutantem
1138 1373 1349 1442 adhuc,
1385 1391 1448 1428 ac
1499 1374 1902 1442 fluctuantem,
1954 1373 2150 1445 aliqua

506 1463 790 1535 singulari
825 1463 1136 1534 divinaque
1166 1462 1388 1517 visione
1428 1462 1774 1534 impulsum,
1807 1463 2148 1516 Christianae

506 1551 771 1624 religioni
829 1567 1000 1607 suum
1061 1551 1292 1606 dedisse
1364 1569 1610 1608 nomen.
1664 1552 1772 1606 Sed
1831 1552 2149 1614 undenam,

506 1657 723 1715 quaeso,
770 1639 1053 1711 Georgius
1093 1639 1297 1694 didicit
1329 1657 1360 1694 a
1392 1641 1728 1695 memoratis
1775 1639 1847 1693 ab
1896 1655 1962 1695 eo
2015 1655 2147 1694 cum

511 1729 831 1803 gentilibus
863 1733 987 1782 tum
1018 1727 1230 1783 Iudaeis
1285 1728 1417 1782 illas
1450 1727 1797 1783 Christianae
1849 1725 2149 1798 religionis

2258 576 2368 630 bus
2391 575 2719 633 voluntaria
2751 580 3148 636 obstinatione
3180 598 3291 636 non
3325 582 3654 649 obcaecatis,
3699 586 3900 640 statim

2257 665 2678 736 susciperetur.
2729 669 2836 722 Sed
2893 669 3096 723 audias
3148 668 3316 724 velim
3361 669 3526 725 illum
3572 671 3694 726 haec
3731 689 3909 729 enar-

2259 759 2526 810 rantem:
2569 778 2595 804 «
2630 756 3051 810 Testimonium
3095 757 3434 827 ignorantiae
3486 765 3598 826 est,
3635 777 3763 832 quae
3798 763 3912 817 ini-

2259 841 2542 911 quitatem
2577 845 2716 899 dum
2771 849 3032 910 excusat,
3093 847 3480 916 condemnat;
3529 865 3659 902 cum
3695 867 3902 907 omnes

2258 930 2351 999 qui
2387 936 2536 986 retro
2569 934 2829 1003 oderant,
2865 934 3005 1004 quia
3036 933 3386 1006 ignorabant
3422 937 3592 1009 quale
3625 938 3700 992 sit
3746 942 3907 1011 quod

2258 1021 2521 1085 oderant,
2582 1021 2760 1075 simul
2835 1022 3114 1076 desinunt
3190 1022 3478 1096 ignorare,
3554 1033 3792 1083 cessant
3846 1034 3911 1083 et

2258 1108 2472 1162 odisse.
2528 1108 2606 1188 Ex
2664 1109 2756 1163 his
2814 1110 2964 1164 fiunt
3021 1110 3360 1182 Christiani,
3411 1114 3613 1184 utique
3644 1116 3713 1169 de
3745 1132 3905 1171 com~

2260 1201 2445 1267 perto.
2477 1203 2533 1251 et
2566 1198 2850 1269 incipiunt
2901 1199 3094 1254 odisse
3150 1201 3303 1270 quod
3356 1202 3606 1264 fuerant,
3641 1209 3695 1258 et
3725 1205 3904 1276 profl-

2257 1285 2367 1338 teri
2399 1286 2552 1355 quod
2585 1287 2828 1342 oderant
2863 1310 2882 1334 ι
2935 1288 3092 1359 (Ibid.
3153 1307 3278 1360 cap.
3340 1291 3414 1361 1).
3459 1293 3528 1345 At
3559 1299 3711 1347 certe
3741 1293 3790 1349 si
3823 1300 3910 1351 tot

2261 1374 2531 1444 gentiles,
2566 1376 2784 1429 fatente
2814 1375 3064 1447 ipsemet
3085 1378 3462 1448 Tertulliano,
3483 1379 3574 1436 his
3605 1383 3908 1450 omnibus,

2261 1471 2360 1516 aut
2413 1463 2666 1535 singulis
2726 1464 3050 1519 rationibus
3128 1467 3262 1522 facti
3333 1473 3473 1523 sunt
3548 1469 3904 1527 Christiani:

2262 1556 2478 1622 quanto
2513 1552 2700 1624 magis
2733 1551 2827 1607 ille
2876 1555 2970 1608 cui
3018 1556 3161 1610 adeo
3212 1562 3507 1628 comperta
3539 1559 3648 1613 fuit
3678 1559 3906 1616 falsitas

2259 1639 2558 1710 religionis
2606 1641 2973 1697 ethnicorum
3034 1649 3092 1698 et
3146 1644 3487 1700 Christianas.
3535 1647 3767 1704 veritas.
3819 1651 3902 1705 Ad
4000 1645 4006 1648 ’

2257 1727 2416 1783 illam
2467 1729 2644 1800 igitur
2695 1731 3092 1799 rejiciendam,
3146 1739 3202 1788 et
3260 1734 3409 1789 hanc
3450 1735 3900 1808 amplexandani

502 1817 876 1890 probationes
925 1819 1088 1915 tanta
1129 1821 1363 1915 quanta.
1390 1832 1422 1870 a
1451 1815 1810 1871 Tertulliano
1845 1815 2025 1870 animi
2048 1820 2146 1926 ft-
2181 1863 2225 1926 Β
2260 1833 2406 1888 Opus
2440 1835 2552 1872 non
2585 1818 2794 1874 habuit
2821 1836 2907 1887 ea,
2950 1837 3124 1892 quam
3156 1823 3436 1894 Georgius
3468 1824 3655 1897 ﬁnxit,
3705 1826 3903 1882 divina

501 1907 777 1977 tentione,
811 1905 1103 1978 aequitate,
1155 1905 1491 1960 sinceritate
1523 1921 1806 1976 expensas
1839 1908 1896 1959 et
1926 1904 2145 1975 ponde—

501 1994 706 2050 ratas?
736 1994 896 2050 Unde
938 1993 1112 2049 etiam
1160 1993 1382 2065 accepit
1427 1993 1850 2048 Tertullianum
1893 1992 1994 2047 illa
2025 1991 2147 2047 sin-

503 2083 691 2155 gulari
722 2083 944 2138 visione
977 2082 1156 2137 fuisse
1201 2083 1508 2153 donatum,
1555 2099 1672 2153 qua
1702 2081 1982 2154 privatus,
2017 2080 2147 2136 aliis

501 2171 928 2244 quantumlibet
957 2170 1339 2226 validissimis
1369 2171 1717 2238 rationibus,
1754 2171 1822 2225 ad
1870 2169 2147 2224 Christia-

502 2277 638 2316 nam
672 2260 1010 2332 religionem
1042 2259 1252 2314 adduci
1297 2275 1601 2330 nunquam
1653 2258 1981 2330 potuisset?
2031 2258 2148 2312 Sic-

503 2351 631 2405 cins
685 2365 821 2421 ergo
877 2349 1210 2404 Christiano
1269 2348 1659 2420 religiosoque
1731 2347 1953 2403 homini
2017 2347 2150 2401 licet

506 2455 664 2495 mera
714 2454 899 2510 eaque
944 2437 1239 2493 levissima
1287 2439 1624 2507 conjectura
1673 2453 1876 2492 eorum
1923 2435 2038 2490 vim
2092 2441 2150 2490 et

504 2529 682 2583 robur
712 2527 1010 2581 infirmare
1036 2531 1536 2597 argumentorum,
1563 2525 1779 2596 quibus
1805 2525 2146 2580 Christianis

501 2617 806 2690 religionis
835 2617 1074 2685 veritas,
1126 2621 1190 2670 ut
1240 2617 1392 2671 infra
1439 2618 1844 2680 ostendemus,
1884 2615 2146 2670 invictis-

502 2705 650 2758 sime
684 2702 1167 2758 demonstratur?
1207 2703 1316 2757 Sed
1371 2703 1575 2758 doctus
1619 2703 1718 2757 ille
1767 2701 1853 2755 vir
1882 2702 2146 2756 animum

504 2793 659 2847 haud
689 2791 863 2845 dubie
893 2807 1003 2845 non
1046 2789 1188 2846 satis
1248 2791 1573 2846 adverterat
1603 2791 1673 2846 ad
1705 2807 1772 2846 ea
1802 2790 2148 2845 Tertulliani

505 2881 564 2935 in
599 2880 939 2950 Apologetico
961 2880 1032 2934 de
1058 2879 1374 2951 Martyrum
1402 2879 1678 2951 patientia
1710 2881 1882 2934 verba
1909 2896 1920 2933 :
1956 2902 1984 2929 «
2008 2879 2149 2943 Quis

505 2985 620 3024 non
669 2967 1159 3040 contemplatione
1205 2969 1332 3037 ejus
1377 2967 1708 3023 concutitur
1749 2969 1818 3022 ad
1855 2968 2149 3038 requiren-

505 3058 644 3112 dum
676 3055 813 3128 quid
846 3055 1008 3112 intus
1039 3055 1097 3110 in
1132 3071 1191 3110 re
1223 3055 1503 3120 sit?Quis
1529 3073 1661 3122 non,
1690 3057 1787 3111 ubi
1821 3057 2146 3127 requisivit,

505 3145 770 3202 accedit?
815 3144 922 3200 Ubi
955 3145 1227 3213 accessit,
1265 3146 1411 3201 mori
1462 3150 1691 3216 exoptat
1723 3167 1750 3195 »
1783 3145 2145 3216 (Tertullian.

498 3234 777 3307 Apologet.
811 3250 936 3306 cap.
1000 3233 1134 3305 50)?
1191 3234 1259 3288 Et
1314 3250 1515 3290 rursus
1556 3233 1653 3288 ille
1684 3233 1851 3290 alteri
1881 3233 2028 3290 libro
2060 3234 2143 3289 sic
2175 3226 2216 3292 C

499 3324 677 3378 ﬁnem
708 3322 956 3393 imponit
983 3338 996 3376 :
1033 3345 1054 3371 ι
1090 3322 1339 3394 quisque
1368 3326 1590 3378 tantam
1626 3321 1994 3377 tolerantiam
2017 3338 2145 3393 spe-

500 3415 690 3480 ctans,
723 3416 787 3464 ut
815 3410 1011 3481 aliquo
1045 3410 1320 3480 scrupulo
1371 3427 1710 3482 percussus,
1759 3416 1815 3465 et
1847 3409 2140 3481 inquirere

500 3498 838 3554 accenditur
867 3498 1005 3569 quid
1061 3499 1139 3552 sit
1189 3499 1244 3553 in
1309 3515 1508 3565 causa,
1560 3504 1616 3554 et
1672 3498 1768 3553 ubi
1811 3498 2144 3569 cognoverit

498 3586 826 3652 veritatem,
857 3591 916 3642 et
946 3588 1070 3657 ipse
1128 3587 1330 3642 statim
1386 3587 1654 3658 sequitur
1686 3609 1713 3636 »
1769 3587 1872 3658 (Ad
1917 3587 2138 3658 Scapul.

497 3693 624 3747 cap.
658 3675 899 3745 ultim.).
940 3677 1012 3729 At
1059 3674 1109 3730 si
1159 3675 1403 3746 quilibet
1458 3675 1718 3747 gentilis,
1770 3693 1874 3731 nec
1903 3675 2142 3730 omnino

496 3765 784 3836 pertinax,
820 3779 922 3818 nec
946 3764 1184 3834 iniquus
1215 3781 1410 3818 rerum
1444 3766 1784 3829 aestimator,
1816 3763 1901 3818 sic
1945 3764 2144 3833 agnita

495 3853 836 3910 Christianas
868 3851 1164 3924 religionis
1187 3852 1446 3914 veritate,
1479 3869 1606 3906 eam
1636 3851 2000 3922 amplexatus
2032 3856 2140 3918 est,

495 3948 712 4013 quanto
748 3940 936 4012 magis
965 3940 1380 4005 Tertullianus,
1406 3941 1503 4011 qui
1531 3939 1676 3995 alios
1708 3940 1889 3996 animi
1923 3941 2144 4012 sagaci-

494 4036 611 4086 tate
641 4035 698 4086 et
729 4030 1002 4101 aequitate
1033 4029 1202 4100 longe
1233 4031 1552 4100 superabat
1573 4029 1599 4083 ?

567 4137 712 4200 Quid
745 4153 900 4201 vero,
948 4137 1099 4206 quod
1150 4134 1251 4190 ille
1301 4136 1553 4190 maxime
1585 4134 2047 4191 Christianorum
2080 4135 2138 4190 in

499 4226 648 4282 728
679 4226 971 4280 daemones
1003 4225 1311 4296 potestatis
1361 4223 1630 4278 oculatus
1675 4225 1841 4278 testis
1878 4223 2010 4290 fuit,
2041 4229 2142 4279 aut

495 4315 700 4370 saltem
728 4315 799 4368 de
829 4313 930 4368 illa
960 4313 1040 4367 ita
1066 4329 1405 4384 persuasus,
1438 4317 1503 4366 ut
1533 4313 1798 4366 ethnicos
1821 4313 1888 4366 ad
1917 4314 2141 4384 pericu-

495 4404 616 4458 lum
650 4401 810 4457 illius
837 4418 1032 4458 coram
1065 4401 1342 4456 omnibus
1384 4401 1712 4456 faciendum
1752 4407 2040 4472 provocet,
2074 4419 2140 4456 ac

494 4492 609 4547 nisi
643 4492 936 4546 daemones
986 4491 1057 4543 ab
1108 4489 1224 4544 illis
1267 4489 1541 4560 adjurati,
1594 4506 1654 4545 se
1695 4490 1833 4544 deos
1867 4505 1976 4544 non
2011 4507 2138 4545 esse

2259 1907 2500 1962 visione.

2329 2013 2570 2078 Quando
2602 2019 2795 2068 autem
2827 2014 3170 2071 Christianis
3195 2017 3456 2084 religioni
3481 2035 3693 2075 nomen
3725 2020 3905 2076 dede-

2258 2101 2354 2170 rit,
2397 2118 2510 2157 non
2557 2102 2636 2157 ita
2684 2102 2851 2158 facile
2889 2104 3122 2160 dixeris.
3168 2105 3454 2176 Opinatus
3495 2113 3587 2162 est
3613 2108 3766 2164 enim
3797 2113 3904 2163 Pa-

2259 2189 2470 2245 melius
2498 2190 2710 2245 librum
2743 2191 2808 2246 de
2846 2193 3025 2247 Pallio
3065 2193 3349 2264 publicam
3387 2195 3444 2250 in
3479 2195 3665 2251 lucem
3699 2199 3768 2252 ab
3798 2197 3900 2252 illo

2257 2280 2538 2333 emissum
2579 2297 2731 2334 anno
2771 2280 2982 2334 Christi
3021 2282 3140 2346 195,
3175 2287 3230 2336 et
3262 2285 3462 2338 statim
3496 2301 3562 2340 ac
3602 2284 3697 2341 ille
3737 2285 3907 2341 Chri-

2258 2369 2448 2422 stiana
2479 2367 2759 2438 religione
2797 2369 3063 2425 initiatus
3109 2372 3238 2426 fuit.
3279 2373 3389 2426 Sed
3432 2373 3580 2428 falsa
3602 2380 3692 2430 est
3723 2374 3903 2443 hujus

2258 2456 2558 2527 scriptoris
2589 2457 2784 2528 Opinio
2830 2458 2884 2512 in
2933 2459 3290 2530 assignanda
3328 2460 3508 2531 hujus
3547 2462 3682 2517 libri
3713 2467 3901 2530 astate,

2257 2561 2432 2616 quem
2465 2545 2634 2617 longe
2667 2551 2887 2617 postea,
2927 2547 3208 2603 nimirum
3258 2555 3389 2620 post
3425 2550 3614 2622 ipsius
3636 2568 3668 2605 a
3699 2552 3902 2608 catho-

2255 2632 2377 2688 licae
2437 2633 2688 2690 Ecclesia
2760 2636 3163 2702 defectionem,
3219 2643 3274 2692 et
3320 2637 3474 2693 circa
3523 2656 3745 2696 annum
3797 2642 3896 2695 211

2258 2722 2541 2794 scriptum
2576 2739 2729 2778 nunc
2763 2724 3064 2794 peritiores
3087 2725 3444 2781 existimant.

2330 2827 2454 2883 Alio
2504 2827 2683 2900 igitur
2729 2829 2900 2884 modo
2949 2830 3423 2902 investigandum
3468 2838 3557 2888 est
3617 2839 3901 2908 susceptae

2259 2917 2328 2972 ab
2354 2916 2452 2972 illo
2480 2917 2658 2988 hujus
2690 2918 3069 2989 professionis
3098 2919 3352 2976 initium.
3386 2921 3677 2980 Discimus
3707 2928 3902 2982 autem

2257 3021 2324 3059 ex
2353 3004 2700 3078 Hieronymo
2753 3006 2963 3062 editam
3017 3008 3087 3063 ab
3135 3024 3204 3063 eo
3248 3009 3315 3065 de
3362 3012 3606 3082 coniugii
3633 3012 3902 3069 molestiis

2258 3095 2852 3150 commentationem:
2915 3096 3050 3151 Cum
3127 3096 3304 3153 adhuc
3385 3105 3522 3155 esset
3585 3099 3904 3158 adolescens

2257 3182 2590 3254 Hieronym.
2639 3182 2741 3238 lib.
2786 3201 2826 3251 ι,
2865 3185 2988 3240 adv.
3035 3187 3214 3241 Jovin.
3247 3203 3376 3257 pag.
3432 3189 3574 3259 157).
3622 3191 3900 3254 Quamvis

2255 3275 2449 3326 autem
2489 3288 2622 3326 eum
2651 3272 2890 3342 juvenili
2922 3278 3088 3330 aetate
3139 3273 3354 3330 lusisse
3397 3275 3456 3330 in
3501 3277 3607 3332 hac
3655 3279 3902 3335 materia

2249 3360 2491 3428 dixerit;
2527 3360 2907 3416 Eustochium
2942 3367 3136 3418 tamen
3181 3364 3466 3436 virginem
3502 3366 3570 3421 ad
3609 3366 3785 3436 hunc,
3819 3369 3901 3423 si-

2250 3454 2348 3503 cut
2403 3453 2458 3504 et
2512 3449 2656 3504 alios
2703 3450 2996 3522 Cypriani,
3060 3452 3316 3520 Damasi,
3385 3460 3560 3526 atque
3606 3455 3894 3512 Ambrosii

2248 3536 2430 3592 libros
2461 3536 2736 3609 legendos
2767 3539 3150 3596 adhortatur:
3188 3563 3216 3591 ‹‹
3248 3542 3316 3596 Et
3350 3559 3524 3609 nunc,
3557 3543 3769 3614 inquit,
3803 3562 3896 3600 ea-

2251 3627 2381 3680 dem
2413 3627 2721 3693 admoneo,
2751 3633 2814 3681 ut
2838 3628 2887 3684 si
2915 3628 3020 3682 tibi
3043 3629 3232 3700 placet
3253 3630 3400 3686 scire
3431 3637 3573 3703 quot
3605 3633 3892 3690 molestiis

2249 3714 2410 3786 virgo
2443 3715 2644 3783 libera,
2679 3721 2822 3787 quot
2851 3733 2994 3772 uxor
3017 3717 3298 3774 adstricta
3331 3719 3426 3786 sit,
3469 3719 3630 3791 legas
3666 3721 3894 3777 Tertul-

2249 3801 2472 3858 lianum
2515 3805 2583 3857 ad
2632 3805 2885 3860 amicum
2921 3805 3358 3878 philosophum.
3400 3832 3420 3856 ι
3472 3809 3679 3878 (Idem,
3718 3811 3893 3881 epist.

2253 3891 2339 3954 18,
2379 3891 2448 3946 ad
2495 3893 2742 3947 Eustoixli.
2797 3911 2852 3966 p.
2891 3896 3001 3966 37).
3036 3895 3144 3950 Sed
3187 3896 3243 3949 in
3291 3896 3534 3952 dubium
3587 3897 3744 3954 haud
3784 3899 3894 3956 im-

2251 3980 2459 4035 merito
2490 3981 2680 4035 vocari
2712 3987 2898 4051 potest
2949 3989 3144 4038 utrum
3193 3983 3285 4038 hic
3318 3984 3481 4053 liber,
3517 3987 3684 4057 cujus
3706 3988 3829 4058 jam
3862 4005 3896 4043 a

2249 4067 2422 4139 longo
2472 4073 2732 4140 tempore
2783 4070 3078 4142 jacturam
3137 4072 3402 4137 fecimus,
3454 4091 3487 4128 a
3533 4074 3893 4131 Tertulliano

2250 4157 2482 4212 ethnico
2515 4163 2615 4214 aut
2645 4158 2973 4214 Christiano
3027 4160 3201 4215 fuerit
3247 4162 3628 4234 compositus.
3675 4164 3891 4219 Verum

2251 4246 2364 4315 cui,
2399 4247 2624 4318 inquiet
2653 4246 2889 4319 aliquis,
2921 4249 3235 4304 verisimile
3281 4251 3576 4306 videbitur
3615 4252 3894 4325 Hierony-

2250 4351 2412 4390 mum
2462 4336 2800 4391 Christianae
2854 4337 3061 4408 virgini
3117 4345 3412 4394 auctorem
3473 4357 3895 4413 suasoremque

2248 4439 2376 4479 esse
2407 4426 2682 4494 voluisse,
2728 4431 2792 4480 ut
2843 4427 2995 4482 hunc
3053 4428 3203 4481 sicut
3249 4429 3536 4500 Cypriani,
3572 4430 3801 4486 Damasi
3834 4437 3894 4485 et

2252 4514 2400 4569 729
2438 4515 2718 4570 Ambrosii
2764 4515 2944 4570 libros
2996 4515 3410 4586 pervolutaret,
3447 4517 3496 4572 si
3543 4518 3682 4590 quid
3715 4519 3892 4573 vidis-

495 4581 804 4676 fateaniu“,
866 4579 1172 4679 Λῧῼξυωεθ
1206 4665 1216 4676 _
1243 4577 1717 4679 Ὀἶξτξδῖίαξιοτυξη
1775 4580 1912 4632 Velit
1976 4577 2134 4677 τὐηίξί
2171 4585 2216 4649 D
2247 4608 2334 4654 set
2364 4602 2423 4656 in
2456 4602 2553 4658 illo
2585 4608 2790 4658 contra
2811 4577 3361 4659 statas-Christianae
3387 4577 3683 4678 religionis
3704 4607 3892 4679 leges?

495 4667 843 4737 sanguinem
866 4667 893 4720 ?
924 4669 1014 4730 At,
1058 4688 1086 4714 ‹‹
1120 4665 1258 4736 quid
1311 4665 1445 4735 isto,
1498 4667 1710 4737 inquit,
1747 4682 1918 4737 Opere
1951 4665 2136 4720 mani-

493 4755 721 4820 festius,
750 4755 888 4825 quid
922 4755 1028 4808 hac
1070 4755 1409 4825 probatione
1456 4754 1733 4809 fidelius?
1779 4754 2137 4825 Simplicitas

489 4843 754 4899 veritatis
788 4844 846 4897 in
881 4843 1072 4898 medio
1096 4848 1184 4896 est
1215 4865 1242 4892 ››
1276 4844 1480 4914 (Idem,
1519 4842 1795 4914 Apologet.
1846 4860 1972 4915 cap.
2022 4844 2134 4898 23).

490 4931 861 5002 Exploratam
894 4931 1074 5002 igitur
1103 4931 1310 4987 habuit
1367 4932 1545 5004 hujus
1587 4933 1831 4988 rationis
1872 4937 1928 4988 et
1967 4948 2136 5003 expe-

491 5013 892 5088 rientimzvim,
925 5019 1018 5074 cui
1067 5037 1101 5075 a
1142 5020 1372 5076 nemine
1421 5021 1532 5076 nisi
1580 5020 1743 5075 falsis
1783 5020 2135 5091 praejudiciis

489 5110 727 5182 penitus
748 5109 1055 5177 obcaecato,
1090 5110 1279 5164 resisti
1312 5125 1482 5180 posse
1511 5111 1922 5164 arbitrabatur.

561 5217 678 5272 Nec
726 5217 925 5272 minus
972 5221 1275 5290 perspecta
1305 5217 1416 5289 ipsi
1471 5217 1578 5270 fuit
1623 5216 1932 5288 Scriptura
1961 5233 2134 5272 sacras

490 5306 830 5371 auctoritas,
874 5323 1073 5378 quam,
1113 5306 1324 5378 inquit,
1383 5330 1411 5356 α
1463 5307 1563 5376 qui
1622 5306 1849 5374 adierit,
1882 5305 2136 5361 inveniet

488 5395 704 5462 Deum;
741 5395 840 5466 qui
873 5395 1048 5451 etiam
1100 5396 1390 5450 studuerit
1431 5394 1778 5465 intelligere,
1813 5400 2051 5465 cogetur
2080 5399 2136 5449 et

485 5483 780 5538 credere»
832 5484 991 5555 (Ibid.
1044 5501 1170 5555 cap.
1222 5484 1333 5555 18).
1394 5483 1596 5538 Nonne
1655 5499 1790 5553 ergo
1823 5489 1876 5537 et
1917 5481 2014 5537 ille
2053 5483 2133 5537 ibi

481 5570 666 5627 Deum
727 5571 969 5639 invenit,
1025 5577 1083 5628 et
1128 5572 1303 5629 falsos
1362 5571 1598 5645 agnovit
1629 5569 1938 5644 gentilium
1969 5572 2132 5638 deos,

483 5674 550 5714 ac
603 5674 799 5715 veram
857 5677 984 5717 esse
1046 5661 1441 5718 Christianam
1502 5659 2131 5732 religionem?Tantis

2247 4692 2544 4754 Quomodo
2597 4697 2791 4746 autem
2852 4692 3248 4746 Tertullianus
3307 4693 3889 4764 hujusmodilibrum

2246 4779 2527 4834 coniicere
2564 4781 2768 4851 potuit,
2824 4779 2936 4835 nisi
2988 4780 3197 4836 iisdem
3245 4781 3472 4853 legibus
3500 4784 3731 4839 abunde
3763 4784 3890 4839 fue-

2247 4867 2321 4920 rit
2352 4867 2704 4922 institutus?
2732 4868 2903 4938 Atqui
2941 4868 3158 4940 nullus,
3194 4868 3290 4925 illo
3327 4871 3453 4942 ipso
3515 4877 3684 4940 teste,
3717 4871 3885 4926 Chri-

2246 4955 2498 5010 stianam
2551 4955 2887 5027 religionem
2938 4959 3184 5028 ejusque
3228 4957 3384 5030 leges
3441 4961 3693 5032 agnovit,
3746 4961 3889 5032 quin

2247 5042 2406 5099 illam
2453 5044 2759 5099 confestim
2810 5045 3056 5100 voluerit
3098 5046 3377 5116 proﬁteri.
3429 5053 3712 5104 Praeterea
3758 5047 3888 5104 Hie-

2246 5149 2524 5204 ronymus
2557 5132 2675 5188 haec
2724 5133 2915 5188 adhuc
2964 5134 3035 5190 de
3076 5132 3173 5188 illo
3223 5137 3515 5192 memoria;
3549 5137 3886 5192 mandavit:

2245 5242 2273 5270 «
2309 5221 2410 5275 Hie
2437 5238 2623 5292 usque
2666 5223 2734 5276 ad
2800 5221 3051 5290 mediam
3113 5227 3340 5279 etatem
3374 5225 3672 5298 presbyter
3699 5225 3886 5281 Eccle-

2243 5309 2341 5365 siae
2377 5332 2397 5359 ιν
2435 5311 2637 5381 (idem,
2668 5311 2916 5382 Gatalog.
2971 5313 3165 5382 script.
3207 5315 3335 5367 sccl.
3369 5331 3489 5384 cap.
3525 5315 3614 5384 53,
3649 5332 3705 5386 p.
3740 5315 3886 5382 115),

2241 5398 2514 5454 videlicet
2544 5399 2839 5454 catholicas
2879 5402 3205 5470 permansit,
3237 5407 3294 5456 et
3325 5402 3538 5458 idcirco
3570 5406 3888 5475 antequam

2244 5487 2504 5543 Montani
2564 5489 2767 5544 hazresi
2833 5489 3086 5544 infectus
3144 5488 3372 5546 fuisset.
3429 5492 3577 5546 Tum
3625 5508 3758 5548 vero
3789 5490 3888 5546 ille

2241 5574 2460 5633 ibidem
2494 5578 2739 5648 adjecit:
2773 5578 2967 5633 Fertur
3021 5579 3218 5634 viviue
3257 5595 3424 5651 usqu
3453 5581 3523 5635 ad
3550 5580 3884 5652 decrepitam

2242 5673 2479 5734 aetatem,
2511 5665 2583 5720 ad
2639 5682 2860 5722 annum
2921 5665 3141 5723 scilicet
3200 5668 3646 5740 octogesimum,
3692 5673 3795 5725 aut
3836 5668 3886 5724 si
