4262 6358
381 343 500 405 809

1105 344 1185 405 ΙΝ
1229 339 1836 407 APOLOGETICUM
1880 345 1952 405 D.
1999 343 2097 404 LE
2142 344 2471 406 NOURRY
2514 344 3064 410 DISSERTATIO.

3669 346 3795 409 810

377 477 542 545 velis,
578 476 1049 549 nonagesimum.
1082 477 1448 534 Orthodoxus
1480 477 1660 551 igitur
1716 478 2019 550 presbyter
2048 480 2103 547 Α
2132 477 2551 535 catholicorum
2581 480 2794 552 opinio.
2828 482 2913 537 Ab
2945 480 3043 537 illo
3075 480 3231 537 enim
3254 480 3441 538 editos
3460 481 3791 554 suspican-

379 568 706 640 permansit
735 568 805 621 ad
838 584 1058 622 annum
1091 569 1273 623 aetatis
1297 586 1415 623 suae
1449 569 1678 623 circiter
1700 568 2027 641 quadrage-

378 658 616 712 simum.
652 658 726 710 At
760 672 862 711 nec
894 662 1033 711 tunc
1068 657 1317 727 primum
1352 657 1610 729 quidem,
1673 675 1777 713 nec
1828 658 2025 712 statim

380 752 509 815 post
538 746 815 801 emissam
849 746 1191 800 Christianae
1227 746 1527 818 religionis
1579 747 2026 818 professionem,

381 836 448 888 ad
486 834 641 889 hunc
673 852 907 889 sacrum
947 835 1211 889 ordinem
1274 840 1508 891 evectus
1571 836 1823 890 videtur.
1884 840 2026 901 Ergo

372 924 619 995 juvenili
652 924 710 978 in
744 929 909 979 aetate
940 941 1008 978 ex
1039 925 1271 979 ethnico
1302 925 1669 980 Christianus
1702 928 1887 979 factus
1946 924 2025 979 vi-

381 1014 571 1069 detur.
604 1013 815 1076 Quanti
850 1017 1045 1068 autem
1082 1013 1140 1067 in
1186 1018 1308 1069 tota
1367 1014 1473 1068 hac
1524 1014 2028 1085 argumentatione

381 1103 457 1157 sit
488 1102 783 1175 ponderis,
817 1102 981 1175 periti
1011 1103 1228 1174 quique
1270 1104 1670 1175 pronuntient.

982 1252 1303 1292 ARTICULUS
1338 1253 1393 1291 IV
1405 1277 1415 1289 .

383 1329 453 1383 De
504 1326 831 1382 Tertulliani
903 1327 1173 1395 conjugio,
1250 1334 1301 1379 et
1374 1341 1585 1379 summo
1671 1327 2028 1382 continentiie

450 1414 677 1459 amore;
733 1398 797 1452 de
835 1402 956 1468 ejus
995 1397 1293 1453 sacerdotio
1320 1416 1339 1458 ,·
1388 1408 1577 1451 utrum
1616 1398 1897 1467 presbyter
1937 1401 2026 1467 fa-

449 1476 586 1531 ctus,
636 1472 969 1524 maritorum
1034 1486 1185 1524 more
1241 1486 1364 1523 cum
1414 1486 1588 1523 uxore
1648 1472 1872 1533 vixerit,
1928 1486 2027 1524 nec

446 1544 615 1598 sacris
674 1542 961 1596 ordinibus
1020 1542 1269 1595 initiatos
1327 1541 1649 1595 distinxerit
1705 1559 1736 1595 a
1816 1542 2024 1596 laicis:

449 1616 722 1685 quodnam
750 1614 924 1683 fuerit
955 1612 1110 1685 illius
1143 1612 1364 1685 videndi
1392 1630 1589 1684 genus,
1619 1627 1783 1681 quam
1814 1614 2026 1681 asperis

448 1683 732 1739 moribus:
787 1683 1048 1754 quomodo
1077 1694 1126 1739 et
1178 1683 1406 1754 quando"
1448 1686 1505 1739 in
1556 1687 2026 1739 Montanistarim

451 1757 707 1814 haeresim
730 1757 1041 1825 prolapsus,
1073 1772 1135 1810 ac
1163 1772 1268 1826 quo
1314 1758 1503 1812 aetatis
1549 1770 1668 1810 suae
1713 1760 1765 1812 et
1817 1756 2029 1811 Christi

451 1846 595 1884 anno
620 1829 915 1898 longiorem
944 1832 1112 1883 vitam
1132 1828 1362 1897 ﬁnierit.

454 1942 698 1998 Uxorem
730 1951 879 1998 certe
908 1942 1301 1997 Tertullianus
1335 1942 1561 2009 habuit,
1597 1959 1845 2013 eamque
1867 1942 2028 1997 Chri-

383 2032 659 2099 stianam,
694 2033 779 2086 uti
811 2049 877 2085 ex
910 2032 1162 2096 duobus,
1215 2048 1362 2101 quos
1421 2032 1492 2086 ad
1553 2031 1708 2086 illam
1770 2032 2028 2104 scripsit,

382 2122 548 2176 libris
574 2119 1011 2176 evidentissima
1043 2120 1506 2174 demonstratur.
1540 2122 1613 2175 At
1645 2124 1854 2174 nostra:
1888 2126 2029 2175 aeta-

382 2210 459 2265 tis
491 2210 804 2280 scriptores
838 2209 894 2264 in
926 2208 1378 2263 controversiam
1427 2214 1639 2264 vocant
1685 2213 1880 2264 utrum
1932 2209 2027 2264 ille

383 2299 575 2354 adhuc
603 2298 859 2370 gentilis,
896 2303 996 2353 aut
1025 2297 1392 2353 Christianus
1427 2297 1585 2353 illam
1617 2298 1893 2369 gentilem
1930 2302 2030 2354 aut

383 2388 773 2443 Christianam
799 2387 1048 2442 duxerit.
1085 2387 1229 2442 Nam
1292 2404 1415 2443 mos
1473 2387 1731 2458 quidem,
1786 2396 1845 2442 ut
1905 2388 2028 2459 ipse

384 2477 781 2533 Tertullianus
830 2481 1099 2542 testatur,
1160 2476 1509 2531 Christianis
1568 2482 1706 2531 tunc
1762 2480 1904 2542 erat,
1967 2480 2031 2532 ut

384 2566 599 2621 inirent
629 2567 998 2621 ethnicorum
1033 2566 1343 2621 mulierum
1405 2566 1720 2632 connubia,
1773 2566 2028 2620 nullum-

384 2673 496 2728 que
529 2657 585 2711 in
619 2656 779 2711 illius
812 2656 1133 2710 aliorumve
1161 2655 1395 2727 scriptis
1447 2660 1637 2710 exstat
1694 2655 2028 2727 vestigium,

384 2763 498 2818 quo
522 2745 874 2817 deprehendi
902 2745 1089 2815 possit
1112 2749 1304 2799 utrum
1338 2744 1457 2809 ille,
1482 2745 1657 2799 ducta
1680 2746 1803 2814 jam
1835 2761 2030 2811 uxore,

385 2835 455 2889 ad
485 2834 700 2889 Christi
744 2839 934 2888 castra
995 2832 1401 2887 convolaverit.
1464 2833 1676 2888 Verum
1729 2832 1778 2887 si
1838 2850 1905 2887 ex
1960 2833 2033 2888 iis

389 2940 514 2994 quae
547 2922 721 2993 paulo
781 2926 914 2976 ante
969 2921 1247 2991 diximus,
1309 2922 1507 2976 inferri
1567 2923 1751 2993 possit
1808 2922 1879 2977 ab
1932 2922 2032 2977 illo

386 3012 578 3067 adhuc
604 3013 815 3079 juvene
857 3010 914 3064 in
948 3009 1106 3081 leges
1137 3010 1349 3065 Christi
1390 3012 1684 3081 juratum,
1738 3027 1929 3065 nonne
1978 3016 2034 3067 et

386 3102 521 3155 hinc
554 3117 788 3172 quoque
819 3100 1088 3155 concludi
1120 3105 1310 3171 potest
1342 3100 1577 3155 ductam
1610 3101 1681 3155 ab
1714 3117 1780 3155 eo
1833 3104 2035 3172 postea

385 3206 624 3245 uxorem
649 3189 676 3243 Ἰ
707 3188 814 3244 Ubi
848 3189 1005 3243 enim
1039 3188 1405 3243 Christianus
1438 3189 1626 3243 factus
1672 3194 1782 3251 est,
1826 3189 2029 3258 majori
2063 3224 2105 3290 Ο

384 3280 757 3335 observandas
788 3277 1127 3332 Christianas
1160 3277 1301 3348 legis
1324 3278 1519 3332 studio
1556 3293 1786 3347 semper
1818 3277 2026 3349 flagra-

381 3369 483 3433 vit,
516 3384 691 3439 quam
720 3373 784 3422 ut
818 3368 940 3439 ipse
972 3367 1340 3422 Christianus
1381 3366 1554 3421 aliam
1615 3366 1672 3421 in
1726 3366 2027 3423 matrimo-

384 3458 573 3522 nium,
607 3458 720 3512 nisi
767 3456 1153 3511 Christianam
1216 3456 1521 3527 acciperet.
1575 3457 1640 3511 Et
1680 3474 1813 3511 vero
1857 3456 1916 3511 in
1948 3456 2027 3510 ci-

380 3548 520 3603 tatis
548 3547 617 3603 ad
642 3562 871 3602 uxorem
904 3546 1069 3601 libris
1102 3546 1151 3603 ei
1198 3547 1550 3618 persuadere
1588 3551 1853 3615 conatur,
1886 3550 1949 3600 ut
1980 3544 2028 3599 si

381 3637 507 3709 ipse
540 3636 697 3707 prior
726 3653 793 3691 ex
824 3636 932 3691 hac
962 3635 1081 3690 vita
1130 3634 1487 3707 migraverit,
1540 3639 1640 3689 aut
1691 3638 2031 3706 permaneat

384 3727 443 3779 in
477 3724 779 3779 viduitatis
812 3730 990 3792 statu,
1038 3729 1140 3778 aut
1186 3723 1514 3779 Christiano
1554 3725 1738 3778 nubat
1784 3724 1929 3789 viro,
1980 3723 2029 3777 si

383 3813 522 3869 velit
551 3813 828 3870 secundis
861 3813 1083 3884 nuptiis
1114 3812 1347 3884 illigari.
1402 3813 1604 3867 Nonne
1654 3818 1846 3867 autem
1894 3828 2030 3868 vero

388 3920 629 3975 prorsus
659 3900 851 3956 simile
898 3906 1005 3969 est,
1050 3901 1219 3955 illum
1270 3901 1534 3971 paruisse
1579 3901 1827 3972 legibus,
1883 3918 2030 3972 quas

382 3991 548 4048 uxori
580 4008 699 4045 sure
732 3988 1091 4061 praescripsit
1110 3988 1139 4042 Ῡ
1168 3990 1275 4043 Sed
1298 3990 1471 4045 hasce
1498 3990 1865 4060 conjecturas
1888 3991 2030 4045 alio-

385 4097 515 4135 rum
546 4078 767 4148 judicio
798 4077 1215 4149 permittimus.

456 4172 596 4221 Cum
631 4184 734 4221 sua
759 4183 926 4237 porro
959 4182 1135 4221 uxore
1165 4164 1587 4233 Tertullianus,
1622 4166 1795 4221 solito
1827 4169 2029 4237 conju-

382 4274 522 4331 gum
556 4272 735 4322 more,
772 4255 924 4309 haud
958 4254 1134 4309 dubie
1160 4255 1411 4319 vivebat,
1444 4256 1679 4326 quando
1710 4256 1794 4309 illi
1851 4255 2031 4311 libros

384 4348 645 4420 proxime
675 4345 944 4400 laudatos
976 4345 1208 4399 direxit.
1247 4349 1379 4399 Eam
1407 4346 1643 4417 quippe,
1665 4346 1713 4400 si
1734 4344 1859 4417 ipse
1880 4345 2035 4416 prior

385 4439 691 4501 moriatur,
726 4438 795 4491 ad
831 4437 1254 4492 continentiam
1289 4438 1346 4491 in
1381 4438 1659 4492 viduitate
1685 4438 2031 4493 servandam

384 4530 467 4585 sic
500 4528 876 4583 cohortatur:
919 4550 937 4575 α
976 4528 1042 4581 Et
1074 4527 1227 4598 quod
1260 4526 1317 4581 in
1362 4527 1757 4593 matrimonio,
1820 4528 2030 4599 inquit,

2058 1861 2105 1925 B

2138 572 2232 623 tur
2264 573 2381 624 tam
2416 571 2852 641 ingravescente
2914 571 3120 642 ipsius,
3181 588 3358 643 quam
3413 572 3654 628 ﬂorente
3715 590 3782 629 ac

2134 658 2327 712 vivida
2377 658 2569 713 uxoris
2626 666 2809 714 aetate.
2872 661 3263 726 Quamobrem
3326 666 3537 733 putant
3592 661 3651 715 in
3710 661 3785 719 iis

2138 746 2423 813 conditas,
2450 747 2605 802 illius
2630 749 2797 819 quasi
2832 751 3167 804 testamenti
3213 749 3464 805 tabulas.
3497 751 3607 805 Sed
3662 767 3777 807 non

2139 835 2292 891 aliud
2325 836 2616 907 Opinionis
2669 855 2784 891 suae
2834 844 3248 907 argumentum
3298 840 3622 909 proferunt,
3676 840 3789 895 nisi

2138 924 2259 979 hazc
2282 925 2623 980 Tertulliani
2647 927 2838 992 verba,
2866 944 2989 997 quae
3016 928 3225 997 prioris
3256 927 3388 983 libri
3410 928 3578 983 initio
3601 926 3681 983 ita
3702 928 3789 984 le-

2139 1020 2359 1085 guntur
2394 1032 2404 1069 :
2440 1035 2468 1066 α
2497 1015 2641 1069 Nam
2674 1016 3053 1070 saecularibus
3084 1022 3420 1087 satagentes
3453 1034 3686 1083 sumus,
3728 1022 3786 1074 et

2140 1104 2370 1171 utrique
2403 1109 2665 1157 nostrum
2718 1104 3054 1160 consultum
3105 1105 3395 1160 volumus.
3444 1106 3500 1161 Si
3563 1106 3779 1163 talibus

2139 1192 2497 1258 ordinamus,
2536 1210 2639 1247 cur
2671 1211 2783 1247 non
2819 1194 3004 1265 magis
3030 1194 3100 1248 de
3130 1195 3343 1249 divinis
3374 1204 3549 1266 atque
3581 1195 3781 1251 coales-

2138 1282 2295 1336 tibus
2331 1281 2654 1352 posteritati
2696 1288 2909 1338 nostrae
2949 1285 3278 1355 prospicere
3327 1284 3670 1353 debeamus,
3727 1289 3785 1342 et

2137 1369 2393 1441 legatum
2430 1372 2863 1441 quodammodo
2897 1372 3207 1445 praelegare
3240 1374 3702 1429 admonitionem
3727 1380 3784 1431 et

2139 1460 2700 1516 demonstrationem
2735 1478 2961 1529 eorum,
2992 1479 3119 1533 quae
3151 1480 3218 1518 ex
3242 1464 3411 1519 bonis
3435 1462 3783 1519 immortali-

2138 1548 2271 1613 bus,
2294 1553 2348 1604 et
2380 1550 2449 1604 de
2480 1550 2817 1606 haereditate
2841 1551 3117 1606 cmlorum
3143 1552 3461 1623 deputatur
3482 1552 3509 1607 ?
3543 1575 3570 1602 ››
3594 1553 3785 1625 (lbid.,

2138 1654 2263 1709 cap.
2302 1640 2375 1709 1.)
2408 1640 2512 1693 Sed
2550 1640 2687 1710 quia
2718 1639 2774 1693 in
2810 1640 3007 1695 codice
3041 1641 3354 1711 Agobardi,
3388 1641 3471 1695 uti
3503 1658 3611 1697 nos
3664 1658 3787 1698 mo-

2138 1733 2235 1782 net
2277 1728 2583 1800 Rigaltius,
2643 1728 2733 1783 bis
2796 1728 3011 1801 legitur
3068 1730 3286 1797 talibus,
3338 1730 3395 1785 id
3456 1735 3782 1787 correctum

2136 1816 2338 1887 voluit,
2395 1834 2460 1871 ac
2505 1816 2847 1888 legendum:
2912 1819 3125 1873 Talibus
3163 1820 3375 1874 tabulas
3426 1819 3785 1883 ordinamus;

2137 1912 2193 1960 et
2250 1906 2383 1961 inde
2439 1906 2662 1978 colligit
2712 1906 2819 1962 hos
2878 1906 3059 1962 libros
3121 1907 3456 1963 testamenti
3511 1908 3705 1963 instar
3751 1924 3787 1963 a

2136 1995 2517 2063 Tertulliano,
2552 2001 2719 2051 aetate
2742 1997 2867 2067 jam
2913 1996 3231 2068 plurimum
3284 2002 3572 2069 provecto,
3621 2014 3785 2054 com-

2138 2085 2379 2157 positos.
2412 2084 2642 2157 (Rigalt.
2678 2090 2797 2141 not.
2837 2087 2860 2139 1
2896 2085 2953 2140 in
2978 2086 3133 2141 hunc
3162 2086 3320 2158 libr.)

2210 2193 2320 2247 Sed
2354 2193 2588 2247 tametsi
2620 2208 2712 2247 res
2741 2193 2823 2247 ita
2861 2197 3035 2261 esset,
3086 2193 3375 2264 numquid
3427 2197 3785 2250 testamenta

2137 2297 2461 2352 nunquam,
2495 2280 2609 2335 nisi
2649 2282 3085 2352 ingravescente
3108 2282 3234 2352 jam
3260 2285 3451 2351 aetate,
3486 2283 3557 2338 ab
3590 2282 3786 2338 homi-

2137 2370 2312 2425 nibus
2354 2372 2504 2424 facta
2549 2370 2977 2441 obsignataque
3026 2370 3211 2426 sunt?
3260 2371 3558 2441 Numquid
3610 2387 3787 2427 nemo

2139 2458 2397 2531 prudens
2429 2459 2624 2528 homo,
2650 2475 2715 2513 ac
2750 2459 3070 2530 praesertim
3108 2459 3498 2527 Christianus,
3532 2460 3642 2515 etsi
3682 2460 3787 2517 ﬂo-

2139 2554 2300 2603 rente
2331 2548 2523 2602 adhuc
2576 2553 2766 2614 aetate,
2823 2549 2893 2603 de
2940 2553 3127 2603 morte
3179 2565 3411 2620 semper
3465 2549 3690 2606 incerta
3732 2554 3790 2606 et

2142 2643 2491 2693 testamento
2524 2654 2630 2692 suo
2683 2639 3105 2693 conscribendo
3149 2638 3478 2710 cogitavit?
3527 2641 3593 2694 At
3637 2644 3790 2696 certe

2142 2728 2537 2783 Tertullianus
2569 2743 2636 2782 eo
2668 2726 2877 2798 potiori
2902 2727 3033 2794 jure
3063 2727 3133 2782 de
3164 2727 3262 2783 illo
3294 2728 3596 2783 condendo
3649 2745 3790 2800 qua-

2143 2817 2284 2871 libet
2316 2820 2619 2871 zetate‘sua
2676 2816 2932 2887 cogitare
2988 2816 3209 2883 debuit,
3270 2818 3425 2888 quod
3484 2822 3625 2873 tunc
3677 2834 3786 2873 saa-

2141 2905 2435 2961 vientibus
2492 2905 2549 2959 in
2612 2905 2976 2960 Christianos
3032 2906 3304 2975 ethnicis,
3364 2906 3591 2962 nescire
3664 2923 3783 2964 non

2144 2998 2371 3067 poterat
2401 2994 2578 3048 vitam
2638 3010 2804 3048 suam
2863 2994 3124 3065 quotidie
3181 2993 3519 3066 periclitari.
3579 2996 3784 3053 Nonne

2143 3084 2316 3139 etiam
2346 3082 2462 3150 ille,
2498 3087 2660 3137 tanto
2707 3088 2948 3154 tamque
2996 3082 3306 3155 singulari,
3358 3083 3443 3138 uti
3502 3084 3783 3154 diximus,

2145 3172 2513 3226 continentiae
2553 3171 2959 3242 castitatisque
2989 3189 3185 3228 amore
3206 3188 3438 3244 semper
3483 3174 3787 3241 incensus,

2145 3261 2334 3332 potuit
2361 3260 2617 3330 quolibet
2650 3261 2780 3315 vitae
2811 3277 2932 3315 sua:
2961 3266 3224 3332 tempore
3256 3278 3495 3316 uxorem
3514 3279 3683 3318 suam
3714 3263 3785 3319 ad

2139 3366 2285 3419 eam,
2319 3349 2365 3403 si
2395 3364 2658 3419 unquam
2693 3349 2868 3405 vidua
2900 3350 3066 3418 foret,
3091 3351 3552 3406 conservandam
3577 3350 3789 3406 adhor-

2138 3438 2251 3493 tari
2278 3438 2297 3492 ?
2327 3438 2410 3492 Ad
2443 3438 2565 3492 hinc
2595 3454 2729 3492 vero
2757 3437 2806 3493 si
2837 3437 2959 3507 illa,
2992 3454 3127 3493 cum
3160 3438 3556 3496 Tertullianus
3604 3440 3783 3495 eden-

2140 3527 2231 3582 dis
2264 3527 2355 3582 his
2385 3526 2552 3582 libris
2584 3543 2821 3598 operam
2854 3528 3053 3592 dabat,
3086 3528 3278 3583 adhuc
3309 3532 3455 3595 erat,
3488 3533 3553 3584 ut
3594 3529 3781 3596 aiunt,

2139 3616 2349 3681 vivida,
2383 3615 2671 3686 numquid
2703 3632 2771 3671 ex
2820 3616 2951 3671 ﬁcta
3006 3618 3394 3688 quorumdam
3445 3616 3604 3673 illius
3654 3634 3782 3673 ver-

2141 3706 2347 3760 borum
2380 3704 2804 3776 signiﬁcatione
2835 3705 3102 3760 concludi
3136 3711 3326 3778 potest
3356 3705 3525 3761 illum
3584 3723 3784 3764 senem

2141 3795 2322 3850 fuisse
2353 3800 2453 3850 aut
2482 3794 2842 3866 decrepitum
2864 3795 2891 3849 ?
2921 3795 3117 3866 Neque
3147 3795 3424 3851 audiendi
3472 3799 3633 3864 sunt,
3684 3796 3785 3867 qui

2141 3884 2427 3955 objiciunt
2458 3884 2627 3956 plura
2684 3884 2740 3938 in
2812 3884 2904 3939 his
2961 3884 3129 3940 libris
3184 3901 3508 3951 occurrere,
3567 3883 3784 3956 quibus

2141 3972 2537 4029 Tertullianus
2569 3990 2745 4028 suum
2779 3973 2834 4027 in
2868 3972 3397 4045 Montanistasjam
3427 3988 3785 4045 propensum

2142 4063 2406 4118 animum
2439 4063 2731 4133 patefacit.
2790 4062 3086 4133 Numquid
3140 4063 3295 4117 enim
3356 4062 3498 4133 quia
3548 4079 3785 4118 uxorem

2142 4168 2308 4207 suam
2333 4152 2402 4207 ad
2437 4152 2855 4206 continentiam
2890 4152 3284 4207 adhortatur?
3310 4153 3381 4206 At
3412 4166 3606 4206 nonne
3662 4151 3788 4220 ipse

2142 4242 2316 4296 etiam
2350 4239 2567 4294 Paulus
2613 4238 2913 4310 apostolus
2968 4238 3334 4294 Christianos
3392 4239 3463 4293 ad
3521 4240 3789 4294 eamdem

2139 4330 2419 4383 virtutem
2453 4327 2789 4382 cohortatus
2819 4327 2948 4381 est?
2987 4328 3094 4381 Sed
3128 4327 3318 4389 inobis
3368 4326 3589 4381 sufﬁcit
3635 4326 3791 4398 quod

2144 4419 2467 4473 concedant
2498 4416 2926 4471 Tertullianum
2960 4432 3093 4471 cum
3126 4416 3233 4471 hos
3265 4416 3336 4471 ad
3370 4432 3609 4472 uxorem
3642 4415 3793 4471 scri-

2144 4508 2318 4562 bebat
2347 4505 2549 4574 libros,
2594 4506 2857 4560 nondum
2910 4504 2968 4559 in
3030 4504 3524 4560 Montanistarum
3567 4504 3797 4573 lapsum

386 4635 500 4673 non
570 4616 885 4680 valuimus,
945 4615 1003 4669 in
1062 4593 1344 4671 viduitate
1404 4622 1713 4671 sectemur.
1776 4593 2040 4688 Amplec-
2073 4601 2115 4665 D
2150 4596 2640 4688 ful8§§er’°rem'
2680 4595 2764 4648 Ad
2798 4594 3051 4688 Πῖεξάίθδίξη
3100 4593 3256 4649 enim
3305 4610 3490 4688 “silua
3540 4599 3796 4661 atatem,

384 4708 561 4763 tende.
617 4705 845 4762 occasio
902 4710 1011 4775 est,
1072 4722 1198 4777 quae
1256 4705 1485 4775 adimit,
1524 4707 1677 4761 730
1732 4707 1886 4777 quod
1940 4724 2038 4763 ne-

388 4796 633 4852 cessitas
662 4794 993 4866 imperabat
1028 4816 1053 4842 »)
1085 4794 1349 4861 (Tertull.
1383 4795 1483 4849 lib.
1521 4813 1537 4848 ι
1569 4797 1647 4851 ad
1681 4795 1846 4852 Uxor.
1910 4812 2036 4868 cap.

387 4888 470 4953 7.)
501 4888 791 4951 Quorsum
824 4884 979 4939 enim
1015 4884 1134 4939 haac
1166 4885 1235 4937 ad
1292 4884 1451 4938 illam
1503 4884 1638 4939 fecit
1682 4886 1877 4953 verba,
1927 4886 1974 4941 si
2009 4904 2041 4941 a

392 4978 670 5028 consueto
703 4972 1063 5027 matrimonii
1103 4990 1210 5027 usu
1271 4972 1396 5043 ipse
1436 4990 1698 5045 uxorque
1749 4975 1877 5044 ejus
1930 4975 2041 5030 sibi

395 5078 625 5133 semper
680 5062 1214 5131 temperavissent?
1271 5062 1454 5116 Nemo
1513 5067 1709 5117 tamen
1770 5069 1882 5131 est,
1942 5064 2040 5135 qui

398 5151 530 5207 inde
589 5167 703 5205 non
759 5150 1048 5222 intelligat
1104 5156 1325 5222 quanto
1384 5153 1789 5207 Tertullianus
1857 5154 2041 5208 conti-

396 5239 605 5296 nentiae
664 5238 1063 5310 castitatisque
1108 5240 1305 5295 studio
1359 5240 1759 5297 inflammatus
1816 5258 2046 5313 semper

397 5329 597 5385 fuerit.

470 5418 665 5473 Minus
695 5419 889 5471 autem
952 5415 1166 5472 mirum
1217 5418 1494 5474 omnibus
1542 5418 1723 5473 videri
1783 5420 2043 5484 deberet,

395 5508 550 5579 quod
603 5505 699 5561 ille
746 5521 985 5561 uxorem
1034 5522 1201 5563 suam
1258 5508 1329 5563 ad
1381 5508 1798 5564 continentiam
1847 5509 1938 5565 his
1985 5511 2044 5565 in

398 5597 563 5652 libris
595 5597 961 5662 adhortetur,
1023 5596 1071 5651 si
1130 5614 1267 5652 vera
1326 5598 1402 5652 sit
1460 5599 1531 5652 de
1590 5602 1874 5669 tempore,
1933 5616 2045 5669 quo

401 5687 597 5759 scripti
625 5692 765 5743 sunt
808 5688 1201 5758 quorumdam
1233 5704 1366 5743 cum
1393 5688 2045 5757 heterodoxorum,tum

684 5815 948 5875 Panos.
996 5813 1047 5875 Ι.

2150 4686 2235 4741 uti
2277 4684 2661 4756 Hieronymus
2696 4700 2728 4739 a
2758 4684 2926 4738 nobis
2976 4683 3194 4738 citatus
3243 4682 3614 4752 testificatur,
3664 4699 3797 4755 pre-

2150 4775 2349 4846 sbyter
2387 4771 2685 4828 catholicae
2748 4771 3012 4828 Ecclesiae
3065 4772 3193 4827 fuit.
3248 4776 3394 4845 Ergo
3443 4772 3615 4845 longe
3663 4777 3799 4829 ante

2152 4868 2509 4919 senectutem
2541 4879 2709 4917 suam
2746 4862 2925 4917 libros
2956 4862 3089 4917 illos
3118 4868 3545 4934 composuerat.

2224 4976 2298 5026 At
2329 4971 2826 5042 quemadmodum
2861 4970 2932 5024 de
2962 4968 3308 5025 Tertulliani
3340 4971 3612 5043 conjugio
3663 4987 3802 5025 con-

2153 5066 2291 5127 stat,
2354 5061 2434 5115 ita
2483 5076 2623 5115 sane
2674 5064 2838 5115 extra
2884 5059 3130 5115 dubium
3176 5076 3309 5115 esse
3352 5060 3584 5115 videtur
3629 5058 3797 5113 illum

2154 5168 2319 5207 sacro
2361 5151 2803 5222 presbyteratus
2852 5150 3055 5205 ordine
3115 5150 3295 5205 fuisse
3353 5148 3799 5221 inauguratum.

2154 5242 2379 5297 Etenim
2415 5240 2827 5312 Hieronymus,
2864 5242 3005 5295 731
3046 5244 3102 5295 et
3133 5239 3267 5293 libri
3298 5239 3369 5293 de
3419 5236 3801 5293 Prsedestina-

2153 5334 2345 5385 torum
2379 5329 2585 5383 haeresi
2614 5333 2819 5383 auctor
2866 5328 3032 5383 illum
3072 5327 3339 5383 Ecclesiae
3394 5326 3801 5397 presbyterum

2154 5419 2310 5474 haud
2340 5418 2679 5473 dubitanter
2702 5417 2999 5489 appellent
3020 5416 3380 5488 (Hieronym.
3413 5414 3593 5469 Calai.
3611 5416 3800 5487 script.

2154 5509 2294 5563 Eccl.
2358 5524 2483 5579 cap.
2545 5508 2634 5573 53,
2692 5523 2825 5578 pag.
2886 5505 3026 5572 “5;
3103 5502 3432 5560 Pra’destin.
3506 5519 3634 5575 cap.
3708 5504 3801 5573 26,

2157 5614 2289 5669 pag.
2322 5597 2434 5668 28).
2470 5597 2854 5660 Quamobrem
2890 5593 3114 5649 Alixius
3148 5597 3481 5647 memorata;
3542 5591 3801 5666 Rigaltii,

2156 5688 2227 5742 de
2254 5687 2422 5741 libris
2456 5706 2487 5741 a
2519 5685 2876 5742 Tertulliano
2902 5685 3026 5755 jam
3056 5689 3218 5740 estate
3248 5684 3509 5741 contecto
3540 5684 3613 5741 ad
3670 5700 3806 5742 uxo-

3452 5818 3529 5876 26
