4262 6378
551 335 665 396 811

1079 326 1602 390 TERTULLIANI
1645 323 1971 386 Ol’ERUM
2017 324 2214 384 PARS
2258 322 2303 383 Ι.
2330 357 2409 367 -
2439 325 2712 386 SERIES
2761 327 2809 400 l,
2855 326 3428 388 APOLOGETICA.

3834 328 3956 390 812

557 481 681 522 rem
714 462 967 534 scriptis,
1026 459 1284 531 opinioni
1335 475 1400 514 eo
1455 457 1752 513 lubentius
1809 454 2180 526 subscripsit.
2225 457 2280 523 Α
2313 455 2608 526 loquitur:
2663 459 2820 513 «Est
2863 458 3036 514 hodie
3082 475 3248 514 soror
3295 460 3445 515 782
3489 460 3646 531 apud
3700 477 3810 515 nos
3858 477 3958 517 re-

559 555 715 626 quod
748 553 882 607 inde
909 549 1112 605 conﬁci
1146 564 1315 620 posse
1346 547 1589 617 putabat
1635 544 1906 600 eumdem
1961 543 2191 598 Tertul-

559 643 805 710 lianum,
837 643 1145 711 postquam
1174 636 1472 708 presbyter
1504 635 1690 689 factus
1717 638 1824 702 est,
1853 648 1985 688 cum
2009 649 2185 688 uxore

561 749 670 787 sua
697 729 866 786 solito
895 726 1107 782 vixisse
1139 741 1297 780 more
1330 723 1599 778 maritali.
1637 723 1745 778 Sed
1779 721 1898 776 haac
1956 727 2192 776 senten-

561 821 645 876 tia
673 824 730 874 et
755 817 994 873 ruinoso
1036 831 1296 886 prorsus,
1359 812 1441 867 uti
1500 811 1930 879 adnotavimus,
1985 809 2194 864 funda-

560 912 779 971 mento,
809 921 876 960 ac
909 903 1072 959 falsis
1114 901 1456 957 Calvinianae
1507 899 1792 955 haereseos
1842 898 2196 969 praejudiciis

558 997 760 1052 innixa
787 998 895 1050 est.
927 993 994 1048 Et
1022 997 1176 1048 certo
1208 1007 1322 1062 quo
1357 989 1561 1060 majori
1593 987 1958 1044 continentiae
1997 988 2195 1042 studio

557 1085 976 1150 Tertullianus,
1011 1087 1075 1137 ut
1106 1081 1320 1151 saepius
1351 1080 1628 1145 diximus,
1673 1078 1934 1146 ardebat,
1973 1094 2039 1132 eo
2090 1078 2198 1132 mi-

559 1191 674 1231 nus
705 1170 1006 1246 probabile
1035 1176 1124 1226 est
1154 1169 1342 1233 illum,
1395 1171 1704 1241 postquam
1764 1165 2198 1237 presbyteratus

561 1263 752 1319 ordini
784 1261 1077 1332 ascriptus
1108 1258 1234 1322 fuit,
1269 1275 1381 1312 non
1415 1256 1648 1311 stetisse
1693 1256 1752 1310 in
1801 1254 2047 1309 aliorum
2097 1255 2199 1309 La-

562 1353 695 1408 tinae
726 1349 996 1405 Ecclesiae
1047 1347 1413 1403 sacerdotum
1464 1344 1746 1416 vestigiis,
1796 1343 1894 1414 qui
1943 1359 2072 1397 sese
2128 1344 2201 1398 ab

564 1441 733 1498 solita
762 1455 1008 1494 uxorum
1040 1435 1462 1492 consuetudine
1492 1433 1884 1489 continebant.
1913 1431 2202 1486 Paucissi-

566 1546 695 1586 mos
724 1527 1015 1598 siquidem
1055 1532 1230 1597 atque
1277 1525 1348 1579 ad
1400 1540 1702 1578 summum
1751 1522 1898 1576 duos
1946 1521 2031 1576 vel
2084 1525 2201 1576 tres

565 1617 851 1687 invenias,
885 1616 986 1688 qui
1017 1631 1187 1671 secus
1217 1614 1460 1684 egerint.
1492 1613 1670 1667 Nemo
1702 1616 1892 1666 autem
1925 1609 2044 1664 ulla
2089 1627 2199 1663 un-

568 1723 745 1778 quam
785 1705 1008 1760 ratione
1055 1703 1323 1758 ostendet
1370 1701 1796 1756 Tertullianum
1847 1699 2056 1753 horum
2106 1715 2203 1768 po-

563 1796 706 1862 tius,
735 1810 908 1865 quam
942 1793 1176 1848 illorum
1207 1791 1319 1846 sibi
1351 1791 1422 1844 ad
1447 1789 1798 1844 imitandum
1825 1787 2201 1859 proposuisse

563 1882 846 1954 exempla.

632 2006 847 2062 Verum
879 2004 1030 2060 alius
1060 2003 1256 2059 nescio
1287 2001 1420 2072 quis
1453 2001 1722 2065 forsitan,
1753 2015 2053 2054 sacrorum
2107 2016 2199 2054 or-

565 2095 770 2150 dinum
810 2096 1196 2165 oppugnator.
1233 2107 1266 2144 a
1296 2090 1466 2144 nobis
1515 2088 1856 2160 postulabit,
1913 2104 2016 2142 cur
2061 2089 2194 2142 Ter-

563 2183 869 2249 tullianus,
930 2181 978 2236 si
1040 2179 1340 2252 presbyter
1400 2178 1528 2244 fuit,
1586 2192 1714 2231 sese
1772 2176 2086 2246 aliquando
2143 2178 2200 2230 in

565 2271 848 2326 laicorum
895 2269 1156 2324 retulerit
1212 2283 1544 2322 numerum.
1605 2267 1750 2320 Nam
1809 2265 1868 2319 in
1925 2265 2074 2319 libro
2133 2267 2204 2321 De

569 2362 861 2417 Oratione:
896 2381 923 2408 ‹‹
957 2357 1093 2424 Nos,
1126 2355 1340 2428 inquit,
1391 2354 1476 2409 vel
1518 2353 1770 2409 maxime
1818 2353 2039 2409 nullius
2088 2354 2198 2409 loci

568 2449 835 2504 homines
878 2469 906 2496 »
937 2444 1194 2517 (Tertull.
1248 2445 1348 2498 lib.
1407 2448 1486 2497 De
1533 2444 1682 2498 Orat.
1734 2459 1859 2513 cap.
1922 2444 2029 2509 14).
2090 2445 2198 2498 Sed

569 2536 834 2609 quamvis
861 2535 977 2601 hic,
1009 2533 1183 2588 sicuti
1213 2534 1551 2603 opinantur,
1582 2536 1736 2586 esset
1766 2532 1976 2586 horum
2009 2533 2206 2587 verbo-

568 2641 701 2679 rum
733 2639 966 2692 sensus,
1000 2620 1144 2675 nihil
1177 2627 1371 2674 tamen
1402 2637 1465 2674 ex
1500 2620 1584 2674 eis
1615 2625 1818 2674 contra
1861 2620 2204 2674 Tertulliani

568 2711 961 2768 sacerdotium
1015 2709 1285 2765 concludi
1340 2713 1548 2779 potest.
1609 2709 1845 2763 Certum
1910 2709 2203 2764 enimvero

567 2817 682 2856 non
714 2803 802 2855 est
832 2803 1051 2864 utrum,
1085 2798 1319 2869 quando
1346 2797 1465 2850 haec
1491 2796 1746 2867 scripsit,
1772 2800 1894 2851 tum
1931 2796 2121 2852 adhuc
2145 2797 2202 2852 in

565 2903 739 2961 grege
773 2905 886 2944 non
921 2886 1094 2942 fuerit
1123 2886 1426 2940 laicorum.

632 3025 704 3078 At
733 3022 972 3094 quidam
1016 3020 1188 3076 nobis
1236 3019 1391 3074 haud
1443 3018 1617 3074 dubie
1654 3017 1932 3089 objicient
1980 3019 2050 3074 ab
2104 3019 2202 3076 illo

563 3112 863 3170 sublatum
900 3110 1081 3165 fuisse
1110 3125 1282 3164 omne
1311 3107 1490 3163 laicos
1522 3107 1672 3162 inter
1702 3112 1758 3162 et
1795 3107 2034 3164 clericos
2081 3109 2201 3165 dis-

2301 545 2656 601 velationum
2709 548 3065 602 charismata
3123 547 3346 616 sortita,
3397 565 3546 618 quas
3596 549 3655 603 in
3707 551 3958 606 ecclesia

2303 632 2456 687 inter
2485 635 2779 691 dominica
2828 637 3113 692 solemnia
3162 654 3263 707 per
3311 638 3564 692 ecstasin
3629 639 3687 693 in
3745 641 3959 711 spiritu

2304 725 2589 793 patitur...
2628 729 2762 780 Post
2793 730 3083 780 transacta
3115 726 3426 793 solemnia,
3459 726 3707 783 dimissa
3758 729 3956 802 plebe,

2305 827 2418 880 quo
2478 829 2586 867 usu
2638 813 2786 868 solet
2846 815 3014 870 nobis
3074 814 3410 870 renuntiare
3461 831 3584 885 quae
3655 817 3946 873 viderit.»

2305 899 2566 970 (Tertull.
2602 901 2703 958 lib.
2738 904 2811 958 De
2847 904 3028 958 Anim.
3081 920 3208 974 cap.
3257 903 3337 974 9.)
3399 905 3471 958 At
3513 909 3668 960 certe
3726 907 3809 960 ibi
3855 906 3956 964 ille

2306 1005 2432 1044 sese
2464 1007 2496 1044 a
2529 992 2716 1062 plebe,
2748 1009 2847 1047 seu
2881 992 3037 1047 omni
3069 991 3348 1046 laicorum
3381 1007 3554 1064 grege
3584 994 3863 1050 secernit.

2384 1121 2667 1176 Privatam
2724 1128 2915 1178 autem
2977 1123 3420 1194 solitariamque
3486 1125 3604 1194 egit
3648 1127 3827 1182 vitam
3888 1145 3957 1184 ac

2309 1211 2522 1276 reiecta
2550 1212 2848 1265 communi
2879 1213 3144 1266 omnium
3175 1217 3353 1281 veste,
3388 1219 3744 1286 sumptoque
3770 1215 3954 1287 philo-

2309 1299 2628 1368 sophorum
2662 1299 2856 1370 pallio,
2916 1316 2978 1354 se
3034 1316 3102 1355 ex
3160 1301 3530 1371 publicorum
3581 1304 3952 1374 negotiorum

2308 1385 2566 1440 tumultu
2616 1389 2965 1443 subduxisse
3009 1389 3378 1444 testiﬁcatur.
3428 1393 3560 1445 Haec
3611 1391 3768 1446 enim
3814 1397 3958 1447 sunt

2309 1475 2454 1542 ejus,
2488 1476 2620 1528 ticto
2652 1478 2913 1544 ejusdem
2949 1475 3111 1548 pallii
3144 1477 3232 1532 sui
3263 1478 3748 1543 nomine,verba:
3783 1503 3810 1530 «
3835 1481 3954 1552 Ego

2310 1563 2456 1617 nihil
2487 1565 2630 1630 foro,
2663 1564 2810 1618 nihil
2842 1581 3069 1635 campo,
3124 1565 3268 1619 nihil
3315 1565 3492 1620 curiae
3542 1567 3721 1622 debeo
3753 1585 3766 1636 ;
3808 1568 3955 1623 nulli

2310 1653 2500 1707 officio
2549 1653 2820 1723 advigilo,
2884 1653 3045 1708 nulla
3101 1658 3290 1708 rostra
3345 1670 3710 1727 praeoccupo,
3790 1656 3956 1712 nulla

2312 1741 2578 1813 praetoria
2607 1744 2880 1810 observo;
2941 1745 3172 1798 canales
3231 1760 3347 1798 non
3406 1745 3604 1812 odoro,
3661 1745 3954 1803 cancellos

2232 1824 2424 1888 Bnon
2483 1831 2682 1894 adoro,
2743 1831 3022 1886 subsellia
3081 1849 3192 1886 non
3255 1833 3573 1899 contundo,
3625 1833 3765 1904 jura
3831 1851 3950 1890 non

2308 1920 2608 1986 conturbo,
2667 1936 2877 1974 causas
2931 1937 3044 1974 non
3103 1919 3305 1990 elatro,
3367 1938 3482 1976 non
3532 1923 3756 1993 judico,
3829 1940 3948 1980 non

2310 2009 2517 2078 milito,
2558 2009 2773 2063 secessi
2801 2009 2870 2064 de
2898 2009 3128 2080 populo,
3159 2009 3216 2064 in
3250 2025 3342 2064 me
3373 2010 3613 2066 unicum
3646 2011 3946 2084 negotium

2310 2096 2452 2152 mihi
2483 2101 2593 2161 est,
2623 2095 2736 2150 nisi
2768 2095 2925 2150 aliud
2955 2113 3066 2151 non
3102 2113 3272 2162 cuno,
3307 2113 3481 2167 quam
3540 2115 3613 2154 ne
3661 2115 3882 2158 curem.
3915 2120 3946 2152 »

2309 2186 2516 2256 (Idem,
2549 2185 2622 2239 De
2652 2185 2798 2239 ραιι.
2832 2201 2957 2256 cap.
2989 2189 3064 2254 5.)

2381 2317 2636 2373 Moribus
2667 2333 2798 2373 vero
2827 2321 2944 2372 tam
2971 2317 3146 2373 castis
3200 2319 3540 2392 sanctisque
3587 2320 3716 2390 fuit,
3774 2339 3952 2392 quam

2312 2407 2476 2462 duris
2507 2407 2760 2477 profecto
2784 2411 2840 2461 et
2864 2407 3108 2478 asperis.
3159 2409 3472 2464 Severioris
3512 2426 3746 2482 quoque
3775 2410 3955 2466 disci-

2313 2494 2483 2567 plinze
2542 2513 2654 2550 non
2714 2495 2903 2550 solum
2968 2501 3220 2552 sectator
3268 2503 3410 2562 erat,
3471 2498 3570 2553 sed
3631 2499 3954 2556 acerrimus

2313 2585 2491 2639 etiam
2523 2599 2586 2638 ac
2621 2582 2772 2638 ultra
2802 2588 2984 2639 statos
3015 2586 3306 2655 aequitatis
3345 2585 3561 2642 limites
3593 2587 3863 2646 defensor
3893 2593 3954 2644 et

2314 2679 2615 2744 patronus.
2661 2672 2773 2727 Nec
2823 2690 3028 2744 parum
3075 2674 3309 2744 quidem
3359 2675 3672 2731 verisimile
3720 2677 3953 2733 videtur

2313 2761 2480 2815 illum
2516 2760 2662 2816 falsa
2691 2761 3038 2828 severitatis,
3070 2780 3242 2832 quam
3295 2764 3664 2820 montanistae
3713 2783 3826 2836 prae
3884 2782 3950 2822 se

2314 2850 2593 2916 ferebant,
2627 2850 2819 2922 specie
2849 2851 3158 2922 deceptum
3189 2852 3248 2906 in
3285 2868 3486 2908 eorum
3520 2853 3786 2909 haeresim
3818 2871 3949 2911 sese

2312 2938 2542 2994 dedisse
2575 2938 2947 3011 praecipitem.
2979 2941 3084 2994 Sed
3121 2941 3232 2995 huc
3263 2941 3523 3012 ingenita
3569 2942 3750 2997 animi
3780 2943 3950 2998 duri-

2310 3027 2395 3082 tia
2422 3026 2794 3082 inclinantem
2825 3032 3126 3082 traxerunt
3164 3028 3320 3083 falsae
3371 3030 3760 3100 quarumdam
3810 3047 3949 3086 mu-

2311 3114 2542 3182 lierum,
2576 3115 2734 3171 illius
2763 3116 2999 3172 haeresis
3029 3133 3247 3172 veneno
3277 3116 3661 3186 imbutarum,
3692 3119 3951 3176 visiones

563 3201 807 3266 crimen,
838 3198 935 3254 ubi
988 3199 1059 3253 de
1117 3197 1380 3268 utrisque
1441 3197 1595 3250 hunc
1637 3195 1898 3268 loquitur
1953 3197 2010 3252 in
2070 3217 2197 3254 mo-
2230 3192 2271 3254 C
2307 3209 2482 3275 atque
2527 3204 2951 3276 praedictiones.
3006 3206 3261 3278 Denique
3319 3206 3595 3263 «invidia
3644 3214 3702 3264 et
3751 3213 3955 3264 contu-

563 3292 742 3346 dum:
779 3310 806 3338 «
837 3287 1001 3342 Unde
1031 3285 1286 3358 episcopi
1309 3290 1365 3340 et
1395 3284 1628 3340 clerus?
1658 3291 1860 3341 Nonne
1890 3287 1960 3342 de
2017 3288 2200 3342 omni-

562 3378 787 3434 bus?...
843 3375 953 3431 Sed
1012 3391 1144 3430 cum
1202 3373 1536 3428 extollimur
1593 3373 1870 3428 adversus
1953 3372 2198 3445 clerum,

563 3469 702 3520 tunc
734 3481 919 3520 unum
951 3480 1156 3518 omnes
1188 3479 1412 3531 sumus,
1448 3467 1588 3517 tunc
1620 3478 1824 3517 omnes
1868 3463 2198 3520 sacerdotes

562 3571 670 3610 nos
699 3553 812 3609 Deo
835 3557 890 3608 et
918 3552 1074 3608 Patri
1107 3551 1262 3620 fecit,
1294 3568 1426 3606 cum
1457 3568 1560 3622 per
1589 3550 2051 3622 adaequationem
2083 3553 2200 3608 dis-

562 3642 790 3715 ciplinae
829 3638 1203 3696 sacerdotalis
1255 3655 1654 3711 provocamur,
1707 3639 2055 3710 deponimus
2105 3640 2198 3697 in-

560 3730 733 3795 fulas,
767 3734 824 3784 et
851 3728 1106 3801 impares
1136 3744 1362 3782 sumus.
1394 3747 1420 3779 η
1458 3729 1542 3782 Ita
1573 3727 1808 3798 quidem
1842 3727 1936 3783 ille
1958 3727 2014 3782 in
2049 3728 2198 3785 libro

559 3821 636 3876 De
686 3819 1023 3889 Monogamia
1075 3817 1281 3888 (Idem,
1342 3815 1444 3872 lib.
1507 3817 1581 3871 De
1628 3815 1834 3884 Monog.
1896 3833 2023 3888 cap.
2088 3819 2194 3889 12).

559 3907 748 3964 Simili
783 3923 1015 3979 quoque
1042 3907 1213 3960 modo
1246 3905 1304 3960 in
1338 3904 1449 3959 alia
1479 3906 1550 3960 de
1601 3905 1988 3960 Exhortatione
2032 3909 2196 3962 costi-

559 3999 728 4052 tatis:
788 4019 814 4046 (ι
849 3993 1272 4060 Diﬂ'erentiam,
1328 3993 1542 4066 inquit,
1594 3994 1747 4048 inter
1804 3995 2066 4050 ordinem
2143 4003 2198 4051 et

557 4086 788 4158 plebem
842 4083 1147 4139 constituit
1194 4081 1459 4137 Ecclesiae
1507 4084 1862 4150 auctoritas;
1910 4088 1965 4137 et
2013 4083 2197 4140 honor

556 4190 660 4246 per
715 4172 938 4228 ordinis
992 4188 1335 4226 consessum
1396 4171 1836 4238 sanctificatus;
1897 4172 2036 4227 adeo
2096 4173 2194 4227 ubi

554 4261 930 4320 ecclesiastici
963 4261 1186 4316 ordinis
1218 4277 1333 4314 non
1357 4263 1461 4314 -est
1509 4275 1842 4328 consessus,
1893 4266 1949 4314 et
1999 4261 2193 4331 offers,

553 4357 608 4409 et
638 4351 880 4424 tinguis,
914 4355 970 4405 et
999 4349 1273 4404 sacerdos
1305 4365 1366 4403 es
1397 4348 1500 4403 tibi
1548 4347 1733 4404 solus.
1769 4371 1797 4398 ››
1843 4350 2046 4419 (Idem,
2089 4350 2190 4405 lib.

549 4441 616 4497 de
645 4441 872 4498 Exhort.
906 4439 1086 4494 cauit.
1130 4453 1258 4507 cap.
1287 4437 1367 4508 7.)

2311 3291 2502 3348 meliis
2531 3293 2876 3349 clericorum
2935 3297 3126 3348 Romae
3188 3294 3475 3362 Ecclesiae,
3534 3297 3616 3352 ait
3671 3296 3957 3368 Hierony-

2311 3398 2464 3447 mus,
2499 3381 2569 3436 ad
2603 3382 2858 3437 Montani
2891 3383 3104 3454 dogma
3133 3382 3430 3455 delapsus,
3466 3384 3524 3438 in
3558 3385 3758 3441 multis
3790 3401 3954 3441 novae

2307 3469 2623 3541 prophetiae
2681 3469 2968 3537 meminit,
3032 3471 3364 3542 specialiter
3420 3477 3614 3528 autem
3674 3475 3956 3530 adversus

2307 3557 2643 3612 Ecclesiam.
2671 3580 2697 3605 ››
2719 3558 3076 3630 (Hieronym.
3107 3560 3348 3632 Catatog.
3379 3563 3570 3632 script.
3604 3563 3734 3618 ccci.
3767 3579 3816 3618 c.
3848 3562 3944 3633 53,

2312 3662 2364 3717 p.
2402 3647 2548 3711 115.)

2379 3770 2635 3824 Primam
2665 3769 2864 3840 itaque
2904 3770 3028 3825 vitae
3087 3787 3224 3838 suae,
3285 3787 3412 3843 quae
3468 3770 3698 3842 longior
3746 3770 3949 3842 procul

2307 3857 2485 3914 dubio
2519 3859 2645 3922 fuit,
2682 3865 2901 3931 partem
2937 3859 2995 3914 in
3041 3859 3297 3916 Ecclesia
3345 3859 3655 3925 catholica,
3707 3858 3951 3915 alteram

2307 3946 2644 4002 miserando
2689 3965 2853 4012 sane,
2913 3964 3017 4002 nec
3076 3947 3221 4002 satis
3279 3965 3537 4018 unquam
3595 3947 3951 4019 deplorando

2307 4052 2446 4090 casu
2479 4036 2629 4091 inter
2659 4037 3050 4092 Montanistas
3092 4035 3392 4092 haereticos
3451 4037 3751 4106 transegit.
3809 4036 3955 4091 Nam

2306 4126 2457 4181 sicut
2489 4125 2678 4197 pergit
2707 4126 2857 4180 idem
2884 4126 3303 4198 Hieronymus:
3329 4147 3354 4178 α
3377 4126 3570 4197 Usque
3596 4127 3664 4181 ad
3700 4124 3956 4181 mediam

2304 4220 2532 4269 aetatem
2596 4215 2898 4286 presbyter
2957 4214 3218 4270 Ecclesiae
3281 4215 3689 4286 permansit.»
3770 4213 3962 4285 (Ibid.)

2303 4303 2477 4358 Addit
2507 4308 2701 4357 autem
2735 4303 2950 4358 ibidem
3003 4303 3447 4359 eruditissimus
3489 4304 3740 4375 scriptor
3787 4302 3959 4358 illum

2301 4391 2570 4447 ﬂoruisse
2601 4392 2972 4462 potissimum
3008 4393 3117 4448 sub
3148 4393 3352 4446 Severo
3393 4392 3654 4464 principe
3685 4397 3744 4447 et
3771 4396 3952 4448 Anto-

2302 4481 2440 4535 nino
2484 4479 2802 4550 Caracalla,
2848 4487 3039 4550 atque,
3089 4479 3172 4534 uti
3223 4481 3424 4550 fertur,
3479 4481 3811 4552 pervenisse
3871 4481 3952 4535 ad

619 4571 834 4627 Verum
868 4568 1087 4624 nemini
1121 4569 1549 4639 incompertum
1581 4571 1670 4623 est
1699 4567 1865 4623 illum
1896 4570 2034 4624 dum
2066 4569 2187 4624 haec
2224 4551 2270 4614 D
2303 4568 2660 4640 decrepitam
2703 4584 2888 4640 usque
2945 4575 3196 4623 aetatem.
3259 4569 3320 4624 Si
3380 4551 3517 4624 vero
3578 4568 3952 4641 peritioribus

549 4661 851 4726 scriberet,
905 4659 1026 4727 jam
1085 4657 1282 4711 animo
1337 4655 1644 4712 imbibisse
1701 4657 2190 4713 Montanistarum

549 4764 793 4814 errores,
828 4763 974 4816 quos
1028 4745 1242 4800 ibidem
1277 4749 1511 4800 secutus
1571 4747 1783 4817 adjecit
1821 4764 1832 4800 :
1867 4770 1893 4796 «
1927 4748 2032 4802 Sed
2092 4747 2191 4802 ubi

548 4841 692 4902 tres,
723 4833 982 4890 Ecclesia
1012 4838 1123 4898 est,
1155 4833 1290 4888 licet
1320 4833 1473 4888 laici.
1509 4858 1535 4886 »
1570 4836 1756 4906 (Ibid.)
1800 4837 2188 4899 Quamobrem

549 4924 868 4982 errantium
901 4939 1059 4978 more
1090 4922 1174 4977 vel
1211 4923 1320 4977 sibi
1356 4941 1466 4977 non
1511 4925 1795 4986 constitit,
1841 4927 1927 4980 vel
1978 4942 2188 4980 nomen

547 5013 862 5072 sacerdotis
895 5029 1006 5066 non
1040 5011 1273 5083 proprio
1304 5018 1360 5066 et
1392 5013 1690 5079 strictiori,
1735 5014 1831 5067 sed
1869 5014 2188 5084 improprio

545 5110 601 5161 et
629 5104 822 5159 latiori
854 5101 1073 5172 accepit
1105 5100 1460 5172 signiﬁcatu,
1525 5102 2018 5171 quemadmodum
2073 5120 2187 5156 non

543 5192 723 5250 semel
756 5191 1016 5248 sumitur
1044 5190 1115 5243 ab
1148 5194 1371 5244 Joanne
1403 5189 1516 5253 his,
1551 5191 1620 5244 ad
1656 5206 1780 5260 quae
1812 5189 2070 5244 alludere
2105 5190 2185 5245 vi-

542 5283 711 5338 detur
740 5280 964 5336 verbis:
999 5280 1145 5334 Fecit
1176 5294 1274 5332 nos
1301 5295 1535 5347 regnum
1585 5281 1633 5331 et
1663 5278 1971 5332 sacerdote:
2003 5278 2107 5332 Deo
2137 5287 2188 5333 et

541 5369 700 5425 Patri
754 5385 854 5424 suo
915 5368 1099 5438 (Apoc.
1161 5383 1200 5432 ι,
1259 5367 1334 5434 6).
1398 5369 1585 5435 Atque
1654 5366 1868 5418 iterum
1942 5369 2179 5435 postea:

545 5459 738 5514 Fecisti
764 5473 860 5513 nos
891 5458 998 5512 Deo
1050 5461 1238 5511 nostra
1285 5470 1522 5522 regnum
1569 5456 1618 5508 et
1672 5453 1967 5508 sacerdote:
2024 5453 2180 5522 (Ibid.

545 5563 672 5617 cap.
730 5564 786 5612 v,
844 5547 952 5615 10).
1015 5545 1145 5614 Ipse
1201 5542 1493 5597 enimvero
1557 5543 1707 5597 idem
1767 5540 2180 5609 Tertullianus,

544 5633 778 5690 tametsi
809 5637 950 5688 tunc
997 5629 1256 5686 Montani
1307 5633 1577 5701 sectator,
1626 5630 1738 5687 alio
1796 5631 1854 5687 in
1904 5629 2048 5688 libro
2097 5630 2180 5687 sic

2301 4658 2485 4712 nostri
2543 4658 2822 4728 temporis
2905 4657 3290 4729 scriptoribus
3362 4659 3533 4712 fidem
3608 4658 3948 4727 habeamus,

2302 4751 2474 4800 natus
2502 4748 2685 4800 fuerat
2719 4747 2875 4801 circa
2906 4763 3124 4801 annum
3159 4747 3371 4802 Christi
3408 4747 3531 4812 160,
3564 4752 3620 4802 et
3649 4763 3799 4802 anno
3844 4747 3955 4802 cir-

2300 4835 2441 4890 citer
2477 4836 2582 4888 245
2616 4839 2885 4889 mortuus
2917 4839 3026 4889 est.
3061 4836 3294 4891 Inﬁcias
3345 4852 3515 4906 porro
3564 4835 3764 4891 nullus
3817 4833 3946 4905 ibit,

2296 4923 2617 4994 longiorem
2655 4924 2847 4977 media
2880 4930 3040 4994 parte
3074 4924 3253 4980 fuisse
3299 4927 3425 4980 vitae
3475 4924 3634 4980 illius
3680 4940 3944 4992 cursum,

2297 5013 2466 5080 cujus
2499 5017 2852 5082 postremam
2888 5017 3110 5083 partem
3147 5014 3202 5066 in
3233 5014 3678 5086 propugnandis
3734 5013 3945 5068 absur-

2297 5101 2388 5156 dis
2440 5101 2842 5156 haereticorum
2903 5103 3201 5158 erroribus
3251 5105 3674 5171 consumendo,
3727 5110 3784 5157 et
3831 5102 3949 5158 sibi

2297 5189 2407 5260 ipsi
2466 5195 2521 5244 et
2581 5189 2713 5244 aliis
2772 5191 3224 5262 quampluribus
3285 5193 3501 5247 nocuit.
3556 5191 3943 5256 Quamobrem

2297 5283 2450 5334 recte
2495 5281 2615 5349 jam
2677 5280 2950 5334 laudatus
3011 5297 3043 5334 a
3101 5282 3268 5336 nobis
3330 5282 3757 5354 Hieronymus:
3819 5280 3941 5334 «In

2292 5367 2673 5433 Tertulliano,
2708 5367 2922 5438 inquit,
2959 5368 3271 5424 laudamus
3329 5369 3649 5440 ingenium,
3694 5374 3938 5422 damna-

2293 5472 2425 5511 mus
2457 5456 2742 5512 haeresim.
2781 5478 2807 5505 υ
2841 5457 3042 5524 (Idem,
3077 5456 3180 5512 lib.
3218 5473 3300 5526 ιιι,
3333 5459 3559 5529 Apolog.
3592 5457 3715 5512 adv.
3751 5457 3932 5526 Ruﬁn.

2289 5561 2421 5616 pag.
2456 5546 2604 5614 463.)
2635 5549 2708 5600 At
2739 5545 2806 5600 de
2830 5543 2991 5600 illius
3024 5545 3258 5616 ingenio
3291 5545 3464 5618 paulo
3492 5546 3732 5602 uberius
3758 5561 3929 5617 agen-

2289 5635 2430 5689 dum
2461 5639 2571 5690 est.
