4262 6350
394 352 511 411 813

1008 502 1329 542 Αιιτιαυιυε
1368 504 1424 541 ν.

390 611 461 664 De
536 610 861 665 Tertulliani
915 612 1133 680 ingenio
1202 614 1251 665 et
1314 612 1623 682 multiptici
1691 612 2049 667 eruditione:

460 685 662 754 utrum,
690 683 1109 747 iurisconsultus
1137 682 1330 754 fuerit,
1363 688 1414 737 et
1465 684 1614 737 idem
1668 700 1731 737 ac
1758 687 2047 754 Tertylliu-

458 770 564 806 nus
584 770 602 811 ,·
632 753 695 806 de
722 755 839 822 ejus
879 756 1025 824 ,ςινιο
1069 753 1439 809 ησᾼςσνϋκηίίἰ
1493 755 1674 825 modo,
1707 765 1756 811 et
1804 753 2049 812 nominis

454 826 792 880 celebritate.

456 967 663 1023 Severo
713 985 941 1024 morum
989 969 1337 1040 vivendigue
1387 985 1599 1041 genere
1648 969 2046 1025 Tertullianus

381 1058 739 1128 sequebatur
796 1060 945 1113 733
1007 1058 1241 1113 innatos
1292 1059 1548 1129 impetus
1610 1059 1852 1129 ingenii,
1905 1076 2043 1114 acu-

380 1146 593 1201 tissimi
624 1147 859 1218 quidem
908 1151 964 1201 et
1015 1147 1307 1211 acerrimi,
1340 1148 1441 1202 sed
1495 1164 1607 1201 non
1646 1148 1843 1202 minus
1875 1164 2043 1219 aspe-

378 1235 425 1289 ri
462 1252 526 1289 ac
568 1235 949 1291 vehementis.
1001 1235 1362 1307 Quapropter
1415 1236 1759 1308 Hieronymo
1802 1242 2045 1292 vocatur

376 1326 522 1378 neris
547 1328 593 1378 et
626 1325 956 1379 vehementis
1010 1325 1224 1395 ingenii
1264 1328 1351 1379 vir
1402 1325 1755 1397 (Hieronym.
1794 1326 2040 1394 Catalog.

373 1414 561 1484 script.
596 1414 729 1469 ecel.
766 1430 816 1471 c.
846 1414 941 1479 53,
975 1432 1030 1483 p.
1072 1415 1212 1477 115).
1255 1415 1616 1485 Atquamvis
1649 1416 1701 1468 id
1740 1416 2043 1485 tacuisset,

376 1503 590 1557 durum
623 1510 677 1557 et
706 1504 1200 1575 impatiensillius
1236 1507 1533 1577 ingenium
1569 1506 1791 1575 passim
1825 1506 2041 1577 ubique

374 1592 431 1644 in
467 1593 594 1661 ejus
628 1592 1139 1649 lucubrationibus
1171 1596 1404 1649 emicat.
1440 1594 1585 1657 Quid
1629 1610 1769 1665 ergo
1803 1594 2038 1665 mirum,

375 1682 420 1735 si
458 1681 553 1735 ille
586 1682 736 1736 intra
770 1682 1060 1751 legitimos
1094 1683 1408 1754 patientiae,
1461 1683 1940 1738 mansuetudinis
1974 1700 2038 1739 ae

378 1771 797 1826 moderationis
853 1771 1069 1826 limites
1123 1790 1250 1827 sese
1302 1772 1599 1827 continere
1656 1773 1868 1842 srepius
1921 1790 2035 1827 non

1124 352 1204 411 IN
1247 354 1860 417 APOLOGETICUM
1904 357 1975 415 D.
2026 356 2121 416 LE
2164 357 2490 417 NOURRY
2533 355 3090 422 DlSSERTATlO.

3697 360 3822 424 δη

2079 491 2134 557 Α
2163 492 2218 545 et
2248 489 2545 558 Ruﬁnum,
2572 491 2697 561 jam
2731 508 2765 547 a
2794 490 2965 548 nobis
2994 492 3221 561 citatos,
3246 491 3510 566 aliosque
3536 495 3817 569 eomplu-

2161 594 2274 645 res,
2337 579 2407 633 ab
2468 580 2810 650 Hieronymo
2869 579 3198 651 appellatur
3243 584 3331 636 vir
3401 583 3818 642 eruditissimus

2160 666 2514 738 (Hieronym.
2575 668 2696 722 adv.
2759 670 2937 739 Vigit.
3000 685 3130 740 pag.
3188 670 3293 724 385
3320 676 3377 726 et
3413 673 3582 743 epist.
3632 675 3703 729 85
3733 676 3815 731 ad

2158 757 2296 827 Mug.
2350 774 2477 829 pag.
2530 759 2677 827 65(3),
2730 774 2845 827 quo
2896 758 3129 826 quidem
3190 758 3335 814 nihil
3384 766 3473 815 est
3519 764 3810 820 eruditius

2156 849 2213 899 et
2243 846 2492 900 acutius.
2523 847 2581 900 lu
2610 846 2735 917 ipso
2758 849 2978 911 autem,
3002 848 3072 902 de
3097 865 3209 919 quo
3232 866 3387 904 nunc
3409 850 3808 924 disputamus,

2156 934 2341 1005 ipsius
2374 934 2770 1006 Apologetico,
2805 941 2861 989 et
2887 934 3016 990 aliis
3050 939 3326 993 adversus
3352 943 3555 1010 gentes
3588 939 3809 999 libellis

2156 1022 2211 1077 id
2246 1024 2495 1078 emicare
2526 1024 2679 1078 haud
2714 1025 3050 1079 dubitanter
3083 1028 3360 1081 affirmat.
3395 1028 3591 1099 Operaa
3622 1030 3809 1102 igitur

2155 1129 2397 1182 prorsus
2417 1112 2647 1167 inutilis
2673 1113 2817 1167 foret
2834 1113 2961 1180 hoc,
2987 1114 3138 1169 sicut
3162 1115 3327 1171 facile
3344 1121 3454 1183 est,
3482 1117 3803 1177 illustrium

2156 1201 2471 1271 cujuslibet
2514 1203 2699 1257 aetatis
2747 1203 3102 1274 scriptorum
3153 1204 3503 1262 testimoniis
3533 1224 3805 1281 compro-

2152 1290 2301 1355 bari,
2328 1292 2482 1361 quod
2510 1310 2542 1345 a
2566 1291 2791 1346 nemine
2828 1292 2978 1347 734
3001 1294 3325 1365 ignoratur,
3359 1299 3416 1350 et
3438 1296 3687 1367 ipsemet
3706 1316 3808 1354 au-

2153 1379 2329 1434 ctoris
2360 1380 2576 1451 scripta
2609 1380 3156 1437 manifestissimum
3190 1383 3465 1439 omnibus
3499 1385 3738 1443 faciunt.

2225 1491 2294 1539 At
2325 1487 2765 1557 prsetermittere
2795 1494 2991 1543 tamen
3017 1506 3131 1543 non
3150 1506 3472 1561 possumus
3502 1492 3804 1564 singulare

2151 1576 2448 1645 quoddam
2503 1576 2850 1631 eruditionis
2898 1594 3102 1647 genus,
3155 1580 3309 1649 quod
3366 1580 3459 1635 his
3513 1582 3801 1639 Eusebius

2147 1665 2338 1717 verbis
2372 1665 2429 1718 in
2462 1665 2820 1719 'l‘ertulliano
2871 1665 3165 1722 laudavit:
3210 1666 3643 1737 Τερτουλλιανὸς
3675 1670 3804 1735 τοὺς

2149 1751 2432 1822 Ρ’ωμαὲων
2482 1751 2679 1823 νόμους
2734 1747 3084 1827 ἡκριϐωκὼς,
3118 1754 3253 1827 ἀνὴρ
3308 1755 3375 1809 τά
3431 1776 3488 1810 τε
3531 1755 3675 1813 ἄλλα
3714 1754 3800 1813 ἔν-

374 1859 675 1930 potuerit?
705 1861 770 1915 Et
818 1860 942 1931 ipse
988 1867 1145 1915 certe
1195 1867 1306 1915 tam
1345 1862 1591 1930 sincero,
1638 1836 1813 1932 quam
1849 1862 2020 1932 pmni-

2147 1836 2298 1909 δοξος
2328 1841 2415 1894 καὶ
2446 1846 2554 1894 τῶν
2608 1840 2843 1912 μάλιστα
2872 1840 2958 1895 ἐπὶ
3007 1844 3223 1915 Ῥώμης
3258 1844 3525 1919 λαμπρῶν
3557 1847 3796 1919 (Euseb.

372 1948 513 2002 tenti
549 1950 744 2004 animo
778 1950 968 2019 palam
1003 1951 1306 2006 confessus
1355 1957 1443 2005 est
1484 1968 1544 2005 se
1587 1949 1874 2021 patientiae
1910 1951 2022 2004 vir-

369 2042 491 2092 tute
527 2056 636 2093 non
672 2039 910 2093 omnino
946 2040 1125 2095 fuisse
1159 2040 1486 2111 prmditum.
1526 2041 1624 2095 llis
1656 2039 1811 2094 enim
1848 2057 2021 2095 suum

369 2128 438 2181 de
469 2128 669 2181 eadem
705 2128 983 2198 patientia
1014 2129 1230 2183 librum
1273 2130 1499 2183 orditur
1549 2129 1777 2183 verbis:
1811 2151 1837 2178 ‹‹
1873 2128 2019 2182 Con-

370 2216 535 2271 fiteor
567 2217 637 2270 ad
672 2216 983 2272 Dominum
1018 2218 1195 2272 Deum
1248 2218 1391 2273 satis
1426 2223 1641 2273 temere
1674 2235 1785 2283 me,
1821 2218 1869 2272 si
1905 2234 2015 2272 non

370 2308 543 2359 etiam
578 2304 983 2375 imprudenter
1005 2307 1075 2360 de
1103 2306 1380 2378 patientia
1403 2322 1748 2373 componere
1781 2321 2015 2374 ausum,

372 2394 458 2447 cui
498 2396 837 2465 praestanda:
872 2396 1115 2451 idoneus
1148 2395 1386 2450 omnino
1422 2412 1532 2449 non
1559 2412 1711 2463 sum,
1748 2399 1812 2448 ut
1842 2393 2016 2447 homo

372 2481 589 2537 nullius
642 2484 795 2550 boni,
849 2485 1083 2555 quando
1141 2491 1402 2555 oporteat
1450 2482 2013 2538 demonstrationem

371 2575 422 2625 et
478 2573 1044 2628 commendationem
1107 2572 1359 2644 alicujus
1419 2572 1498 2627 rei
1548 2573 1803 2638 adortos,
1856 2571 2014 2641 ipsos

366 2660 527 2732 prius
575 2662 633 2716 in
683 2662 1190 2717 administratione
1239 2665 1365 2733 ejus
1416 2662 1494 2718 rei
1545 2660 1925 2733 deprehendi,
1957 2664 2015 2714 et

373 2752 750 2807 :onstantiam
804 2753 1207 2806 commonendi
1260 2752 1504 2823 propriae
1553 2750 2013 2805 conversationis

373 2840 708 2895 auctoritate
759 2840 1029 2911 dirigere,
1082 2858 1151 2895 ue
1184 2842 1337 2895 dicta
1399 2842 1564 2895 factis
1607 2839 2013 2895 deficientibus

373 2928 731 2983 erubescant.
768 2951 787 2977 ι
827 2927 1090 2998 (Tertull.
1124 2927 1223 2982 lib.
1262 2930 1334 2983 De
1361 2930 1599 2983 Patient.
1632 2946 1759 2999 cap.
1798 2928 1872 2999 1.)

433 3016 646 3072 Verum
680 3017 727 3071 si
762 3017 1015 3072 acriores
1048 3018 1228 3071 animi
1262 3017 1516 3088 impetus
1544 3018 1753 3071 virtute
1789 3017 2008 3088 patien.

370 3106 452 3160 tisi
488 3105 754 3177 mitigare
784 3122 895 3159 non
929 3122 1159 3177 semper
1208 3106 1407 3174 valuit,
1444 3106 1674 3177 ingenio
1706 3111 1857 3160 certe
1886 3104 2011 3177 pol-

362 3193 515 3250 lebat
548 3195 618 3249 ad
652 3193 975 3266 quamlibet
1005 3194 1307 3250 scientiam
1343 3195 1506 3250 facile
1538 3195 2010 3267 consequendam

377 3284 692 3356 iptissimo.
737 3284 1032 3347 Quantum
1066 3300 1197 3339 vero
1232 3285 1392 3339 omni
1424 3284 1773 3339 eruditionis
1806 3299 2015 3355 genere

378 3374 765 3438 ibundaverit,
820 3389 887 3427 ex
936 3372 1027 3428 his
1077 3373 1305 3443 conjiee
1344 3373 1631 3428 Vincentii
1696 3372 2016 3428 Lirinensis

379 3464 599 3519 verbis:
653 3486 680 3512 ‹‹
742 3462 900 3517 Sicut
957 3463 1236 3533 Origenes
1296 3464 1450 3534 apud
1509 3462 1757 3528 Graecos,
1814 3462 1893 3516 ita
1924 3461 2018 3516 hic

382 3552 519 3621 send
556 3552 787 3608 Latinos
838 3559 1171 3607 nostrorum
1223 3552 1486 3607 omnium
1536 3551 1701 3607 facile
1748 3551 2017 3623 princeps

372 3640 714 3710 judicandus
745 3646 853 3696 est.
890 3642 1036 3706 Quid
1070 3641 1225 3696 enim
1266 3641 1375 3697 hoc
1406 3642 1527 3697 viro
1560 3640 1786 3696 doctius
1812 3644 1839 3695 Υ
1867 3639 2015 3705 Quid

381 3730 421 3785 ii
454 3730 669 3786 divinis
701 3736 874 3801 atque
896 3730 1176 3786 humanis
1201 3731 1375 3786 rebus
1398 3731 1773 3786 exercitatius
1794 3730 1820 3784 ‘t
1852 3730 2015 3785 Nem-

382 3836 433 3891 p:
452 3838 684 3875 omnem
709 3814 1163 3891 philosophiam,
1184 3824 1240 3873 et
1264 3824 1505 3875 cunctas
1531 3819 2014 3891 ρὶιίὶῑςεορὶιοτυιη

377 3916 570 3976 sectas,
603 3916 870 3963 auctores
892 3913 1332 3979 assectoresque
1358 3914 1674 3976 sectarum,
1694 3924 2016 3980 omnesque

382 4012 568 4055 torum
600 3996 965 4067 disciplinas,
998 4013 1232 4052 omnem
1266 3998 1644 4053 historiarum
1692 4015 1755 4052 ac
1787 3998 2013 4052 studio-

384 4102 495 4140 run
528 4085 863 4139 varietatem
922 4085 1071 4139 mira
1118 4087 1375 4156 quadam
1426 4087 1641 4141 mentis
1693 4086 2016 4157 oapacitate

385 4177 699 4245 cunplexus
732 4179 839 4229 est.
890 4173 1129 4245 Ingenio
1178 4192 1311 4229 vero
1364 4192 1554 4231 nonne
1587 4180 1703 4230 tam
1758 4173 1915 4245 gravi
1950 4190 2015 4227 ac

385 4264 691 4319 veiementi
742 4262 1031 4330 excelluit,
1079 4269 1140 4318 ut
1190 4263 1333 4318 nihil
1366 4265 1476 4319 sibi
1525 4282 1668 4336 pene
1728 4265 1797 4319 ad
1833 4280 2011 4334 expu-

385 4356 663 4423 gntnduni
694 4352 1080 4423 proposuerit,
1114 4354 1264 4422 quod
1301 4372 1414 4409 non
1447 4354 1833 4409 autacumine
1864 4353 2011 4405 irru-

388 4444 535 4513 peit,
584 4449 686 4498 aut
736 4443 991 4514 pondere
1035 4442 1304 4497 eliserit?
1350 4443 1477 4497 Jam
1533 4460 1703 4514 porro
1735 4441 2013 4499 orationis

387 4550 485 4587 sua
515 4533 717 4588 laudes
749 4532 883 4604 quis
914 4532 1151 4602 exsequi
1184 4532 1412 4588 valeat?
1462 4533 1593 4596 Qua:
1625 4539 1787 4587 tanta
1819 4532 2012 4587 nescio

2137 1930 2237 1985 lib.
2274 1948 2312 1985 ιι
2350 1935 2559 1987 llistor.
2596 1935 2789 1987 Eccles.
2843 1949 2968 2003 cap.
3003 1936 3058 1997 2,
3111 1951 3240 2006 pag.
3290 1937 3399 2005 41),
3447 1937 3503 1991 id
3538 1943 3647 2008 est,
3678 1938 3797 1994 Va-

2132 2018 2276 2076 lesio
2327 2022 2679 2093 interprete:
2746 2022 3114 2077 Tertullianus
3174 2022 3356 2095 legum
3416 2030 3795 2083 Romanorum

2125 2112 2522 2178 peritissimus,
2554 2115 2607 2165 et
2638 2114 2784 2166 inter
2814 2112 3036 2167 Latinos
3061 2114 3349 2183 scriptores
3379 2113 3791 2172 celeberrimus.

2131 2197 2361 2253 Valesio
2409 2199 2577 2270 longe
2636 2204 2808 2254 antea
2869 2201 3169 2270 przeiverat
3218 2202 3459 2257 Rufinus
3514 2206 3791 2261 eumdem

2129 2303 2275 2358 pene
2304 2287 2361 2342 in
2400 2290 2641 2343 modum
2674 2307 2686 2343 :
2722 2290 3093 2345 Tertullianus
3122 2291 3208 2344 vir
3236 2296 3289 2345 et
3317 2292 3519 2361 legum,
3568 2294 3783 2365 inquit,

2126 2380 2176 2431 et
2222 2380 2641 2433 institutionum
2690 2379 3063 2433 Romanarum
3105 2382 3493 2450 peritissimus,
3540 2387 3591 2437 et
3637 2386 3785 2439 inter

2124 2474 2334 2521 nostros
2363 2469 2651 2539 scriptores
2680 2466 2973 2521 admodum
3016 2469 3208 2523 clarus
3239 2470 3396 2541 (Ruf.
3430 2470 3533 2526 lib.
3566 2489 3607 2527 ιι
3638 2473 3781 2528 Hist.

2124 2556 2325 2611 Eccles.
2360 2572 2487 2627 cap.
2537 2558 2611 2626 2).
2664 2559 2710 2611 A
2764 2573 2893 2613 vero
2943 2562 3139 2612 autem
3200 2557 3369 2631 longe
3399 2561 3635 2631 absunt,
3668 2562 3774 2634 qui

2123 2644 2259 2700 inde
2305 2645 2525 2701 includi
2576 2663 2743 2717 posse
2800 2650 3130 2702 autumant.
3182 2647 3608 2705 Tertullianum
3667 2667 3771 2706 no-

2124 2740 2313 2789 strum
2344 2735 2703 2805 professione
2733 2751 2838 2789 sua
2856 2734 3035 2790 fuisse
3057 2735 3576 2809 juriseonsultum,
3608 2756 3773 2796 eum-

2123 2840 2234 2895 que
2263 2823 2579 2895 ipsummet
2607 2840 2731 2879 esse
2772 2824 3211 2895 Tertyllianum,
3245 2827 3345 2897 qui
3386 2844 3580 2884 revera
3611 2828 3769 2901 leges

2122 2912 2353 2984 publice
2385 2914 2582 2967 docuit
2624 2918 2680 2967 et
2727 2913 3144 2985 interpretatus
3186 2921 3295 2970 est.
3347 2920 3490 2972 Nam
3524 2922 3772 2989 uterque

2122 3002 2376 3073 propriis
2409 3002 2533 3056 suis
2565 3002 2904 3057 nominibus
2948 3002 3093 3057 satis
3115 3003 3521 3075 distinguitur.
3555 3006 3777 3061 Deinde

2121 3107 2255 3145 vero
2288 3090 2420 3161 quis
2446 3089 2671 3145 nesciat
2702 3106 2872 3161 posse
2898 3089 3406 3161 aliquemjuribus
3428 3092 3777 3166 legibusque

2129 3179 2526 3234 Romanorum
2560 3178 2780 3233 affatim
2815 3179 3023 3245 imbui,
3057 3180 3290 3235 tametsi
3322 3180 3556 3238 illorum
3592 3184 3781 3239 scien-

2047 3237 2089 3304 Ο
2128 3268 2270 3323 tiam
2303 3284 2603 3338 nunquam
2631 3268 2689 3321 in
2713 3267 2925 3322 scholis
2950 3237 3199 3339 publicis
3231 3237 3784 3340 professusfuerit?

2125 3356 2247 3412 Non
2281 3356 2361 3411 ibi
2394 3356 2593 3427 itaque
2622 3356 2910 3411 Eusebius
2959 3356 3304 3412 Tertulliani
3355 3361 3779 3430 professionem

2129 3446 2348 3512 laudat,
2382 3446 2482 3500 sed
2517 3446 2825 3517 perfectam
2880 3444 3076 3517 legum
3129 3446 3520 3505 Romanarum
3562 3450 3778 3506 doctri-

2128 3552 2263 3590 nam
2296 3540 2471 3606 atque
2504 3534 2797 3606 peritiam.

2198 3642 2308 3697 Par
2357 3645 2531 3696 tanta:
2580 3639 2741 3695 illius
2789 3640 3105 3695 eruditioni
3162 3659 3277 3698 non
3328 3648 3452 3699 erat
3505 3644 3776 3703 elocutio.

2124 3732 2342 3803 IEquos
2374 3734 2565 3785 autem
2600 3733 2656 3783 et
2687 3729 2929 3784 idoneos
2969 3745 3036 3784 ea
3066 3729 3136 3785 de
3182 3748 3241 3786 re
3265 3733 3497 3803 judices
3541 3734 3591 3790 si
3623 3735 3779 3791 desi-

2126 3821 2318 3887 deras,
2351 3837 2421 3875 en
2456 3819 2560 3873 tibi
2595 3823 2802 3889 praesto
2824 3822 2914 3873 est
2944 3818 3254 3891 Lactantii,
3281 3822 3379 3890 qui
3399 3822 3595 3878 Cicero
3617 3824 3780 3879 Chri-

2125 3910 2355 3964 stianus
2387 3908 2572 3974 audit,
2600 3907 2933 3977 judicium:
2968 3930 2995 3956 «
3029 3909 3350 3980 Septimius
3380 3910 3777 3969 Tertullianus

2125 3999 2234 4053 fuit
2264 3998 2420 4052 omni
2453 4012 2660 4066 genere
2690 3996 3017 4051 litterarum
3043 3998 3395 4068 peritus,sed
3418 4000 3477 4054 in
3503 4000 3776 4072 eloquen-

2125 4089 2197 4142 do
2230 4104 2438 4158 parum
2490 4084 2695 4150 facilis,
2746 4089 2804 4139 et
2855 4084 3051 4140 minus
3101 4094 3395 4157 comptus,
3428 4096 3481 4142 et
3520 4088 3773 4144 multum

2125 4178 2429 4233 obscurus.
2472 4197 2497 4223 ››
2559 4175 2843 4245 (Lactant.
2906 4173 3006 4229 lib.
3052 4192 3103 4244 ν,
3158 4177 3288 4230 Inst.
3347 4176 3523 4232 divin.
3559 4194 3685 4249 cap.
3722 4179 3776 4245 1,

2124 4283 2256 4337 pag.
2291 4264 2438 4333 459.)
2470 4264 2666 4333 Neque
2717 4262 2931 4317 dixeris
2982 4261 3064 4315 ibi
3117 4263 3479 4320 Lactantium
3512 4266 3672 4337 loqui
3704 4268 3777 4323 de

2122 4352 2460 4408 Tertulliani
2497 4352 2691 4422 potius
2742 4351 3107 4421 Apolugolico,
3166 4351 3411 4423 aliisque
3459 4354 3625 4410 libris
3670 4356 3775 4409 ad-

2120 4460 2324 4497 versus
2354 4440 2619 4496 ethnicos
2651 4439 2904 4507 scriptis,
2938 4456 3111 4509 quam
3166 4443 3390 4497 caeteris
3429 4444 3554 4513 ejus
3585 4444 3775 4515 operi-

2122 4531 2495 4586 bus.Etenim
2518 4528 2717 4582 eadem
2743 4532 2830 4582 est
2849 4527 3182 4597 Hieronymi
3216 4531 3285 4585 de
3313 4532 3590 4588 omnibus
3611 4531 3773 4588 illius

388 4638 493 4693 qua
511 4623 801 4677 rationum
838 4621 1181 4676 necessitate
1228 4629 1498 4677 conserta
1528 4628 1634 4689 est,
1675 4627 1737 4676 ut
1769 4622 1838 4676 ad
1873 4638 2010 4676 con-
2040 4604 2088 4670 D
2121 4617 2713 4675 commentationibus
2761 4617 3077 4686 sententia,
3116 4635 3291 4688 quam
3343 4619 3503 4675 hisce
3536 4623 3775 4693 paucio-

388 4728 599 4766 sen:um
633 4712 744 4776 sui,
778 4728 925 4782 quos
965 4710 1211 4765 suadere
1259 4729 1371 4766 non
1410 4712 1679 4783 potuerit,
1734 4711 2011 4782 impellat.

389 4800 492 4869 Cuj
519 4818 543 4855 s
578 4806 720 4872 quot
762 4816 907 4871 pene
961 4800 1157 4869 verba,
1192 4804 1277 4855 tot
1333 4801 1633 4856 sententiae
1684 4807 1841 4870 sunt,
1875 4806 2017 4869 quot

391 4905 596 4956 senius,
628 4895 711 4945 tot
756 4889 1031 4943 victoriae.
1073 4890 1276 4944 Sciunt
1308 4889 1413 4944 hoc
1465 4890 1808 4956 Marciones,
1842 4891 2014 4960 Apel-

390 4977 746 5045 1es,Praxeze,
778 4978 1196 5049 Hermogenes,
1230 4978 1438 5050 Judaei,
1473 4977 1727 5032 Gentiles
1761 4976 2015 5033 Gnostici

394 5067 697 5138 caatrique,
732 5083 980 5138 quorum
1012 5065 1109 5122 ille
1142 5066 1537 5139 blasphemiae
1572 5067 1772 5122 multis
1803 5084 1864 5122 ac
1902 5084 2018 5121 ma-

378 5154 886 5228 ‘guisvoluminum
910 5173 1153 5211 suorum
1178 5156 1450 5225 molibus,
1480 5157 1637 5213 velut
1660 5157 2015 5229 quibusdam

394 5245 709 5302 fulminibus
740 5245 944 5299 evertit
980 5268 1005 5293 »
1048 5245 1334 5317 (Vincont.
1386 5247 1563 5302 Lirin.
1598 5247 2014 5303 Commonitor.

394 5333 445 5390 Il
471 5335 573 5389 Sed
608 5334 787 5388 tantis
818 5332 1097 5388 laudibus
1146 5333 1304 5390 illam
1344 5336 1495 5391 haud
1554 5336 1727 5391 dubie
1758 5335 2016 5407 omnige-

394 5440 497 5479 nm
523 5421 869 5478 Tertulliani
903 5422 1288 5479 eruditionem
1320 5424 1607 5492 cumulat,
1642 5442 1757 5496 qua
1807 5424 1865 5478 in
1900 5423 2017 5495 pri-

397 5530 476 5569 ms
508 5514 686 5569 libros
718 5530 859 5568 suos
908 5511 967 5566 in
1016 5512 1357 5569 Christiana)
1405 5515 1704 5587 religionis
1736 5518 1791 5568 et
1820 5514 2017 5568 ortho-

398 5602 646 5659 duorum
681 5605 1023 5673 dogmaturn
1075 5604 1477 5659 defensionem
1520 5604 1768 5675 scriptos
1803 5603 2020 5675 passim

401 5693 582 5765 uique
614 5692 960 5764 conspersit.
1002 5692 1387 5755 Quamobrem
1423 5697 1657 5764 prepter
1701 5691 2019 5749 Eusebium

2124 4710 2287 4764 ribus
2335 4706 2525 4762 verbis
2576 4704 3017 4776 pronuntiavit:
3053 4726 3081 4755 «
3131 4707 3532 4764 Tertullianus
3575 4712 3778 4766 creber

2123 4804 2211 4854 est
2243 4799 2299 4853 in
2333 4796 2659 4861 sententiis,
2686 4794 2781 4849 sed
2819 4793 3075 4849 difficilis
3098 4795 3156 4851 in
3186 4797 3531 4863 eloquendo.
3564 4820 3592 4851 »
3620 4800 3776 4867 (Hie-

2126 4904 2353 4960 ronym.
2413 4884 2582 4957 epist.
2645 4884 2707 4936 49
2767 4882 2835 4936 ad
2897 4884 3124 4939 Paulin.
3196 4903 3328 4958 pag.
3386 4888 3537 4959 567.)
3596 4893 3774 4944 Nemo

2126 4982 2320 5033 autem
2346 4981 2451 5043 est,
2479 4973 2577 5045 qui
2603 4974 2799 5027 notata
2829 4972 2900 5025 ab
2926 4976 3171 5044 utroque
3202 4975 3485 5032 orationis
3513 4977 3774 5033 difficilis

2125 5067 2428 5131 inornatae,
2462 5068 2517 5117 et
2564 5059 2923 5117 obscurioris
2972 5062 3112 5119 vitia
3160 5080 3274 5119 non
3329 5066 3531 5121 statim
3570 5067 3775 5137 depre-

2127 5156 2363 5212 hendat.

2199 5244 2310 5300 Alii
2368 5258 2500 5298 vero
2569 5240 3005 5311 reprehendunt
3080 5240 3492 5313 inaequabilem
3550 5258 3777 5313 eorum,

2131 5336 2346 5408 quibus
2376 5332 2471 5387 ille
2503 5331 2708 5397 utitur,
2743 5334 3220 5395 argumentorum
3256 5332 3608 5387 varietatem.
3642 5332 3779 5386 Gra-

2128 5424 2385 5481 vissimis
2418 5420 2712 5493 siquidem
2745 5422 2800 5471 et
2830 5418 3254 5484 invictissimis,
3283 5420 3583 5491 inquiunt,
3611 5436 3782 5491 argu-

2131 5510 2593 5570 mentationibus
2626 5507 2819 5579 plures
2855 5506 3021 5573 alias,
3056 5507 3364 5578 rapidioris
3394 5508 3613 5581 ingenii
3646 5526 3780 5565 acu-

2130 5606 2286 5659 mine
2319 5601 2698 5671 excogitatas,
2734 5596 3084 5666 quandoque
3128 5596 3508 5668 intermiscet,
3541 5615 3670 5670 quae
3702 5597 3778 5655 le-

2128 5694 2354 5752 vissimi
2389 5696 2489 5747 aut
2519 5688 2738 5744 nullius
2766 5685 2935 5758 plane
2966 5692 3104 5743 sunt
3132 5688 3433 5744 momenti.
