4262 6386
550 371 672 433 815

1069 369 1592 432 TERTULLIANI
1635 370 1957 432 OPEBUM
2007 370 2202 432 PARS
2246 370 2295 430 Ῑ.
2333 371 2708 433 —SERIES
2752 373 2802 448 Ι,
2849 371 3419 433 APOLOGETICA.

3834 371 3956 433 816

619 507 694 559 At
727 503 983 576 plerique
1012 519 1216 557 omnes
1257 503 1514 558 fatentur
1558 501 1700 557 illud
1752 502 2024 557 vitiosum
2065 501 2186 557 sive
2215 505 2267 568 Α
2295 504 2680 570 ostendimus,
2714 521 2842 560 esse
2884 504 3063 574 hujus
3095 505 3434 574 Apologetici
3481 503 3612 558 libri
3645 519 3846 558 verum
3885 520 3954 559 ao

549 593 799 659 dicendi,
831 592 950 648 sive
979 591 1422 663 argumentandi
1453 607 1659 662 genus,
1682 592 1868 646 sicubi
1901 596 2184 658 occurrat,

553 682 807 738 micandi
840 698 1075 752 prorsus
1117 681 1536 736 sententiarum
1587 681 1888 751 gravitate,
1921 697 2186 735 summa-

553 788 664 843 que
694 770 943 825 aliorum
990 774 1463 839 argumentorum
1514 769 1566 823 vi
1602 786 1666 824 ac
1713 770 1986 841 pondere,
2021 767 2189 840 quasi

554 861 704 915 mira
743 859 993 930 quadam
1041 858 1535 930 compensatione,
1586 857 1753 913 leniri
1803 863 1859 912 et
1900 857 2185 913 resarciri.

553 949 619 1004 Et
665 963 796 1002 vero
852 946 902 1002 si
954 947 1323 1002 Vincentium
1377 946 1759 1016 Lirinensem,
1806 963 1919 1000 non
1952 944 2187 1000 omnino

550 1037 816 1108 ineptum
838 1035 1119 1106 judicem,
1143 1037 1266 1106 jam
1300 1051 1332 1089 a
1364 1035 1532 1090 nobis
1553 1035 1816 1104 citatum,
1850 1051 2053 1089 rursus
2085 1051 2186 1088 au-

553 1125 674 1182 dire
704 1124 885 1180 velis:
923 1144 950 1173 ιι
981 1123 1182 1191 Tanta,
1233 1123 1444 1195 inquit,
1498 1123 1692 1178 nescio
1740 1139 1857 1195 qua
1900 1121 2190 1177 rationum

551 1213 914 1278 necessitate,
975 1213 1158 1267 oratio
1214 1213 1341 1283 ejus
1372 1216 1638 1268 conserta
1694 1217 1803 1277 est,
1843 1217 1906 1266 ut
1953 1211 2024 1266 ad
2057 1227 2190 1266 con-

554 1319 790 1360 sensum
825 1301 915 1356 sui
962 1317 1110 1372 quos
1159 1301 1402 1356 suadere
1435 1317 1549 1355 non
1598 1301 1872 1371 potuerit,
1905 1299 2190 1371 impellat.

555 1391 733 1460 Cujus
764 1393 908 1460 quot
933 1405 1077 1460 pene
1123 1390 1317 1460 verba,
1368 1393 1456 1444 tot
1499 1389 1799 1444 sententiae
1849 1392 2007 1456 sunt,
2054 1392 2197 1460 quot

557 1495 788 1546 sensus,
820 1482 907 1533 tot
951 1477 1223 1533 victoriis.
1259 1499 1286 1526 ››
1338 1478 1478 1532 Eam
1509 1494 1649 1533 sane
1696 1477 1768 1532 ob
1807 1493 2042 1533 causam
2077 1476 2194 1546 ille,

559 1567 732 1624 sicuti
763 1566 958 1622 aiebat
984 1566 1250 1622 Chronici
1285 1566 1590 1621 Eusebiani
1613 1571 1835 1633 auctor,
1870 1589 1898 1617 «
1930 1565 2195 1621 omnium

558 1655 950 1713 Ecclesiarum
983 1671 1248 1710 sermone
1277 1655 1622 1710 celebratur.
1655 1677 1682 1705 »
1733 1656 1960 1726 (Euseb.
1997 1655 2194 1712 Chron.

561 1747 633 1803 ad
684 1762 818 1801 ann.
880 1743 1094 1799 Christ.
1149 1745 1295 1806 208.)
1357 1745 1501 1801 735
1564 1743 1952 1800 Ecclesiarum
2001 1751 2197 1800 autem

2294 592 2610 664 genuinum
2644 599 2961 647 auctorem.
2994 594 3063 646 At
3091 609 3208 663 quo
3242 597 3504 663 tempore
3536 607 3670 648 eum
3707 608 3953 664 compo-

2295 683 2498 749 suerit,
2534 699 2647 736 non
2679 699 2795 736 una
2837 686 2927 738 est
2975 681 3240 736 omnium
3285 680 3615 737 consensio.
3665 679 3955 753 Georgius

2295 771 2450 824 enim
2487 769 2890 825 Ambianensis
2921 773 3088 839 putat
3138 769 3306 824 illum
3358 787 3391 823 a
3439 769 3797 824 Tertulliano
3827 771 3952 826 edi-

2297 864 2423 913 tum
2448 859 2654 930 primis
2675 859 2862 913 Severi
2887 857 3259 928 imperatoris
3281 858 3475 926 annis,
3505 857 3608 912 hoc
3631 863 3741 923 est,
3772 859 3950 930 paulo

2300 953 2427 1019 post
2461 965 2678 1002 annum
2703 946 2916 1002 Christi
2944 948 3041 1000 193
3073 946 3299 1018 (Georg.
3331 947 3486 1001 Vind.
3543 948 3771 1015 Tertul.,
3801 953 3950 1017 part.

2299 1053 2384 1100 III,
2415 1038 2442 1104 §
2475 1038 2522 1103 1,
2558 1054 2685 1108 pag.
2717 1037 2830 1106 ‘20),
2867 1053 2979 1106 quo
3011 1034 3106 1089 ille
3136 1036 3381 1089 Romani
3422 1034 3654 1106 imperii
3687 1036 3951 1093 habenas

2301 1125 2586 1180 moderari
2621 1126 2810 1197 cmpit.
2845 1125 3021 1179 Suam
3056 1127 3250 1179 autem
3284 1124 3617 1195 opinionem
3652 1125 3787 1180 inde
3819 1141 3953 1181 con.

2301 1215 2532 1268 ﬁrmare
2563 1219 2824 1281 conatur,
2861 1214 3014 1286 quod
3048 1213 3337 1268 existimet
3363 1213 3819 1277 Tertullianum,
3851 1213 3954 1270 ubi

2302 1305 2372 1358 de
2403 1302 2715 1374 superstite
2767 1302 3210 1373 parricidarum,
3245 1301 3347 1373 qui
3399 1317 3596 1356 necem
3631 1301 3951 1373 imperato-

2304 1393 2466 1446 ribus
2498 1391 2838 1457 intulerant,
2870 1391 3259 1446 racematione
3289 1389 3566 1462 loquitur,
3603 1391 3685 1445 ibi
3717 1392 3786 1446 de
3817 1395 3955 1446 Per-

2301 1481 2512 1536 tinacis
2549 1480 3022 1535 interfectoribus
3075 1479 3278 1534 fecisse
3330 1496 3656 1535 sermonem
3705 1479 3953 1552 (Tertul-

2301 1569 2441 1624 lian.
2503 1569 2826 1640 Apologetic.
2882 1585 3008 1638 cap.
3069 1568 3180 1640 35).
3213 1567 3361 1631 Quia
3409 1585 3542 1624 vero
3602 1569 3817 1639 Albini,
3852 1569 3953 1640 qui

2304 1659 2583 1714 adversus
2630 1663 2901 1713 Severum
2950 1653 3361 1727 imperatorem
3413 1657 3791 1728 conspiravit,
3844 1674 3944 1712 no-

2307 1765 2440 1804 men
2472 1748 2624 1818 quod
2655 1747 2714 1801 in
2744 1752 2899 1801 textu
2930 1745 3270 1800 Tertulliani
3299 1745 3513 1800 ibidem
3545 1743 3780 1818 legitur,
3817 1746 3953 1802 huic

563 1835 704 1896 dicit
749 1852 863 1890 non
914 1834 1104 1890 solum
1153 1834 1502 1902 Occidentis,
1554 1838 1654 1891 sed
1708 1836 1883 1892 etiam
1923 1834 2196 1891 Orientis.
2230 1871 2277 1936 B
2307 1836 2610 1892 sententiae
2667 1835 2958 1891 adversari
3008 1835 3300 1903 cernebat,
3364 1835 3514 1889 736
3561 1833 3706 1890 illud
3763 1835 3953 1890 intru-

560 1924 806 1990 Quidam
838 1924 994 1979 enim
1040 1923 1202 1980 illius
1250 1925 1403 1994 libri,
1432 1926 1503 1980 ob
1561 1942 1861 1997 magnum,
1896 1942 2012 1996 quo
2042 1924 2198 1979 aesti-

559 2013 893 2082 mabantur,
926 2013 1199 2083 pretium,
1236 2012 1292 2067 in
1328 2013 1586 2069 Graecam
1618 2013 1905 2084 linguam,
1933 2017 1998 2068 ut
2028 2012 2199 2084 paulo

557 2106 729 2156 antea
756 2101 1186 2167 annotavimus,
1215 2103 1496 2167 conversi,
1519 2103 1590 2157 ab
1625 2102 1834 2157 Graecis
1865 2101 2202 2157 hominibus

559 2205 674 2244 non
707 2187 901 2243 minus
931 2189 1116 2255 avide,
1149 2206 1329 2260 quam
1361 2207 1394 2244 a
1427 2190 1649 2245 Latinis
1681 2191 2038 2261 legebantur.

634 2276 802 2332 Tanti
834 2293 1004 2349 porro
1033 2278 1353 2350 Cyprianus
1381 2296 1479 2334 eos
1525 2279 1678 2345 fecit,
1713 2285 1776 2334 ut
1823 2279 2034 2335 idcirco
2063 2284 2201 2333 Ter-

562 2365 876 2422 tullianum
910 2367 1257 2439 magistrum
1290 2368 1667 2440 appellaverit
1695 2385 1891 2439 suum,
1917 2385 2021 2423 nec
2050 2369 2204 2423 diem

571 2455 756 2511 ullum
788 2456 915 2511 sine
945 2455 1196 2528 alicujus
1217 2473 1286 2512 ex
1310 2457 1468 2513 illius
1499 2457 1666 2514 libris
1694 2457 1940 2514 lectione
1972 2461 2204 2529 prseter-

567 2543 654 2600 ire
691 2543 956 2600 voluerit.
1007 2545 1193 2616 Hujus
1240 2551 1435 2601 autem
1485 2551 1605 2602 tam
1656 2547 1892 2602 assidue
1939 2545 2207 2602 lectionis

567 2633 736 2689 testis
766 2634 924 2688 omni
956 2633 1069 2689 fide
1100 2635 1288 2705 major
1333 2636 1501 2690 nobis
1529 2641 1619 2691 est
1667 2636 2072 2706 Hieronymus,
2106 2634 2207 2706 qui

568 2738 767 2793 aquo,
808 2725 865 2776 et
916 2739 1092 2793 quam
1150 2728 1304 2778 certo
1352 2723 1409 2778 id
1465 2724 1771 2795 acceperit,
1823 2724 1908 2780 sic
1937 2727 2202 2779 enarrat:

566 2832 595 2860 «
628 2809 758 2864 Vidi
789 2826 926 2881 ergo
948 2811 1262 2882 quemdam
1283 2811 1524 2867 Paulum
1550 2812 1900 2877 Concordiae,
1934 2813 2085 2884 quod
2110 2829 2205 2883 op-

564 2898 767 2970 pidum
799 2898 974 2954 Italiss
1005 2905 1112 2962 est,
1139 2917 1360 2965 senem,
1394 2902 1494 2972 qui
1515 2917 1576 2956 se
1608 2901 1755 2956 beati
1790 2901 2054 2973 Cypriani
2081 2902 2205 2972 jam

562 2987 802 3059 grandis
834 2988 1018 3042 aetatis
1068 2989 1361 3044 notarium
1405 3006 1537 3044 cum
1582 2989 1706 3062 ipse
1749 2991 2067 3045 admodum
2111 3006 2205 3044 es-

561 3081 648 3133 set
677 3076 1036 3144 adolescens;
1078 3081 1270 3132 Romaa
1319 3078 1535 3134 vidisse
1583 3079 1825 3145 diceret,
1877 3079 2206 3150 referreque

558 3165 671 3222 sibi
701 3165 962 3235 solitum,
997 3183 1298 3239 nunquam
1347 3168 1701 3239 Cyprianum
1731 3169 1950 3240 absque
1978 3166 2203 3223 Tertul-

2307 1943 2460 1992 sum,
2493 1930 2664 1996 atque
2696 1942 2764 1980 ex
2811 1923 2959 1979 libro
2987 1923 3058 1978 ad
3103 1924 3397 1994 Scapulam
3443 1923 3556 1978 huc
3597 1924 3953 1979 translatum

2309 2032 2436 2070 esse
2468 2013 2810 2086 pronuntiat
2833 2013 3010 2082 (Idem
3051 2011 3151 2067 lib.
3204 2013 3275 2066 ad
3302 2013 3546 2083 Scaput.,
3592 2028 3720 2084 cap.
3755 2013 3832 2082 2).
3859 2012 3958 2068 Sic

2308 2105 2507 2176 itaque
2538 2103 2901 2158 difficultatis
2931 2102 3149 2156 nodum
3176 2101 3350 2156 unius
3379 2101 3536 2156 verbi
3561 2101 3960 2173 amputatione

2312 2193 2494 2250 secari
2524 2192 2726 2247 voluit.
2748 2191 2963 2246 Verum
2987 2207 3124 2261 qua,
3147 2191 3352 2246 amabo
3385 2195 3459 2256 te,
3493 2190 3718 2245 ratione
3743 2190 3960 2246 PNulla

2313 2283 2570 2356 penitus,
2607 2299 2672 2336 ac
2703 2284 2904 2336 contra
2934 2279 3198 2335 omnium
3232 2280 3769 2350 manuscriptorum
3803 2280 3962 2334 codi-

2314 2389 2444 2427 cum
2479 2370 2900 2426 auctoritatem.
2949 2373 3156 2424 Everso
3204 2370 3400 2440 itaque
3439 2385 3596 2423 vanae
3645 2367 3803 2423 illius
3834 2369 3959 2440 opi-

2314 2460 2508 2516 nionis
2541 2460 2939 2528 fundamento,
2992 2462 3045 2513 et
3094 2457 3221 2526 ipsa
3269 2457 3497 2527 penitus
3548 2461 3680 2512 ruat
3723 2473 3964 2513 necesse

2315 2555 2405 2605 est
2452 2549 2599 2615 Quin
2621 2548 2794 2604 etiam
2819 2546 2976 2602 illius
2999 2545 3224 2602 falsitas
3245 2563 3310 2602 ex
3337 2563 3466 2601 mox
3485 2545 3747 2602 dicendis
3770 2545 3964 2602 adhuc

2315 2639 2531 2696 clarius
2562 2637 2798 2710 patebit.

2385 2727 2638 2799 Scaliger
2667 2730 2861 2780 autem
2901 2729 2958 2780 et
3007 2724 3235 2780 Alixius
3264 2724 3482 2795 opinati
3534 2728 3672 2780 sunt
3703 2724 3856 2779 hune
3890 2724 3964 2779 li-

2316 2818 2485 2873 brum
2519 2816 2578 2870 in
2611 2815 2801 2871 lucem
2831 2819 3060 2870 tantum
3095 2813 3380 2886 prodiisse
3414 2817 3544 2884 post
3568 2813 3830 2883 ejusdem
3855 2813 3964 2869 Se-

2319 2906 2432 2961 veri
2481 2905 2845 2976 imperatoris
2897 2909 3162 2969 mortem,
3214 2919 3340 2973 quae
3384 2919 3536 2957 anno
3587 2901 3800 2957 Christi
3829 2903 3963 2969 211,

2316 3011 2516 3050 mense
2533 2994 2843 3049 Februario
2867 2993 3046 3048 accidi
3064 3002 3098 3046 l.
3122 2994 3193 3047 At
3217 2990 3438 3046 nullam
3462 2991 3813 3062 opinationis
3840 3008 3962 3047 suae

2315 3083 2488 3138 aliam
2521 3083 2772 3138 reddunt
2802 3081 3110 3148 rationem,
3145 3078 3257 3134 nisi
3288 3079 3424 3151 quia
3456 3079 3817 3134 arbitrantur
3837 3079 3955 3136 haec

2315 3171 2656 3228 Tertulliani
2690 3171 2899 3226 verba:
2935 3193 2961 3219 «
2995 3169 3201 3241 Papias
3241 3169 3396 3239 leges
3428 3168 3552 3224 heri
3602 3169 3964 3224 constantis-

557 3253 697 3310 liani
726 3253 971 3311 lectione
1002 3273 1184 3310 unum
1215 3256 1369 3312 diem
1421 3256 1786 3328 praeteriisse,
1819 3273 1884 3312 ac
1932 3257 2043 3312 sibi
2077 3273 2198 3311 cre-
2231 3228 2274 3296 Ο
2315 3263 2502 3318 simus
2535 3261 2865 3332 principum
2915 3260 3160 3315 Severus
3201 3257 3473 3325 exclusit,
3503 3278 3530 3308 »
3582 3258 3785 3329 (Idem,
3819 3258 3966 3329 Αρο-

557 3344 661 3400 bro
694 3343 886 3400 dicere
915 3361 928 3400 :
963 3346 1042 3399 Da
1076 3345 1446 3416 magistrum.
1483 3344 1910 3400 Tertullianum
1935 3345 2202 3401 videlicet

556 3433 913 3506 signiﬁcans.
969 3457 995 3485 ››
1050 3435 1404 3508 (Hieronym.
1467 3436 1706 3507 Catalog.
1762 3439 1949 3508 script.
1998 3437 2196 3493 Eccles.

555 3539 682 3593 cap.
711 3524 802 3590 53,
837 3539 968 3595 pag.
1002 3525 1148 3596 115.)
1182 3525 1331 3590 Quin
1361 3525 1535 3580 etiam
1569 3525 1737 3596 plane
1767 3531 2061 3581 asseverat
2091 3527 2198 3582 hoc

553 3627 622 3666 ex
647 3611 885 3683 ipsimet
914 3613 1182 3684 Cypriani
1215 3613 1378 3669 libris
1426 3619 1706 3669 testatum
1755 3615 1900 3670 satis
1932 3615 2075 3670 ﬁeri.
2108 3616 2195 3670 Ad

552 3700 996 3757 Pammachium
1027 3702 1316 3759 enimvero
1347 3711 1400 3759 et
1430 3704 1721 3760 Oceanum
1763 3705 1883 3759 haec
1932 3704 1989 3758 in
2022 3705 2196 3760 verba

550 3789 821 3862 scripsit:
855 3814 882 3842 «
913 3797 1124 3848 Beatus
1153 3793 1474 3865 Cyprianus
1521 3792 1878 3849 Tertulliano
1911 3793 2192 3864 magistro

549 3882 751 3948 utitur,
786 3887 849 3937 ut
895 3885 1024 3954 ejus
1070 3885 1287 3955 scripta
1344 3884 1627 3956 probant:
1679 3901 1931 3956 cumque
1979 3884 2192 3940 eruditi

547 3975 604 4026 et
633 3972 892 4028 ardentis
921 3973 1026 4030 viri
1057 3973 1376 4029 delectetur
1406 3974 1660 4045 ingenio,
1688 3973 2027 4029 Montanum
2053 3990 2187 4029 cum

545 4075 611 4114 eo
641 4059 1138 4134 Maximillamque
1166 4079 1277 4118 non
1310 4063 1596 4135 sequitur.
1633 4084 1660 4112 ››
1690 4063 1870 4134 (Idem
1893 4062 2064 4133 epist.
2100 4063 2184 4118 42.

545 4165 674 4219 pag.
708 4150 857 4220 342.)
886 4151 1000 4206 Nec
1030 4151 1273 4206 dubium
1299 4168 1437 4207 sane
1463 4155 1549 4206 est
1572 4151 1713 4222 quin
1747 4150 1841 4206 alii
1875 4151 2186 4223 quamplu-

544 4237 699 4304 rimi,
733 4241 1228 4310 quemadmodum
1263 4239 1605 4313 Cyprianus,
1636 4238 1977 4294 Tertulliani
2004 4239 2186 4296 libros

541 4326 1052 4397 pervolutaverint.
1103 4333 1179 4384 De
1226 4328 1323 4383 illo
1373 4328 1660 4398 siquidem
1704 4328 1827 4382 haec
1875 4346 2079 4385 rursus
2110 4330 2182 4385 ab

536 4415 887 4489 Hieronymo
915 4417 1132 4473 litteris
1158 4418 1435 4473 mandata
1462 4417 1713 4488 legimus
1737 4434 1750 4472 :
1789 4417 2014 4474 «Multa
2043 4419 2181 4474 scri-

2310 3350 2470 3418 (aget.
2507 3366 2632 3421 cap.
2666 3350 2716 3417 4)
2752 3365 2865 3402 non
2906 3346 3090 3414 aliter,
3133 3362 3308 3418 quam
3356 3345 3427 3399 de
3459 3344 3564 3400 hoc
3608 3345 3962 3416 imperatore

2300 3441 2425 3510 jam
2459 3443 2688 3494 mortuo
2737 3453 2907 3509 posse
2956 3435 3223 3506 intelligi.
3267 3433 3565 3504 Numquid
3613 3449 3748 3505 ergo
3789 3433 3954 3490 adve'

2307 3528 2494 3596 bium,
2527 3529 2667 3592 heri,
2699 3526 2864 3581 illum
2916 3525 3112 3596 potius
3162 3527 3484 3589 mortuum,
3540 3538 3717 3594 quam
3763 3521 3942 3578 adhui

2305 3618 2591 3672 viventem
2625 3614 2964 3688 signiﬁcat?
3011 3613 3230 3668 Deinde
3260 3629 3393 3667 vero
3442 3611 3523 3666 ibi
3555 3615 3796 3666 Severus
3827 3610 3936 3682 glo-

2304 3707 2457 3761 rioso
2488 3704 2944 3761 constantissimi
2980 3702 3260 3775 principis
3292 3700 3460 3755 titulo
3493 3704 3824 3754 exornatur.
3870 3707 3928 3753 Α.

2301 3796 2590 3867 quomodo
2635 3793 3029 3849 Tertullianus
3077 3791 3187 3846 hoc
3235 3790 3419 3862 elogio
3450 3788 3615 3844 illum
3670 3789 3926 3843 decorari

2301 3886 2510 3956 potuit,
2563 3883 2675 3958 nisi
2720 3889 3030 3953 antequam
3081 3879 3331 3952 publicis
3390 3877 3593 3934 edictis
3651 3877 3839 3932 diram
3881 3877 3924 3932 ir

2299 3973 2660 4028 Christianos
2689 3972 3001 4026 excitasset
3044 3965 3551 4041 persecutionem?
3600 3966 3768 4037 Atqui
3807 3982 3937 4022 eam

2299 4063 2547 4118 movisse
2579 4061 2918 4134 perhibetur
2963 4062 3207 4114 exeunte
3237 4073 3388 4112 anno
3436 4054 3652 4111 Christi
3683 4055 3938 4114 secunde

2296 4168 2474 4223 supra
2506 4150 2995 4206 ducentesimum.
3041 4145 3439 4202 Tertullianus
3471 4144 3650 4216 igitur
3680 4144 3837 4199 hunc
3866 4143 3911 4202 li

2295 4241 2465 4296 brum
2488 4244 2621 4296 ante
2642 4239 2797 4294 hunc
2829 4254 3072 4305 annum,
3097 4252 3161 4290 ac
3195 4234 3432 4308 proinde
3454 4237 3586 4288 ante
3612 4232 3791 4303 hujus
3825 4234 3914 4287 im-

2293 4329 2576 4402 peratoris
2602 4329 2828 4384 obitum
2858 4325 3176 4382 confecisse
3207 4324 3486 4378 dicendus
3535 4326 3642 4377 est.
3676 4322 3790 4377 Nec
3823 4339 3912 4376 m-

2291 4437 2403 4475 nus
2434 4420 2668 4490 quidem
2715 4421 2870 4474 certo
2919 4415 3061 4470 illud
3115 4412 3342 4486 probari
3393 4415 3590 4482 posset
3641 4410 3735 4465 his
3774 4410 3911 4465 illius

535 4503 653 4574 psit
681 4505 997 4572 volumina,
1032 4523 1160 4577 quis
1193 4505 1330 4576 quia
1361 4511 1500 4560 nota
1543 4509 1682 4560 sunt
1712 4504 1997 4576 pluribus,
2031 4524 2178 4578 prte-
2287 4512 2514 4566 verbis:
2560 4533 2586 4560 »
2640 4511 2812 4581 Leges
2860 4507 3139 4563 adversus
3191 4503 3556 4560 Christianos
3609 4500 3806 4556 nullus
3837 4505 3911 4554 $-

531 4593 937 4648 termittimus.
971 4618 997 4643 ››
1033 4594 1386 4666 (Hieronym.
1421 4593 1577 4664 ibid.)
1622 4595 1692 4649 At
1723 4596 2010 4664 quomodo
2059 4596 2177 4653 illis
2215 4594 2259 4658 Ῑ)
2291 4617 2458 4656 verus
2487 4599 2806 4670 impressit,
2843 4619 2869 4646 ››
2903 4613 3029 4668 quae
3061 4594 3118 4648 in
3145 4593 3496 4665 quibusdam
3531 4590 3710 4661 hujus
3738 4589 3906 4660 Apon-

530 4678 675 4736 adeo
707 4685 843 4736 nota
885 4697 1013 4737 esse
1065 4685 1349 4753 poterant,
1383 4681 1498 4737 nisi
1551 4698 1617 4738 ea
1648 4699 1798 4755 saepe
1845 4685 2059 4757 sapius
2089 4686 2167 4741 le-
2291 4692 2463 4760 getici
2482 4687 2900 4758 manuscriptis
2917 4684 3150 4741 eteditis
3169 4676 3902 4750 codicibuslegunturUbd.

529 4767 799 4838 Sissent?
2285 4795 2409 4850 cap.
2442 4779 2518 4848 5).
2552 4777 2696 4843 Quia
2725 4781 2920 4830 tamen
2960 4774 3019 4828 in
3051 4772 3183 4828 aliis
3233 4769 3586 4827 editionibus
3618 4773 3674 4823 et
3705 4773 3902 4839 septm

2285 4866 2499 4922 nostris
2522 4866 2821 4921 codicibus
2844 4861 3263 4933 manuscriptis
3290 4859 3574 4930 scripturn
3601 4861 3711 4922 est,
3733 4855 3906 4910 nutu:

2285 4961 2462 5011 Verus
2492 4956 2798 5026 impressit;
2831 4954 2973 5020 haec,
2995 4953 3064 5008 de
3091 4951 3306 5023 quibus
3330 4949 3521 5004 adhuc
3555 4950 3774 5018 postea,
3809 4961 3896 5000 non

2280 5044 2431 5100 ultra
2463 5062 2637 5116 quam
2670 5048 2953 5114 oporteat,
2989 5040 3250 5114 urgenda
3279 5039 3571 5094 duximus.

2347 5134 2531 5189 Instat
2572 5151 2702 5188 vero
2756 5132 3014 5187 Alixius:
3067 5131 3151 5184 Ad
3202 5145 3376 5184 suum
3422 5123 3896 5182 Tertullianusdo

2274 5223 2788 5296 Praescriptionibus
2819 5221 3197 5293 hereticorum
3230 5217 3448 5273 librum
3472 5215 3730 5272 alludere
3759 5213 3892 5268 vile-

2270 5317 2390 5382 tur,
2424 5313 2524 5368 ubi
2572 5314 2631 5368 in
2681 5312 3021 5384 Apotuqetico
3079 5313 3280 5363 contra
3313 5307 3444 5362 illos
3494 5306 3578 5361 sic
3617 5303 3886 5374 ἀὶερυίιι·

2268 5426 2295 5453 ‹‹
2328 5402 2605 5476 Expedite
2657 5399 3090 5474 praescribimus
3158 5396 3442 5453 adulteris
3492 5393 3708 5450 nostris
3751 5390 3892 5447 illan

1035 5503 1354 5542 ARTICULUS
1395 5501 1632 5541 PRIMUS:
2265 5509 2392 5549 esse
2419 5492 2678 5564 regulam
2707 5489 2986 5559 veritatis,
3011 5506 3138 5560 quis
3171 5487 3362 5542 veniat
3383 5504 3416 5542 a
3447 5483 3697 5549 Christo,
3733 5486 3889 5540 trans

514 5573 631 5640 Quo
659 5579 902 5647 tempore
937 5574 1313 5654 Tertullianus
1349 5575 1748 5654 Apologeticum
1787 5575 2065 5646 publicam
2095 5577 2153 5632 in
2263 5581 2445 5637 missa
2475 5598 2577 5654 per
2606 5579 2849 5636 comites
2880 5576 3088 5649 ipsius,
3123 5577 3340 5649 quibus
3375 5573 3689 5645 aliquando
3715 5573 3880 5641 poste

1095 5647 1272 5703 lucem
1301 5649 1565 5705 ετηίδθνίίο
2258 5668 2440 5724 riores
2476 5647 2695 5724 diversi
2747 5665 2846 5720 isti
2878 5647 3366 5720 commentatores
3399 5659 3826 5732 probabuntur.
3879 5703 3885 5732 τ

586 5749 759 5806 Extra
786 5768 957 5809 omne
1008 5753 1253 5810 dubium
1305 5758 1392 5810 est
1433 5753 1884 5827 Tertullianum,
1915 5754 1999 5812 uti
2021 5756 2148 5828 jam
2255 5721 2729 5834 capili'l.)
2762 5757 2828 5811 At
2865 5753 3154 5824 numquid
3209 5751 3317 5807 hoc
3347 5721 3755 5822 argumentum
3791 5721 3884 5850 ad.)

3858 5851 3872 5956 Il

3845 5965 3859 6068 ί

3835 6075 3848 6283 l

1183 4877 1411 4933 CAPUT
1450 4879 1520 4933 ΙΙ.

523 4963 602 5018 De
628 4963 759 5019 libri
813 4966 1144 5037 Apologetici
1192 4975 1369 5032 aetate,
1418 4969 1610 5037 quibus
1667 4968 1907 5024 directus
1953 4986 2168 5024 nuncu-

593 5042 860 5107 patusque
895 5040 982 5100 sit,
1025 5043 1209 5093 utrum
1257 5043 1494 5095 auctoris
1535 5056 1756 5095 nomine
1803 5043 2046 5110 primum
2076 5045 2168 5096 in-

593 5112 848 5180 scriptus,
887 5113 1005 5181 quis
1038 5110 1196 5165 illius
1241 5113 1452 5177 titulus,
1505 5111 1709 5182 quodve
1756 5122 2162 5182 argumentum,

592 5195 628 5235 α
660 5182 858 5251 quibus
907 5186 966 5237 in
1011 5186 1191 5254 capita
1237 5183 1504 5248 diversus,
1549 5192 1598 5237 et
1635 5183 1878 5255 praeﬁxa
1922 5188 2163 5253 capitum

589 5257 933 5319 summaria,
991 5271 1094 5325 quo
1144 5256 1419 5326 applausu
1482 5264 1796 5326 susceptus,
1855 5273 1890 5310 α
1946 5272 2048 5327 quo
2100 5259 2158 5311 in

586 5328 833 5408 Graecam
891 5328 1140 5396 linquam
1203 5343 1490 5383 conuersus
1562 5343 1626 5381 ac
1681 5342 1778 5397 quo
1833 5327 1971 5396 style
2032 5343 2159 5383 con-

585 5407 842 5468 scriptus.
