4262 6360
404 400 522 460 81⁸7

1131 398 1214 456 1N
1258 396 1868 459 APOLOGETICUM
1915 397 1986 455 D.
2034 395 2132 453 LE
2177 393 2500 454 NOUHRY
2548 388 3097 451 DlSSERTATlO.

3698 381 3820 442 818

391 546 597 586 versus
631 531 940 583 novatores
973 531 1029 582 et
1063 526 1341 582 doctrinae
1376 526 1719 583 Christianis
1748 530 2052 599 oorrupto-
2086 524 2140 590 Α
2171 525 2297 580 cad.
2333 540 2463 595 pag.
2500 521 2605 577 col.
2639 522 2918 592 2).Atque
2950 536 3017 574 ex
3048 517 3141 572 his
3173 514 3595 589 posterioribus
3624 512 3821 569 verbis

397 637 489 675 res
521 621 593 674 ab
628 618 740 674 alio
774 616 1038 672 adhiberi
1074 634 1188 671 non
1237 620 1448 688 potest,
1512 618 1623 673 nisi
1681 618 1752 672 ab
1808 632 1897 683 eo,
1959 613 2060 685 qui

400 708 617 763 librum
658 708 721 763 de
760 707 1283 777 Prwscriptionibus
1334 705 1719 761 hwretz’corum
1768 704 2060 761 ediderit?

395 799 613 855 Deinde
640 798 851 865 vero,si
876 798 954 851 ibi
979 799 1049 853 ad
1079 799 1241 852 hune
1271 797 1486 852 librum
1516 797 1825 853 collineare
1854 796 2059 862 voluit,

407 906 512 945 cur
536 888 707 944 illum
743 887 1089 943 clarioribus
1120 887 1312 942 verbis
1347 904 1459 942 non
1497 887 1738 954 indicat,
1766 892 1941 958 atque
1994 885 2060 939 iis

398 980 607 1044 utitur,
645 996 771 1051 qua:
804 978 873 1034 de
904 977 1027 1043 illo,
1065 978 1146 1032 uti
1181 976 1277 1031 alii
1310 982 1677 1048 putant,tam
1708 977 2063 1032 conﬁciendo

398 1086 579 1142 quam
607 1070 729 1140 jam
774 1067 1102 1139 composito
1158 1070 1407 1138 possunt
1470 1066 1757 1137 intelligi?
1805 1064 2066 1135 Denique

403 1177 517 1215 non
553 1162 783 1215 constat
812 1157 964 1212 inter
995 1156 1257 1212 eruditos
1289 1172 1405 1227 quo
1438 1160 1703 1228 tempore
1747 1154 2063 1210 Tertullia-

396 1266 507 1304 nus
541 1249 693 1303 hunc
712 1248 779 1303 de
808 1247 1328 1318 Prwscriptiom'bus
1360 1246 1576 1301 librum
1604 1244 1897 1317 publicam
1920 1244 2064 1299 emi-

396 1339 539 1394 serit
570 1338 629 1393 in
664 1337 878 1393 lucem.
916 1337 1231 1391 Peritiores
1263 1340 1461 1391 autem
1497 1336 1682 1390 critici
1721 1342 1963 1389 censent
1998 1334 2071 1388 ab

400 1444 466 1483 eo
500 1426 891 1498 divulgatum,
918 1442 1051 1481 cum
1087 1425 1350 1480 nondum
1383 1426 1454 1480 ab
1488 1425 1751 1481 Ecclesia
1787 1422 2071 1479 catholica

405 1517 735 1573 defecisset.

477 1603 783 1660 Neminem
814 1618 1009 1673 porro,
1065 1600 1146 1657 uti
1212 1601 1549 1673 cpinamur,
1610 1600 1753 1656 illud
1814 1600 2068 1655 movebit

412 1693 567 1763 quod
602 1690 828 1746 Alixius
864 1690 1053 1746 adhuc
1083 1691 1340 1761 objectat
1369 1690 1741 1761 designatam
1775 1708 1807 1745 a
1836 1689 2071 1745 Tertul-

409 1780 565 1836 liano
599 1782 713 1836 sibi
745 1780 924 1835 videri
957 1780 1256 1835 insolitam
1282 1779 1709 1851 eclipsim,quze
1733 1796 1885 1835 anno
1907 1778 2068 1832 Chri-

2172 614 2353 685 aliqui
2386 612 2591 667 eontici
2624 626 2794 682 posse
2846 608 3187 664 existimant
3224 602 3574 661 Tertulliani
3623 602 3820 672 Apolo-

2170 706 2407 776 geticum
2441 704 2495 756 in
2531 701 2720 755 lucem
2756 698 3043 771 prodiisse
3066 714 3179 751 non
3213 694 3403 750 solum
3438 696 3568 765 post
3597 691 3820 747 exstin-

2175 801 2321 861 ctas,
2354 794 2423 849 de
2457 792 2672 865 quibus
2705 789 2799 844 ille
2829 783 3483 857 disserit,perduellium
3518 781 3815 852 reliquias,

2172 886 2273 941 sed
2306 888 2436 955 post
2468 879 2749 938 Plautiani
2782 878 2957 934 etiam
2989 876 3220 941 caedem,
3249 872 3348 945 qui
3374 872 3615 943 jubente
3644 869 3821 925 Cara-

2174 974 2340 1041 colla,
2374 989 2526 1027 anno
2556 969 2768 1027 Christi
2798 968 2902 1021 204
2934 970 3035 1022 aut
3061 964 3167 1019 205
3196 962 3535 1019 interfectus
3563 962 3671 1017 est.

2248 1083 2310 1136 In
2340 1081 2519 1150 huius
2551 1084 2744 1133 autem
2767 1074 3061 1147 opinionis
3084 1070 3587 1127 confirmationem
3612 1064 3823 1121 adduci

2176 1186 2408 1243 quoque
2441 1172 2704 1241 poterant
2748 1162 3171 1234 subsequentia
3219 1160 3483 1231 ejusdem
3530 1154 3823 1228 Spartiani

2177 1262 2247 1316 de
2303 1261 2411 1315 hoc
2474 1259 2600 1329 ipso
2632 1258 2982 1327 imperatore
3039 1251 3217 1306 verba
3251 1266 3263 1303 :
3300 1272 3327 1298 «
3364 1246 3580 1302 Multos
3622 1244 3824 1313 etiam,

2178 1350 2345 1422 quasi
2374 1348 2673 1405 Chaldmos
2705 1350 2805 1399 aut
2833 1348 2992 1399 vates
3025 1341 3094 1395 de
3125 1356 3231 1395 sua
3260 1336 3445 1393 salute
3493 1333 3827 1391 consuluis-

2178 1446 2327 1506 sent,
2362 1436 2673 1502 interemit,
2696 1434 2981 1506 preecipue
3012 1433 3315 1502 suspectos
3345 1438 3831 1496 unumquemque

2178 1532 2453 1586 idoneum
2486 1525 2756 1598 imperio,
2788 1539 2920 1578 cum
2956 1521 3079 1592 ipse
3112 1516 3382 1591 parvulos
3432 1515 3624 1570 adhuc
3676 1512 3828 1567 filios

2179 1620 2439 1682 haberet,
2471 1616 2649 1687 idque
2678 1612 2793 1668 dici
2826 1612 2897 1667 ab
2928 1610 3001 1665 iis
3024 1609 3111 1664 vel
3144 1608 3424 1674 crederet,
3454 1604 3541 1659 vel
3574 1602 3824 1667 audiret,

2178 1709 2279 1780 qui
2312 1708 2422 1763 sibi
2457 1704 2895 1776 augurabantur
2940 1698 3255 1770 imperium
3306 1712 3319 1750 :
3377 1716 3404 1744 ››
3452 1691 3637 1767 (ιὺίά.)
3686 1705 3823 1745 nam

2178 1795 2572 1852 Tertullianus
2631 1792 2832 1847 eodem
2889 1788 3065 1843 citato
3115 1802 3149 1841 a
3195 1784 3364 1839 nobis
3408 1783 3597 1853 capite
3627 1780 3821 1835 dixit:

406 1870 483 1969 sti
649 1869 891 1969 contigit
923 1868 1105 1939 (lbz’d.,
1140 1885 1267 1939 cap.
1326 1870 1439 1939 20).
1500 1868 1661 1933 Quod
1718 1868 1871 1923 enirn
1931 1868 2071 1923 citat

2190 1909 2211 1939 ιι
2240 1887 2453 1941 Eadem
2484 1882 2698 1948 ofﬁcia,
2730 1880 2787 1934 in
2823 1876 3153 1950 principum
3187 1873 3408 1929 scilicet
3439 1868 3827 1927 solemnitati-

402 1959 538 2015 libri
578 1959 917 2030 Apologetici
948 1962 1144 2029 caput,
1178 1957 1237 2011 in
1270 1974 1335 2013 eo
1388 1956 1617 2011 nullum
1669 1956 1838 2028 plane
1884 1960 2073 2011 exstat
2101 1956 2143 1964 ’
2179 1977 2315 2043 bus,
2346 1974 2704 2045 dependunt,
2748 1973 2804 2025 et
2851 1968 2947 2037 qui
3003 1964 3349 2035 astrologos,
3402 1965 3460 2017 et
3506 1958 3828 2030 aruspices,

414 2047 733 2120 singularis
769 2048 914 2102 781
953 2052 1010 2102 et
1044 2046 1296 2101 insolitae
1328 2045 1579 2117 alicujus
1625 2045 1861 2118 eclipsis
1915 2045 2068 2100 indi-

417 2137 597 2205 cium,
625 2136 902 2208 nullaque
929 2136 1306 2208 significatio.

481 2244 591 2300 Alii
624 2246 819 2316 itaque
843 2242 1184 2298 existimant
1217 2243 1372 2297 hunc
1401 2242 1616 2298 librum
1653 2259 1687 2297 a
1715 2241 2071 2297 Tertulliano

416 2334 827 2390 elucubratum
875 2333 1077 2400 fuisse,
1113 2349 1247 2388 cum
1276 2332 1523 2387 Severus
1541 2332 1665 2386 orbi
1689 2331 2073 2386 Romanoim-

411 2425 674 2497 perabat.
703 2424 829 2479 Non
864 2424 1021 2479 enim
1055 2422 1244 2490 illum,
1298 2422 1412 2477 nisi
1462 2422 1652 2478 adhuc
1706 2427 2070 2494 regnantem,

409 2530 516 2569 nec
552 2514 607 2567 in
650 2512 1013 2568 Christianos
1044 2512 1236 2567 adhuc
1284 2511 1475 2582 palam
1527 2513 1881 2581 saavientem,
1936 2528 2074 2567 con-

419 2602 799 2668 stantissimi,
834 2604 919 2657 uti
976 2601 1147 2673 paulo
1197 2607 1331 2656 ante
1374 2600 1651 2663 diximus,
1704 2601 2075 2673 imperatoris

418 2692 606 2765 elogio
629 2694 989 2746 exornasset.
1026 2689 1245 2745 Deinde
1270 2706 1405 2744 vero
1433 2690 1531 2745 ubi
1563 2691 1633 2745 de
1657 2690 2077 2762 perduellibus,

419 2780 567 2836 laesa;
601 2780 926 2851 majestatis
959 2778 1096 2845 reis,
1132 2795 1197 2833 ac
1244 2778 1498 2851 publicis
1546 2779 1820 2835 hostibus
1874 2785 2078 2851 postea

415 2868 655 2924 disserit
692 2885 705 2923 :
740 2890 766 2917 «
804 2866 991 2933 Unde,
1025 2868 1239 2937 inquit,
1290 2867 1497 2933 Cassii,
1542 2874 1599 2922 et
1651 2868 1830 2939 Nigri,
1885 2876 1939 2924 et
1987 2869 2078 2923 Al-

418 2957 562 3019 bini,
618 2977 647 3005 »
674 2955 857 3027 “Ibid.
891 2972 1017 3026 cap.
1053 2957 1144 3026 35)
1173 2955 1270 3025 qui
1302 2956 1574 3012 videlicet
1605 2959 1675 3012 de
1705 2974 1941 3012 summa
1971 2958 2080 3011 im-

421 3045 567 3117 perii
597 3048 885 3115 potestate
915 3060 1048 3098 cum
1083 3043 1364 3115 legitimis
1395 3044 1848 3116 imperatoribus
1880 3047 2078 3101 decer-

418 3139 701 3189 taverant.
736 3138 811 3187 At
842 3136 974 3203 post
1030 3132 1286 3186 occisum
1340 3150 1537 3188 mense
1587 3134 1738 3188 Maio
1789 3134 1926 3189 anni
1975 3135 2080 3188 195

2181 2070 2236 2121 et
2268 2066 2605 2136 augures,et
2636 2074 2837 2129 magos
2868 2058 2939 2111 de
2960 2055 3205 2111 Caesaris
3224 2052 3413 2125 capite
3434 2047 3831 2107 consultant.»

2184 2151 2552 2226 (Tertullian.
2584 2150 2859 2221 Apologel.
2885 2162 3010 2216 cap.
3043 2143 3158 2215 35.)

2254 2259 2460 2332 Negari
2484 2258 2721 2328 quidem
2748 2272 2861 2310 non
2887 2256 3077 2325 potest
3097 2243 3833 2320 hanc'argumentationem

2188 2350 2335 2406 738
2366 2366 2477 2403 non
2514 2345 2743 2401 minimi
2777 2342 3033 2416 profecto
3065 2356 3193 2396 esse
3224 2335 3576 2410 ponderis,si
3606 2329 3832 2389 ethnici

2185 2442 2506 2513 proximam
2536 2438 2957 2507 imperatorum
2992 2434 3239 2485 mortem
3289 2430 3579 2498 optantes,
3630 2436 3833 2493 magos

2187 2531 2451 2601 aliosque
2498 2523 2801 2582 divinandi
2852 2526 2974 2576 arte
3023 2518 3242 2591 peritos
3287 2517 3357 2571 de
3405 2514 3589 2570 solius
3640 2508 3833 2566 Severi

2185 2600 2556 2691 imperatoris
2586 2614 2775 2670 salute
2804 2610 2982 2667 semel
3018 2612 3246 2664 tantum
3282 2602 3741 2661 consuluissent.
3763 2600 3836 2654 At

2186 2689 2341 2766 certe
2371 2704 2771 2763 Tertullianus
2809 2701 3030 2755 hancce
3079 2694 3569 2753 consultationem
3621 2689 3835 2761 saepius

2189 2797 2547 2872 propositam
2600 2798 2656 2849 et
2705 2790 3010 2864 repetitam
3062 2787 3243 2843 fuisse
3285 2784 3443 2840 haud
3474 2783 3720 2839 obscure
3752 2777 3831 2833 si-

2188 2867 2740 2960 gnificat.Praeterea
2772 2880 2819 2936 si
2851 2879 2975 2935 haec
3009 2877 3165 2932 illius
3196 2876 3267 2929 de
3297 2873 3506 2930 iisdem
3538 2867 3836 2926 seditiosis

2191 2958 2542 3032 factionibus
2573 2972 2749 3028 verba
2780 2987 2792 3024 :
2820 2991 2848 3018 «
2882 2968 2994 3023 Sed
3027 2971 3083 3021 et
3113 2980 3334 3020 nunc...
3369 2958 3631 3032 quotidie
3676 2972 3831 3013 reve-

2189 3065 2407 3134 lantur,
2469 3085 2495 3111 »
2555 3058 2848 3117 attentiori
2907 3056 3104 3112 animo
3163 3052 3586 3124 expendamus,
3644 3061 3836 3101 nonne

2189 3154 2325 3208 inde
2355 3132 2548 3222 colligi
2578 3152 2728 3204 recte
2761 3151 2968 3219 potest,
3002 3145 3073 3198 de
3104 3141 3223 3197 illis
3254 3153 3584 3196 sermonem
3618 3136 3690 3191 ab
3737 3132 3837 3190 illo

414 3225 1322 3336 FfiilfﬁfimdmggeffffimL
1343 3225 1422 3336 C1;
1481 3222 1836 3321 Ρθεοξῖηηίυε
1903 3223 2079 3324 Niger
2109 3270 2151 3336 Ο
2192 3243 2335 3308 fieri,
2368 3246 2648 3311 tanquam
2684 3236 2943 3292 nondum
2979 3232 3209 3306 penitus
3240 3227 3564 3296 exstinctis,
3614 3224 3714 3280 sed
3763 3223 3836 3278 ad

1428 3328 1677 3336 -____._
1733 3318 2049 3336 _-__-___-..
2944 3328 2952 3336 .
3248 3319 3285 3336 ι.
3347 3335 3352 3336 ,
3419 3315 3672 3336 -.._n__-
3722 3328 3832 3336 υ-

414 3328 740 3385 purpuram
792 3316 848 3366 et
898 3310 1214 3382 imperium
1268 3311 1326 3365 in
1382 3311 1685 3367 Pannonia
1732 3312 2075 3384 assumpsit.

416 3402 664 3473 ejusque
693 3400 753 3455 in
788 3406 985 3472 partes
1017 3400 1251 3455 transiit
1289 3400 1526 3455 Cassius
1575 3400 1859 3457 Clemens.
1906 3402 2081 3473 Niger

418 3507 555 3546 vero
586 3491 1094 3555 victusaSevero,
1145 3506 1211 3544 ac
1271 3490 1597 3561 proﬂigatis
1652 3492 1825 3545 tertio
1886 3490 2082 3563 prmlio

416 3580 582 3636 illius
615 3580 820 3653 copiis,
857 3580 992 3653 fuga
1024 3581 1199 3637 saluti
1234 3598 1354 3637 suae
1384 3581 1695 3638 consulere
1728 3584 1944 3638 frustra
1987 3600 2081 3639 co-

419 3674 597 3726 natus
628 3674 737 3726 est.
772 3670 859 3724 Ab
892 3669 966 3724 iis
997 3670 1177 3736 enim,
1205 3671 1305 3741 qui
1337 3670 1656 3741 fugientem
1688 3671 2087 3742 insequeban-

412 3764 529 3825 tur,
566 3760 798 3814 occisus
830 3758 941 3813 fuit
973 3759 1082 3814 sub
1117 3760 1291 3814 finem
1325 3760 1471 3814 anni
1524 3761 1645 3825 194,
1696 3760 1779 3815 vel
1833 3762 1933 3815 195
1981 3761 2088 3815 ini-

413 3850 603 3905 tium.
666 3848 802 3902 Post
860 3848 976 3902 hzec
1033 3854 1277 3903 Severus
1335 3848 1609 3916 Albino,
1677 3866 1849 3917 quem
1920 3850 2086 3906 falsis

412 3936 822 4002 blanditiis,ne
852 3935 1113 3991 hostium
1143 3953 1394 3991 suorum
1434 3953 1716 3993 numerus
1748 3944 2084 4009 augeretur,

413 4022 983 4095 deceperat,bellum
1015 4024 1235 4079 intulit.
1267 4026 1405 4080 Com
1426 4025 1609 4081 misso
1641 4028 1875 4083 tandem
1903 4045 2087 4101 prope

420 4113 773 4184 Lugdunum
808 4110 1029 4182 praelio,
1064 4112 1314 4168 Albinus
1352 4113 1519 4168 initio
1551 4115 1688 4168 anni
1722 4116 1820 4169 197
1868 4117 2085 4178 fractus

421 4219 490 4259 ac
518 4203 704 4269 fusus,
736 4206 982 4256 mortem
1016 4202 1129 4258 sibi
1164 4202 1519 4258 conscivisse
1547 4204 1908 4274 perhibetur.

491 4309 690 4379 Neque
721 4312 915 4363 tamen
952 4312 1092 4364 tunc
1123 4309 1367 4363 omnino
1396 4310 1625 4365 ﬁnitum
1656 4316 1746 4365 est
1775 4312 1942 4368 civile
1975 4314 2090 4368 bel-

420 4399 565 4455 lum.
601 4397 1031 4468 Superfuerunt
1074 4398 1287 4453 etenim
1311 4397 1491 4468 hujus
1515 4398 1781 4455 factionis
1811 4400 2087 4465 fautores,

419 4489 491 4544 de
523 4488 740 4557 quibus
774 4486 993 4541 ibidem
1033 4486 1442 4542 Tertullianus
1475 4493 1671 4543 noster
1721 4506 1733 4543 :
1787 4513 1814 4539 ‹‹
1865 4492 1974 4547 Sed
2033 4507 2091 4560 et

425 4577 527 4650 qui
560 4592 717 4633 nunc
751 4576 1121 4646 selestarum,
1157 4577 1261 4643 ait,
1292 4576 1547 4648 partium
1595 4578 1736 4633 socii
1792 4596 1857 4635 ac
1918 4582 2086 4653 plau-

421 4682 588 4722 sores
619 4665 881 4737 quotidie
932 4665 1285 4735 revelantur,
1338 4670 1470 4737 post
1518 4666 1872 4724 vindemiam
1924 4688 2083 4726 race-

431 4756 613 4812 matio
646 4760 968 4826 superstes.
1006 4780 1026 4807 ι
1067 4756 1224 4823 (Ibid.
1258 4772 1385 4827 cap.
1421 4756 1536 4825 38.)
1586 4758 1651 4810 At
1697 4757 1819 4813 haec
1870 4760 2085 4815 clarius

418 4845 493 4901 ab
526 4844 671 4900 [Elia
702 4846 1010 4916 Spartiano
1060 4845 1214 4900 hunc
1266 4845 1325 4899 in
1381 4846 1619 4900 modum
1676 4848 2081 4919 explicantur:

421 4955 449 4983 «
506 4933 674 4987 Multi
738 4950 880 4989 sane
940 4940 1073 5005 post
1132 4934 1438 5000 Albinum,
1474 4934 1650 4989 fidem
1680 4936 1730 4991 ei
1765 4944 2086 5007 servantes,

421 5020 573 5077 bello
621 5038 653 5077 a
702 5023 909 5078 Severo
977 5022 1238 5095 superati
1300 5028 1441 5078 sunt
1497 5024 1789 5093 Spartian.
1848 5026 1907 5082 in
1973 5030 2091 5085 Vita

425 5109 609 5165 Severi
640 5126 773 5182 pag.
806 5112 931 5181 323,
966 5113 1075 5168 col.
1130 5113 1197 5183 1).
1249 5111 1421 5168 Ultus
1471 5118 1560 5168 est
1610 5114 1789 5186 igitur
1838 5118 2092 5187 graviter

430 5199 780 5255 Albinanam
822 5201 1244 5269 defectionem;
1278 5202 1603 5258 interfectis
1643 5203 1936 5276 plurimis,
1987 5224 2091 5279 ge-

434 5306 570 5345 nere
603 5306 833 5360 quoque
864 5291 991 5361 ejus
1023 5292 1333 5359 exstincto,
1368 5292 1555 5348 iratus
1590 5294 1803 5366 populo
1835 5300 1891 5350 et
1921 5313 2089 5352 sena-

432 5378 681 5446 toribus,
718 5378 958 5435 Romam
991 5381 1165 5437 venit.
1216 5403 1243 5431 ››
1292 5382 1456 5436 Tunc
1516 5383 1725 5439 deinde
1783 5391 1914 5457 post
1970 5403 2091 5442 me-

429 5472 652 5523 morata
683 5469 841 5524 varia
880 5470 1071 5525 Severi
1105 5470 1320 5525 itinera
1352 5469 1496 5525 illud
1534 5473 1744 5543 adjecit
1796 5491 1807 5529 :
1858 5497 1886 5523 ‹‹
1936 5476 2094 5530 Inter

433 5558 551 5614 haec
610 5559 1041 5615 Pescennianas
1104 5559 1409 5633 reliquias,
1475 5560 1775 5618 Plautiano
1832 5569 2088 5634 auctore,

432 5648 917 5719 persequebatur,
954 5650 1035 5705 ita
1088 5654 1150 5705 ut
1194 5648 1517 5706 nonnullos
1571 5651 1744 5707 etiam
1798 5669 1865 5707 ex
1887 5653 2092 5710 amicis

440 5735 585 5809 suis,
616 5738 785 5809 quasi
816 5739 947 5801 vitae
977 5755 1098 5802 suae
1128 5738 1509 5802 insidiatores
1534 5745 1902 5814 appeteret.»
1924 5742 2089 5816 (Ibid.

2192 3346 2491 3388 summum
2525 3327 2751 3399 sopitis,
2785 3328 3078 3396 caputque
3110 3319 3365 3392 amplius
3413 3315 3677 3372 attollere
3722 3328 3837 3367 non

2190 3420 2545 3477 audentibus
2566 3418 2593 3473 ‘I
2622 3416 2892 3472 Nondum
2928 3429 3064 3483 ergo
3095 3415 3341 3465 Severus
3369 3404 3648 3463 habuisse
3676 3402 3833 3457 vide-

2193 3510 2367 3565 batur
2422 3512 2652 3580 apertas
2709 3520 2842 3560 cum
2900 3502 3196 3558 Plautione
3255 3496 3606 3553 simultates.
3659 3490 3834 3562 Atqui

2193 3600 2537 3655 Plautianus
2570 3596 2749 3650 filiam
2783 3610 2950 3648 suam
2980 3588 3308 3647 Plautillam
3339 3582 3649 3641 Caracallte
3678 3582 3837 3652 ejus-
3944 3614 3953 3631 ι

2194 3692 2325 3746 dem
2358 3686 2547 3744 Severi
2582 3686 2700 3740 filio
2730 3684 2788 3739 in
2813 3680 3253 3737 matrimonium
3304 3692 3456 3732 anno
3502 3674 3609 3727 204
3659 3669 3836 3726 collo-

2193 3781 2362 3835 cavit.
2398 3784 2563 3834 Anno
2612 3779 2808 3831 autem
2858 3768 3235 3840 subsequenti
3293 3764 3410 3835 ille,
3464 3766 3611 3819 teste
3667 3761 3839 3815 Hero-

2195 3871 2389 3933 diano,
2426 3865 2795 3922 manifestam
2826 3858 3158 3925 Caracallaa,
3190 3853 3389 3928 generi
3419 3852 3531 3918 sui,
3565 3850 3667 3923 qui
3706 3852 3835 3903 tum

2198 3973 2433 4015 uxorem
2456 3971 2623 4011 suam
2649 3946 3179 4015 oderat,audaciam
3207 3946 3577 4011 furoremque
3598 3936 3835 4002 veritus,

2200 4049 2253 4103 in
2288 4048 2415 4117 eius
2462 4042 2772 4115 imperium
2833 4038 3066 4093 insidiis
3123 4034 3393 4089 invadere
3450 4026 3691 4083 molitus
3750 4026 3840 4080 est

2197 4112 2663 4209 (Herodianflib.
2699 4147 2764 4185 ιιι
2794 4130 2855 4183 in
2888 4130 3023 4181 Vita
3054 4124 3242 4179 Severi
3271 4120 3511 4193 pag.2lili
3542 4120 3601 4172 et
3626 4112 3836 4186 seqq.).

2194 4204 2303 4281 Sed
2338 4224 2432 4278 his
2461 4220 2693 4277 retectis
2721 4215 3012 4272 Caracalla
3058 4212 3247 4277 illum,
3300 4209 3584 4281 prasente
3630 4204 3841 4259 Severo

2198 4321 2361 4387 patre
2394 4328 2523 4380 suo,
2548 4308 2731 4380 jussit
2760 4305 2966 4362 occidi.
2997 4304 3143 4357 Ante
3191 4301 3347 4355 hunc
3396 4297 3576 4369 igitur
3617 4305 3841 4348 annum

2196 4379 2562 4460 'l‘ertulliani
2587 4397 2980 4471 Apoloyelicus,
3014 4393 3114 4447 sed
3139 4406 3252 4445 non
3288 4386 3472 4443 multo
3501 4385 3666 4456 prius
3697 4379 3842 4437 scri-

2198 4501 2335 4568 ptus
2387 4494 2647 4547 videtur.
2708 4489 2998 4551 Quorsum
3055 4481 3213 4539 enim
3273 4476 3562 4535 Plautiani
3621 4472 3840 4547 potius,

2201 4564 2377 4657 quam
2408 4579 2600 4637 Albini
2631 4584 2688 4634 et
2720 4576 2969 4632 aliorum
3023 4569 3411 4644 perduellium
3462 4564 3684 4621 nomini
3744 4576 3843 4634 pe-

2196 4653 2522 4747 percisset?
2552 4670 2689 4723 Post
2739 4681 2959 4721 annum
3006 4663 3205 4732 itaque
3260 4660 3379 4727 197,
3431 4673 3546 4728 quo
3598 4653 3844 4709 Albinus

2196 4740 2479 4817 violentas
2535 4755 2646 4812 sibi
2701 4769 2915 4809 manus
2971 4749 3187 4817 attulit,
3239 4753 3297 4804 et
3326 4751 3461 4802 ante
3491 4759 3710 4801 annum
3739 4740 3844 4795 204

2198 4855 2300 4906 aut
2326 4849 2451 4919 205,
2486 4864 2600 4919 quo
2633 4842 2979 4899 Plautianus
3010 4843 3249 4896 necatus
3275 4841 3385 4909 est,
3416 4836 3575 4893 hunc
3619 4829 3845 4891 Tertul—

2198 4940 2394 4996 lianus
2424 4938 2642 4993 librum
2674 4932 2939 4990 confecit.

2272 5028 2575 5085 Probabile
2601 5032 2795 5080 tamen
2826 5021 3183 5094 quibusdam
3212 5019 3443 5074 videtur
3470 5033 3606 5072 eum
3638 5031 3672 5069 a
3707 5012 3843 5068 Ter-

2199 5118 2447 5175 tulliano
2482 5116 2803 5187 profectum
2840 5128 2990 5166 anno
3023 5110 3359 5180 posteriore,
3409 5123 3522 5177 quo
3568 5100 3845 5159 Antonini

2202 5206 2504 5263 Caracallie
2555 5200 2897 5260 decennalia
2943 5197 3255 5256 Caesariani
3296 5195 3525 5267 imperii
3555 5190 3847 5247 celebrata

2204 5302 2362 5363 sunt,
2412 5300 2588 5366 atque
2647 5291 2800 5363 ignis
2859 5285 3303 5361 persecutionis,
3362 5284 3421 5339 in
3478 5278 3842 5339 Christianos

2203 5364 2523 5452 concitatae,
2558 5379 2863 5437 ardentius
2895 5377 3197 5449 ﬂagrabat.
3230 5373 3375 5429 Nam
3407 5372 3479 5426 de
3508 5370 3581 5425 iis
3611 5364 3845 5423 Tertul-

2202 5475 2397 5530 lianus
2432 5476 2487 5528 in
2521 5474 2629 5528 hoc
2660 5470 3004 5541 Apologelico
3035 5465 3247 5535 smpius
3276 5456 3845 5531 disputavit(cap.2).

2203 5564 2421 5619 Deinde
2452 5579 2583 5618 vero
2615 5560 2814 5633 plures
2846 5555 3081 5626 quidem
3116 5552 3187 5606 ab
3219 5550 3347 5605 aliis
3393 5544 3847 5621 imperatoribus

2202 5653 2262 5708 in
2294 5653 2654 5709 Christianos
2686 5649 2842 5719 leges
2873 5644 3021 5699 latas
3053 5643 3358 5708 memorat,
3392 5638 3493 5694 sed
3542 5634 3765 5692 nullam
3816 5651 3851 5689 a

2204 5742 2434 5801 Severo.
2486 5740 2691 5800 Nonne
2722 5751 2858 5809 ergo
2888 5728 3285 5793 Tertullianus
3316 5732 3451 5789 ante
3476 5724 3850 5803 promulgata
