4262 6390
869 21 882 29 ι,
919 11 978 29 ’.δε
1291 12 1552 28 1M“

471 405 589 465 819

987 405 1515 468 TERTULLIANI
1563 399 1887 464 OPERUM
1932 395 2129 456 PARS
2175 393 2221 453 Ι.
2257 425 2334 436 -—-
2367 393 2639 454 SEltlES
2687 395 2735 467 l,
2782 393 3342 455 APOLOGE'I‘ICA.

3765 394 3890 453 820

473 537 653 610 hujus
686 537 745 593 in
777 554 875 594 eos
905 537 1093 594 edicta
1124 537 1279 594 hunc
1310 538 1711 610 Apologelicum
1758 533 1973 589 librum
2023 528 2112 583 di-
2141 533 2194 596 Α
2296 527 2372 580 Ea
2403 542 2573 598 porro
2605 531 2743 582 sunt
2810 528 3106 582 rationum
3171 530 3472 582 momenta
3530 526 3743 597 quibus
3801 526 3894 581 di-

479 625 787 699 vulgavit?

547 720 622 770 At
653 714 916 787 quamvis
947 715 1043 770 ille
1069 714 1177 770 hoc
1207 716 1265 770 in
1305 715 1452 770 libro
1487 715 1783 769 adversus
1834 709 2117 776 ethnicos,

481 804 581 876 qui
615 804 948 876 principum
977 804 1263 860 solemnia
1293 821 1408 859 non
1442 803 1638 859 minus
1670 800 1911 863 nefario,
1945 815 2119 869 quam

478 891 840 964 superstioso
909 893 1019 947 ritu
1090 893 1377 964 agebant,
1433 891 1712 947 acerrime
1771 889 2118 954 invehatur,

478 997 593 1035 non
651 981 720 1036 de
779 981 1086 1037 Caracallae
1154 985 1347 1036 tamen
1418 981 1633 1051 potius,
1691 994 1867 1050 quam
1925 974 2120 1029 Severi

478 1068 844 1140 aliorumque
876 1070 1207 1142 principum
1241 1068 1710 1126 solemnitatibus
1737 1064 1992 1120 disserit.
2036 1063 2118 1115 Ad

481 1157 946 1214 Christianorum
1008 1163 1202 1214 autem
1263 1157 1696 1230 persecutiones
1743 1161 1801 1209 et
1855 1154 2012 1224 leges
2063 1152 2120 1204 in

478 1246 872 1320 eoslscriptas
921 1249 1074 1319 quod
1128 1253 1370 1319 spectat,
1424 1246 1589 1302 facile
1616 1244 1988 1299 concedimus
2021 1243 2120 1295 Se-

478 1351 678 1391 verum
709 1335 936 1408 imperii
992 1335 1082 1390 sui
1133 1335 1298 1391 initio
1349 1335 1420 1390 iis
1466 1351 1663 1389 revera
1713 1331 1941 1386 favisse.
1995 1331 2121 1400 lpse

481 1423 771 1495 siquidem
821 1424 1214 1480 Tertullianus
1264 1424 1430 1479 testis
1479 1427 1568 1478 est
1613 1422 1858 1492 hujusce
1887 1417 2120 1484 favoris,

483 1511 651 1583 cujus
683 1511 834 1568 hanc
866 1513 1119 1568 reddidit
1152 1513 1437 1568 rationem
1471 1527 1484 1565 :
1521 1532 1542 1561 ι
1604 1510 1730 1580 [pse
1779 1508 1975 1572 etiam,
2027 1505 2120 1559 in-

485 1597 612 1669 quit
667 1598 924 1670 (Tertull.
988 1598 1088 1653 lib.
1155 1599 1226 1653 ad
1282 1599 1502 1670 Scapul.
1549 1615 1673 1669 cap.
1727 1599 1799 1667 4).
1851 1596 2117 1658 Severus,

483 1689 646 1757 pater
676 1687 976 1754 Antonini,
1011 1687 1470 1743 Christianorum
1528 1703 1752 1741 memor
1799 1685 1925 1739 fuit.
1975 1684 2119 1737 Nam

484 1778 540 1828 et
570 1774 876 1830 Proculum
926 1775 1346 1838 Christianum.
1397 1776 1494 1847 qui
1543 1774 1861 1846 Torpacion
1907 1788 2122 1838 cogno-

485 1863 840 1957 minabatur.
891 1862 1161 1919 Euhodize
1210 1870 1665 1936 procuratorem,
1725 1863 1820 1935 qui
1855 1879 1986 1917 eum
2024 1877 2124 1957 per
2157 1894 2202 1957 B

485 1950 680 2006 olcum
709 1953 1024 2024 aliquando
1057 1958 1380 2018 curaverat,
1414 1952 1737 2025 requisivit,
1771 1957 1828 2006 et
1857 1951 1914 2005 in
1964 1949 2123 2021 pala-

486 2041 564 2096 tio
595 2057 702 2095 suo
741 2041 948 2096 habuit
993 2059 1180 2113 usque
1229 2044 1298 2097 ad
1354 2047 1596 2097 mortem
1648 2044 1794 2109 ejus,
1849 2055 2019 2111 quem
2072 2041 2129 2091 et

480 2129 811 2185 Antoninus
859 2131 1078 2202 Optime
1103 2136 1364 2198 noverat,
1416 2131 1562 2186 lacte
1611 2129 1938 2184 Christiano
1986 2128 2126 2181 cdu-

486 2223 674 2272 catus.
725 2239 754 2268 »
806 2223 1077 2274 Fatemur
1125 2234 1358 2291 quoque
1407 2219 1624 2274 nullam
1675 2218 1732 2272 in
1782 2217 2127 2289 Apologelico

484 2305 609 2362 fleri
643 2305 790 2378 legis
820 2310 892 2363 ab
921 2309 1121 2363 eodem
1153 2313 1356 2364 Severo
1387 2308 1442 2363 in
1483 2306 1842 2362 Christianos
1890 2305 2125 2360 sancite:

487 2395 865 2452 mentionem.

557 2506 774 2558 Verum
806 2519 920 2558 non
950 2503 1086 2559 inde
1113 2509 1268 2559 certo
1315 2503 1585 2559 concludi
1629 2520 1798 2574 posse
1848 2505 2124 2574 putamus

492 2589 656 2645 illum
688 2592 912 2646 editum
943 2592 1125 2648 fuisse
1155 2598 1464 2664 postquam
1497 2591 1969 2658 Caracalla,anno
1996 2594 2122 2662 211,

489 2677 651 2734 solus
682 2681 986 2751 gimperare
1034 2681 1326 2753 coepisset,
1376 2686 1549 2753 atque
1597 2681 1832 2748 ethnici,
1881 2697 1945 2735 eo
1995 2683 2122 2751 jam

485 2774 786 2838 regnante,
818 2767 878 2824 in
912 2770 1059 2823 739
1093 2768 1459 2825 Christianos
1483 2785 1683 2824 omnes
1724 2769 2124 2825 crudelissime

485 2855 758 2912 furebant
812 2873 877 2912 ac
931 2857 1400 2912 bacehabantur.
1460 2857 1683 2913 Tantus
1734 2858 1947 2929 quippe
1999 2862 2122 2913 erat

481 2944 848 3000 ethnicorum
882 2946 938 3000 in
973 2963 1071 3002 eos
1099 2949 1278 3013 furor,
1315 2951 1378 3000 ut
1408 2947 1457 3002 is
1490 2945 1652 3002 solus
1683 2963 1750 3001 ac
1796 2964 1981 3001 vanus
2033 2963 2120 3002 ve-

478 3037 668 3088 terum
726 3034 920 3107 legum
983 3039 1296 3106 prmtextus
1355 3035 1499 3106 ipsis
1531 3035 1602 3089 ad
1635 3034 1928 3107 quoslibet
1969 3052 2117 3090 nun-

479 3139 657 3195 quam
715 3140 828 3178 non
889 3124 1308 3179 excruciandos
1363 3124 1674 3179 suffecerit.
1735 3128 1933 3196 Neque
1975 3125 2030 3178 id
2083 3141 2118 3179 a

481 3212 652 3266 nobis
683 3216 900 3267 temere
930 3212 1190 3283 ﬁngitur.
1240 3214 1481 3267 Eosdem
1532 3211 1823 3268 enimvero
1868 3214 2114 3284 gentiles

476 3299 876 3355 Tertullianus
927 3306 1124 3356 noster
1175 3301 1262 3356 bis
1294 3301 1605 3372 compellat
1634 3303 1824 3358 verbis
1859 3320 1870 3356 :

472 3386 583 3442 ties
628 3388 689 3442 in
737 3387 1098 3444 Christianos
1147 3387 1454 3456 desaevitis,
1486 3388 1700 3460 partim
1733 3389 1943 3444 animis
1982 3406 2112 3461 pro-

474 3475 861 3546 priis,partim
891 3476 1120 3548 legibus
1151 3474 1882 3548 obtemperantesIQuoties
1911 3478 2112 3545 etiam,

475 3563 783 3634 praeteritis
811 3565 996 3636 vobis,
1028 3565 1286 3635 suojure
1318 3582 1424 3620 nos
1455 3565 1760 3619 inimicum
1789 3564 1993 3636 vulgus
2025 3566 2112 3620 in-

475 3651 636 3708 vadit
662 3651 957 3724 lapidibus
984 3657 1044 3708 et
1086 3652 1414 3708 incendiis!
1465 3652 1612 3724 Ipsis
1662 3653 2111 3710 Bacchanalium

476 3739 644 3796 furiis
670 3757 774 3796 nec
804 3743 1052 3797 mortuis
1083 3749 1329 3814 parcunt
1370 3742 1736 3813 Christianis,
1791 3742 1929 3814 quin
1980 3743 2112 3799 illos

476 3831 546 3885 de
577 3831 773 3903 requie
804 3831 1137 3901 sepulturas,
1170 3832 1240 3887 de
1270 3831 1429 3904 asylo
1461 3833 1708 3903 quodam
1743 3832 1949 3887 mortis
1987 3833 2113 3902 jam

473 3918 640 3985 alios,
678 3920 803 3990 jam
855 3937 959 3975 nec
1002 3927 1171 3990 totos,
1218 3921 1489 3988 avellant,
1540 3921 1849 3988 dissecent,
1897 3921 2112 3976 distra-

474 4006 636 4062 hant.
671 4030 699 4059 ››
732 4008 1100 4077 (Tertullian.
1131 4010 1411 4080 Apologet.
1465 4026 1588 4079 cap.
1641 4010 1729 4077 36,
1781 4025 1912 4080 pag.
1965 4010 2110 4080 459.)

470 4095 648 4152 Paulo
696 4105 889 4152 autem
944 4098 1103 4169 prius
1153 4098 1250 4152 ille
1279 4099 1504 4153 dixerat
1538 4113 1551 4152 :
1587 4122 1606 4146 ι
1642 4097 1754 4152 Nec
1787 4097 1889 4152 ulli
1925 4099 2112 4170 magis

470 4183 918 4255 depopulatores
947 4185 1434 4252 Christianorum,
1457 4203 1632 4257 quam
1667 4185 2112 4257 vulgus,»(ldem

470 4287 599 4344 cap.
651 4273 750 4342 35,_
791 4291 923 4346 pag.
974 4275 1099 4346 451)
1150 4291 1364 4330 caecum
1429 4291 1636 4345 nempe
1693 4279 1749 4328 et
1805 4291 2108 4345 vesanum,

471 4363 626 4432 quod
683 4380 793 4418 sua
836 4363 1038 4434 procul
1087 4363 1264 4418 dubia
1314 4363 1492 4430 rabie,
1541 4380 1606 4418 ac
1655 4362 1910 4434 ingenito
1941 4365 2111 4435 quasi

471 4449 866 4517 furore,'nullo
897 4456 1091 4507 autem
1126 4451 1320 4523 legum
1353 4451 1686 4522 praescripto
1720 4452 1789 4506 ad
1823 4453 2111 4509 vexandos

472 4540 880 4610 necandosque
921 4539 1284 4596 Christianos
1341 4540 1651 4594 ferebatur.
1699 4545 1817 4595 Huc
1866 4542 2107 4612 accedit,

2228 632 2404 670 versas
2466 616 2535 669 de
2603 617 2782 686 hujus
2841 616 2973 670 libri
3001 622 3168 671 aetate
3195 617 3499 687 opiniones
3528 615 3885 670 innituntur-

2227 704 2393 758 Atiis
2427 703 2630 758 sedulo
2667 705 2968 774 expensis,
3005 705 3052 757 si
3092 705 3208 758 hinc
3242 705 3527 775 posterior
3556 704 3688 758 aliis
3735 721 3887 775 prae-

2232 794 2499 862 ponenda
2531 793 2632 846 tibi
2667 795 2955 860 videatur,
2985 795 3286 847 fatendum
3317 799 3405 846 est
3458 793 3613 846 hunc
3663 793 3883 846 librum

2230 881 2532 950 vulgatum
2567 881 2750 936 fuisse
2785 887 2916 952 post
2949 883 3256 936 excitatam
3307 883 3378 934 ab
3425 882 3626 936 eodem
3676 887 3883 936 Severo
3927 895 3932 898 '

2230 970 2509 1024 adversus
2558 971 2922 1024 Christianos
2975 971 3464 1041 persecutionem,
3493 986 3607 1024 non
3641 970 3884 1040 quidem

2231 1074 2380 1112 anno
2415 1059 2514 1111 197
2545 1064 2644 1112 aut
2702 1060 2824 1120 198,
2875 1064 2938 1113 ut
2995 1059 3232 1130 quidam
3288 1059 3507 1112 frustra
3545 1058 3883 1129 cpinantur,

2231 1147 2329 1201 sed
2381 1163 2533 1201 anno
2581 1149 2706 1211 202,
2763 1164 2878 1217 quo
2930 1147 3080 1201 idem
3112 1147 3354 1200 Severus
3386 1145 3544 1215 leges
3579 1146 3634 1199 in
3661 1162 3761 1200 eos
3793 1162 3883 1200 re-

2229 1251 2362 1289 vera
2395 1236 2675 1300 condidit,
2709 1241 2766 1290 et
2815 1236 3132 1302 decimum,
3183 1240 3246 1288 ut
3289 1234 3370 1288 ait
3418 1234 3724 1298 Eusebius,
3767 1233 3883 1288 im-

2231 1323 2376 1394 perii
2407 1323 2496 1376 sui
2531 1340 2748 1378 annum
2785 1323 2987 1394 agebat
3023 1323 3258 1393 (Euseb.
3291 1321 3392 1377 lib.
3426 1339 3503 1387 Vl,
3527 1322 3880 1378 Eccles.Hist.

2230 1428 2354 1481 cap.
2388 1415 2442 1478 2,
2477 1428 2606 1482 pag.
2643 1414 2734 1466 101
2775 1419 2832 1466 et
2863 1412 3070 1482 seqq.).

2299 1504 2366 1554 At
2398 1502 2444 1556 si
2479 1501 2610 1571 quis
2651 1501 2878 1570 judicet
2924 1518 3035 1556 non
3086 1499 3229 1555 satis
3275 1499 3470 1554 valida
3520 1515 3650 1555 esse
3699 1499 3878 1570 hujus

2229 1589 2523 1658 opinionis
2571 1590 2966 1652 ﬁrmamenta,
3015 1587 3065 1641 is
3097 1593 3250 1643 certe
3281 1604 3394 1642 non
3428 1587 3781 1643 diiﬁtebitur
3810 1603 3880 1642 ex

2232 1677 2344 1743 his,
2378 1694 2502 1748 quae
2537 1676 2709 1747 paulo
2741 1684 2871 1730 ante
2917 1677 3368 1744 adnotabamus,
3422 1683 3573 1730 recte
3623 1677 3878 1746 profecto

2231 1765 2422 1835 colligi
2456 1782 2626 1836 posse
2655 1765 2809 1820 hunc
2843 1765 3186 1819 Tertulliani
3222 1765 3434 1819 librum
3467 1763 3525 1818 in
3560 1764 3750 1819 lucem
3805 1764 3877 1818 ab

2232 1853 2331 1907 illo
2363 1855 2645 1908 emissum
2681 1854 2860 1908 fuisse
2893 1853 3088 1924 aliquo
3121 1858 3251 1924 post
3283 1852 3477 1906 Albini
3508 1869 3703 1907 necem
3739 1858 3881 1906 tem-

2240 1959 2395 2012 pore,
2431 1943 2488 1997 id
2554 1947 2663 2008 est,
2695 1948 2828 2013 post
2880 1943 3002 2005 497,
3028 1941 3524 2012 quemadmodum
3557 1941 3886 1995 observavi-

2239 2047 2390 2099 mus,
2423 2031 2634 2086 Christi
2683 2048 2924 2086 annum.
2973 2031 3254 2094 Quoniam
3307 2046 3438 2086 vero
3486 2029 3882 2084 Tertullianus

2236 2119 2452 2174 ibidem
2485 2120 2774 2191 significat
2806 2136 3100 2191 repressos
3122 2121 3300 2174 fuisse
3333 2120 3584 2190 majores
3612 2118 3881 2174 factionis

2236 2208 2395 2263 illius
2454 2208 2732 2280 impetus.
2783 2209 3186 2279 ac;quasdam
3238 2214 3466 2263 tantum
3516 2207 3882 2278 superfuisse

2234 2296 2462 2352 illarum
2523 2297 2821 2368 reliquias,
2871 2298 3006 2353 inde
3059 2314 3201 2353 sane
3248 2295 3713 2352 concludendum
3763 2301 3875 2364 est,

2235 2386 2411 2457 hujus
2443 2386 2572 2441 libri
2600 2393 2829 2442 {etatem
2862 2403 3014 2442 anno
3049 2387 3149 2440 199
3181 2391 3282 2442 aut
3310 2385 3504 2457 potius
3529 2385 3637 2440 200
3679 2385 3872 2440 consi-

2233 2475 2526 2546 gnandam
2563 2474 2766 2530 videri.

2309 2564 2540 2635 Urgebit
2569 2565 2803 2619 tandem
2854 2563 3066 2636 aliquis
3115 2570 3253 2620 tunc
3301 2563 3752 2632 Tertullianum,
3802 2567 3869 2617 ut

2234 2653 2446 2723 saepius
2475 2652 2697 2707 dictum
2731 2657 2840 2722 est,
2878 2670 2992 2708 non
3026 2654 3290 2724 attigisse
3349 2651 3868 2724 quadragesimum

2233 2741 2500 2812 quintum
2533 2743 2717 2796 astatis
2750 2759 2866 2796 suae
2899 2759 3141 2796 annum.
3174 2741 3353 2812 Atqui
3385 2757 3620 2796 summa
3674 2739 3869 2794 erudi-

2230 2831 2330 2898 tio,
2379 2847 2509 2901 qu:e
2567 2831 2782 2884 mirum
2837 2832 2895 2885 in
2947 2832 3186 2886 modum
3217 2835 3275 2886 et
3305 2830 3526 2902 passim
3562 2829 3776 2900 ubique
3807 2829 3868 2884 in

2230 2918 2335 2974 hoc
2367 2919 2524 2973 illius
2556 2921 2892 2990 Apologetico
2939 2919 3197 2989 refulget,
3259 2919 3674 2990 provectiorem
3732 2921 3872 2973 acta-

2229 3013 2343 3062 tem
2377 3009 2706 3062 desiderare
2735 3009 2984 3074 videtur,
3036 3009 3153 3063 imo
3201 3025 3334 3062 vero
3386 3024 3731 3077 supernum,
3783 3007 3869 3061 uti

2226 3096 2322 3149 alii
2385 3097 2757 3166 respondent,
2824 3097 2973 3149 740
3024 3095 3202 3149 divini
3261 3094 3503 3149 luminis
3561 3099 3618 3148 et
3675 3094 3870 3162 gratiae

2229 3185 2533 3238 auxilium.
2571 3184 2848 3239 Praelerea
2878 3184 3270 3239 Tertellianus
3302 3188 3422 3238 tam
3450 3181 3754 3238 excellenti
3802 3198 3870 3236 ac

2142 3256 2190 3322 ο
2228 3274 2548 3344 perspicaci
2579 3273 2812 3344 ingenio
2845 3273 3119 3344 praeditus
3151 3278 3292 3337 erat,
3327 3278 3390 3326 ut
3419 3270 3866 3342 quadragesimo

2222 3362 2407 3416 aetatis
2438 3379 2555 3417 suae
2589 3378 2739 3417 anno
2772 3363 2878 3416 hac
2911 3363 3057 3432 ipsa,
3117 3361 3346 3431 aliaque
3403 3359 3610 3430 majori
3669 3359 3866 3414 erudi-

2222 3449 2609 3515 tioneimbui,
2642 3455 2698 3504 et
2728 3465 2795 3504 ea
2843 3454 3029 3504 totum
3089 3449 3244 3504 hunc
3297 3448 3514 3504 librum
3573 3447 3865 3520 complere

2223 3539 2378 3593 haud
2411 3538 2726 3594 difﬁciliter
2758 3539 3031 3610 potuerit.

2829 3725 3029 3764 ARTICU
3039 3725 3109 3762 LU
3119 3725 3148 3763 S
3189 3725 3228 3762 Il
3238 3749 3250 3761 .

2222 3814 2559 3882 Quibusnam
2587 3814 2924 3868 antistitibus
2952 3822 3002 3868 et
3029 3813 3366 3884 praesidibus
3391 3811 3538 3866 hunc
3585 3812 3870 3867 Tertullia—

2422 3901 2526 3938 nus
2557 3885 2961 3956 Apologeticum
2991 3886 3196 3941 librum
3222 3885 3648 3955 nuncupaverit.

2290 4019 2515 4080 Quanto
2576 4017 2833 4088 apertius
2889 4017 3223 4090 clariusque
3279 4016 3677 4073 Tertullianus
3733 4015 3864 4086 ipso

2219 4106 2555 4176 Apologelici
2605 4106 2772 4162 initio
2834 4107 3090 4176 prodidit
3145 4107 3309 4162 illum
3372 4124 3404 4162 a
3461 4123 3522 4161 se
3578 4105 3868 4160 directum

2225 4217 2252 4244 ‹‹
2285 4195 2523 4249 Romani
2558 4194 2781 4265 imperii
2814 4195 3177 4251 antistitibus
3208 4196 3266 4251 in
3315 4199 3513 4268 aperto
3571 4198 3628 4249 et
3683 4193 3863 4259 edito,

2219 4281 2278 4336 in
2312 4283 2436 4353 ipso
2467 4284 2579 4338 fere
2609 4285 2821 4339 vertice
2852 4285 3106 4347 civitatis
3136 4283 3606 4356 praesidentibus.
3646 4304 3672 4331 »
3705 4283 3868 4352 (Ter-

2219 4370 2448 4426 tullian.
2480 4372 2754 4444 Apologet.
2787 4389 2911 4444 cap.
2966 4375 3015 4441 1,
3067 4389 3198 4446 pag.
3247 4374 3375 4444 257)
3433 4377 3595 4427 tanto
3655 4369 3864 4440 majori

2219 4460 2549 4515 animorum
2608 4463 2974 4517 contentione
3031 4462 3182 4518 inter
3237 4461 3494 4518 eruditos
3527 4459 3868 4530 disputatur

2219 4547 2461 4620 quinam
2520 4550 2762 4620 cujusve
2811 4550 3065 4605 civitatis
3127 4550 3342 4606 fuerint
3397 4549 3481 4604 illi
3562 4547 3863 4620 praesides.

472 4627 628 4696 quod
660 4627 874 4682 ethnici
907 4627 966 4681 in
997 4643 1096 4682 eos
1127 4628 1517 4683 refundebant
1566 4628 1935 4699 publicarum
1984 4648 2107 4686 om-
2140 4620 2186 4684 D
2217 4638 2381 4709 Apud
2418 4637 2700 4709 plurimos
2732 4639 2969 4710 quidem
3003 4639 3569 4712 cpiniojamdudum
3597 4636 3861 4692 invalue-

471 4714 637 4770 nium
669 4714 1069 4770 calamitatum
1102 4731 1362 4770 causam.
1389 4715 1490 4770 Ubi
1524 4716 1707 4788 igitur
1736 4718 1933 4789 aliqua
1963 4719 2110 4773 acci-

471 4802 678 4868 disset,
735 4808 861 4858 tum
921 4804 1250 4867 confestim,
1300 4810 1446 4859 teste
1495 4805 1686 4861 adhuc
1732 4805 2108 4875 Tertulliano,

469 4891 910 4947 conclamabant
945 4909 958 4948 :
991 4893 1330 4949 Christianos
1361 4893 1432 4948 ad
1461 4896 1667 4949 leonem
1695 4894 2108 4972 (Ibid.cap.40).

2223 4732 2311 4782 rat
2341 4726 2432 4782 his
2462 4727 2652 4783 verbis
2683 4729 3007 4784 Romanum
3041 4735 3310 4785 senatum
3335 4725 3653 4799 signiﬁcari
3683 4744 3695 4793 ;
3729 4725 3863 4783 aliis

2218 4820 2415 4871 tamen
2447 4822 2647 4886 postea
2679 4816 2864 4872 visum
2897 4822 2985 4873 est
3005 4817 3298 4890 designari
3321 4817 3598 4889 praesides
3618 4814 3858 4870 Cartha-

2217 4904 2410 4975 ginis;
2443 4904 2573 4958 aliis
2603 4907 2839 4960 demum
2872 4912 3159 4978 quotquot
3189 4913 3305 4962 toto
3334 4907 3592 4962 Romano
3634 4904 3694 4958 in
3744 4903 3856 4958 im-

533 4997 750 5054 Audire
781 5003 975 5056 tamen
1009 4999 1175 5056 nobis
1205 5002 1474 5056 videmur
1504 5000 1882 5072 aliquem,qui
1914 5000 2107 5056 adhuc
2216 4993 2374 5064 perio
2407 4994 2683 5063 praesides
2713 5001 2896 5050 erant.

462 5087 704 5144 instabit
732 5088 853 5145 haec
880 5089 1106 5162 aliaque
1140 5089 1302 5161 plura
1337 5090 1394 5145 in
1445 5089 1551 5146 hoc
1601 5091 1944 5161 Apologelico
1989 5107 2102 5145 non

457 5177 718 5250 potuisse
747 5179 820 5234 ab
851 5185 1100 5235 Auctore
1131 5187 1327 5235 nostro
1361 5179 1633 5248 describi,
1682 5179 1964 5250 quamdiu
2013 5184 2106 5233 Se‘

455 5284 626 5324 verus
656 5269 975 5340 imperator
1007 5269 1145 5324 favit
1177 5269 1656 5335 Christianis,nec
1692 5267 1869 5322 ullam
1901 5268 2102 5322 adver-

456 5373 558 5413 sus
589 5374 687 5413 eos
717 5358 904 5430 lcgem
939 5359 1195 5413 dederat.
1230 5357 1444 5414 Verum
1479 5357 1527 5412 si
1559 5356 1782 5412 nullius
1832 5355 1978 5426 legis
2028 5357 2098 5410 ab

2287 5081 2487 5136 Prima:
2539 5088 2734 5138 autem
2793 5084 3088 5156 opinionis
3146 5086 3400 5142 fautores
3450 5084 3720 5139 nituntur
3761 5082 3854 5138 his

2212 5170 2512 5241 ipsis,quae
2542 5171 3276 5241 civitavimus,Tertulliani
3304 5173 3646 5229 verbis.Non
3681 5171 3856 5227 aliam

2210 5260 2503 5316 enimvero
2537 5262 2737 5318 urbem
2772 5265 2883 5319 nisi
2918 5266 3140 5320 Roman
3172 5265 3416 5320 indicari
3469 5265 3852 5321 arbitrantur.

2209 5349 2276 5402 Et
2303 5355 2456 5404 certe
2488 5351 2618 5420 quis
2651 5351 2824 5417 alius,
2846 5353 3142 5424 inquiunt,
3177 5369 3304 5410 esse
3337 5357 3532 5424 potest
3555 5351 3653 5407 ille
3685 5365 3855 5421 aper-

455 5463 520 5502 eo
553 5445 681 5502 latae
713 5451 930 5502 Auctor
961 5453 1160 5502 noster
1190 5446 1550 5516 meminit,id
1586 5445 1684 5501 alii
1717 5445 2101 5516 deiqdustria
2207 5441 2305 5492 tus
2351 5443 2406 5494 et
2453 5439 2646 5495 editus
2703 5441 2953 5496 civitatis
3008 5448 3221 5513 vertex,
3281 5441 3392 5497 nisi
3453 5446 3846 5496 Romanorum

455 5534 673 5590 factum
704 5552 832 5591 esse
861 5536 1198 5607 cpinantur,
1233 5553 1303 5591 ne
1334 5535 1521 5607 magis
1554 5535 1804 5589 irritaret
1849 5533 2097 5590 viventis
2206 5526 2575 5598 Capitolium,
2609 5534 2763 5601 quod
2807 5531 3206 5588 Tertullianus
3250 5531 3575 5604 periphrasi
3627 5529 3842 5602 potius,

454 5625 597 5676 tunc
627 5623 995 5694 imperatoris
1027 5623 1423 5691 animum,sed
1458 5623 1687 5680 facilius
1711 5623 1781 5678 ad
1801 5622 2094 5680 saniorem

460 5715 715 5770 mentem
743 5711 910 5790 illum
940 5728 1205 5770 revocare
1234 5717 1454 5770 nosset.

2206 5632 2380 5687 quam
2418 5635 2523 5673 suo
2572 5618 2808 5674 nomine
2856 5619 3274 5693 appellandum
3323 5619 3595 5676 censuit?
3641 5619 3844 5674 Nonne

2202 5714 2378 5773 etiam
2410 5715 2469 5771 in
2497 5715 2676 5788 hujus
2707 5718 3005 5775 sententiae
3023 5718 3526 5776 conﬁrmationem
3542 5716 3689 5773 illud
3708 5731 3842 5788 pro-
