4262 6352
384 407 499 465 821

1122 406 1198 465 ΙΝ
1246 406 1854 468 APULOGETICUM
1904 409 1973 467 D.
2022 409 2117 468 LE
2162 409 2489 471 NOUBRY
2537 410 3081 472 DISSERTATIO.

3687 406 3804 465 822

376 535 513 591 ierri
557 536 784 609 poterit,
826 538 980 608 quod
1033 537 1102 593 de
1148 538 1290 593 solis
1349 537 1570 609 eclipsi,
1634 556 1758 611 qua
1802 539 2030 595 Christo
2063 546 2116 613 Α
2148 542 2278 596 tatis
2332 543 2683 612 praesidentes
2742 543 2947 615 (Idem,
3004 540 3283 611 Apologet.
3345 554 3471 608 cap.
3533 538 3614 605 16,
3664 552 3799 609 pag.

372 626 655 681 moriente
686 628 947 698 contigit,
980 629 1264 699 scriptum
1292 630 1361 683 ab
1392 628 1487 683 illo
1520 629 1769 698 legimus
1805 647 1816 683 :
1848 634 2033 685 nEum

374 717 576 771 mundi
611 733 811 771 casum
849 718 1094 772 relatum
1129 718 1183 771 in
1214 719 1438 772 arcanis
1468 719 1675 773 vostris
1712 718 1933 773 habetis
1956 718 1982 771 ?
2006 741 2033 768 ››

369 804 527 876 (Ιὺέὸ.
579 822 704 877 cap.
767 807 883 874 21.)
942 807 1216 871 Quaenam
1279 808 1498 862 etenim
1556 807 1656 863 illa
1714 812 1868 873 sunt,
1920 807 2034 864 nisi

370 894 769 950 Romanorum
802 912 1037 967 arcana,
1076 897 1196 952 sive
1241 897 1475 952 archiva
1525 901 1580 950 et
1628 896 2034 969 chartophyla-

368 983 475 1047 cia,
513 985 572 1039 in
604 986 821 1056 quibus
863 990 990 1041 acta
1041 986 1272 1058 publica
1322 987 1789 1042 recondebantur
1817 987 1843 1039 ‘l
1887 986 2031 1042 Nam

366 1071 444 1128 ibi
479 1073 577 1128 ille
610 1082 810 1130 narrat
854 1076 1107 1131 Pilatum
1159 1076 1389 1132 Tiberio
1422 1077 1756 1148 imperatori
1792 1077 2031 1131 nuntia-

365 1161 517 1217 visse
577 1180 693 1218 non
743 1164 935 1220 solum
994 1166 1144 1221 hanc
1204 1166 1495 1238 eclipsim,
1551 1166 1651 1220 sed
1728 1181 1793 1220 ea
1851 1165 2029 1219 etiam

359 1253 819 1309 extraordinaria
876 1255 1093 1322 omnia,
1158 1272 1282 1327 qua
1331 1260 1465 1310 ante
1520 1260 1577 1310 et
1634 1259 1766 1326 post
1816 1253 2029 1309 Christi

359 1345 605 1396 mortem
645 1343 998 1399 acciderant.
1038 1345 1176 1411 Quis
1208 1351 1404 1400 autem
1449 1343 1613 1399 facile
1665 1361 1779 1398 non
1829 1360 2030 1398 conce-

354 1429 450 1484 det
481 1431 785 1487 Tiberium
809 1433 1072 1502 jussisse
1113 1434 1230 1489 hac
1266 1435 1322 1489 in
1357 1434 1565 1489 iisdem
1597 1432 1797 1504 reponi
1824 1438 1881 1487 et
1912 1449 2028 1487 ser-

353 1519 475 1573 vari
505 1520 756 1590 arcanis,
783 1523 855 1576 ad
887 1539 1013 1594 qua
1048 1524 1367 1579 scrutanda
1397 1522 1796 1578 Tertullianus
1814 1522 2025 1577 Roma-

361 1623 466 1662 nos
501 1614 776 1679 provocat
811 1610 839 1665 ?

428 1716 495 1769 At
545 1717 705 1787 quod
760 1717 856 1773 ille
918 1719 1250 1786 obscurius,
1314 1719 1421 1775 hoc
1478 1719 1762 1774 Eusebius
1811 1717 2024 1774 clarius

353 1800 466 1874 his,
534 1821 659 1875 qua
722 1806 883 1863 nulla
942 1808 1301 1863 obscuritate
1371 1808 1764 1873 involvuntur,
1826 1806 2023 1862 retulit

2144 633 2289 701 2.59).
2327 633 2547 689 Rursus
2575 650 2706 687 vero
2740 632 2875 686 alibi
2909 650 2920 687 :
2956 633 3017 686 In
3064 631 3194 697 ista,
3225 627 3440 699 inquit,
3491 628 3710 681 civitate
3743 627 3801 680 in

2147 738 2260 791 qua
2292 739 2465 776 suum
2516 722 2904 776 elucubrabat
2954 720 3376 789 Apologetz’cum.
3412 715 3588 786 Atqui
3620 718 3805 770 Roma

2146 827 2259 865 non
2292 812 2518 873 civitas.
2554 812 2651 866 sed
2691 812 2849 877 urbs,
2886 814 3059 879 atque
3111 824 3177 862 eo
3206 806 3329 863 solo
3363 805 3533 859 Urbis
3563 804 3801 859 nomine

2145 916 2246 970 per
2276 901 2744 955 antonomasiam
2791 898 3069 971 appellari
3117 895 3362 951 solebat.
3410 893 3612 949 Nonne
3643 892 3801 948 enim

2144 988 2263 1043 hac
2294 991 2546 1061 ipsemet
2576 994 2715 1045 sunt
2744 990 2871 1060 ejus
2901 988 3077 1042 verba
3112 1004 3123 1041 :
3180 1005 3201 1033 ι
3235 985 3625 1040 Liberum.....
3658 998 3797 1037 con-

2143 1078 2302 1133 sules
2367 1083 2605 1134 senatus
2663 1079 3029 1147 auctoritate,
3081 1093 3194 1131 non
3240 1076 3414 1129 modo
3464 1071 3636 1135 Urbe,
3694 1071 3797 1126 sed

2141 1168 2412 1223 universa
2462 1168 2629 1223 Italia
2684 1165 3191 1223 eliminaverunt?
3247 1186 3275 1215 ››
3335 1162 3496 1235 (Ibid.
3557 1177 3684 1232 cap.
3738 1160 3796 1228 6,

2140 1273 2271 1328 pag.
2304 1258 2453 1328 305.)

2216 1346 2429 1401 Deinde
2459 1363 2520 1401 se
2550 1351 2689 1401 tunc
2719 1345 2857 1401 illuc
2888 1344 3146 1400 abfuisse
3178 1342 3333 1397 haud
3374 1341 3623 1396 obscure
3652 1339 3793 1393 Ter-

2139 1434 2420 1489 tullianus
2452 1435 2577 1507 ipse
2605 1436 2917 1507 significat.
2952 1434 3094 1487 Nam
3132 1436 3262 1503 post
3315 1431 3491 1485 citata
3532 1426 3793 1499 proxime

2136 1522 2298 1578 illius
2329 1526 2501 1578 verba
2523 1524 2705 1579 dixit:
2730 1546 2757 1574 ‹‹
2782 1525 2923 1577 Ecce
2954 1522 3010 1577 in
3044 1521 3144 1576 illa
3175 1518 3619 1591 religiosissima
3649 1516 3792 1571 urbe

2137 1611 2454 1666 [Eneadum
2490 1612 2718 1683 piorum
2750 1612 2830 1683 (id
2878 1616 2967 1666 est
3013 1610 3218 1677 Roma)
3265 1612 3353 1663 est
3401 1605 3631 1677 Jupiter
3659 1602 3793 1675 qui-

2133 1699 2266 1754 dem
2329 1722 2356 1749 »
2415 1702 2576 1771 (Ibid.
2629 1718 2755 1773 cap.
2807 1702 2861 1765 9,
2898 1716 3027 1771 pag.
3081 1699 3230 1769 317).
3290 1696 3464 1751 Vides
3512 1694 3663 1749 hanc
3717 1692 3790 1746 ab

2134 1804 2198 1845 eo
2231 1790 2421 1843 vocari
2454 1792 2682 1858 urbem,
2716 1795 2773 1846 et
2822 1790 2913 1846 his
2960 1788 3174 1856 verbis,
3224 1790 3283 1842 in
3316 1787 3437 1852 illa,
3470 1782 3794 1855 signillcari

354 1872 594 1948 verbis“:
632 1894 1034 1953 Tertullianus
1064 1899 1381 1968 Apologiam
1424 1914 1592 1952 suam
1640 1898 1708 1969 τῇ
1759 1894 2013 1969 ῥωμαῖκῇ

2132 1894 2194 1933 se
2225 1879 2295 1933 ab
2325 1895 2392 1933 ea
2425 1880 2605 1935 fuisse
2636 1884 2946 1934 remotum.
2979 1879 3060 1932 Ad
3096 1878 3215 1932 hac
3247 1891 3401 1942 vero,
3433 1874 3534 1929 ubi
3568 1872 3790 1944 patrios

350 1977 643 2054 συγκλήτῳ
718 1985 1151 2062 προσφώνησαε,
1221 1986 1297 2041 ad
1366 1992 1622 2041 senatum
1707 1988 2015 2041 Romanum

356 2072 682 2142 conscpz'psit
742 2074 976 2143 (Euseb.
1041 2076 1140 2129 lib.
1202 2092 1260 2131 v.-
1312 2078 1455 2132 Hist.
1517 2076 1722 2130 Eccles.
1783 2091 1913 2145 cap.
1961 2074 2016 2143 5,

355 2176 487 2230 pag.
527 2162 671 2232 169).
712 2163 824 2218 Nec
857 2164 1168 2218 minimum
1202 2165 1442 2234 quidem
1476 2162 1702 2219 roboris
1731 2163 1867 2218 huic
1896 2180 2021 2218 sen-

350 2248 545 2303 tentia
624 2267 689 2305 eo
766 2252 961 2307 afferri
1008 2258 1338 2321 autumant,
1403 2255 1555 2324 quod
1625 2252 2017 2307 Tertullianus

351 2340 546 2391 Roma
579 2338 677 2394 diu
704 2346 1102 2397 commoratus
1127 2343 1223 2397 sit.
1258 2343 1480 2398 Rursus
1513 2358 1768 2413 namque
1800 2342 1870 2395 de
1920 2340 2018 2396 illo

352 2424 641 2483 Eusebius
702 2429 821 2485 hac
881 2431 1133 2502 posteris
1193 2432 1413 2502 scripto
1471 2433 1689 2487 tradita
1733 2429 2010 2501 reliquit:

349 2512 447 2566 Καὶ
498 2519 604 2569 τῶν
661 2514 900 2589 μάλιστα
948 2516 1033 2572 ἐπὶ
1088 2519 1311 2592 Ῥώμης
1364 2518 1655 2595 λαμπρῶν.
1715 2522 1779 2575 Et
1836 2522 2015 2575 Romae

350 2605 738 2662 celeberrimus
765 2611 875 2679 fuit
907 2610 1065 2678 (Ibid.
1107 2610 1207 2665 lib.
1242 2628 1301 2680 ιι,
1337 2627 1459 2682 cap.
1494 2614 1549 2680 2,
1592 2628 1724 2682 pag.
1751 2610 1859 2681 41).
1894 2609 2015 2663 Huc

358 2708 593 2765 quoque
623 2698 848 2752 accedit
877 2698 1267 2770 Hieronymus
1297 2699 1497 2770 (Catal.
1538 2700 1790 2765 scriptor.
1823 2698 2012 2753 eccles.

353 2798 479 2854 cap.
513 2785 603 2852 53,
639 2803 693 2856 p.
729 2786 876 2856 115),
928 2787 1027 2858 qui
1078 2788 1425 2843 testiﬁcatur
1469 2788 1633 2843 illum
1668 2787 2010 2843 clericorum

355 2872 748 2929 Romanorum
779 2881 1050 2931 vexatum
1077 2877 1256 2932 fuisse
1286 2877 1506 2933 invidia
1533 2882 1589 2932 et
1614 2876 2011 2933 contumeliis.

354 2960 464 3015 Ubi
494 2967 714 3030 autem,
750 2964 862 3019 nisi
899 2981 1031 3019 cum
1066 2966 1255 3020 Roma
1286 2967 1539 3037 degebut
1566 2969 1589 3020 Ρ

425 3068 535 3123 Sed
588 3069 756 3135 nihil,
804 3070 1083 3142 inquiunt
1132 3072 1251 3137 alii,
1303 3075 1496 3127 obstat
1526 3074 1842 3143 quominus
1873 3074 2011 3128 Ter-

347 3155 653 3222 tullianus,
674 3158 851 3214 etiam
883 3161 1024 3215 dum
1057 3161 1407 3233 Carthagine
1439 3162 1744 3228 habitaret,
1768 3162 1885 3217 illis
1919 3162 2012 3215 in-

347 3246 511 3300 vidia
569 3252 626 3302 et
673 3251 1104 3305 calumniarum
1162 3251 1382 3306 aculeis
1441 3256 1819 3329 pungeretur.
1864 3252 2007 3306 Tam
2040 3281 2082 3348 Ο

346 3335 501 3391 enim
563 3337 836 3408 frequens
884 3344 1009 3394 erat
1058 3339 1212 3395 inter
1268 3341 1556 3395 Romanos
1605 3346 1660 3396 et
1706 3341 2008 3413 Carthagi-

345 3440 557 3480 nenses
618 3430 1065 3495 commercium,
1100 3435 1165 3484 ut
1214 3446 1390 3501 quam
1423 3430 1835 3485 Tertullianus
1888 3447 2006 3485 me-

342 3519 538 3568 ruerat
561 3532 807 3571 summa
829 3519 1181 3573 eruditionis
1205 3524 1263 3573 et
1288 3521 1431 3574 741
1461 3519 1737 3574 doctrina
1766 3520 2007 3591 famam,

343 3604 415 3658 ab
446 3604 661 3660 invidis
692 3605 970 3662 Romana
1003 3607 1270 3663 Ecclesia
1316 3608 1547 3664 clericis
1582 3608 2007 3681 potueritlace-

340 3692 477 3748 rari.
528 3694 642 3748 Nec
677 3695 789 3750 alio
830 3702 1006 3765 certe,
1062 3714 1237 3768 quam
1295 3698 1364 3753 ad
1419 3698 1569 3753 hanc
1601 3698 1761 3754 illius
1796 3698 2005 3753 famam

340 3781 651 3848 Eusebius,
700 3785 889 3839 verbis
941 3787 1206 3857 proxime
1258 3788 1471 3853 citatis,
1507 3788 1829 3859 respexisse
1862 3788 2007 3858 ipsis

339 3870 588 3925 videtur.
638 3872 837 3943 Neque
894 3875 1069 3929 etiam
1141 3876 1234 3929 his
1298 3875 1393 3931 ille
1458 3878 1694 3931 denotat
1752 3877 2005 3947 aliquam

337 3957 679 4012 Tertulliani
712 3958 771 4013 in
802 3961 941 4014 urbe
976 3961 1159 4017 Roma
1191 3962 1648 4030 habitationem,
1681 3965 1781 4019 sed
1825 3964 2008 4020 maxi-

336 4062 495 4099 mam
528 4047 683 4115 apud
713 4046 1005 4104 Romanos
1039 4050 1297 4107 nominis
1332 4056 1387 4106 et
1418 4053 1588 4107 fama
1619 4054 1747 4121 ejus
1778 4055 1850 4107 ob
1884 4054 2008 4109 sin-

336 4132 599 4203 gularem
632 4136 959 4192 doctrinam
995 4138 1336 4210 scriptaque
1371 4158 1480 4196 sua
1510 4141 1937 4197 celebritatem.

406 4222 619 4293 Urgere
675 4229 869 4280 tamen
923 4227 1018 4282 alii
1070 4234 1367 4299 poterant,
1414 4230 1708 4285 neminem
1772 4247 2010 4301 prorsus

333 4312 571 4368 diffiteri
604 4329 776 4384 posse
806 4314 972 4371 illum
1017 4321 1259 4372 Romam
1294 4318 1503 4374 saltem
1544 4320 1725 4375 semel
1758 4320 2005 4378 venisse.

333 4401 475 4466 Quis
508 4402 663 4457 enim
696 4403 803 4459 hoc
836 4422 1051 4477 negare
1085 4406 1347 4474 auderet,
1397 4408 1559 4476 quod
1592 4409 1842 4479 ipsemet
1871 4410 2008 4463 Ter-

332 4490 615 4546 tullianus
650 4493 1041 4549 disertissime
1072 4496 1371 4551 asseruit?
1417 4518 1445 4546 ‹‹
1493 4498 1871 4553 Gemmarum
1905 4514 2008 4553 no-

330 4578 621 4635 bilitatem
672 4582 929 4639 vidimus
982 4584 1177 4639 Roma
1226 4585 1296 4639 de
1348 4586 1589 4642 fastidio
1634 4586 1738 4642 illo
1771 4588 2010 4642 Partho-

2128 1972 2184 2021 et
2213 1966 2504 2037 indigetes
2536 1970 2927 2038 quarumdam
2965 1967 3266 2022 nationum
3307 1966 3445 2020 deos
3475 1964 3739 2017 recenset
3770 1958 3790 2006 3

2131 2076 2155 2106 α
2193 2056 2498 2124 Romanas,
2532 2061 2597 2112 ut
2636 2058 2861 2129 Opinor,
2887 2058 3103 2127 inquit,
3136 2054 3464 2127 provincias
3496 2050 3787 2118 edidi,nec

2127 2148 2324 2199 tamen
2384 2150 2677 2201 Romanos
2735 2147 2874 2201 deos
2933 2162 3158 2212 earum,
3219 2144 3357 2215 quia
3413 2146 3606 2197 Roma
3664 2154 3783 2193 non

2128 2234 2316 2305 magis
2348 2236 2640 2306 coluntur,
2669 2252 2845 2306 quam
2896 2235 2997 2306 qui
3044 2251 3144 2305 per
3172 2234 3362 2305 ipsam
3406 2244 3636 2302 quoque
3670 2228 3785 2283 Ita-

2127 2320 2265 2376 liam
2300 2322 2639 2394 municipali
2670 2323 3105 2379 consecratione
3153 2325 3487 2377 censentur.
3532 2340 3562 2368 »
3623 2316 3781 2388 (Ibid.

2126 2426 2253 2482 cap.
2286 2412 2397 2483 24).
2428 2414 2499 2467 At
2530 2430 2671 2468 sane
2714 2412 2763 2467 si
2798 2413 2949 2467 hunc
2994 2410 3209 2465 librum
3258 2413 3520 2464 Romano
3550 2403 3783 2461 senatui

2126 2506 2546 2572 nuncupasset,
2592 2518 2706 2556 non
2768 2501 2858 2556 his
2907 2501 3118 2570 verbis,
3167 2500 3459 2565 Romanas,
3491 2501 3782 2561 Romanos,

2124 2589 2328 2655 Romae,
2363 2590 2463 2644 sed
2492 2590 2688 2661 potius
2719 2590 2872 2658 istis,
2920 2595 3154 2658 vestras,
3189 2592 3409 2657 vestros,
3443 2590 3500 2641 et
3542 2602 3581 2641 α
3611 2584 3780 2649 vobis,

2124 2678 2327 2748 utique
2358 2685 2633 2734 uteretur.
2668 2680 2953 2734 Eumdem
2985 2684 3183 2733 tamen
3232 2678 3291 2731 in
3352 2675 3592 2731 modum
3639 2671 3780 2727 alibi

2122 2766 2313 2821 adhuc
2362 2765 2593 2823 locutus
2640 2772 2729 2824 est
2773 2768 2960 2839 (Ibid.,
3008 2784 3135 2839 cap.
3180 2768 3271 2833 21,
3318 2780 3451 2839 pag.
3489 2763 3614 2831 392,
3647 2777 3778 2833 cap.

2117 2854 2208 2924 35,
2244 2872 2375 2927 pag.
2406 2856 2553 2928 451).

2190 2948 2423 3000 Instant
2468 2950 2744 3017 praeterea
2792 2946 3013 3001 nullam
3063 2946 3121 3000 in
3167 2946 3275 3001 hoc
3325 2944 3474 2999 libro
3525 2941 3649 2996 ﬁeri
3684 2956 3774 2996 se-

2120 3037 2295 3087 natus
2336 3033 2581 3089 Romani
2613 3034 2987 3102 mentionem,
3038 3035 3139 3091 sed
3189 3032 3362 3089 sicuti
3410 3030 3574 3085 initio
3622 3030 3772 3084 anti-

2117 3125 2269 3177 stites
2297 3126 2347 3177 et
2375 3125 2761 3193 praesidentes,
2810 3124 2891 3178 ita
2940 3129 2997 3179 et
3043 3124 3100 3177 in
3150 3123 3265 3177 ﬁne
3310 3120 3572 3188 praesides
3610 3134 3770 3174 com-

2120 3210 2341 3281 pellari.
2373 3212 2503 3267 Jam
2539 3228 2671 3267 vero
2719 3212 2935 3268 audisti
2969 3212 3164 3285 priora
3208 3213 3337 3282 ejus
3382 3209 3577 3277 verba,
3613 3223 3769 3262 nunc

2123 3302 2444 3372 posteriora
2473 3302 2679 3357 audias
2708 3301 2880 3357 velim
2933 3320 2947 3358 :
2996 3324 3023 3352 «
3082 3302 3193 3356 Sed
3250 3301 3360 3355 hoc
3405 3299 3580 3371 agite,
3631 3295 3767 3351 boni

2118 3392 2417 3461 prasides,
2459 3391 2728 3446 meliores
2786 3390 2972 3446 multo
3022 3391 3176 3461 apud
3226 3388 3532 3461 populum,
3565 3386 3615 3441 si
3645 3384 3765 3440 illis

2117 3480 2480 3535 Christianos
2519 3480 2984 3535 immolaveritis.
3022 3501 3049 3529 ››
3095 3479 3252 3547 (Ibid.
3310 3494 3436 3550 cap.
3487 3478 3581 3546 50,
3628 3491 3764 3546 pag.

2115 3570 2266 3637 530.)
2300 3574 2374 3624 At
2404 3586 2469 3624 eo
2522 3569 2761 3625 nomine
2809 3586 2923 3624 non
2972 3568 3225 3641 appellat
3276 3568 3571 3623 Romanos
3600 3579 3766 3619 sena-

2116 3663 2272 3713 tores
2330 3663 2432 3712 aut
2461 3659 2864 3730 magistratus,
2896 3659 2997 3713 sed
3047 3657 3193 3714 alios
3240 3657 3300 3712 in
3351 3657 3493 3712 urbe
3535 3671 3601 3710 ac
3631 3669 3761 3724 pro-

2114 3746 2328 3814 vincia,
2358 3747 2419 3802 in
2450 3764 2567 3819 qua
2598 3748 2934 3813 manebant,
2975 3748 3168 3803 Africa
3214 3746 3479 3801 videlicet
3515 3749 3571 3799 et
3626 3743 3761 3799 Gar-

2115 3836 2349 3909 thagine
2371 3837 2721 3907 prasidentes
2749 3846 2799 3892 et
2826 3838 3116 3892 antistites.

2192 3944 2340 3999 742
2387 3944 2535 4007 Quid
2584 3960 2738 4013 vero,
2781 3944 2935 4015 quod
2984 3948 3293 4015 postquam
3336 3940 3593 3997 ostendit
3647 3937 3757 3992 hu-

2119 4050 2325 4088 manas
2354 4033 2621 4089 victimas
2670 4035 2824 4105 apud
2873 4033 3066 4088 varias
3115 4037 3316 4104 gentes
3363 4036 3420 4087 et
3469 4032 3758 4085 Romanos

2117 4122 2279 4193 ipsos
2316 4122 2430 4177 diis
2490 4122 2807 4190 immolari,
2849 4128 2906 4177 et
2949 4122 3007 4176 in
3057 4121 3313 4177 Catilina
3358 4118 3760 4190 conjuratione

2118 4210 2444 4265 humanum
2488 4212 2835 4282 sanguinem
2870 4212 3267 4282 degustatum,
3300 4214 3426 4265 tum
3466 4208 3589 4263 hac
3619 4206 3759 4263 sub-

2110 4298 2310 4370 junxit
2345 4317 2357 4355 :
2392 4322 2419 4349 ‹‹
2465 4300 2655 4372 Longe
2702 4316 2942 4356 excurro
2994 4317 3006 4355 :
3058 4298 3230 4355 hodie
3273 4298 3425 4364 istic,
3463 4320 3492 4347 ››
3538 4297 3598 4351 id
3647 4298 3759 4363 est,

2118 4388 2175 4442 in
2210 4388 2331 4458 ipsa
2368 4389 2512 4443 urbe
2546 4389 2641 4443 ubi
2675 4389 2794 4443 hac
2826 4387 3138 4455 scribebat,
3163 4410 3189 4435 «
3223 4386 3471 4442 Bellona
3502 4387 3762 4441 sacratos

2119 4476 2362 4548 sanguis
2415 4478 2487 4532 de
2535 4478 2751 4532 femore
2782 4477 3075 4547 proscisso
3108 4476 3167 4530 in
3202 4474 3522 4547 palmulam
3552 4489 3762 4544 excep-

2118 4570 2215 4621 tus
2246 4566 2420 4621 datus
2447 4567 2662 4639 signat.
2700 4588 2727 4615 »
2761 4565 2940 4637 (Ibid.,
2973 4582 3101 4637 cap.
3131 4566 3185 4632 9,
3237 4581 3368 4636 pag.
3420 4564 3566 4635 321).
3622 4562 3764 4629 Quis

334 4684 467 4722 rum
525 4673 581 4724 et
638 4671 960 4741 Medorum,
999 4677 1461 4745 caterorumque
1510 4676 1821 4747 gentilium
1868 4694 2004 4731 suo-
2039 4654 2084 4718 D
2116 4671 2276 4747 9'30»
2309 4655 2601 4726 iugulent:
2634 4654 3039 4747 Ψολνίάἓδᾼθδ
3071 4654 3170 4710 illo
3201 4670 3370 4710 suam
3402 4653 3694 4709 “Vitath
3728 4668 3762 4708 θ’

334 4774 492 4824 rum,
542 4774 737 4814 coram
800 4762 1087 4817 matronis
1133 4763 1598 4833 erubescentem,
1634 4765 1744 4821 nisi
1780 4782 1897 4837 quo
1931 4766 2002 4820 ad

335 4849 787 4905 ostentationem
824 4852 941 4907 fere
988 4850 1283 4907 habentur
1332 4874 1360 4901 ››
1423 4854 1685 4925 (Tertull.
1736 4854 1901 4922 lib.1,
1943 4854 2007 4906 de

341 4932 503 4989 Cultu
530 4937 659 5006 fem.
690 4955 818 5011 cap.
852 4941 931 5012 6.)
963 4943 1036 4995 At
1069 4946 1224 4997 certe
1260 4942 1417 4998 sicut
1445 4944 1648 5013 semel,
1680 4945 1760 4999 ita
1790 4944 2005 5015 saepius

335 5021 583 5079 Romam
617 5026 699 5081 ire
731 5029 921 5097 potuit
950 5029 1149 5100 ibique
1181 5032 1569 5088 commorari.
1619 5033 1850 5104 Optime
1883 5032 2008 5104 qui.

337 5109 469 5165 dem
500 5121 785 5184 reponent
814 5117 910 5171 alii
944 5134 956 5173 :
991 5119 1100 5174 Sed
1141 5121 1435 5190 quomodo
1468 5124 1701 5193 probari
1732 5128 2007 5195 poterunt

337 5198 453 5254 alia
508 5202 856 5260 Tertulliani
905 5206 965 5261 in
1016 5207 1169 5263 hanc
1202 5210 1409 5265 urbem
1450 5211 1677 5279 itinera,
1712 5217 1812 5268 aut
1868 5227 2002 5267 cum

337 5288 419 5345 ibi
469 5306 670 5346 revera
727 5294 1017 5352 mansisse
1048 5298 1283 5367 quando
1345 5301 1760 5370 Apologetz'cum
1818 5301 2000 5356 confi-

337 5378 523 5434 ciebat
549 5380 576 5435 ‘?

408 5469 799 5531 Quamobrem
860 5472 1055 5544 plures
1116 5476 1479 5534 arbitrantur
1530 5478 1697 5535 illum
1761 5496 1997 5551 prorsus

336 5559 681 5633 Carthagine
740 5564 987 5635 editum,
1021 5563 1403 5639 oblatumque
1452 5569 1698 5642 hujusce
1746 5567 1998 5623 civitatis

340 5650 709 5719 praesidibus.
764 5654 989 5709 Etenim
1048 5654 1119 5711 ab
1170 5655 1351 5726 illius,
1404 5660 1486 5715 uti
1539 5660 1662 5729 jam
1712 5657 1994 5723 vidimus,

340 5738 571 5794 exordio
620 5740 753 5799 illos
805 5747 993 5811 vocat,
1024 5745 1086 5798 in
1123 5749 1309 5819 aperto
1354 5751 1409 5805 et
1461 5746 1609 5805 edito
1638 5747 1839 5804 vertice
1866 5746 1994 5801 civi-

2115 4745 2374 4800 Romana
2404 4750 2601 4816 aperte
2630 4743 2963 4816 distingui?

2185 4852 2445 4923 Denique
2473 4851 2723 4907 ethnicis
2754 4850 2993 4923 opponit
3022 4852 3405 4921 Christianos,
3433 4854 3759 4919 Deum,non

2109 4944 2487 5014 proconsulem
2530 4944 2784 4998 timentes
2816 4942 2973 5013 (Ibid.
3008 4959 3133 5015 cap.
3167 4942 3276 5015 45).
3325 4942 3549 5000 Ethnici
3580 4942 3764 5015 igitur

2114 5031 2292 5103 hunc,
2328 5033 2567 5088 minime
2598 5048 2730 5088 vero
2763 5031 2929 5087 illum
2964 5033 3268 5089 timebant.
3302 5033 3621 5089 Proconsul
3653 5050 3761 5088 au-

2113 5125 2230 5177 tem
2282 5140 2396 5177 non
2446 5124 2662 5191 Roma,
2696 5123 2795 5177 sed
2846 5122 2906 5176 in
2958 5123 3268 5194 provinciis
3326 5122 3479 5178 hanc
3530 5122 3764 5192 gerebat

2114 5212 2365 5282 primam
2400 5213 2784 5285 magistratus
2815 5212 3179 5282 dignitatem.
3224 5211 3437 5266 Verum
3491 5210 3605 5264 alia
3659 5226 3759 5264 su-

2112 5302 2359 5373 perioris
2416 5303 2717 5358 sententia
2768 5303 3156 5366 ﬁrmamenta,
3207 5301 3422 5371 quibus
3468 5300 3762 5354 Romanos

2111 5391 2391 5462 prasules
2450 5391 2829 5463 compellatos
2888 5408 3016 5446 esse
3069 5390 3454 5458 ostendimus,
3514 5387 3606 5443 his
3663 5404 3755 5443 ra-

2110 5480 2338 5537 tionum
2401 5482 2715 5538 momentis
2767 5497 2871 5536 nec
2926 5481 3333 5547 destruuntur,
3408 5494 3515 5533 nec
3585 5477 3755 5532 inﬁr-

2107 5575 2310 5626 mantu
2320 5589 2364 5627 r.

2178 5660 2373 5716 Tertia
2404 5661 2619 5734 itaque,
2652 5664 2707 5716 et
2734 5660 2887 5714 inter
2916 5662 3249 5730 utramque,
3283 5658 3566 5713 hactenus
3589 5673 3621 5711 a
3648 5674 3750 5713 no-

2103 5747 2196 5804 bis
2251 5749 2597 5821 expositam,
2648 5747 2841 5804 media
2887 5745 3123 5804 illorum
3156 5746 3351 5820 opinio
3381 5750 3490 5819 est,
3524 5746 3624 5820 qui
3656 5764 3748 5804 ar-
