4262 6386
542 405 662 472 823

1071 405 1596 467 TERTULLIANI
1641 404 1966 468 OPEllUM
2008 405 2210 465 PARS
2255 407 2302 466 l.
2337 438 2412 451 --
2442 407 2715 469 SERIES
2761 409 2805 481 l,
2851 408 3415 470 APOLOGETICA.

3818 409 3954 476 824·

547 535 844 600 bitrantur
871 535 1024 590 hunc
1056 536 1456 607 Apotogeticum
1505 535 1715 592 librum
1770 553 1803 591 a
1829 535 2188 592 Tertulliano
2219 538 2269 604 Α
2303 538 2401 607 qui
2432 537 2492 593 in
2517 543 2634 595 toto
2680 540 2939 596 Romano
2989 540 3230 612 impetio
3263 539 3544 612 primarii,
3565 538 3862 611 principes
3884 546 3945 594 et

550 625 833 682 directum
886 624 1066 680 fuisse
1123 641 1238 680 non
1290 625 1467 680 unius
1529 630 1756 681 tantum
1809 625 2060 680 civitatis
2092 631 2194 680 aut

549 713 881 786 provinciae,
914 713 1012 768 sed
1047 713 1248 780 totius,
1303 730 1477 785 quam
1534 713 1701 785 longe
1751 713 1981 784 lateque
2032 719 2190 784 pate-

551 804 669 872 bat,
701 801 943 857 Romani
978 801 1205 873 imperii
1240 803 1608 873 praesidibus.
1662 807 1738 857 At
1780 819 1847 858 ea
1877 803 1924 856 si
1959 802 2193 873 probari

549 890 757 962 possit,
791 889 1038 945 aliarum
1071 896 1456 947 assertatores
1489 895 1764 962 poterunt
1811 907 2000 946 secum
2031 891 2195 946 facile

549 978 930 1034 reconciliari.
963 979 1161 1035 Utrem
1197 985 1392 1036 autem
1419 997 1552 1034 vera
1583 980 1678 1048 sit,
1703 980 1843 1051 quia
1871 981 1925 1034 id
1962 980 2033 1034 ab
2067 980 2195 1049 ejus

549 1069 815 1140 patronis
862 1084 975 1124 non
1029 1068 1175 1124 satis
1221 1075 1489 1124 accurate
1521 1069 1987 1124 demonstratum
2022 1074 2130 1133 est,
2165 1085 2199 1122 a

552 1156 721 1211 nobis
752 1155 1090 1228 diligentius
1127 1157 1562 1229 inquirendum.
1596 1157 1788 1212 Primo
1834 1157 2028 1229 itaque
2060 1173 2195 1212 con-

553 1249 669 1300 stat
698 1244 854 1299 hune
885 1245 1098 1300 librum
1132 1245 1311 1300 nullis
1337 1246 1706 1315 nominatim,
1741 1247 1838 1300 sed
1877 1247 2194 1316 generatim

552 1333 902 1405 presidibus
932 1336 1179 1390 missum
1212 1351 1339 1390 esse
1387 1339 1444 1389 et
1491 1334 1771 1389 oblatum.
1803 1335 1858 1388 Si
1909 1335 2007 1406 qui
2040 1335 2197 1388 enim

555 1422 792 1478 nomine
841 1439 968 1489 suo,
1015 1439 1121 1478 nec
1164 1421 1260 1478 alii
1311 1428 1521 1494 praetor
1567 1422 1700 1477 illos
1745 1423 2196 1494 appellarentur,

555 1511 718 1566 nulla
762 1527 891 1566 esse
939 1516 1137 1583 posset
1182 1511 1256 1566 lis
1306 1517 1407 1566 aut
1467 1511 1883 1566 controversia.
1935 1511 2077 1566 Nam
2125 1511 2197 1566 iis

554 1597 713 1654 hunc
744 1599 800 1655 in
834 1601 1074 1656 modum
1107 1600 1448 1666 nominatis,
1483 1599 1750 1657 absoluta
1802 1616 1939 1656 sane
1978 1617 2043 1655 ac
2071 1616 2198 1671 per-

557 1687 710 1743 fecta
737 1704 916 1744 causa
945 1692 1088 1744 erat.

630 1777 846 1832 Deinde
891 1793 1022 1833 vero
1076 1777 1330 1832 fatentur
1376 1794 1578 1834 omnes
1627 1777 1684 1832 in
1736 1777 1842 1832 hoc
1885 1778 2034 1832 libro
2084 1776 2200 1832 Ro-

2302 629 2574 697 praesides
2613 631 2753 686 estis
2786 633 2842 685 in
2876 635 3061 701 aperto
3109 641 3164 684 et
3212 632 3360 684 edito
3410 633 3469 685 in
3517 631 3668 700 (qua:
3726 629 3945 684 ultima

2303 719 2585 788 particula
2606 720 2970 774 desideratur
2993 720 3048 773 in
3082 719 3357 774 omnibus
3388 719 3688 774 codicibus
3721 717 3946 773 nostris

2302 810 2357 860 et
2382 807 2554 862 editis
2586 808 3038 878 antiquioribus)
3082 810 3194 877 ipso
3237 811 3352 878 fere
3420 809 3624 862 vertice
3671 808 3943 862 civitatis.

2303 895 2584 950 nimirum
2617 898 2900 966 cujusque
2944 896 3388 967 praesidentibus.
3428 895 3510 950 lbi
3547 896 3700 950 enim
3736 895 3947 950 indeﬁ-

2304 984 2422 1039 nite
2449 984 2596 1040 dixit
2627 986 2855 1040 Romani
2894 988 3118 1057 imperii
3156 987 3454 1055 antistites,
3489 985 3588 1056 qui
3640 985 3697 1038 in
3746 990 3948 1055 aperto

2307 1077 2481 1144 atque
2536 1073 2689 1128 edito
2752 1076 2877 1145 ipso
2931 1076 3139 1130 vertice
3201 1073 3455 1130 civitatis
3514 1073 3830 1144 cujuslibet
3871 1074 3944 1128 ad

2307 1161 2451 1216 alios
2476 1163 2831 1232 judicandos
2875 1163 3216 1234 praesidetis.
3258 1166 3323 1218 At
3373 1163 3494 1218 haec
3526 1162 3944 1233 interpretatio,

2308 1256 2362 1305 et
2393 1252 2561 1305 tertia
2600 1252 2813 1321 opinio,
2848 1253 2903 1307 id
2959 1253 3162 1308 saltem
3213 1252 3389 1307 habet
3437 1252 3750 1318 commodi,
3787 1254 3944 1318 quod

2308 1340 2476 1394 facile
2519 1339 2683 1394 tollat
2730 1340 3054 1412 prepositas
3102 1343 3172 1396 ab
3221 1341 3470 1396 aliarum
3521 1341 3944 1396 sententiarum

2309 1428 2570 1499 patronis
2603 1429 2999 1495 difficultates,
3031 1435 3087 1484 et
3119 1431 3366 1502 ipsemet
3405 1431 3666 1484 diversas
3709 1434 3945 1485 senten-

2307 1518 2420 1572 tias
2449 1517 2598 1572 inter
2629 1535 2690 1572 se
2723 1519 3007 1574 conciliet.
3043 1519 3186 1574 Nam
3220 1519 3357 1574 hinc
3405 1519 3572 1574 facile
3604 1517 3951 1590 intelligitur

2308 1623 2412 1661 cur
2441 1608 2724 1677 quosdam
2777 1609 3052 1679 praesides
3095 1608 3430 1679 aliquando,
3465 1607 3611 1664 alios
3642 1624 3774 1663 vero
3806 1624 3949 1662 non-

2310 1712 2610 1767 nunquam
2649 1695 2707 1750 in
2739 1695 2846 1751 hoc
2875 1696 3252 1768 appellaverit
3300 1695 3466 1764 libro,
3501 1712 3672 1766 quem
3705 1695 3945 1752 Cartha-

2311 1783 2438 1853 gine
2467 1785 2774 1839 scribebat.
2809 1785 3016 1841 Omnia
3047 1803 3215 1857 porro
3247 1785 3421 1840 trium
3455 1784 3688 1840 illarum
3721 1784 3946 1855 opinio-

559 1879 766 1921 manos
817 1866 1117 1938 prmsides,
1151 1881 1255 1921 nec
1311 1866 1491 1921 semel
1531 1866 1786 1937 quidem,
1837 1865 2198 1938 οοωροηειτί.
2229 1901 2276 1966 Β
2316 1890 2455 1927 num
2505 1881 2846 1943 argumenta
2893 1875 3012 1930 sive
3067 1875 3136 1930 ab
3188 1873 3316 1930 aliis
3369 1875 3687 1946 proposita,
3738 1874 3856 1929 sive
3916 1890 3951 1929 a

558 1953 782 2025 Ecquid
838 1953 992 2010 enim
1052 1955 1110 2009 id
1166 1961 1496 2026 negaretur,
1565 1957 1720 2026 quod
1784 1956 1910 2025 jam
1988 1955 2196 2026 proba-

558 2044 686 2096 tum
735 2046 842 2110 est,
893 2048 1067 2115 atque
1111 2042 1204 2099 his
1251 2060 1487 2099 rursum
1527 2044 1719 2099 verbis
1767 2043 2190 2098 confirmatur:

560 2151 589 2179 «
621 2129 689 2186 Ut
720 2131 789 2186 ad
824 2147 922 2187 eos
951 2131 1346 2187 dominatores
1380 2132 1640 2203 gentium
1675 2131 1977 2203 aspiciam.
2012 2131 2194 2186 Homo

552 2218 664 2274 fuit
693 2219 883 2276 Numa
909 2220 1254 2293 Pompitius.
1287 2245 1313 2271 »
1349 2221 1506 2291 (Ibid.
1549 2237 1674 2292 cap.
1722 2222 1836 2289 2t.)
1878 2221 2076 2292 Neque
2109 2225 2195 2274 ta-

551 2322 684 2362 men
721 2309 825 2364 hos
853 2312 1085 2364 tantum
1118 2309 1416 2380 praesides,
1468 2311 1566 2364 sed
1617 2310 1891 2377 Quirites,
1921 2314 1977 2364 et
2004 2308 2194 2379 ipsam

545 2411 773 2468 quoque
807 2396 1030 2469 plebem
1065 2399 1381 2454 Romanam
1411 2398 1494 2454 sic
1527 2398 1846 2470 alloquitur
1875 2397 2027 2469 (Ibid.
2063 2413 2192 2468 cap.

541 2484 629 2555 35)
665 2500 678 2540 :
712 2507 740 2537 «
777 2489 941 2557 Ipsos
973 2485 1246 2555 Quirites,
1306 2487 1496 2557 ipsam
1546 2487 1920 2541 vernaculam
1971 2489 2192 2555 septem

540 2573 803 2641 collium,
837 2574 946 2630 hoc
993 2580 1106 2645 est,
1146 2574 1309 2631 urbis
1359 2575 1553 2630 Romae
1607 2574 1856 2646 plebem,
1893 2571 2192 2636 convenio,

544 2677 618 2716 an
677 2661 852 2718 alicui
903 2663 1112 2718 Caesari
1173 2679 1279 2718 suo
1337 2668 1540 2734 pareat
1579 2662 1782 2734 lingua
1813 2659 2192 2716 Romana?»

543 2749 958 2806 Verumtamen
1001 2751 1158 2807 aliud
1208 2756 1319 2819 est,
1371 2751 1624 2822 inquies,
1669 2750 1898 2821 aliquos
1940 2749 1999 2804 in
2046 2747 2193 2803 libro

548 2855 654 2894 suo
681 2838 921 2911 alloqui,
955 2839 1112 2895 aliud
1143 2857 1275 2895 vero
1307 2840 1378 2894 iis
1409 2857 1584 2895 suum
1618 2839 1848 2894 mittere
1877 2843 1930 2893 et
1968 2855 2193 2892 nuncu-

548 2943 687 2998 pare
730 2927 972 2984 librum.
1004 2929 1172 2985 Recte
1225 2929 1486 3000 quidem.
1536 2929 1642 2982 Sed
1692 2945 1813 2996 cur,
1859 2929 2066 2982 amabo
2116 2932 2193 2991 te,

548 3033 752 3073 omnes
800 3021 1091 3074 Romanos
1139 3018 1433 3089 praesides,
1495 3017 1748 3084 Quirites
1805 3021 1861 3071 et
1914 3015 2193 3087 plebeios,

547 3105 888 3162 nominibus
938 3108 1064 3163 suis
1086 3106 1420 3178 appellavit,
1454 3108 1563 3161 nisi
1594 3105 1732 3178 quia
1773 3122 1944 3161 suum
1995 3105 2066 3160 ad
2097 3121 2194 3160 eos

545 3193 759 3252 librum
794 3196 1150 3252 mittendum
1181 3211 1310 3252 esse
1339 3200 1493 3251 certo
1526 3195 1808 3251 noverat?

612 3304 686 3358 At
715 3301 859 3358 satis
891 3303 1196 3375 perspicue
1219 3301 1728 3367 ostendimus,non
1752 3301 2043 3356 Romanos
2067 3305 2189 3355 tan-

544 3396 695 3458 tum,
727 3392 828 3448 sed
860 3391 1006 3448 alios
1035 3391 1209 3447 etiam
1260 3390 1536 3462 prasides
1581 3391 1640 3445 in
1692 3389 1801 3445 hoc
1844 3389 2189 3445 Tertulliani

541 3478 693 3535 libro
723 3480 1080 3553 compellari.
1108 3480 1377 3552 Exposita
1403 3495 1655 3550 namque
1684 3479 1742 3533 in
1775 3479 2042 3534 secundae
2064 3479 2188 3550 opi-

545 3566 739 3626 nionis
771 3569 1170 3626 defensionem
1221 3575 1569 3642 argumenta
1618 3584 1728 3624 non
1764 3569 1964 3623 minus
1995 3574 2194 3639 aperte

542 3658 794 3730 probant
865 3657 1088 3714 huncce
1165 3657 1379 3713 librum
1442 3657 1572 3714 aliis
1639 3656 1922 3727 scriptum
1987 3655 2192 3724 fuisse,

547 3763 724 3817 quam
760 3747 1022 3803 Romano
1053 3747 1307 3815 senatui,
1336 3752 1436 3802 aut
1477 3745 1824 3818 praasidibus
1855 3745 2152 3800 Romanis.

617 3853 741 3908 Huo
783 3853 1027 3920 accedit,
1060 3853 1210 3924 quod
1237 3857 1443 3908 auctor
1492 3856 1692 3907 noster
1735 3851 1795 3906 in
1846 3851 1952 3905 hoc
1999 3851 2191 3921 Apolo-

544 3944 736 4014 getico,
776 3943 1274 4014 quemadmodum
1323 3942 1381 3997 in
1432 3941 1665 3996 duobus
1706 3942 1776 3995 ad
1823 3941 2080 3996 Nationes
2127 3938 2192 3993 li-

543 4031 690 4098 bris,
731 4049 1092 4089 communem
1147 4031 1432 4098 omnium,
1465 4035 1756 4101 quotquot
1786 4029 1845 4084 in
1887 4031 2024 4084 orbe
2071 4033 2190 4083 ter-

539 4136 738 4176 rarum
786 4128 973 4190 erant,
1025 4121 1489 4177 Christianorum
1543 4135 1782 4174 causam
1849 4118 1986 4189 agit.
2033 4117 2193 4172 Sicut

538 4224 675 4281 ergo
707 4210 815 4268 bos
864 4211 936 4266 ad
993 4215 1237 4266 cunctas
1295 4209 1586 4277 nationes,
1648 4209 1728 4262 ita
1783 4208 2193 4278 Apologeticum

536 4296 755 4354 librum
787 4300 858 4354 ad
891 4315 1097 4355 omnes
1151 4299 1300 4354 143
1352 4297 1602 4353 Romani
1658 4296 1874 4367 imperii
1909 4295 2187 4367 presides

536 4388 608 4444 ab
638 4404 705 4444 eo
737 4389 952 4445 missos
981 4387 1186 4456 fuisse,
1219 4387 1311 4442 cui
1344 4384 1845 4442 verissimilimum
1885 4402 1998 4441 non
2030 4386 2187 4440 vide-

536 4476 700 4533 bitur
722 4477 750 4532 ?

610 4566 809 4637 Neque
841 4564 1054 4621 dixeris
1085 4565 1371 4636 scriptum
1404 4564 1475 4618 ab
1507 4563 1605 4618 illo
1646 4580 1897 4634 quoque,
1932 4563 1990 4618 in
2023 4563 2184 4618 Chri-

2305 1962 2475 2016 nobis
2523 1963 2748 2032 adjecta
2795 1963 3041 2018 candido
3101 1963 3473 2035 simplicique
3530 1979 3689 2019 more
3745 1967 3948 2018 nostro

2302 2051 2698 2122 exposuimus,
2733 2059 2798 2107 ut
2826 2070 2952 2123 quis
2993 2053 3232 2122 majoris
3262 2070 3327 2108 ac
3359 2053 3639 2124 gravioris
3669 2051 3946 2124 ponderis

2303 2140 2440 2204 sint,
2477 2156 2680 2195 omnes
2730 2141 2894 2196 facile
2943 2145 3282 2213 agnoscant,
3317 2159 3400 2209 ac,
3435 2158 3611 2213 quam
3660 2140 3943 2197 veriorem

2293 2229 2706 2299 judicaverint,
2735 2230 3067 2301 opinionem
3099 2231 3547 2303 amplectantur.

2903 2406 3211 2446 ARTICULUS
3249 2407 3336 2445 ΠΙ.

2307 2499 2494 2554 Utrum
2526 2497 2892 2552 Tertullianus
2923 2497 3054 2552 huic
3102 2498 3448 2567 Apotogetico
3480 2514 3672 2553 nomen
3707 2499 3941 2565 inscrip-

2370 2571 2500 2623 serit
2529 2585 2686 2623 suum
2715 2587 2733 2623 :
2765 2569 2831 2623 de
2872 2571 3027 2622 illius
3075 2569 3262 2633 titulo,
3295 2573 3633 2640 argumento,
3668 2571 3728 2624 in
3755 2572 3942 2641 capita

2370 2641 2660 2706 divisione,
2693 2643 3039 2712 capitumque
3067 2644 3409 2696 summariis.

2377 2783 2683 2853 Disputant
2704 2781 2916 2837 eruditi
2940 2789 3147 2838 nostrae
3180 2783 3369 2839 aetatis
3401 2782 3718 2854 scriptores
3743 2788 3943 2838 utrum

2301 2870 2694 2926 Tertullianus
2747 2870 2884 2926 huic
2927 2870 3072 2926 libro
3119 2888 3328 2927 nomen
3378 2888 3552 2928 suum
3612 2870 3943 2942 praeﬁxerit.

2304 2959 2695 3015 Vcrisimilius
2724 2961 2876 3014 enim
2933 2961 3286 3031 quibusdam
3321 2961 3548 3016 videtur
3595 2960 3736 3016 illud
3772 2960 3844 3015 ab
3875 2977 3943 3016 eo

2303 3066 2741 3120 compressum;
2792 3051 3268 3120 quandoquidem
3319 3051 3391 3106 ab
3423 3053 3547 3120 ejus
3578 3049 3811 3104 exordio
3844 3066 3944 3120 pa-

2301 3137 2418 3193 lam
2465 3138 2794 3209 expostulat
2841 3138 2950 3193 sibi
3002 3139 3248 3210 aliisque
3295 3138 3639 3195 Christianis
3699 3137 3943 3210 publicas

2222 3263 2265 3330 ρ
2304 3228 2629 3283 defensioni
2686 3228 2836 3282 viam
2886 3227 3180 3298 praecludi.
3240 3228 3502 3282 Totidem
3550 3228 3767 3300 quippe
3823 3228 3945 3282 hmo

2302 3323 2441 3372 sunt
2475 3316 2632 3372 illius
2665 3313 2837 3371 verba
2873 3333 2884 3370 :
2923 3341 2942 3365 ι
2982 3317 3040 3372 Si
3073 3317 3346 3386 denique,
3380 3317 3533 3387 quod
3563 3317 3822 3387 proxime
3847 3334 3942 3371 ac-

2303 3406 2463 3474 cidit,
2497 3404 2831 3461 domesticis
2883 3405 3116 3460 indiciis
3178 3405 3583 3476 lmanusrripti
3643 3405 3829 3461 nostri
3885 3411 3946 3460 et

2302 3495 2561 3550 melioris
2600 3500 2747 3549 notae
2797 3494 3022 3549 codices
3052 3485 3187 3549 editi
3211 3494 3462 3564 judiciis)
3497 3494 3674 3548 nimis
3707 3498 3944 3566 cperata

2302 3584 2596 3650 infestatio
2662 3588 2832 3638 secta:
2890 3581 3069 3654 hujus
3123 3583 3414 3638 obstruxit
3475 3583 3800 3638 defensioni
3858 3584 3942 3653 (in

2303 3673 2654 3744 quibusdam
2715 3671 2884 3726 editis
2943 3671 3209 3727 additum
3248 3672 3479 3727 obstruit
3538 3673 3730 3742 viam),
3773 3671 3946 3728 liceat

2301 3762 2554 3828 veritati,
2588 3761 2671 3815 vel
2718 3761 2947 3817 occulta
2993 3761 3084 3816 via
3123 3762 3432 3816 tacitarum
3483 3760 3812 3817 litterarum
3867 3762 3941 3816 ad

2303 3867 2473 3906 aures
2505 3855 2725 3905 vestras
2757 3849 3074 3920 pervenire.
3106 3875 3126 3902 ι›
3165 3851 3433 3922 (Tertull.
3465 3852 3688 3922 Apolog.
3723 3867 3850 3922 cap,
3883 3850 3944 3918 i,

2299 3957 2430 4013 pag.
2481 3940 2632 4010 259.)
2671 3939 2748 3993 'Si
2805 3955 2940 4011 ergo
2972 3938 3318 3995 Christianis
3361 3957 3474 3995 non
3503 3939 3668 3995 licuit
3700 3956 3941 3996 causam

2301 4045 2468 4084 suam
2495 4028 2724 4100 publice
2747 4044 2812 4083 ac
2843 4044 3036 4083 coram
3063 4028 3365 4099 judicibus
3383 4030 3943 4102 defendere,quanto

2303 4119 2498 4172 minus
2528 4116 2908 4188 'l‘ertulliano,
2949 4122 3069 4172 tam
3131 4117 3341 4174 acriter
3385 4117 3687 4188 gentilium
3720 4135 3946 4176 errores

2299 4206 2709 4278 impugnanti;
2760 4223 2831 4262 ne
2878 4205 3101 4278 prolato
3148 4223 3252 4262 suo
3296 4207 3551 4278 nomine,
3583 4213 3756 4280 caput
3785 4215 3944 4265 certo

2299 4300 2356 4351 et
2384 4295 2700 4352 inevitabili
2734 4295 2988 4366 periculo
3018 4301 3236 4352 temere
3266 4295 3544 4352 offerret?
3587 4297 3736 4352 Tum
3783 4298 3943 4353 enim

2296 4384 2394 4441 ille
2443 4386 2702 4440 nondum
2751 4385 3071 4457 superbum
3128 4385 3617 4456 audacioremque
3649 4387 3943 4443 montani-

2296 4480 2520 4530 starum
2553 4474 2816 4530 animum
2865 4474 3160 4541 induerat,
3193 4475 3294 4530 sed
3341 4473 3639 4530 catholicas
3670 4474 3941 4531 Ecclesiae

2297 4565 2795 4635 obtemperantem
2857 4565 3008 4618 744
3063 4563 3388 4636 praeceptis,
3435 4564 3652 4635 quibus
3702 4563 3946 4620 cuilibet

543 4656 868 4711 stianorum
902 4653 1326 4722 defensionem,
1367 4653 1572 4722 alium,
1609 4659 1672 4708 ut
1719 4653 1843 4724 ipse
1892 4659 2078 4723 vocat,
2117 4652 2188 4707 li-
2219 4637 2266 4701 D
2301 4653 2628 4709 Christiano
2672 4652 2981 4708 horreadis
3029 4651 3383 4708 cruciatibus
3413 4669 3480 4708 ac
3513 4653 3686 4709 morti
3735 4654 3943 4710 crude~

542 4744 788 4812 bellum,
841 4761 1013 4815 quem
1065 4743 1134 4799 ad
1178 4741 1493 4813 Scapulam,
1539 4742 1846 4813 prieposito
1895 4741 2056 4798 illius
2088 4759 2194 4797 no-

547 4834 726 4904 mine,
769 4833 999 4888 direxit.
1053 4832 1166 4888 Cur
1213 4832 1391 4901 enim,
1439 4832 1676 4887 obsecro
1709 4835 1783 4886 te:
1829 4831 1966 4887 huic
2021 4849 2193 4902 quem

545 4923 826 4993 objectas,
859 4921 1056 4978 libello
1087 4921 1456 4977 Proconsulis
1490 4921 1786 4994 proprium
1845 4937 2058 4976 nomen
2107 4921 2196 4975 in-

544 5011 836 5084 scripsit?
885 5028 987 5067 cur
1035 5011 1093 5065 in
1145 5027 1210 5066 eo
1253 5010 1465 5082 obique
1510 5027 1570 5066 se
1620 5009 1689 5064 ad
1724 5026 1857 5065 eum
1889 5009 2192 5082 speciatim

542 5102 796 5158 scribere
826 5099 1162 5174 significat?
1191 5117 1353 5155 cure
1402 5097 1693 5154 contrario
1745 5098 1800 5153 in
1852 5099 2195 5168 Apologetico

542 5190 728 5247 multo
754 5190 1004 5263 graviori
1037 5206 1103 5245 ac
1136 5188 1385 5260 longiori
1418 5189 1589 5258 libro,
1624 5187 1846 5242 nullius
1879 5187 2050 5257 plane
2082 5187 2195 5242 sin-

542 5279 766 5352 gularis
794 5279 1188 5345 hominis,nec
1213 5278 1603 5348 quorumdam
1639 5277 1952 5348 praesidum
1983 5291 2195 5330 nomen

547 5368 716 5424 ullibi
752 5368 1060 5424 inseruit?
1104 5366 1307 5422 Nonne
1367 5364 1488 5420 haec
1539 5365 1668 5436 ipsa
1717 5364 1862 5419 ratio
1917 5369 2024 5430 est,
2062 5363 2199 5435 quia

552 5457 991 5530 Apologeticum
1035 5454 1309 5510 omnibus
1341 5453 1687 5526 generaliter
1717 5453 1966 5508 ethnicis
1998 5453 2195 5524 pressi-

549 5547 724 5601 dibus
759 5546 1135 5602 scribendum
1168 5559 1297 5598 esse
1327 5542 1598 5598 censuit?
1624 5543 1686 5597 Et
1711 5547 1864 5597 certe
1896 5542 1946 5597 is
1967 5543 2196 5598 videtur

550 5649 680 5692 esse
736 5635 1060 5706 primorum
1119 5631 1252 5688 libri
1304 5631 1462 5687 illius
1509 5631 1815 5687 verborum
1846 5647 2100 5688 sensus:
2136 5631 2196 5687 Si

549 5737 662 5785 non
707 5723 832 5780 licet
878 5723 1052 5792 vobis,
1100 5721 1337 5779 Romani
1383 5722 1608 5793 imperii
1645 5721 1935 5795 antistites,
1968 5721 2024 5777 id
2079 5726 2188 5794 est,

2303 4740 2543 4798 lissimae
2576 4740 2726 4797 ultro
2758 4758 2819 4797 se
2845 4758 3129 4813 exponere
3157 4742 3478 4800 vetabatur.
3545 4789 3550 4794 .

2377 4831 2522 4894 Quid
2553 4847 2708 4900 vero,
2742 4830 3018 4902 inquiunt
3066 4831 3185 4896 alii,
3236 4832 3282 4887 si
3343 4832 3606 4906 martyrii
3654 4830 3942 4889 desiderio

2304 4919 2727 4986 inflammatus,
2787 4919 3077 4991 supplicia
3138 4926 3502 4992 mortemque
3566 4939 3668 4993 pro
3725 4921 3944 4977 Christi

2304 5007 2668 5064 confessione
2696 5026 2762 5064 eo
2793 5009 2989 5065 minus
3020 5009 3302 5080 timuerit,
3334 5027 3448 5082 quo
3481 5010 3782 5066 ardentius
3810 5027 3941 5066 eam

2305 5097 2752 5169 Optabat?Quid
2784 5097 2980 5164 etiam,
3013 5098 3064 5154 si
3096 5116 3438 5170 persuasum
3470 5101 3706 5156 omnino
3737 5099 3946 5156 habuit

2305 5203 2515 5241 nomen
2550 5204 2723 5242 suum
2757 5187 2935 5243 latere
2965 5188 3061 5243 diu
3088 5187 3219 5244 aliis
3251 5205 3364 5245 non
3398 5190 3680 5261 potuisse,
3699 5191 3797 5246 sed
3824 5190 3944 5245 fore

2305 5277 2369 5327 ut
2414 5272 2538 5344 ipso
2570 5291 2675 5329 suo
2707 5275 2936 5330 dicendi
2968 5292 3175 5347 genere
3214 5277 3489 5332 omnibus
3528 5279 3728 5333 statim
3777 5279 3944 5333 fieret

2306 5363 2736 5418 manifestum?
2792 5363 3066 5427 Quamvis
3110 5381 3246 5437 ergo
3289 5365 3594 5435 judicibus
3641 5366 3834 5438 palam
3879 5383 3942 5424 se

2304 5452 2507 5508 sistere
2540 5470 2720 5509 ausus
2750 5471 2861 5508 non
2889 5454 3206 5519 fuerit,non
3242 5456 3433 5526 potuit
3464 5461 3661 5511 tamen
3687 5455 3943 5522 occultae,

2305 5547 2372 5597 ut
2401 5542 2524 5614 ipse
2556 5541 2836 5614 loquitur,
2882 5543 3190 5599 tacitarum
3241 5543 3566 5601 litterarum
3617 5545 3720 5600 vite
3767 5562 3943 5602 suum

2303 5646 2515 5686 nomen
2575 5632 2944 5704 przemittere,
2995 5632 3148 5704 quod
3195 5633 3295 5689 diu
3344 5635 3632 5690 occultare
3681 5651 3792 5690 non
3836 5651 3942 5707 po-

2299 5724 2472 5779 terat.
2521 5719 2695 5778 Nulla
2747 5736 2982 5793 quoque
3029 5721 3259 5780 videtur
3305 5738 3434 5782 esse
3480 5723 3648 5795 ratio,
3704 5739 3809 5782 cur
3877 5724 3942 5784 in
