  <div class='ocr_page' id='page_1' title='image "/cluster/home/n/w/nwhite01/storage/ocr_20150623/1/umn.31951002477295j/418.png"; bbox 0 0 4262 6356; ppageno 0'>
   <div class='ocr_carea' id='block_1_1' title="bbox 421 384 537 441">
    <p class='ocr_par' dir='ltr' id='par_1_1' title="bbox 421 384 537 441">
     <span class='ocr_line' id='line_1_1' title="bbox 421 384 537 441; baseline 0 0"><span class='ocrx_word' id='word_1_1' title='bbox 421 384 537 441; x_wconf 78' lang='grc'><strong>825</strong></span> 
     </span>
    </p>
   </div>
   <div class='ocr_carea' id='block_1_2' title="bbox 1143 384 3098 449">
    <p class='ocr_par' dir='ltr' id='par_1_2' title="bbox 1143 384 3098 449">
     <span class='ocr_line' id='line_1_2' title="bbox 1143 384 3098 449; baseline 0.002 -6"><span class='ocrx_word' id='word_1_2' title='bbox 1143 384 1220 443; x_wconf 85' lang='grc' dir='ltr'><strong>ΙΝ</strong></span> <span class='ocrx_word' id='word_1_3' title='bbox 1267 384 1875 448; x_wconf 79' lang='lat' dir='ltr'><strong>APOLOGETlCUM</strong></span> <span class='ocrx_word' id='word_1_4' title='bbox 1927 391 1995 447; x_wconf 95' lang='lat' dir='ltr'><strong>D.</strong></span> <span class='ocrx_word' id='word_1_5' title='bbox 2042 388 2138 448; x_wconf 82' lang='lat' dir='ltr'><strong>LE</strong></span> <span class='ocrx_word' id='word_1_6' title='bbox 2185 388 2512 449; x_wconf 77' lang='lat' dir='ltr'><strong>NOURRY</strong></span> <span class='ocrx_word' id='word_1_7' title='bbox 2559 388 3098 449; x_wconf 73' lang='lat' dir='ltr'><strong>DlSSERTA&#39;l&#39;lO.</strong></span> 
     </span>
    </p>
   </div>
   <div class='ocr_carea' id='block_1_3' title="bbox 3712 384 3832 447">
    <p class='ocr_par' dir='ltr' id='par_1_3' title="bbox 3712 384 3832 447">
     <span class='ocr_line' id='line_1_3' title="bbox 3712 384 3832 447; baseline -0.025 0"><span class='ocrx_word' id='word_1_8' title='bbox 3712 384 3832 447; x_wconf 75' lang='lat'><strong>826</strong></span> 
     </span>
    </p>
   </div>
   <div class='ocr_carea' id='block_1_4' title="bbox 422 514 3835 591">
    <p class='ocr_par' dir='ltr' id='par_1_4' title="bbox 422 514 3835 591">
     <span class='ocr_line' id='line_1_4' title="bbox 422 514 3835 591; baseline 0.001 -21"><span class='ocrx_word' id='word_1_9' title='bbox 422 514 599 585; x_wconf 88' lang='lat' dir='ltr'><strong>hujus</strong></span> <span class='ocrx_word' id='word_1_10' title='bbox 624 514 820 585; x_wconf 79' lang='lat' dir='ltr'><strong>potius</strong></span> <span class='ocrx_word' id='word_1_11' title='bbox 856 514 1010 583; x_wconf 83' lang='lat' dir='ltr'><strong>libri,</strong></span> <span class='ocrx_word' id='word_1_12' title='bbox 1046 532 1221 585; x_wconf 90' lang='lat' dir='ltr'><strong>quam</strong></span> <span class='ocrx_word' id='word_1_13' title='bbox 1282 516 1535 572; x_wconf 87' lang='lat' dir='ltr'><strong>aliorum</strong></span> <span class='ocrx_word' id='word_1_14' title='bbox 1595 519 1673 574; x_wconf 85' lang='lat' dir='ltr'><strong>ad</strong></span> <span class='ocrx_word' id='word_1_15' title='bbox 1727 521 1986 576; x_wconf 82' lang='lat' dir='ltr'><strong>Nationes</strong></span> <span class='ocrx_word' id='word_1_16' title='bbox 2019 523 2075 574; x_wconf 92' lang='lat' dir='ltr'><strong>et</strong></span> <span class='ocrx_word' id='word_1_17' title='bbox 2105 523 2155 586; x_wconf 84' lang='grc' dir='ltr'><strong>Α</strong></span> <span class='ocrx_word' id='word_1_18' title='bbox 2190 520 2426 591; x_wconf 85' lang='lat' dir='ltr'><strong>quidem</strong></span> <span class='ocrx_word' id='word_1_19' title='bbox 2458 520 2681 576; x_wconf 86' lang='lat' dir='ltr'><strong>inutilis</strong></span> <span class='ocrx_word' id='word_1_20' title='bbox 2716 521 2826 575; x_wconf 89' lang='lat' dir='ltr'><strong>fuit</strong></span> <span class='ocrx_word' id='word_1_21' title='bbox 2847 536 3048 576; x_wconf 89' lang='lat' dir='ltr'><strong>eorum</strong></span> <span class='ocrx_word' id='word_1_22' title='bbox 3082 518 3387 587; x_wconf 83' lang='lat' dir='ltr'><strong>correctio,</strong></span> <span class='ocrx_word' id='word_1_23' title='bbox 3420 518 3517 573; x_wconf 87' lang='lat' dir='ltr'><strong>sed</strong></span> <span class='ocrx_word' id='word_1_24' title='bbox 3580 534 3696 573; x_wconf 90' lang='lat' dir='ltr'><strong>non</strong></span> <span class='ocrx_word' id='word_1_25' title='bbox 3752 518 3835 573; x_wconf 89' lang='lat' dir='ltr'><strong>ita</strong></span> 
     </span>
    </p>
   </div>
   <div class='ocr_carea' id='block_1_5' title="bbox 419 603 1715 675">
    <p class='ocr_par' dir='ltr' id='par_1_5' title="bbox 419 603 1715 675">
     <span class='ocr_line' id='line_1_5' title="bbox 419 603 1715 675; baseline 0.002 -16"><span class='ocrx_word' id='word_1_26' title='bbox 419 605 708 675; x_wconf 82' lang='lat' dir='ltr'><strong>Scapulam</strong></span> <span class='ocrx_word' id='word_1_27' title='bbox 741 603 911 659; x_wconf 85' lang='lat' dir='ltr'><strong>titulo</strong></span> <span class='ocrx_word' id='word_1_28' title='bbox 945 621 1156 660; x_wconf 87' lang='lat' dir='ltr'><strong>nomen</strong></span> <span class='ocrx_word' id='word_1_29' title='bbox 1190 623 1363 661; x_wconf 92' lang='lat' dir='ltr'><strong>suum</strong></span> <span class='ocrx_word' id='word_1_30' title='bbox 1398 608 1715 662; x_wconf 77' lang='lat' dir='ltr'><strong>reticuerit.</strong></span> 
     </span>
    </p>
   </div>
   <div class='ocr_carea' id='block_1_6' title="bbox 492 714 2072 787">
    <p class='ocr_par' dir='ltr' id='par_1_6' title="bbox 492 714 2072 787">
     <span class='ocr_line' id='line_1_6' title="bbox 492 714 2072 787; baseline 0.001 -18"><span class='ocrx_word' id='word_1_31' title='bbox 492 715 773 769; x_wconf 67' lang='lat' dir='ltr'><strong>Caeterum</strong></span> <span class='ocrx_word' id='word_1_32' title='bbox 807 714 1094 785; x_wconf 85' lang='lat' dir='ltr'><strong>quidquid</strong></span> <span class='ocrx_word' id='word_1_33' title='bbox 1128 716 1199 769; x_wconf 90' lang='lat' dir='ltr'><strong>dc</strong></span> <span class='ocrx_word' id='word_1_34' title='bbox 1232 716 1405 771; x_wconf 86' lang='lat' dir='ltr'><strong>tacito</strong></span> <span class='ocrx_word' id='word_1_35' title='bbox 1466 718 1586 771; x_wconf 91' lang='lat' dir='ltr'><strong>sive</strong></span> <span class='ocrx_word' id='word_1_36' title='bbox 1635 733 1910 787; x_wconf 85' lang='lat' dir='ltr'><strong>expresso</strong></span> <span class='ocrx_word' id='word_1_37' title='bbox 1942 720 2072 771; x_wconf 82' lang='lat' dir='ltr'><strong>Ter-</strong></span> 
     </span>
    </p>
   </div>
   <div class='ocr_carea' id='block_1_7' title="bbox 420 802 2074 877">
    <p class='ocr_par' dir='ltr' id='par_1_7' title="bbox 420 802 2074 877">
     <span class='ocr_line' id='line_1_7' title="bbox 420 802 2074 877; baseline 0.001 -20"><span class='ocrx_word' id='word_1_38' title='bbox 420 802 647 857; x_wconf 90' lang='lat' dir='ltr'><strong>tulliani</strong></span> <span class='ocrx_word' id='word_1_39' title='bbox 677 802 913 857; x_wconf 87' lang='lat' dir='ltr'><strong>nomine</strong></span> <span class='ocrx_word' id='word_1_40' title='bbox 945 802 1279 868; x_wconf 81' lang='lat' dir='ltr'><strong>definiatur,</strong></span> <span class='ocrx_word' id='word_1_41' title='bbox 1334 805 1554 859; x_wconf 89' lang='lat' dir='ltr'><strong>nemini</strong></span> <span class='ocrx_word' id='word_1_42' title='bbox 1610 805 1781 877; x_wconf 89' lang='lat' dir='ltr'><strong>plane</strong></span> <span class='ocrx_word' id='word_1_43' title='bbox 1825 806 2074 860; x_wconf 91' lang='lat' dir='ltr'><strong>dubium</strong></span> 
     </span>
    </p>
   </div>
   <div class='ocr_carea' id='block_1_8' title="bbox 418 891 2076 948">
    <p class='ocr_par' dir='ltr' id='par_1_8' title="bbox 418 891 2076 948">
     <span class='ocr_line' id='line_1_8' title="bbox 418 891 2076 948; baseline 0.001 -1"><span class='ocrx_word' id='word_1_44' title='bbox 418 907 546 947; x_wconf 68' lang='lat' dir='ltr'><strong>esse</strong></span> <span class='ocrx_word' id='word_1_45' title='bbox 572 892 743 946; x_wconf 89' lang='lat' dir='ltr'><strong>debet</strong></span> <span class='ocrx_word' id='word_1_46' title='bbox 774 891 918 946; x_wconf 90' lang='lat' dir='ltr'><strong>illud</strong></span> <span class='ocrx_word' id='word_1_47' title='bbox 953 892 1162 947; x_wconf 83' lang='lat' dir='ltr'><strong>saltem</strong></span> <span class='ocrx_word' id='word_1_48' title='bbox 1195 892 1545 948; x_wconf 82' lang='lat' dir='ltr'><strong>Christianis</strong></span> <span class='ocrx_word' id='word_1_49' title='bbox 1578 910 1690 948; x_wconf 89' lang='lat' dir='ltr'><strong>non</strong></span> <span class='ocrx_word' id='word_1_50' title='bbox 1756 894 1856 947; x_wconf 90' lang='lat' dir='ltr'><strong>diu</strong></span> <span class='ocrx_word' id='word_1_51' title='bbox 1891 893 2076 948; x_wconf 81' lang='lat' dir='ltr'><strong>fuisse</strong></span> 
     </span>
    </p>
   </div>
   <div class='ocr_carea' id='block_1_9' title="bbox 346 980 2076 1053">
    <p class='ocr_par' dir='ltr' id='par_1_9' title="bbox 346 980 2076 1053">
     <span class='ocr_line' id='line_1_9' title="bbox 346 980 2076 1053; baseline 0.002 -20"><span class='ocrx_word' id='word_1_52' title='bbox 346 1022 377 1053; x_wconf 44' lang='grc' dir='ltr'><strong> ν</strong></span> <span class='ocrx_word' id='word_1_53' title='bbox 419 980 808 1051; x_wconf 81' lang='lat' dir='ltr'><strong>incognitum.</strong></span> <span class='ocrx_word' id='word_1_54' title='bbox 874 981 1069 1052; x_wconf 85' lang='lat' dir='ltr'><strong>Neque</strong></span> <span class='ocrx_word' id='word_1_55' title='bbox 1126 982 1281 1035; x_wconf 85' lang='lat' dir='ltr'><strong>enim</strong></span> <span class='ocrx_word' id='word_1_56' title='bbox 1345 983 1519 1036; x_wconf 84' lang='lat' dir='ltr'><strong>latuit</strong></span> <span class='ocrx_word' id='word_1_57' title='bbox 1577 983 1849 1046; x_wconf 88' lang='lat' dir='ltr'><strong>Eusebio,</strong></span> <span class='ocrx_word' id='word_1_58' title='bbox 1888 998 2076 1051; x_wconf 84' lang='lat' dir='ltr'><strong>neque</strong></span> 
     </span>
    </p>
   </div>
   <div class='ocr_carea' id='block_1_10' title="bbox 322 1064 2076 1140">
    <p class='ocr_par' dir='ltr' id='par_1_10' title="bbox 322 1064 2076 1140">
     <span class='ocr_line' id='line_1_10' title="bbox 322 1064 2076 1140; baseline 0.001 -17"><span class='ocrx_word' id='word_1_59' title='bbox 322 1064 331 1079; x_wconf 51' lang='lat'>&quot;</span> <span class='ocrx_word' id='word_1_60' title='bbox 422 1068 870 1140; x_wconf 85' lang='lat' dir='ltr'><strong>Lactantio,qui</strong></span> <span class='ocrx_word' id='word_1_61' title='bbox 906 1069 1304 1125; x_wconf 89' lang='lat' dir='ltr'><strong>hunclibrum</strong></span> <span class='ocrx_word' id='word_1_62' title='bbox 1364 1088 1477 1125; x_wconf 89' lang='lat' dir='ltr'><strong>non</strong></span> <span class='ocrx_word' id='word_1_63' title='bbox 1540 1071 1933 1136; x_wconf 87' lang='lat' dir='ltr'><strong>dissimulato,</strong></span> <span class='ocrx_word' id='word_1_64' title='bbox 1992 1069 2076 1125; x_wconf 88' lang='lat' dir='ltr'><strong>uti</strong></span> 
     </span>
    </p>
   </div>
   <div class='ocr_carea' id='block_1_11' title="bbox 422 1158 2078 1228">
    <p class='ocr_par' dir='ltr' id='par_1_11' title="bbox 422 1158 2078 1228">
     <span class='ocr_line' id='line_1_11' title="bbox 422 1158 2078 1228; baseline 0.001 -17"><span class='ocrx_word' id='word_1_65' title='bbox 422 1159 702 1222; x_wconf 89' lang='lat' dir='ltr'><strong>vidimus,</strong></span> <span class='ocrx_word' id='word_1_66' title='bbox 736 1160 863 1228; x_wconf 88' lang='lat' dir='ltr'><strong>ejus</strong></span> <span class='ocrx_word' id='word_1_67' title='bbox 897 1158 1132 1213; x_wconf 88' lang='lat' dir='ltr'><strong>nomine</strong></span> <span class='ocrx_word' id='word_1_68' title='bbox 1165 1158 1509 1214; x_wconf 85' lang='lat' dir='ltr'><strong>citaverunt.</strong></span> <span class='ocrx_word' id='word_1_69' title='bbox 1572 1161 1867 1223; x_wconf 87' lang='lat' dir='ltr'><strong>Quosdam</strong></span> <span class='ocrx_word' id='word_1_70' title='bbox 1901 1159 2078 1226; x_wconf 73' lang='lat' dir='ltr'><strong>igitur</strong></span> 
     </span>
    </p>
   </div>
   <div class='ocr_carea' id='block_1_12' title="bbox 419 1246 2076 1319">
    <p class='ocr_par' dir='ltr' id='par_1_12' title="bbox 419 1246 2076 1319">
     <span class='ocr_line' id='line_1_12' title="bbox 419 1246 2076 1319; baseline -0.001 -16"><span class='ocrx_word' id='word_1_71' title='bbox 419 1246 597 1317; x_wconf 84' lang='lat' dir='ltr'><strong>hujus</strong></span> <span class='ocrx_word' id='word_1_72' title='bbox 622 1246 750 1301; x_wconf 89' lang='lat' dir='ltr'><strong>libri</strong></span> <span class='ocrx_word' id='word_1_73' title='bbox 786 1248 1014 1303; x_wconf 88' lang='lat' dir='ltr'><strong>codices</strong></span> <span class='ocrx_word' id='word_1_74' title='bbox 1047 1248 1117 1301; x_wconf 92' lang='lat' dir='ltr'><strong>ad</strong></span> <span class='ocrx_word' id='word_1_75' title='bbox 1142 1265 1381 1303; x_wconf 91' lang='lat' dir='ltr'><strong>manum</strong></span> <span class='ocrx_word' id='word_1_76' title='bbox 1406 1248 1724 1311; x_wconf 81' lang='lat' dir='ltr'><strong>habebant.</strong></span> <span class='ocrx_word' id='word_1_77' title='bbox 1771 1248 1897 1319; x_wconf 91' lang='lat' dir='ltr'><strong>ipso</strong></span> <span class='ocrx_word' id='word_1_78' title='bbox 1936 1249 2076 1302; x_wconf 85' lang='lat' dir='ltr'><strong>Ter-</strong></span> 
     </span>
    </p>
   </div>
   <div class='ocr_carea' id='block_1_13' title="bbox 424 1336 2076 1409">
    <p class='ocr_par' dir='ltr' id='par_1_13' title="bbox 424 1336 2076 1409">
     <span class='ocr_line' id='line_1_13' title="bbox 424 1336 2076 1409; baseline 0.001 -18"><span class='ocrx_word' id='word_1_79' title='bbox 424 1336 655 1391; x_wconf 86' lang='lat' dir='ltr'><strong>tulliani</strong></span> <span class='ocrx_word' id='word_1_80' title='bbox 690 1341 953 1407; x_wconf 90' lang='lat' dir='ltr'><strong>tempore</strong></span> <span class='ocrx_word' id='word_1_81' title='bbox 985 1336 1138 1391; x_wconf 88' lang='lat' dir='ltr'><strong>haud</strong></span> <span class='ocrx_word' id='word_1_82' title='bbox 1184 1338 1356 1392; x_wconf 87' lang='lat' dir='ltr'><strong>dubie</strong></span> <span class='ocrx_word' id='word_1_83' title='bbox 1388 1338 1732 1409; x_wconf 87' lang='lat' dir='ltr'><strong>descriptos,</strong></span> <span class='ocrx_word' id='word_1_84' title='bbox 1768 1338 1825 1391; x_wconf 91' lang='lat' dir='ltr'><strong>in</strong></span> <span class='ocrx_word' id='word_1_85' title='bbox 1861 1338 2076 1408; x_wconf 91' lang='lat' dir='ltr'><strong>quibus</strong></span> 
     </span>
    </p>
   </div>
   <div class='ocr_carea' id='block_1_14' title="bbox 420 1426 2070 1497">
    <p class='ocr_par' dir='ltr' id='par_1_14' title="bbox 420 1426 2070 1497">
     <span class='ocr_line' id='line_1_14' title="bbox 420 1426 2070 1497; baseline 0 -17"><span class='ocrx_word' id='word_1_86' title='bbox 420 1442 633 1480; x_wconf 89' lang='lat' dir='ltr'><strong>nomen</strong></span> <span class='ocrx_word' id='word_1_87' title='bbox 667 1428 795 1496; x_wconf 86' lang='lat' dir='ltr'><strong>ejus</strong></span> <span class='ocrx_word' id='word_1_88' title='bbox 829 1426 1205 1497; x_wconf 73' lang='lat' dir='ltr'><strong>praepositum</strong></span> <span class='ocrx_word' id='word_1_89' title='bbox 1248 1435 1389 1481; x_wconf 86' lang='lat' dir='ltr'><strong>erat.</strong></span> <span class='ocrx_word' id='word_1_90' title='bbox 1456 1428 1517 1481; x_wconf 93' lang='lat' dir='ltr'><strong>In</strong></span> <span class='ocrx_word' id='word_1_91' title='bbox 1582 1428 1811 1481; x_wconf 85' lang='lat' dir='ltr'><strong>duobus</strong></span> <span class='ocrx_word' id='word_1_92' title='bbox 1873 1431 2070 1480; x_wconf 89' lang='lat' dir='ltr'><strong>autem</strong></span> 
     </span>
    </p>
   </div>
   <div class='ocr_carea' id='block_1_15' title="bbox 415 1515 2074 1586">
    <p class='ocr_par' dir='ltr' id='par_1_15' title="bbox 415 1515 2074 1586">
     <span class='ocr_line' id='line_1_15' title="bbox 415 1515 2074 1586; baseline -0.001 -15"><span class='ocrx_word' id='word_1_93' title='bbox 415 1515 851 1585; x_wconf 80' lang='lat' dir='ltr'><strong>antiquissimis</strong></span> <span class='ocrx_word' id='word_1_94' title='bbox 902 1515 1120 1570; x_wconf 89' lang='lat' dir='ltr'><strong>nostris</strong></span> <span class='ocrx_word' id='word_1_95' title='bbox 1174 1516 1473 1571; x_wconf 80' lang='lat' dir='ltr'><strong>codicibus</strong></span> <span class='ocrx_word' id='word_1_96' title='bbox 1526 1515 1945 1586; x_wconf 88' lang='lat' dir='ltr'><strong>manuscriptis</strong></span> <span class='ocrx_word' id='word_1_97' title='bbox 1982 1516 2074 1569; x_wconf 90' lang='lat' dir='ltr'><strong>hic</strong></span> 
     </span>
    </p>
   </div>
   <div class='ocr_carea' id='block_1_16' title="bbox 418 1603 2073 1675">
    <p class='ocr_par' dir='ltr' id='par_1_16' title="bbox 418 1603 2073 1675">
     <span class='ocr_line' id='line_1_16' title="bbox 418 1603 2073 1675; baseline -0.001 -16"><span class='ocrx_word' id='word_1_98' title='bbox 418 1609 507 1659; x_wconf 91' lang='lat' dir='ltr'><strong>est</strong></span> <span class='ocrx_word' id='word_1_99' title='bbox 536 1603 698 1658; x_wconf 90' lang='lat' dir='ltr'><strong>illius</strong></span> <span class='ocrx_word' id='word_1_100' title='bbox 733 1604 976 1659; x_wconf 86' lang='lat' dir='ltr'><strong>titulus:</strong></span> <span class='ocrx_word' id='word_1_101' title='bbox 1013 1605 1419 1675; x_wconf 77' lang='lat' dir='ltr'><strong>Apotogeticum</strong></span> <span class='ocrx_word' id='word_1_102' title='bbox 1480 1606 1804 1660; x_wconf 74' lang='lat' dir='ltr'><strong>Tertulliani</strong></span> <span class='ocrx_word' id='word_1_103' title='bbox 1836 1623 1851 1669; x_wconf 89' lang='lat'><strong><em>;</em></strong></span> <span class='ocrx_word' id='word_1_104' title='bbox 1911 1608 1966 1659; x_wconf 92' lang='lat' dir='ltr'><strong>et</strong></span> <span class='ocrx_word' id='word_1_105' title='bbox 2014 1604 2073 1658; x_wconf 93' lang='lat' dir='ltr'><strong>in</strong></span> 
     </span>
    </p>
   </div>
   <div class='ocr_carea' id='block_1_17' title="bbox 421 1693 2073 1765">
    <p class='ocr_par' dir='ltr' id='par_1_17' title="bbox 421 1693 2073 1765">
     <span class='ocr_line' id='line_1_17' title="bbox 421 1693 2073 1765; baseline 0 -18"><span class='ocrx_word' id='word_1_106' title='bbox 421 1693 535 1748; x_wconf 81' lang='lat' dir='ltr'><strong>ﬁne</strong></span> <span class='ocrx_word' id='word_1_107' title='bbox 566 1693 685 1748; x_wconf 79' lang='lat' dir='ltr'><strong>htBO</strong></span> <span class='ocrx_word' id='word_1_108' title='bbox 716 1694 889 1747; x_wconf 85' lang='lat' dir='ltr'><strong>verba</strong></span> <span class='ocrx_word' id='word_1_109' title='bbox 923 1693 1231 1764; x_wconf 89' lang='lat' dir='ltr'><strong>leguntur:</strong></span> <span class='ocrx_word' id='word_1_110' title='bbox 1266 1695 1671 1765; x_wconf 81' lang='lat' dir='ltr'><strong>Apotogcticum</strong></span> <span class='ocrx_word' id='word_1_111' title='bbox 1725 1696 1919 1761; x_wconf 82' lang='lat' dir='ltr'><strong>Quinti</strong></span> <span class='ocrx_word' id='word_1_112' title='bbox 1952 1694 2073 1747; x_wconf 76' lang='lat' dir='ltr'><strong>Ter-</strong></span> 
     </span>
    </p>
   </div>
   <div class='ocr_carea' id='block_1_18' title="bbox 423 1783 2073 1854">
    <p class='ocr_par' dir='ltr' id='par_1_18' title="bbox 423 1783 2073 1854">
     <span class='ocr_line' id='line_1_18' title="bbox 423 1783 2073 1854; baseline 0 -17"><span class='ocrx_word' id='word_1_113' title='bbox 423 1783 654 1837; x_wconf 83' lang='lat' dir='ltr'><strong>tulliani</strong></span> <span class='ocrx_word' id='word_1_114' title='bbox 682 1783 934 1853; x_wconf 72' lang='lat' dir='ltr'><strong>(xplicit.</strong></span> <span class='ocrx_word' id='word_1_115' title='bbox 972 1788 1029 1836; x_wconf 82' lang='lat' dir='ltr'><strong>In</strong></span> <span class='ocrx_word' id='word_1_116' title='bbox 1067 1783 1291 1837; x_wconf 60' lang='lat' dir='ltr'><strong>casteria</strong></span> <span class='ocrx_word' id='word_1_117' title='bbox 1323 1800 1551 1854; x_wconf 87' lang='lat' dir='ltr'><strong>quoque</strong></span> <span class='ocrx_word' id='word_1_118' title='bbox 1584 1783 1717 1837; x_wconf 79' lang='lat' dir='ltr'><strong>aliis</strong></span> <span class='ocrx_word' id='word_1_119' title='bbox 1750 1784 2073 1851; x_wconf 89' lang='lat' dir='ltr'><strong>codicibus,</strong></span> 
     </span>
    </p>
   </div>
   <div class='ocr_carea' id='block_1_19' title="bbox 2183 606 3831 681">
    <p class='ocr_par' dir='ltr' id='par_1_19' title="bbox 2183 606 3831 681">
     <span class='ocr_line' id='line_1_19' title="bbox 2183 606 3831 681; baseline -0.002 -17"><span class='ocrx_word' id='word_1_120' title='bbox 2183 610 2474 676; x_wconf 88' lang='lat' dir='ltr'><strong>absoluta,</strong></span> <span class='ocrx_word' id='word_1_121' title='bbox 2508 611 2645 681; x_wconf 87' lang='lat' dir='ltr'><strong>quin</strong></span> <span class='ocrx_word' id='word_1_122' title='bbox 2697 610 2889 665; x_wconf 89' lang='lat' dir='ltr'><strong>adhuc</strong></span> <span class='ocrx_word' id='word_1_123' title='bbox 2918 608 3263 664; x_wconf 87' lang='lat' dir='ltr'><strong>accuratiori</strong></span> <span class='ocrx_word' id='word_1_124' title='bbox 3317 607 3704 678; x_wconf 86' lang='lat' dir='ltr'><strong>castigatione</strong></span> <span class='ocrx_word' id='word_1_125' title='bbox 3744 606 3831 661; x_wconf 91' lang='lat' dir='ltr'><strong>in-</strong></span> 
     </span>
    </p>
   </div>
   <div class='ocr_carea' id='block_1_20' title="bbox 2185 699 2396 770">
    <p class='ocr_par' dir='ltr' id='par_1_20' title="bbox 2185 699 2396 770">
     <span class='ocr_line' id='line_1_20' title="bbox 2185 699 2396 770; baseline -0.005 -17"><span class='ocrx_word' id='word_1_126' title='bbox 2185 699 2396 770; x_wconf 86' lang='lat' dir='ltr'><strong>digeat.</strong></span> 
     </span>
    </p>
   </div>
   <div class='ocr_carea' id='block_1_21' title="bbox 2786 830 3221 870">
    <p class='ocr_par' dir='ltr' id='par_1_21' title="bbox 2786 830 3221 870">
     <span class='ocr_line' id='line_1_21' title="bbox 2786 830 3221 870; baseline -0.002 0"><span class='ocrx_word' id='word_1_127' title='bbox 2786 830 3099 870; x_wconf 76' lang='lat' dir='ltr'><strong>ARTICULUS</strong></span> <span class='ocrx_word' id='word_1_128' title='bbox 3145 830 3221 869; x_wconf 83' lang='grc' dir='ltr'><strong>ιν.</strong></span> 
     </span>
    </p>
   </div>
   <div class='ocr_carea' id='block_1_22' title="bbox 2185 918 3830 992">
    <p class='ocr_par' dir='ltr' id='par_1_22' title="bbox 2185 918 3830 992">
     <span class='ocr_line' id='line_1_22' title="bbox 2185 918 3830 992; baseline -0.001 -17"><span class='ocrx_word' id='word_1_129' title='bbox 2185 921 2401 989; x_wconf 76' lang='lat' dir='ltr'><strong>Quanto</strong></span> <span class='ocrx_word' id='word_1_130' title='bbox 2432 922 2699 992; x_wconf 80' lang='lat' dir='ltr'><strong>applausu</strong></span> <span class='ocrx_word' id='word_1_131' title='bbox 2734 922 2821 976; x_wconf 85' lang='lat' dir='ltr'><strong>hic</strong></span> <span class='ocrx_word' id='word_1_132' title='bbox 2852 922 2995 976; x_wconf 80' lang='lat' dir='ltr'><strong>liber</strong></span> <span class='ocrx_word' id='word_1_133' title='bbox 3022 925 3319 991; x_wconf 78' lang='lat' dir='ltr'><strong>susceptus,</strong></span> <span class='ocrx_word' id='word_1_134' title='bbox 3370 937 3404 974; x_wconf 92' lang='lat' dir='ltr'><strong>a</strong></span> <span class='ocrx_word' id='word_1_135' title='bbox 3450 935 3553 989; x_wconf 87' lang='lat' dir='ltr'><strong>quo</strong></span> <span class='ocrx_word' id='word_1_136' title='bbox 3585 918 3830 975; x_wconf 69' lang='lat' dir='ltr'><strong>Graecam</strong></span> 
     </span>
    </p>
   </div>
   <div class='ocr_carea' id='block_1_23' title="bbox 2255 993 3830 1064">
    <p class='ocr_par' dir='ltr' id='par_1_23' title="bbox 2255 993 3830 1064">
     <span class='ocr_line' id='line_1_23' title="bbox 2255 993 3830 1064; baseline 0 -19"><span class='ocrx_word' id='word_1_137' title='bbox 2255 996 2313 1045; x_wconf 85' lang='lat' dir='ltr'><strong>in</strong></span> <span class='ocrx_word' id='word_1_138' title='bbox 2344 995 2600 1064; x_wconf 85' lang='lat' dir='ltr'><strong>linguam</strong></span> <span class='ocrx_word' id='word_1_139' title='bbox 2655 1009 2962 1056; x_wconf 80' lang='lat' dir='ltr'><strong>conversus,</strong></span> <span class='ocrx_word' id='word_1_140' title='bbox 3022 1009 3128 1063; x_wconf 87' lang='lat' dir='ltr'><strong>quo</strong></span> <span class='ocrx_word' id='word_1_141' title='bbox 3182 993 3326 1061; x_wconf 80' lang='lat' dir='ltr'><strong>stylo</strong></span> <span class='ocrx_word' id='word_1_142' title='bbox 3384 993 3738 1059; x_wconf 78' lang='lat' dir='ltr'><strong>conscriptus,</strong></span> <span class='ocrx_word' id='word_1_143' title='bbox 3777 994 3830 1045; x_wconf 84' lang='lat' dir='ltr'><strong>et</strong></span> 
     </span>
    </p>
   </div>
   <div class='ocr_carea' id='block_1_24' title="bbox 2254 1064 3830 1134">
    <p class='ocr_par' dir='ltr' id='par_1_24' title="bbox 2254 1064 3830 1134">
     <span class='ocr_line' id='line_1_24' title="bbox 2254 1064 3830 1134; baseline 0.001 -17"><span class='ocrx_word' id='word_1_144' title='bbox 2254 1066 2464 1119; x_wconf 79' lang='lat' dir='ltr'><strong>intrum</strong></span> <span class='ocrx_word' id='word_1_145' title='bbox 2494 1066 2870 1120; x_wconf 82' lang='lat' dir='ltr'><strong>Tertullianus</strong></span> <span class='ocrx_word' id='word_1_146' title='bbox 2900 1070 3148 1134; x_wconf 79' lang='lat' dir='ltr'><strong>suscepto</strong></span> <span class='ocrx_word' id='word_1_147' title='bbox 3167 1066 3469 1133; x_wconf 75' lang='lat' dir='ltr'><strong>defensoris</strong></span> <span class='ocrx_word' id='word_1_148' title='bbox 3495 1064 3830 1119; x_wconf 68' lang='lat' dir='ltr'><strong>Christianae</strong></span> 
     </span>
    </p>
   </div>
   <div class='ocr_carea' id='block_1_25' title="bbox 2255 1138 3298 1207">
    <p class='ocr_par' dir='ltr' id='par_1_25' title="bbox 2255 1138 3298 1207">
     <span class='ocr_line' id='line_1_25' title="bbox 2255 1138 3298 1207; baseline -0.001 -17"><span class='ocrx_word' id='word_1_149' title='bbox 2255 1138 2535 1207; x_wconf 73' lang='lat' dir='ltr'><strong>religionis</strong></span> <span class='ocrx_word' id='word_1_150' title='bbox 2566 1154 2796 1192; x_wconf 81' lang='lat' dir='ltr'><strong>munere</strong></span> <span class='ocrx_word' id='word_1_151' title='bbox 2825 1139 2930 1192; x_wconf 77' lang='lat' dir='ltr'><strong>rite</strong></span> <span class='ocrx_word' id='word_1_152' title='bbox 2957 1140 3179 1207; x_wconf 81' lang='lat' dir='ltr'><strong>functus</strong></span> <span class='ocrx_word' id='word_1_153' title='bbox 3209 1139 3298 1190; x_wconf 79' lang='lat' dir='ltr'><strong>sit.</strong></span> 
     </span>
    </p>
   </div>
   <div class='ocr_carea' id='block_1_26' title="bbox 2253 1266 3827 1333">
    <p class='ocr_par' dir='ltr' id='par_1_26' title="bbox 2253 1266 3827 1333">
     <span class='ocr_line' id='line_1_26' title="bbox 2253 1266 3827 1333; baseline -0.002 -9"><span class='ocrx_word' id='word_1_154' title='bbox 2253 1276 2494 1325; x_wconf 86' lang='lat' dir='ltr'><strong>Summo</strong></span> <span class='ocrx_word' id='word_1_155' title='bbox 2527 1288 2666 1325; x_wconf 82' lang='lat' dir='ltr'><strong>sane</strong></span> <span class='ocrx_word' id='word_1_156' title='bbox 2699 1271 2963 1325; x_wconf 91' lang='lat' dir='ltr'><strong>omnium</strong></span> <span class='ocrx_word' id='word_1_157' title='bbox 2990 1287 3122 1325; x_wconf 91' lang='lat' dir='ltr'><strong>cum</strong></span> <span class='ocrx_word' id='word_1_158' title='bbox 3148 1269 3634 1333; x_wconf 71' lang='lat' dir='ltr'><strong>Grzecorum,tum</strong></span> <span class='ocrx_word' id='word_1_159' title='bbox 3668 1266 3827 1321; x_wconf 86' lang='lat' dir='ltr'><strong>Lati-</strong></span> 
     </span>
    </p>
   </div>
   <div class='ocr_carea' id='block_1_27' title="bbox 2185 1356 3826 1431">
    <p class='ocr_par' dir='ltr' id='par_1_27' title="bbox 2185 1356 3826 1431">
     <span class='ocr_line' id='line_1_27' title="bbox 2185 1356 3826 1431; baseline -0.002 -18"><span class='ocrx_word' id='word_1_160' title='bbox 2185 1376 2390 1413; x_wconf 89' lang='lat' dir='ltr'><strong>norum</strong></span> <span class='ocrx_word' id='word_1_161' title='bbox 2425 1360 2890 1415; x_wconf 86' lang='lat' dir='ltr'><strong>Christianorum</strong></span> <span class='ocrx_word' id='word_1_162' title='bbox 2925 1360 3234 1431; x_wconf 79' lang='lat' dir='ltr'><strong>applausu,</strong></span> <span class='ocrx_word' id='word_1_163' title='bbox 3280 1356 3694 1427; x_wconf 86' lang='lat' dir='ltr'><strong>communique</strong></span> <span class='ocrx_word' id='word_1_164' title='bbox 3725 1372 3826 1427; x_wconf 87' lang='lat' dir='ltr'><strong>ap-</strong></span> 
     </span>
    </p>
   </div>
   <div class='ocr_carea' id='block_1_28' title="bbox 2184 1446 3827 1520">
    <p class='ocr_par' dir='ltr' id='par_1_28' title="bbox 2184 1446 3827 1520">
     <span class='ocr_line' id='line_1_28' title="bbox 2184 1446 3827 1520; baseline -0.002 -17"><span class='ocrx_word' id='word_1_165' title='bbox 2184 1449 2523 1520; x_wconf 86' lang='lat' dir='ltr'><strong>probatione</strong></span> <span class='ocrx_word' id='word_1_166' title='bbox 2553 1449 3176 1519; x_wconf 81' lang='lat' dir='ltr'><strong>susceptuslectusque</strong></span> <span class='ocrx_word' id='word_1_167' title='bbox 3198 1448 3309 1501; x_wconf 88' lang='lat' dir='ltr'><strong>fuit</strong></span> <span class='ocrx_word' id='word_1_168' title='bbox 3332 1447 3425 1501; x_wconf 92' lang='lat' dir='ltr'><strong>hic</strong></span> <span class='ocrx_word' id='word_1_169' title='bbox 3457 1446 3827 1515; x_wconf 86' lang='lat' dir='ltr'><strong>liber.Neque</strong></span> 
     </span>
    </p>
   </div>
   <div class='ocr_carea' id='block_1_29' title="bbox 2184 1528 3825 1608">
    <p class='ocr_par' dir='ltr' id='par_1_29' title="bbox 2184 1528 3825 1608">
     <span class='ocr_line' id='line_1_29' title="bbox 2184 1528 3825 1608; baseline -0.003 -16"><span class='ocrx_word' id='word_1_170' title='bbox 2184 1539 2253 1592; x_wconf 90' lang='lat' dir='ltr'><strong>ad</strong></span> <span class='ocrx_word' id='word_1_171' title='bbox 2288 1528 2342 1592; x_wconf 91' lang='lat' dir='ltr'><strong>id</strong></span> <span class='ocrx_word' id='word_1_172' title='bbox 2380 1539 2742 1608; x_wconf 87' lang='lat' dir='ltr'><strong>probandum</strong></span> <span class='ocrx_word' id='word_1_173' title='bbox 2777 1538 2891 1592; x_wconf 90' lang='lat' dir='ltr'><strong>alio</strong></span> <span class='ocrx_word' id='word_1_174' title='bbox 2923 1554 3070 1608; x_wconf 89' lang='lat' dir='ltr'><strong>opus</strong></span> <span class='ocrx_word' id='word_1_175' title='bbox 3104 1537 3387 1591; x_wconf 84' lang='lat' dir='ltr'><strong>habemus</strong></span> <span class='ocrx_word' id='word_1_176' title='bbox 3423 1541 3587 1601; x_wconf 88' lang='lat' dir='ltr'><strong>teste,</strong></span> <span class='ocrx_word' id='word_1_177' title='bbox 3646 1551 3825 1605; x_wconf 87' lang='lat' dir='ltr'><strong>quam</strong></span> 
     </span>
    </p>
   </div>
   <div class='ocr_carea' id='block_1_30' title="bbox 2186 1623 3825 1698">
    <p class='ocr_par' dir='ltr' id='par_1_30' title="bbox 2186 1623 3825 1698">
     <span class='ocr_line' id='line_1_30' title="bbox 2186 1623 3825 1698; baseline -0.003 -17"><span class='ocrx_word' id='word_1_178' title='bbox 2186 1628 2453 1693; x_wconf 89' lang='lat' dir='ltr'><strong>Eusebio,</strong></span> <span class='ocrx_word' id='word_1_179' title='bbox 2479 1628 2575 1698; x_wconf 90' lang='lat' dir='ltr'><strong>qui</strong></span> <span class='ocrx_word' id='word_1_180' title='bbox 2611 1628 2904 1683; x_wconf 62' lang='lat' dir='ltr'><strong>memoriae</strong></span> <span class='ocrx_word' id='word_1_181' title='bbox 2944 1627 3197 1697; x_wconf 88' lang='lat' dir='ltr'><strong>prodidit</strong></span> <span class='ocrx_word' id='word_1_182' title='bbox 3227 1625 3394 1680; x_wconf 91' lang='lat' dir='ltr'><strong>illum</strong></span> <span class='ocrx_word' id='word_1_183' title='bbox 3454 1630 3617 1679; x_wconf 91' lang='lat' dir='ltr'><strong>tanto</strong></span> <span class='ocrx_word' id='word_1_184' title='bbox 3668 1623 3825 1695; x_wconf 89' lang='lat' dir='ltr'><strong>apud</strong></span> 
     </span>
    </p>
   </div>
   <div class='ocr_carea' id='block_1_31' title="bbox 2184 1714 3823 1788">
    <p class='ocr_par' dir='ltr' id='par_1_31' title="bbox 2184 1714 3823 1788">
     <span class='ocr_line' id='line_1_31' title="bbox 2184 1714 3823 1788; baseline -0.003 -17"><span class='ocrx_word' id='word_1_185' title='bbox 2184 1716 2409 1771; x_wconf 71' lang='lat' dir='ltr'><strong>Graecos</strong></span> <span class='ocrx_word' id='word_1_186' title='bbox 2444 1718 2618 1771; x_wconf 88' lang='lat' dir='ltr'><strong>fuisse</strong></span> <span class='ocrx_word' id='word_1_187' title='bbox 2655 1718 2710 1770; x_wconf 91' lang='lat' dir='ltr'><strong>in</strong></span> <span class='ocrx_word' id='word_1_188' title='bbox 2745 1717 3021 1788; x_wconf 91' lang='lat' dir='ltr'><strong>pretio,ut</strong></span> <span class='ocrx_word' id='word_1_189' title='bbox 3051 1717 3122 1770; x_wconf 90' lang='lat' dir='ltr'><strong>ab</strong></span> <span class='ocrx_word' id='word_1_190' title='bbox 3146 1716 3230 1770; x_wconf 90' lang='lat' dir='ltr'><strong>eis</strong></span> <span class='ocrx_word' id='word_1_191' title='bbox 3258 1714 3628 1769; x_wconf 83' lang='lat' dir='ltr'><strong>vernaculam</strong></span> <span class='ocrx_word' id='word_1_192' title='bbox 3654 1728 3823 1767; x_wconf 91' lang='lat' dir='ltr'><strong>suam</strong></span> 
     </span>
    </p>
   </div>
   <div class='ocr_carea' id='block_1_32' title="bbox 2183 1801 3823 1877">
    <p class='ocr_par' dir='ltr' id='par_1_32' title="bbox 2183 1801 3823 1877">
     <span class='ocr_line' id='line_1_32' title="bbox 2183 1801 3823 1877; baseline -0.002 -18"><span class='ocrx_word' id='word_1_193' title='bbox 2183 1806 2242 1859; x_wconf 93' lang='lat' dir='ltr'><strong>in</strong></span> <span class='ocrx_word' id='word_1_194' title='bbox 2284 1805 2543 1877; x_wconf 87' lang='lat' dir='ltr'><strong>linguam</strong></span> <span class='ocrx_word' id='word_1_195' title='bbox 2576 1823 2889 1860; x_wconf 82' lang='lat' dir='ltr'><strong>conversus</strong></span> <span class='ocrx_word' id='word_1_196' title='bbox 2922 1806 3115 1860; x_wconf 84' lang='lat' dir='ltr'><strong>tuerit.</strong></span> <span class='ocrx_word' id='word_1_197' title='bbox 3151 1806 3235 1859; x_wconf 88' lang='lat' dir='ltr'><strong>Ab</strong></span> <span class='ocrx_word' id='word_1_198' title='bbox 3294 1804 3393 1857; x_wconf 90' lang='lat' dir='ltr'><strong>illo</strong></span> <span class='ocrx_word' id='word_1_199' title='bbox 3452 1804 3669 1875; x_wconf 90' lang='lat' dir='ltr'><strong>quippe</strong></span> <span class='ocrx_word' id='word_1_200' title='bbox 3730 1801 3823 1855; x_wconf 85' lang='lat' dir='ltr'><strong>his</strong></span> 
     </span>
    </p>
   </div>
   <div class='ocr_carea' id='block_1_33' title="bbox 422 1872 2065 1965">
    <p class='ocr_par' dir='ltr' id='par_1_33' title="bbox 422 1872 2065 1943">
     <span class='ocr_line' id='line_1_33' title="bbox 422 1872 2065 1943; baseline 0 -18"><span class='ocrx_word' id='word_1_201' title='bbox 422 1876 539 1927; x_wconf 90' lang='lat' dir='ltr'><strong>tam</strong></span> <span class='ocrx_word' id='word_1_202' title='bbox 574 1872 1017 1941; x_wconf 84' lang='lat' dir='ltr'><strong>manuscriptis,</strong></span> <span class='ocrx_word' id='word_1_203' title='bbox 1054 1889 1231 1943; x_wconf 90' lang='lat' dir='ltr'><strong>quam</strong></span> <span class='ocrx_word' id='word_1_204' title='bbox 1265 1873 1459 1941; x_wconf 84' lang='lat' dir='ltr'><strong>editis,</strong></span> <span class='ocrx_word' id='word_1_205' title='bbox 1494 1872 1586 1926; x_wconf 90' lang='lat' dir='ltr'><strong>hic</strong></span> <span class='ocrx_word' id='word_1_206' title='bbox 1630 1872 1776 1926; x_wconf 90' lang='lat' dir='ltr'><strong>liber</strong></span> <span class='ocrx_word' id='word_1_207' title='bbox 1808 1873 2065 1942; x_wconf 80' lang='lat' dir='ltr'><strong>Apologe-</strong></span> 
     </span>
    </p>
   </div>
   <div class='ocr_carea' id='block_1_34' title="bbox 2175 1872 3823 1965">
    <p class='ocr_par' dir='ltr' id='par_1_34' title="bbox 2184 1872 3823 1965">
     <span class='ocr_line' id='line_1_34' title="bbox 2184 1872 3823 1965; baseline -0.005 -17"><span class='ocrx_word' id='word_1_208' title='bbox 2184 1872 2542 1965; x_wconf 73' lang='lat' dir='ltr'><strong>totidemque</strong></span> <span class='ocrx_word' id='word_1_209' title='bbox 2592 1895 2783 1949; x_wconf 89' lang='lat' dir='ltr'><strong>verbis</strong></span> <span class='ocrx_word' id='word_1_210' title='bbox 2848 1894 3065 1948; x_wconf 80' lang='lat' dir='ltr'><strong>citetur</strong></span> <span class='ocrx_word' id='word_1_211' title='bbox 3117 1911 3128 1947; x_wconf 93' lang='lat'>:</span> <span class='ocrx_word' id='word_1_212' title='bbox 3169 1872 3615 1963; x_wconf 39' lang='lat' dir='ltr'><strong>unanima};</strong></span> <span class='ocrx_word' id='word_1_213' title='bbox 3653 1934 3665 1945; x_wconf 93' lang='lat'><strong>.</strong></span> <span class='ocrx_word' id='word_1_214' title='bbox 3704 1932 3716 1944; x_wconf 94' lang='lat'><strong>.</strong></span> <span class='ocrx_word' id='word_1_215' title='bbox 3770 1888 3823 1940; x_wconf 78' lang='grc' dir='ltr'><strong>ἒν</strong></span> 
     </span>
    </p>
   </div>
   <div class='ocr_carea' id='block_1_35' title="bbox 426 1961 2071 2031">
    <p class='ocr_par' dir='ltr' id='par_1_35' title="bbox 426 1961 2071 2031">
     <span class='ocr_line' id='line_1_35' title="bbox 426 1961 2071 2031; baseline -0.001 -15"><span class='ocrx_word' id='word_1_216' title='bbox 426 1963 617 2029; x_wconf 73' lang='lat' dir='ltr'><strong>ticum,</strong></span> <span class='ocrx_word' id='word_1_217' title='bbox 650 1966 750 2014; x_wconf 89' lang='lat' dir='ltr'><strong>aut</strong></span> <span class='ocrx_word' id='word_1_218' title='bbox 782 1962 1159 2031; x_wconf 62' lang='lat' dir='ltr'><strong>,tpotogeticus</strong></span> <span class='ocrx_word' id='word_1_219' title='bbox 1211 1961 1568 2016; x_wconf 86' lang='lat' dir='ltr'><strong>inscribitur.</strong></span> <span class='ocrx_word' id='word_1_220' title='bbox 1632 1962 1841 2017; x_wconf 89' lang='lat' dir='ltr'><strong>Veram</strong></span> <span class='ocrx_word' id='word_1_221' title='bbox 1875 1968 2071 2015; x_wconf 88' lang='lat' dir='ltr'><strong>autem</strong></span> 
     </span>
    </p>
   </div>
   <div class='ocr_carea' id='block_1_36' title="bbox 426 2050 2072 2122">
    <p class='ocr_par' dir='ltr' id='par_1_36' title="bbox 426 2050 2072 2122">
     <span class='ocr_line' id='line_1_36' title="bbox 426 2050 2072 2122; baseline -0.001 -17"><span class='ocrx_word' id='word_1_222' title='bbox 426 2065 555 2105; x_wconf 90' lang='lat' dir='ltr'><strong>esse</strong></span> <span class='ocrx_word' id='word_1_223' title='bbox 587 2050 735 2104; x_wconf 92' lang='lat' dir='ltr'><strong>hanc</strong></span> <span class='ocrx_word' id='word_1_224' title='bbox 770 2050 1207 2121; x_wconf 87' lang='lat' dir='ltr'><strong>inscriptionem</strong></span> <span class='ocrx_word' id='word_1_225' title='bbox 1244 2068 1353 2105; x_wconf 91' lang='lat' dir='ltr'><strong>non</strong></span> <span class='ocrx_word' id='word_1_226' title='bbox 1391 2052 1670 2122; x_wconf 89' lang='lat' dir='ltr'><strong>probatur</strong></span> <span class='ocrx_word' id='word_1_227' title='bbox 1700 2051 1808 2105; x_wconf 91' lang='lat' dir='ltr'><strong>hoc</strong></span> <span class='ocrx_word' id='word_1_228' title='bbox 1842 2055 2072 2104; x_wconf 89' lang='lat' dir='ltr'><strong>tantum</strong></span> 
     </span>
    </p>
   </div>
   <div class='ocr_carea' id='block_1_37' title="bbox 424 2139 2073 2212">
    <p class='ocr_par' dir='ltr' id='par_1_37' title="bbox 424 2139 2073 2212">
     <span class='ocr_line' id='line_1_37' title="bbox 424 2139 2073 2212; baseline 0.001 -20"><span class='ocrx_word' id='word_1_229' title='bbox 424 2139 660 2194; x_wconf 89' lang='lat' dir='ltr'><strong>illorum</strong></span> <span class='ocrx_word' id='word_1_230' title='bbox 694 2139 1051 2205; x_wconf 87' lang='lat' dir='ltr'><strong>testimonio,</strong></span> <span class='ocrx_word' id='word_1_231' title='bbox 1079 2141 1176 2195; x_wconf 86' lang='lat' dir='ltr'><strong>sed</strong></span> <span class='ocrx_word' id='word_1_232' title='bbox 1214 2140 1492 2195; x_wconf 83' lang='lat' dir='ltr'><strong>Lactantii</strong></span> <span class='ocrx_word' id='word_1_233' title='bbox 1550 2141 1725 2195; x_wconf 90' lang='lat' dir='ltr'><strong>etiam</strong></span> <span class='ocrx_word' id='word_1_234' title='bbox 1787 2158 1820 2194; x_wconf 91' lang='lat' dir='ltr'><strong>a</strong></span> <span class='ocrx_word' id='word_1_235' title='bbox 1877 2157 1992 2212; x_wconf 92' lang='lat' dir='ltr'><strong>quo</strong></span> <span class='ocrx_word' id='word_1_236' title='bbox 2023 2139 2073 2193; x_wconf 92' lang='lat' dir='ltr'><strong>is</strong></span> 
     </span>
    </p>
   </div>
   <div class='ocr_carea' id='block_1_38' title="bbox 424 2228 2072 2302">
    <p class='ocr_par' dir='ltr' id='par_1_38' title="bbox 424 2228 2072 2302">
     <span class='ocr_line' id='line_1_38' title="bbox 424 2228 2072 2302; baseline -0.001 -17"><span class='ocrx_word' id='word_1_237' title='bbox 424 2228 573 2285; x_wconf 91' lang='lat' dir='ltr'><strong>liber</strong></span> <span class='ocrx_word' id='word_1_238' title='bbox 599 2230 969 2301; x_wconf 83' lang='lat' dir='ltr'><strong>Apotogeticus</strong></span> <span class='ocrx_word' id='word_1_239' title='bbox 1029 2230 1381 2302; x_wconf 87' lang='lat' dir='ltr'><strong>appellatur,</strong></span> <span class='ocrx_word' id='word_1_240' title='bbox 1441 2236 1498 2286; x_wconf 90' lang='lat' dir='ltr'><strong>et</strong></span> <span class='ocrx_word' id='word_1_241' title='bbox 1552 2230 1808 2299; x_wconf 87' lang='lat' dir='ltr'><strong>Eusebii,</strong></span> <span class='ocrx_word' id='word_1_242' title='bbox 1876 2247 1908 2284; x_wconf 91' lang='lat' dir='ltr'><strong>a</strong></span> <span class='ocrx_word' id='word_1_243' title='bbox 1958 2246 2072 2300; x_wconf 89' lang='lat' dir='ltr'><strong>quo</strong></span> 
     </span>
    </p>
   </div>
   <div class='ocr_carea' id='block_1_39' title="bbox 422 2318 2068 2391">
    <p class='ocr_par' dir='ltr' id='par_1_39' title="bbox 422 2318 2068 2391">
     <span class='ocr_line' id='line_1_39' title="bbox 422 2318 2068 2391; baseline -0.001 -18"><span class='ocrx_word' id='word_1_244' title='bbox 422 2318 634 2374; x_wconf 72' lang='lat' dir='ltr'><strong>Graecis</strong></span> <span class='ocrx_word' id='word_1_245' title='bbox 666 2318 824 2374; x_wconf 90' lang='lat' dir='ltr'><strong>hisce</strong></span> <span class='ocrx_word' id='word_1_246' title='bbox 862 2320 1076 2375; x_wconf 88' lang='lat' dir='ltr'><strong>citatur</strong></span> <span class='ocrx_word' id='word_1_247' title='bbox 1105 2320 1297 2375; x_wconf 89' lang='lat' dir='ltr'><strong>verbis</strong></span> <span class='ocrx_word' id='word_1_248' title='bbox 1329 2320 1515 2391; x_wconf 88' lang='lat' dir='ltr'><strong>(Lact.</strong></span> <span class='ocrx_word' id='word_1_249' title='bbox 1558 2320 1659 2375; x_wconf 89' lang='lat' dir='ltr'><strong>lib.</strong></span> <span class='ocrx_word' id='word_1_250' title='bbox 1692 2336 1744 2389; x_wconf 88' lang='lat' dir='ltr'><strong>v,</strong></span> <span class='ocrx_word' id='word_1_251' title='bbox 1780 2321 1907 2374; x_wconf 83' lang='lat' dir='ltr'><strong>inst.</strong></span> <span class='ocrx_word' id='word_1_252' title='bbox 1943 2336 2068 2389; x_wconf 94' lang='lat' dir='ltr'><strong>cap.</strong></span> 
     </span>
    </p>
   </div>
   <div class='ocr_carea' id='block_1_40' title="bbox 420 2407 2072 2481">
    <p class='ocr_par' dir='ltr' id='par_1_40' title="bbox 420 2407 2072 2481">
     <span class='ocr_line' id='line_1_40' title="bbox 420 2407 2072 2481; baseline -0.002 -19"><span class='ocrx_word' id='word_1_253' title='bbox 420 2408 476 2473; x_wconf 77' lang='grc'><strong>4,</strong></span> <span class='ocrx_word' id='word_1_254' title='bbox 509 2424 643 2479; x_wconf 87' lang='lat' dir='ltr'><strong>pag.</strong></span> <span class='ocrx_word' id='word_1_255' title='bbox 702 2408 806 2462; x_wconf 86' lang='grc'><strong>470</strong></span> <span class='ocrx_word' id='word_1_256' title='bbox 840 2426 852 2475; x_wconf 91' lang='grc'><strong>;</strong></span> <span class='ocrx_word' id='word_1_257' title='bbox 907 2409 1118 2463; x_wconf 83' lang='lat' dir='ltr'><strong>Euseb.</strong></span> <span class='ocrx_word' id='word_1_258' title='bbox 1156 2409 1252 2463; x_wconf 87' lang='lat' dir='ltr'><strong>loc.</strong></span> <span class='ocrx_word' id='word_1_259' title='bbox 1317 2426 1469 2481; x_wconf 87' lang='lat' dir='ltr'><strong>supr.</strong></span> <span class='ocrx_word' id='word_1_260' title='bbox 1521 2409 1658 2478; x_wconf 71' lang='lat' dir='ltr'><strong>cit.)</strong></span> <span class='ocrx_word' id='word_1_261' title='bbox 1694 2425 1705 2462; x_wconf 88' lang='lat'>:</span> <span class='ocrx_word' id='word_1_262' title='bbox 1740 2407 1898 2476; x_wconf 65' lang='grc' dir='ltr'><strong>Ὑπὲρ</strong></span> <span class='ocrx_word' id='word_1_263' title='bbox 1934 2411 2072 2481; x_wconf 86' lang='grc' dir='ltr'><strong>Χρι-</strong></span> 
     </span>
    </p>
   </div>
   <div class='ocr_carea' id='block_1_41' title="bbox 422 2494 2073 2571">
    <p class='ocr_par' dir='ltr' id='par_1_41' title="bbox 422 2494 2073 2571">
     <span class='ocr_line' id='line_1_41' title="bbox 422 2494 2073 2571; baseline 0 -20"><span class='ocrx_word' id='word_1_264' title='bbox 422 2500 674 2566; x_wconf 75' lang='grc' dir='ltr'><strong>στιανῶν,</strong></span> <span class='ocrx_word' id='word_1_265' title='bbox 711 2494 1001 2571; x_wconf 78' lang='grc' dir='ltr'>ἀπολογία,</span> <span class='ocrx_word' id='word_1_266' title='bbox 1036 2498 1090 2552; x_wconf 91' lang='lat' dir='ltr'><strong>id</strong></span> <span class='ocrx_word' id='word_1_267' title='bbox 1153 2504 1262 2564; x_wconf 89' lang='lat' dir='ltr'><strong>est,</strong></span> <span class='ocrx_word' id='word_1_268' title='bbox 1323 2500 1767 2553; x_wconf 72' lang='lat' dir='ltr'><strong>Christianorum</strong></span> <span class='ocrx_word' id='word_1_269' title='bbox 1814 2498 2073 2567; x_wconf 81' lang='lat' dir='ltr'><strong>apologia</strong></span> 
     </span>
    </p>
   </div>
   <div class='ocr_carea' id='block_1_42' title="bbox 424 2586 2072 2643">
    <p class='ocr_par' dir='ltr' id='par_1_42' title="bbox 424 2586 2072 2643">
     <span class='ocr_line' id='line_1_42' title="bbox 424 2586 2072 2643; baseline -0.002 0"><span class='ocrx_word' id='word_1_270' title='bbox 424 2593 481 2643; x_wconf 87' lang='lat' dir='ltr'><strong>et</strong></span> <span class='ocrx_word' id='word_1_271' title='bbox 510 2586 793 2642; x_wconf 81' lang='lat' dir='ltr'><strong>defensio.</strong></span> <span class='ocrx_word' id='word_1_272' title='bbox 829 2587 1029 2643; x_wconf 89' lang='lat' dir='ltr'><strong>Plures</strong></span> <span class='ocrx_word' id='word_1_273' title='bbox 1062 2592 1256 2642; x_wconf 85' lang='lat' dir='ltr'><strong>autem</strong></span> <span class='ocrx_word' id='word_1_274' title='bbox 1292 2588 1349 2642; x_wconf 92' lang='lat' dir='ltr'><strong>in</strong></span> <span class='ocrx_word' id='word_1_275' title='bbox 1411 2606 1530 2643; x_wconf 90' lang='lat' dir='ltr'><strong>rem</strong></span> <span class='ocrx_word' id='word_1_276' title='bbox 1577 2588 1720 2643; x_wconf 89' lang='lat' dir='ltr'><strong>adeo</strong></span> <span class='ocrx_word' id='word_1_277' title='bbox 1754 2592 1973 2642; x_wconf 90' lang='lat' dir='ltr'><strong>certam</strong></span> <span class='ocrx_word' id='word_1_278' title='bbox 2006 2602 2072 2640; x_wconf 88' lang='lat' dir='ltr'><strong>ac</strong></span> 
     </span>
    </p>
   </div>
   <div class='ocr_carea' id='block_1_43' title="bbox 420 2676 2071 2752">
    <p class='ocr_par' dir='ltr' id='par_1_43' title="bbox 420 2676 2071 2752">
     <span class='ocr_line' id='line_1_43' title="bbox 420 2676 2071 2752; baseline -0.001 -19"><span class='ocrx_word' id='word_1_279' title='bbox 420 2679 719 2751; x_wconf 77' lang='lat' dir='ltr'><strong>probatam</strong></span> <span class='ocrx_word' id='word_1_280' title='bbox 754 2678 934 2734; x_wconf 89' lang='lat' dir='ltr'><strong>citare</strong></span> <span class='ocrx_word' id='word_1_281' title='bbox 965 2683 1086 2735; x_wconf 88' lang='lat' dir='ltr'><strong>tam</strong></span> <span class='ocrx_word' id='word_1_282' title='bbox 1148 2679 1317 2735; x_wconf 84' lang='lat' dir='ltr'><strong>nobis</strong></span> <span class='ocrx_word' id='word_1_283' title='bbox 1375 2679 1639 2752; x_wconf 90' lang='lat' dir='ltr'><strong>longum,</strong></span> <span class='ocrx_word' id='word_1_284' title='bbox 1704 2695 1877 2750; x_wconf 89' lang='lat' dir='ltr'><strong>quam</strong></span> <span class='ocrx_word' id='word_1_285' title='bbox 1940 2676 2071 2732; x_wconf 90' lang='lat' dir='ltr'><strong>aliis</strong></span> 
     </span>
    </p>
   </div>
   <div class='ocr_carea' id='block_1_44' title="bbox 424 2767 936 2823">
    <p class='ocr_par' dir='ltr' id='par_1_44' title="bbox 424 2767 936 2823">
     <span class='ocr_line' id='line_1_44' title="bbox 424 2767 936 2823; baseline 0.004 -2"><span class='ocrx_word' id='word_1_286' title='bbox 424 2767 736 2822; x_wconf 91' lang='lat' dir='ltr'><strong>molestum</strong></span> <span class='ocrx_word' id='word_1_287' title='bbox 770 2768 936 2823; x_wconf 90' lang='lat' dir='ltr'><strong>foret.</strong></span> 
     </span>
    </p>
   </div>
   <div class='ocr_carea' id='block_1_45' title="bbox 496 2856 2070 2924">
    <p class='ocr_par' dir='ltr' id='par_1_45' title="bbox 496 2856 2070 2924">
     <span class='ocr_line' id='line_1_45' title="bbox 496 2856 2070 2924; baseline -0.001 -14"><span class='ocrx_word' id='word_1_288' title='bbox 496 2856 935 2921; x_wconf 88' lang='lat' dir='ltr'><strong>Quantumlibet</strong></span> <span class='ocrx_word' id='word_1_289' title='bbox 966 2861 1159 2911; x_wconf 88' lang='lat' dir='ltr'><strong>autem</strong></span> <span class='ocrx_word' id='word_1_290' title='bbox 1190 2858 1385 2913; x_wconf 86' lang='lat' dir='ltr'><strong>brevis</strong></span> <span class='ocrx_word' id='word_1_291' title='bbox 1418 2856 1495 2913; x_wconf 88' lang='lat' dir='ltr'><strong>sit</strong></span> <span class='ocrx_word' id='word_1_292' title='bbox 1517 2857 1609 2913; x_wconf 91' lang='lat' dir='ltr'><strong>hic</strong></span> <span class='ocrx_word' id='word_1_293' title='bbox 1638 2856 2070 2924; x_wconf 87' lang='lat' dir='ltr'><strong>titulus,totum</strong></span> 
     </span>
    </p>
   </div>
   <div class='ocr_carea' id='block_1_46' title="bbox 429 2940 2071 3018">
    <p class='ocr_par' dir='ltr' id='par_1_46' title="bbox 429 2940 2071 3018">
     <span class='ocr_line' id='line_1_46' title="bbox 429 2940 2071 3018; baseline -0.001 -19"><span class='ocrx_word' id='word_1_294' title='bbox 429 2949 623 3000; x_wconf 90' lang='lat' dir='ltr'><strong>tamen</strong></span> <span class='ocrx_word' id='word_1_295' title='bbox 658 2945 845 3015; x_wconf 90' lang='lat' dir='ltr'><strong>ipsius</strong></span> <span class='ocrx_word' id='word_1_296' title='bbox 878 2944 1010 3000; x_wconf 90' lang='lat' dir='ltr'><strong>libri</strong></span> <span class='ocrx_word' id='word_1_297' title='bbox 1071 2940 1481 3018; x_wconf 86' lang='lat' dir='ltr'><strong>complectitur</strong></span> <span class='ocrx_word' id='word_1_298' title='bbox 1512 2951 1947 3018; x_wconf 86' lang='lat' dir='ltr'><strong>argumentum.</strong></span> <span class='ocrx_word' id='word_1_299' title='bbox 2008 2944 2071 2997; x_wconf 89' lang='lat' dir='ltr'><strong>In</strong></span> 
     </span>
    </p>
   </div>
   <div class='ocr_carea' id='block_1_47' title="bbox 423 3032 2072 3105">
    <p class='ocr_par' dir='ltr' id='par_1_47' title="bbox 423 3032 2072 3105">
     <span class='ocr_line' id='line_1_47' title="bbox 423 3032 2072 3105; baseline -0.002 -17"><span class='ocrx_word' id='word_1_300' title='bbox 423 3049 490 3088; x_wconf 92' lang='lat' dir='ltr'><strong>eo</strong></span> <span class='ocrx_word' id='word_1_301' title='bbox 549 3033 845 3105; x_wconf 88' lang='lat' dir='ltr'><strong>siquidem</strong></span> <span class='ocrx_word' id='word_1_302' title='bbox 898 3034 1295 3090; x_wconf 91' lang='lat' dir='ltr'><strong>Tertullianus</strong></span> <span class='ocrx_word' id='word_1_303' title='bbox 1355 3035 1751 3091; x_wconf 79' lang='lat' dir='ltr'><strong>defensionem</strong></span> <span class='ocrx_word' id='word_1_304' title='bbox 1808 3032 2072 3103; x_wconf 87' lang='lat' dir='ltr'><strong>suscepit</strong></span> 
     </span>
    </p>
   </div>
   <div class='ocr_carea' id='block_1_48' title="bbox 421 3122 2073 3195">
    <p class='ocr_par' dir='ltr' id='par_1_48' title="bbox 421 3122 2073 3195">
     <span class='ocr_line' id='line_1_48' title="bbox 421 3122 2073 3195; baseline -0.002 -18"><span class='ocrx_word' id='word_1_305' title='bbox 421 3122 913 3189; x_wconf 79' lang='lat' dir='ltr'><strong>Christianorum,</strong></span> <span class='ocrx_word' id='word_1_306' title='bbox 948 3122 1236 3195; x_wconf 86' lang='lat' dir='ltr'><strong>planeque</strong></span> <span class='ocrx_word' id='word_1_307' title='bbox 1293 3125 1657 3180; x_wconf 74' lang='lat' dir='ltr'><strong>demonstrat</strong></span> <span class='ocrx_word' id='word_1_308' title='bbox 1704 3123 1838 3179; x_wconf 90' lang='lat' dir='ltr'><strong>illos</strong></span> <span class='ocrx_word' id='word_1_309' title='bbox 1869 3126 2073 3177; x_wconf 89' lang='lat' dir='ltr'><strong>contra</strong></span> 
     </span>
    </p>
   </div>
   <div class='ocr_carea' id='block_1_49' title="bbox 423 3209 2072 3282">
    <p class='ocr_par' dir='ltr' id='par_1_49' title="bbox 423 3209 2072 3282">
     <span class='ocr_line' id='line_1_49' title="bbox 423 3209 2072 3282; baseline -0.001 -17"><span class='ocrx_word' id='word_1_310' title='bbox 423 3211 623 3266; x_wconf 90' lang='lat' dir='ltr'><strong>omnia</strong></span> <span class='ocrx_word' id='word_1_311' title='bbox 652 3211 971 3282; x_wconf 87' lang='lat' dir='ltr'><strong>cujuslibet</strong></span> <span class='ocrx_word' id='word_1_312' title='bbox 1000 3212 1286 3267; x_wconf 88' lang='lat' dir='ltr'><strong>naturalis</strong></span> <span class='ocrx_word' id='word_1_313' title='bbox 1306 3213 1511 3267; x_wconf 71' lang='lat' dir='ltr'><strong>divinae</strong></span> <span class='ocrx_word' id='word_1_314' title='bbox 1544 3219 1599 3269; x_wconf 90' lang='lat' dir='ltr'><strong>et</strong></span> <span class='ocrx_word' id='word_1_315' title='bbox 1620 3213 1890 3267; x_wconf 62' lang='lat' dir='ltr'><strong>humanae</strong></span> <span class='ocrx_word' id='word_1_316' title='bbox 1924 3209 2072 3281; x_wconf 80' lang='lat' dir='ltr'><strong>legis</strong></span> 
     </span>
    </p>
   </div>
   <div class='ocr_carea' id='block_1_50' title="bbox 423 3299 2067 3373">
    <p class='ocr_par' dir='ltr' id='par_1_50' title="bbox 423 3299 2067 3373">
     <span class='ocr_line' id='line_1_50' title="bbox 423 3299 2067 3373; baseline -0.001 -18"><span class='ocrx_word' id='word_1_317' title='bbox 423 3299 763 3372; x_wconf 70' lang='lat' dir='ltr'><strong>praescripta</strong></span> <span class='ocrx_word' id='word_1_318' title='bbox 796 3305 1033 3373; x_wconf 85' lang='lat' dir='ltr'><strong>prOpter</strong></span> <span class='ocrx_word' id='word_1_319' title='bbox 1058 3300 1245 3356; x_wconf 90' lang='lat' dir='ltr'><strong>solum</strong></span> <span class='ocrx_word' id='word_1_320' title='bbox 1280 3319 1489 3357; x_wconf 89' lang='lat' dir='ltr'><strong>nomen</strong></span> <span class='ocrx_word' id='word_1_321' title='bbox 1525 3319 1720 3371; x_wconf 90' lang='lat' dir='ltr'><strong>suum,</strong></span> <span class='ocrx_word' id='word_1_322' title='bbox 1762 3318 1864 3355; x_wconf 90' lang='lat' dir='ltr'><strong>nec</strong></span> <span class='ocrx_word' id='word_1_323' title='bbox 1888 3317 2067 3356; x_wconf 89' lang='lat' dir='ltr'><strong>causa</strong></span> 
     </span>
    </p>
   </div>
   <div class='ocr_carea' id='block_1_51' title="bbox 426 3391 2059 3462">
    <p class='ocr_par' dir='ltr' id='par_1_51' title="bbox 426 3391 2059 3462">
     <span class='ocr_line' id='line_1_51' title="bbox 426 3391 2059 3462; baseline -0.001 -17"><span class='ocrx_word' id='word_1_324' title='bbox 426 3405 685 3462; x_wconf 89' lang='lat' dir='ltr'><strong>unquam</strong></span> <span class='ocrx_word' id='word_1_325' title='bbox 745 3392 947 3446; x_wconf 87' lang='lat' dir='ltr'><strong>audita</strong></span> <span class='ocrx_word' id='word_1_326' title='bbox 992 3392 1063 3446; x_wconf 90' lang='lat' dir='ltr'><strong>ab</strong></span> <span class='ocrx_word' id='word_1_327' title='bbox 1121 3392 1373 3447; x_wconf 88' lang='lat' dir='ltr'><strong>ethnicis</strong></span> <span class='ocrx_word' id='word_1_328' title='bbox 1432 3391 1811 3447; x_wconf 89' lang='lat' dir='ltr'><strong>condemnari</strong></span> <span class='ocrx_word' id='word_1_329' title='bbox 1862 3395 1916 3445; x_wconf 91' lang='lat' dir='ltr'><strong>et</strong></span> <span class='ocrx_word' id='word_1_330' title='bbox 1975 3407 2059 3445; x_wconf 48' lang='lat' dir='ltr'><strong>oc.</strong></span> 
     </span>
    </p>
   </div>
   <div class='ocr_carea' id='block_1_52' title="bbox 419 3477 2065 3552">
    <p class='ocr_par' dir='ltr' id='par_1_52' title="bbox 419 3477 2065 3552">
     <span class='ocr_line' id='line_1_52' title="bbox 419 3477 2065 3552; baseline 0 -19"><span class='ocrx_word' id='word_1_331' title='bbox 419 3477 555 3547; x_wconf 91' lang='lat' dir='ltr'><strong>cidi,</strong></span> <span class='ocrx_word' id='word_1_332' title='bbox 583 3480 680 3550; x_wconf 91' lang='lat' dir='ltr'><strong>qui</strong></span> <span class='ocrx_word' id='word_1_333' title='bbox 714 3480 978 3535; x_wconf 89' lang='lat' dir='ltr'><strong>omnium</strong></span> <span class='ocrx_word' id='word_1_334' title='bbox 1015 3480 1095 3534; x_wconf 90' lang='lat' dir='ltr'><strong>rei</strong></span> <span class='ocrx_word' id='word_1_335' title='bbox 1127 3486 1293 3535; x_wconf 88' lang='lat' dir='ltr'><strong>erant</strong></span> <span class='ocrx_word' id='word_1_336' title='bbox 1322 3480 1629 3551; x_wconf 87' lang='lat' dir='ltr'><strong>scelerum,</strong></span> <span class='ocrx_word' id='word_1_337' title='bbox 1665 3496 1913 3552; x_wconf 90' lang='lat' dir='ltr'><strong>quorum</strong></span> <span class='ocrx_word' id='word_1_338' title='bbox 1940 3496 2065 3533; x_wconf 74' lang='lat' dir='ltr'><strong>eos~</strong></span> 
     </span>
    </p>
   </div>
   <div class='ocr_carea' id='block_1_53' title="bbox 417 3568 2067 3625">
    <p class='ocr_par' dir='ltr' id='par_1_53' title="bbox 417 3568 2067 3625">
     <span class='ocr_line' id='line_1_53' title="bbox 417 3568 2067 3625; baseline 0.001 -3"><span class='ocrx_word' id='word_1_339' title='bbox 417 3568 549 3623; x_wconf 88' lang='lat' dir='ltr'><strong>dem</strong></span> <span class='ocrx_word' id='word_1_340' title='bbox 584 3568 946 3625; x_wconf 86' lang='lat' dir='ltr'><strong>Christianos</strong></span> <span class='ocrx_word' id='word_1_341' title='bbox 980 3569 1125 3625; x_wconf 80' lang='lat' dir='ltr'><strong>falso</strong></span> <span class='ocrx_word' id='word_1_342' title='bbox 1182 3568 1389 3625; x_wconf 87' lang='lat' dir='ltr'><strong>falsius</strong></span> <span class='ocrx_word' id='word_1_343' title='bbox 1439 3571 1813 3625; x_wconf 86' lang='lat' dir='ltr'><strong>accusabant.</strong></span> <span class='ocrx_word' id='word_1_344' title='bbox 1867 3569 1945 3624; x_wconf 86' lang='lat' dir='ltr'><strong>Ex</strong></span> <span class='ocrx_word' id='word_1_345' title='bbox 1976 3568 2067 3623; x_wconf 91' lang='lat' dir='ltr'><strong>his</strong></span> 
     </span>
    </p>
   </div>
   <div class='ocr_carea' id='block_1_54' title="bbox 410 3655 2063 3731">
    <p class='ocr_par' dir='ltr' id='par_1_54' title="bbox 410 3655 2063 3731">
     <span class='ocr_line' id='line_1_54' title="bbox 410 3655 2063 3731; baseline 0.001 -21"><span class='ocrx_word' id='word_1_346' title='bbox 410 3655 631 3729; x_wconf 88' lang='lat' dir='ltr'><strong>itaque,</strong></span> <span class='ocrx_word' id='word_1_347' title='bbox 666 3676 793 3730; x_wconf 69' lang='lat' dir='ltr'><strong>quae</strong></span> <span class='ocrx_word' id='word_1_348' title='bbox 827 3659 883 3714; x_wconf 92' lang='lat' dir='ltr'><strong>in</strong></span> <span class='ocrx_word' id='word_1_349' title='bbox 919 3658 1216 3731; x_wconf 88' lang='lat' dir='ltr'><strong>proposita</strong></span> <span class='ocrx_word' id='word_1_350' title='bbox 1247 3677 1280 3714; x_wconf 90' lang='lat' dir='ltr'><strong>a</strong></span> <span class='ocrx_word' id='word_1_351' title='bbox 1303 3659 1472 3716; x_wconf 88' lang='lat' dir='ltr'><strong>nobis</strong></span> <span class='ocrx_word' id='word_1_352' title='bbox 1522 3660 1703 3730; x_wconf 87' lang='lat' dir='ltr'><strong>hujus</strong></span> <span class='ocrx_word' id='word_1_353' title='bbox 1758 3658 1889 3713; x_wconf 88' lang='lat' dir='ltr'><strong>libri</strong></span> <span class='ocrx_word' id='word_1_354' title='bbox 1922 3676 2063 3713; x_wconf 87' lang='lat' dir='ltr'><strong>ana-</strong></span> 
     </span>
    </p>
   </div>
   <div class='ocr_carea' id='block_1_55' title="bbox 412 3747 2065 3821">
    <p class='ocr_par' dir='ltr' id='par_1_55' title="bbox 412 3747 2065 3821">
     <span class='ocr_line' id='line_1_55' title="bbox 412 3747 2065 3821; baseline 0.002 -22"><span class='ocrx_word' id='word_1_355' title='bbox 412 3747 520 3819; x_wconf 81' lang='lat' dir='ltr'><strong>lysi</strong></span> <span class='ocrx_word' id='word_1_356' title='bbox 548 3748 740 3803; x_wconf 89' lang='lat' dir='ltr'><strong>fusius</strong></span> <span class='ocrx_word' id='word_1_357' title='bbox 772 3748 1060 3821; x_wconf 82' lang='lat' dir='ltr'><strong>explicata</strong></span> <span class='ocrx_word' id='word_1_358' title='bbox 1108 3754 1270 3817; x_wconf 89' lang='lat' dir='ltr'><strong>sunt,</strong></span> <span class='ocrx_word' id='word_1_359' title='bbox 1326 3750 1696 3820; x_wconf 88' lang='lat' dir='ltr'><strong>apertissime</strong></span> <span class='ocrx_word' id='word_1_360' title='bbox 1755 3748 2065 3803; x_wconf 80' lang='lat' dir='ltr'><strong>conficitur</strong></span> 
     </span>
    </p>
   </div>
   <div class='ocr_carea' id='block_1_56' title="bbox 412 3836 1845 3910">
    <p class='ocr_par' dir='ltr' id='par_1_56' title="bbox 412 3836 1845 3910">
     <span class='ocr_line' id='line_1_56' title="bbox 412 3836 1845 3910; baseline 0 -19"><span class='ocrx_word' id='word_1_361' title='bbox 412 3839 601 3891; x_wconf 90' lang='lat' dir='ltr'><strong>totum</strong></span> <span class='ocrx_word' id='word_1_362' title='bbox 634 3836 795 3892; x_wconf 91' lang='lat' dir='ltr'><strong>illius</strong></span> <span class='ocrx_word' id='word_1_363' title='bbox 821 3843 1234 3910; x_wconf 88' lang='lat' dir='ltr'><strong>argumentum</strong></span> <span class='ocrx_word' id='word_1_364' title='bbox 1276 3855 1342 3893; x_wconf 92' lang='lat' dir='ltr'><strong>eo</strong></span> <span class='ocrx_word' id='word_1_365' title='bbox 1374 3838 1544 3893; x_wconf 90' lang='lat' dir='ltr'><strong>titulo</strong></span> <span class='ocrx_word' id='word_1_366' title='bbox 1567 3838 1845 3893; x_wconf 80' lang='lat' dir='ltr'><strong>exhiberi.</strong></span> 
     </span>
    </p>
   </div>
   <div class='ocr_carea' id='block_1_57' title="bbox 483 3944 2057 4016">
    <p class='ocr_par' dir='ltr' id='par_1_57' title="bbox 483 3944 2057 4016">
     <span class='ocr_line' id='line_1_57' title="bbox 483 3944 2057 4016; baseline 0.001 -18"><span class='ocrx_word' id='word_1_367' title='bbox 483 3944 759 4009; x_wconf 88' lang='lat' dir='ltr'><strong>Quamvis</strong></span> <span class='ocrx_word' id='word_1_368' title='bbox 788 3949 983 3999; x_wconf 86' lang='lat' dir='ltr'><strong>autem</strong></span> <span class='ocrx_word' id='word_1_369' title='bbox 1016 3944 1112 3998; x_wconf 91' lang='lat' dir='ltr'><strong>hic</strong></span> <span class='ocrx_word' id='word_1_370' title='bbox 1147 3945 1269 4016; x_wconf 89' lang='lat' dir='ltr'><strong>ipse</strong></span> <span class='ocrx_word' id='word_1_371' title='bbox 1292 3944 1439 3999; x_wconf 90' lang='lat' dir='ltr'><strong>liber</strong></span> <span class='ocrx_word' id='word_1_372' title='bbox 1470 3945 1527 3999; x_wconf 91' lang='lat' dir='ltr'><strong>in</strong></span> <span class='ocrx_word' id='word_1_373' title='bbox 1553 3944 1829 4000; x_wconf 89' lang='lat' dir='ltr'><strong>omnibus</strong></span> <span class='ocrx_word' id='word_1_374' title='bbox 1862 3944 2057 4013; x_wconf 87' lang='lat' dir='ltr'><strong>editis,</strong></span> 
     </span>
    </p>
   </div>
   <div class='ocr_carea' id='block_1_58' title="bbox 410 4033 2055 4104">
    <p class='ocr_par' dir='ltr' id='par_1_58' title="bbox 410 4033 2055 4104">
     <span class='ocr_line' id='line_1_58' title="bbox 410 4033 2055 4104; baseline 0.001 -17"><span class='ocrx_word' id='word_1_375' title='bbox 410 4049 475 4087; x_wconf 84' lang='lat' dir='ltr'><strong>ac</strong></span> <span class='ocrx_word' id='word_1_376' title='bbox 536 4033 957 4104; x_wconf 87' lang='lat' dir='ltr'><strong>manuscriptis</strong></span> <span class='ocrx_word' id='word_1_377' title='bbox 1012 4033 1187 4088; x_wconf 88' lang='lat' dir='ltr'><strong>etiam</strong></span> <span class='ocrx_word' id='word_1_378' title='bbox 1266 4033 1682 4089; x_wconf 89' lang='lat' dir='ltr'><strong>vetustissimis</strong></span> <span class='ocrx_word' id='word_1_379' title='bbox 1732 4034 2055 4101; x_wconf 88' lang='lat' dir='ltr'><strong>codicibus,</strong></span> 
     </span>
    </p>
   </div>
   <div class='ocr_carea' id='block_1_59' title="bbox 406 4120 2055 4193">
    <p class='ocr_par' dir='ltr' id='par_1_59' title="bbox 406 4120 2055 4193">
     <span class='ocr_line' id='line_1_59' title="bbox 406 4120 2055 4193; baseline 0.003 -20"><span class='ocrx_word' id='word_1_380' title='bbox 406 4121 571 4175; x_wconf 88' lang='lat' dir='ltr'><strong>varia</strong></span> <span class='ocrx_word' id='word_1_381' title='bbox 598 4120 657 4175; x_wconf 90' lang='lat' dir='ltr'><strong>in</strong></span> <span class='ocrx_word' id='word_1_382' title='bbox 691 4120 885 4193; x_wconf 89' lang='lat' dir='ltr'><strong>capita</strong></span> <span class='ocrx_word' id='word_1_383' title='bbox 906 4122 981 4176; x_wconf 91' lang='lat' dir='ltr'><strong>sit</strong></span> <span class='ocrx_word' id='word_1_384' title='bbox 1013 4122 1258 4191; x_wconf 88' lang='lat' dir='ltr'><strong>divisus,</strong></span> <span class='ocrx_word' id='word_1_385' title='bbox 1294 4140 1359 4177; x_wconf 88' lang='lat' dir='ltr'><strong>ca</strong></span> <span class='ocrx_word' id='word_1_386' title='bbox 1390 4126 1581 4177; x_wconf 87' lang='lat' dir='ltr'><strong>tamen</strong></span> <span class='ocrx_word' id='word_1_387' title='bbox 1615 4122 1821 4178; x_wconf 84' lang='lat' dir='ltr'><strong>divisio</strong></span> <span class='ocrx_word' id='word_1_388' title='bbox 1853 4141 1886 4177; x_wconf 90' lang='lat' dir='ltr'><strong>a</strong></span> <span class='ocrx_word' id='word_1_389' title='bbox 1912 4124 2055 4178; x_wconf 92' lang='lat' dir='ltr'><strong>Ter-</strong></span> 
     </span>
    </p>
   </div>
   <div class='ocr_carea' id='block_1_60' title="bbox 408 4209 2050 4282">
    <p class='ocr_par' dir='ltr' id='par_1_60' title="bbox 408 4209 2050 4282">
     <span class='ocr_line' id='line_1_60' title="bbox 408 4209 2050 4282; baseline -0.001 -15"><span class='ocrx_word' id='word_1_390' title='bbox 408 4209 658 4267; x_wconf 87' lang='lat' dir='ltr'><strong>tulliano</strong></span> <span class='ocrx_word' id='word_1_391' title='bbox 692 4210 947 4282; x_wconf 67' lang='lat' dir='ltr'><strong>profecta</strong></span> <span class='ocrx_word' id='word_1_392' title='bbox 981 4228 1093 4265; x_wconf 92' lang='lat' dir='ltr'><strong>non</strong></span> <span class='ocrx_word' id='word_1_393' title='bbox 1128 4215 1234 4266; x_wconf 89' lang='lat' dir='ltr'><strong>est.</strong></span> <span class='ocrx_word' id='word_1_394' title='bbox 1270 4211 1481 4282; x_wconf 88' lang='lat' dir='ltr'><strong>Ecquis</strong></span> <span class='ocrx_word' id='word_1_395' title='bbox 1521 4211 1698 4281; x_wconf 89' lang='lat' dir='ltr'><strong>enim,</strong></span> <span class='ocrx_word' id='word_1_396' title='bbox 1733 4216 2050 4282; x_wconf 84' lang='lat' dir='ltr'><strong>quantum-</strong></span> 
     </span>
    </p>
   </div>
   <div class='ocr_carea' id='block_1_61' title="bbox 405 4298 2054 4371">
    <p class='ocr_par' dir='ltr' id='par_1_61' title="bbox 405 4298 2054 4371">
     <span class='ocr_line' id='line_1_61' title="bbox 405 4298 2054 4371; baseline 0.002 -19"><span class='ocrx_word' id='word_1_397' title='bbox 405 4299 546 4355; x_wconf 88' lang='lat' dir='ltr'><strong>libet</strong></span> <span class='ocrx_word' id='word_1_398' title='bbox 576 4315 784 4371; x_wconf 90' lang='lat' dir='ltr'><strong>parum</strong></span> <span class='ocrx_word' id='word_1_399' title='bbox 818 4300 1107 4368; x_wconf 90' lang='lat' dir='ltr'><strong>eruditus,</strong></span> <span class='ocrx_word' id='word_1_400' title='bbox 1141 4298 1227 4354; x_wconf 91' lang='lat' dir='ltr'><strong>vel</strong></span> <span class='ocrx_word' id='word_1_401' title='bbox 1262 4300 1449 4371; x_wconf 91' lang='lat' dir='ltr'><strong>primo</strong></span> <span class='ocrx_word' id='word_1_402' title='bbox 1473 4299 1689 4354; x_wconf 89' lang='lat' dir='ltr'><strong>intuitu</strong></span> <span class='ocrx_word' id='word_1_403' title='bbox 1717 4316 1829 4355; x_wconf 92' lang='lat' dir='ltr'><strong>non</strong></span> <span class='ocrx_word' id='word_1_404' title='bbox 1854 4301 2054 4371; x_wconf 90' lang='lat' dir='ltr'><strong>depre-</strong></span> 
     </span>
    </p>
   </div>
   <div class='ocr_carea' id='block_1_62' title="bbox 402 4388 2051 4461">
    <p class='ocr_par' dir='ltr' id='par_1_62' title="bbox 402 4388 2051 4461">
     <span class='ocr_line' id='line_1_62' title="bbox 402 4388 2051 4461; baseline 0 -17"><span class='ocrx_word' id='word_1_405' title='bbox 402 4388 610 4445; x_wconf 89' lang='lat' dir='ltr'><strong>hendit</strong></span> <span class='ocrx_word' id='word_1_406' title='bbox 661 4406 836 4460; x_wconf 91' lang='lat' dir='ltr'><strong>quam</strong></span> <span class='ocrx_word' id='word_1_407' title='bbox 891 4406 1096 4461; x_wconf 88' lang='lat' dir='ltr'><strong>parum</strong></span> <span class='ocrx_word' id='word_1_408' title='bbox 1152 4393 1443 4456; x_wconf 89' lang='lat' dir='ltr'><strong>accurata,</strong></span> <span class='ocrx_word' id='word_1_409' title='bbox 1494 4406 1789 4461; x_wconf 87' lang='lat' dir='ltr'><strong>quamque</strong></span> <span class='ocrx_word' id='word_1_410' title='bbox 1837 4390 2051 4461; x_wconf 92' lang='lat' dir='ltr'><strong>imper-</strong></span> 
     </span>
    </p>
   </div>
   <div class='ocr_carea' id='block_1_63' title="bbox 404 4478 2051 4551">
    <p class='ocr_par' dir='ltr' id='par_1_63' title="bbox 404 4478 2051 4551">
     <span class='ocr_line' id='line_1_63' title="bbox 404 4478 2051 4551; baseline 0.001 -18"><span class='ocrx_word' id='word_1_411' title='bbox 404 4479 553 4534; x_wconf 86' lang='lat' dir='ltr'><strong>fecta</strong></span> <span class='ocrx_word' id='word_1_412' title='bbox 584 4479 707 4533; x_wconf 80' lang='lat' dir='ltr'><strong>sit?</strong></span> <span class='ocrx_word' id='word_1_413' title='bbox 738 4478 1011 4534; x_wconf 90' lang='lat' dir='ltr'><strong>Plurimis</strong></span> <span class='ocrx_word' id='word_1_414' title='bbox 1037 4482 1257 4549; x_wconf 90' lang='lat' dir='ltr'><strong>autem,</strong></span> <span class='ocrx_word' id='word_1_415' title='bbox 1291 4479 1387 4551; x_wconf 94' lang='lat' dir='ltr'><strong>qui</strong></span> <span class='ocrx_word' id='word_1_416' title='bbox 1425 4495 1602 4533; x_wconf 83' lang='lat' dir='ltr'><strong>novas</strong></span> <span class='ocrx_word' id='word_1_417' title='bbox 1651 4478 1813 4534; x_wconf 91' lang='lat' dir='ltr'><strong>illius</strong></span> <span class='ocrx_word' id='word_1_418' title='bbox 1843 4480 2051 4535; x_wconf 90' lang='lat' dir='ltr'><strong>editio-</strong></span> 
     </span>
    </p>
   </div>
   <div class='ocr_carea' id='block_1_64' title="bbox 2182 1974 3822 2059">
    <p class='ocr_par' dir='ltr' id='par_1_64' title="bbox 2182 1974 3822 2059">
     <span class='ocr_line' id='line_1_64' title="bbox 2182 1974 3822 2059; baseline -0.003 -24"><span class='ocrx_word' id='word_1_419' title='bbox 2182 1985 2248 2055; x_wconf 80' lang='grc' dir='ltr'><strong>τῇ</strong></span> <span class='ocrx_word' id='word_1_420' title='bbox 2290 1982 2549 2059; x_wconf 66' lang='grc' dir='ltr'><strong>γραφείσῃ</strong></span> <span class='ocrx_word' id='word_1_421' title='bbox 2603 1982 2697 2054; x_wconf 66' lang='grc' dir='ltr'>μὲν</span> <span class='ocrx_word' id='word_1_422' title='bbox 2746 1980 2889 2053; x_wconf 77' lang='grc' dir='ltr'>αὐτῷ</span> <span class='ocrx_word' id='word_1_423' title='bbox 2918 1985 2984 2054; x_wconf 78' lang='grc' dir='ltr'>τῇ</span> <span class='ocrx_word' id='word_1_424' title='bbox 3016 1979 3299 2052; x_wconf 78' lang='grc' dir='ltr'><strong>Ῥωμαίων</strong></span> <span class='ocrx_word' id='word_1_425' title='bbox 3336 1983 3511 2055; x_wconf 74' lang='grc' dir='ltr'>φωνῇ,</span> <span class='ocrx_word' id='word_1_426' title='bbox 3546 1974 3822 2050; x_wconf 74' lang='grc' dir='ltr'><strong>μεταϐλη-</strong></span> 
     </span>
    </p>
   </div>
   <div class='ocr_carea' id='block_1_65' title="bbox 2184 2067 3829 2145">
    <p class='ocr_par' dir='ltr' id='par_1_65' title="bbox 2184 2067 3829 2145">
     <span class='ocr_line' id='line_1_65' title="bbox 2184 2067 3829 2145; baseline -0.004 -20"><span class='ocrx_word' id='word_1_427' title='bbox 2184 2072 2329 2145; x_wconf 75' lang='grc' dir='ltr'>θείσῃ</span> <span class='ocrx_word' id='word_1_428' title='bbox 2388 2068 2444 2125; x_wconf 77' lang='grc' dir='ltr'><strong>δὲ</strong></span> <span class='ocrx_word' id='word_1_429' title='bbox 2491 2070 2580 2125; x_wconf 82' lang='grc' dir='ltr'><strong>καὶ</strong></span> <span class='ocrx_word' id='word_1_430' title='bbox 2625 2070 2710 2125; x_wconf 74' lang='grc' dir='ltr'><strong>ἐπὶ</strong></span> <span class='ocrx_word' id='word_1_431' title='bbox 2757 2072 2855 2139; x_wconf 72' lang='grc' dir='ltr'><strong>τὴν</strong></span> <span class='ocrx_word' id='word_1_432' title='bbox 2908 2068 3149 2127; x_wconf 82' lang='grc' dir='ltr'>Ἑλλάδα</span> <span class='ocrx_word' id='word_1_433' title='bbox 3195 2067 3465 2145; x_wconf 79' lang='grc' dir='ltr'><strong>γλῶτταν,</strong></span> <span class='ocrx_word' id='word_1_434' title='bbox 3518 2067 3650 2142; x_wconf 71' lang='grc' dir='ltr'><strong>ὑπὲρ</strong></span> <span class='ocrx_word' id='word_1_435' title='bbox 3700 2071 3829 2139; x_wconf 81' lang='grc' dir='ltr'><strong>Χρι-</strong></span> 
     </span>
    </p>
   </div>
   <div class='ocr_carea' id='block_1_66' title="bbox 2184 2156 3822 2234">
    <p class='ocr_par' dir='ltr' id='par_1_66' title="bbox 2184 2156 3822 2234">
     <span class='ocr_line' id='line_1_66' title="bbox 2184 2156 3822 2234; baseline -0.002 -21"><span class='ocrx_word' id='word_1_436' title='bbox 2184 2165 2410 2213; x_wconf 83' lang='grc' dir='ltr'>στιανῶν</span> <span class='ocrx_word' id='word_1_437' title='bbox 2443 2159 2723 2234; x_wconf 77' lang='grc' dir='ltr'>ἀπολογίᾳ</span> <span class='ocrx_word' id='word_1_438' title='bbox 2754 2162 2985 2233; x_wconf 86' lang='lat' dir='ltr'><strong>(Euseb.</strong></span> <span class='ocrx_word' id='word_1_439' title='bbox 3021 2162 3120 2215; x_wconf 90' lang='lat' dir='ltr'><strong>lib.</strong></span> <span class='ocrx_word' id='word_1_440' title='bbox 3154 2178 3215 2227; x_wconf 80' lang='lat' dir='ltr'><strong>Ii,</strong></span> <span class='ocrx_word' id='word_1_441' title='bbox 3255 2162 3393 2215; x_wconf 75' lang='lat' dir='ltr'><strong>Eccl.</strong></span> <span class='ocrx_word' id='word_1_442' title='bbox 3445 2160 3579 2215; x_wconf 82' lang='lat' dir='ltr'><strong>Hist.</strong></span> <span class='ocrx_word' id='word_1_443' title='bbox 3611 2174 3735 2228; x_wconf 88' lang='lat' dir='ltr'><strong>cap.</strong></span> <span class='ocrx_word' id='word_1_444' title='bbox 3768 2156 3822 2227; x_wconf 82' lang='lat'><strong>2,</strong></span> 
     </span>
    </p>
   </div>
   <div class='ocr_carea' id='block_1_67' title="bbox 2183 2246 3823 2322">
    <p class='ocr_par' dir='ltr' id='par_1_67' title="bbox 2183 2246 3823 2322">
     <span class='ocr_line' id='line_1_67' title="bbox 2183 2246 3823 2322; baseline -0.004 -17"><span class='ocrx_word' id='word_1_445' title='bbox 2183 2267 2315 2322; x_wconf 85' lang='lat' dir='ltr'><strong>pag.</strong></span> <span class='ocrx_word' id='word_1_446' title='bbox 2350 2252 2459 2322; x_wconf 82' lang='grc'><strong>41),</strong></span> <span class='ocrx_word' id='word_1_447' title='bbox 2494 2252 2884 2305; x_wconf 70' lang='lat' dir='ltr'><strong>Tertullianus.</strong></span> <span class='ocrx_word' id='word_1_448' title='bbox 2966 2292 2978 2304; x_wconf 97' lang='lat'><strong>.</strong></span> <span class='ocrx_word' id='word_1_449' title='bbox 3061 2292 3072 2303; x_wconf 96' lang='lat'><strong>.</strong></span> <span class='ocrx_word' id='word_1_450' title='bbox 3155 2290 3167 2303; x_wconf 94' lang='lat'><strong>.</strong></span> <span class='ocrx_word' id='word_1_451' title='bbox 3195 2250 3253 2303; x_wconf 83' lang='lat' dir='ltr'><strong>in</strong></span> <span class='ocrx_word' id='word_1_452' title='bbox 3294 2249 3555 2317; x_wconf 81' lang='lat' dir='ltr'><strong>Apologia</strong></span> <span class='ocrx_word' id='word_1_453' title='bbox 3608 2246 3678 2299; x_wconf 84' lang='lat' dir='ltr'><strong>ad</strong></span> <span class='ocrx_word' id='word_1_454' title='bbox 3709 2249 3823 2315; x_wconf 86' lang='lat' dir='ltr'><strong>ipso</strong></span> 
     </span>
    </p>
   </div>
   <div class='ocr_carea' id='block_1_68' title="bbox 2183 2335 3820 2410">
    <p class='ocr_par' dir='ltr' id='par_1_68' title="bbox 2183 2335 3820 2410">
     <span class='ocr_line' id='line_1_68' title="bbox 2183 2335 3820 2410; baseline -0.003 -17"><span class='ocrx_word' id='word_1_455' title='bbox 2183 2340 2399 2409; x_wconf 80' lang='lat' dir='ltr'><strong>quidem</strong></span> <span class='ocrx_word' id='word_1_456' title='bbox 2431 2342 2619 2394; x_wconf 85' lang='lat' dir='ltr'><strong>Latine</strong></span> <span class='ocrx_word' id='word_1_457' title='bbox 2655 2341 2992 2410; x_wconf 84' lang='lat' dir='ltr'><strong>conscripta,</strong></span> <span class='ocrx_word' id='word_1_458' title='bbox 3028 2343 3218 2409; x_wconf 83' lang='lat' dir='ltr'><strong>postea</strong></span> <span class='ocrx_word' id='word_1_459' title='bbox 3276 2354 3400 2392; x_wconf 84' lang='lat' dir='ltr'><strong>vero</strong></span> <span class='ocrx_word' id='word_1_460' title='bbox 3450 2338 3507 2391; x_wconf 86' lang='lat' dir='ltr'><strong>in</strong></span> <span class='ocrx_word' id='word_1_461' title='bbox 3571 2335 3820 2391; x_wconf 63' lang='lat' dir='ltr'><strong>Graecum</strong></span> 
     </span>
    </p>
   </div>
   <div class='ocr_carea' id='block_1_69' title="bbox 2181 2430 2800 2484">
    <p class='ocr_par' dir='ltr' id='par_1_69' title="bbox 2181 2430 2800 2484">
     <span class='ocr_line' id='line_1_69' title="bbox 2181 2430 2800 2484; baseline 0.002 -1"><span class='ocrx_word' id='word_1_462' title='bbox 2181 2445 2487 2483; x_wconf 76' lang='lat' dir='ltr'><strong>sermonem</strong></span> <span class='ocrx_word' id='word_1_463' title='bbox 2509 2430 2800 2484; x_wconf 81' lang='lat' dir='ltr'><strong>translata.</strong></span> 
     </span>
    </p>
   </div>
   <div class='ocr_carea' id='block_1_70' title="bbox 2252 2513 3824 2589">
    <p class='ocr_par' dir='ltr' id='par_1_70' title="bbox 2252 2513 3824 2589">
     <span class='ocr_line' id='line_1_70' title="bbox 2252 2513 3824 2589; baseline -0.004 -16"><span class='ocrx_word' id='word_1_464' title='bbox 2252 2521 2323 2573; x_wconf 84' lang='lat' dir='ltr'><strong>At</strong></span> <span class='ocrx_word' id='word_1_465' title='bbox 2351 2518 2592 2589; x_wconf 89' lang='lat' dir='ltr'><strong>quidam</strong></span> <span class='ocrx_word' id='word_1_466' title='bbox 2625 2522 2835 2572; x_wconf 72' lang='lat' dir='ltr'><strong>nostris</strong></span> <span class='ocrx_word' id='word_1_467' title='bbox 2888 2516 3074 2573; x_wconf 62' lang='lat' dir='ltr'><strong>aetatis</strong></span> <span class='ocrx_word' id='word_1_468' title='bbox 3131 2517 3464 2588; x_wconf 88' lang='lat' dir='ltr'><strong>scriptores,</strong></span> <span class='ocrx_word' id='word_1_469' title='bbox 3496 2513 3824 2569; x_wconf 88' lang='lat' dir='ltr'><strong>eruditione</strong></span> 
     </span>
    </p>
   </div>
   <div class='ocr_carea' id='block_1_71' title="bbox 2181 2601 3826 2679">
    <p class='ocr_par' dir='ltr' id='par_1_71' title="bbox 2181 2601 3826 2679">
     <span class='ocr_line' id='line_1_71' title="bbox 2181 2601 3826 2679; baseline -0.004 -15"><span class='ocrx_word' id='word_1_470' title='bbox 2181 2626 2289 2664; x_wconf 85' lang='lat' dir='ltr'><strong>sua</strong></span> <span class='ocrx_word' id='word_1_471' title='bbox 2332 2608 2653 2679; x_wconf 91' lang='lat' dir='ltr'><strong>conspicui,</strong></span> <span class='ocrx_word' id='word_1_472' title='bbox 2703 2610 2772 2662; x_wconf 92' lang='lat' dir='ltr'><strong>de</strong></span> <span class='ocrx_word' id='word_1_473' title='bbox 2825 2607 3000 2677; x_wconf 85' lang='lat' dir='ltr'><strong>hujus</strong></span> <span class='ocrx_word' id='word_1_474' title='bbox 3058 2611 3263 2661; x_wconf 66' lang='lat' dir='ltr'><strong>Graecas</strong></span> <span class='ocrx_word' id='word_1_475' title='bbox 3324 2601 3826 2675; x_wconf 85' lang='lat' dir='ltr'><strong>interpretationis</strong></span> 
     </span>
    </p>
   </div>
   <div class='ocr_carea' id='block_1_72' title="bbox 2182 2690 3828 2761">
    <p class='ocr_par' dir='ltr' id='par_1_72' title="bbox 2182 2690 3828 2761">
     <span class='ocr_line' id='line_1_72' title="bbox 2182 2690 3828 2761; baseline -0.005 -10"><span class='ocrx_word' id='word_1_476' title='bbox 2182 2702 2418 2751; x_wconf 91' lang='lat' dir='ltr'><strong>auctore</strong></span> <span class='ocrx_word' id='word_1_477' title='bbox 2448 2696 2598 2750; x_wconf 90' lang='lat' dir='ltr'><strong>inter</strong></span> <span class='ocrx_word' id='word_1_478' title='bbox 2625 2711 2685 2749; x_wconf 92' lang='lat' dir='ltr'><strong>se</strong></span> <span class='ocrx_word' id='word_1_479' title='bbox 2724 2694 3030 2750; x_wconf 90' lang='lat' dir='ltr'><strong>dissident.</strong></span> <span class='ocrx_word' id='word_1_480' title='bbox 3091 2692 3368 2749; x_wconf 90' lang='lat' dir='ltr'><strong>Nonnulli</strong></span> <span class='ocrx_word' id='word_1_481' title='bbox 3399 2693 3553 2748; x_wconf 91' lang='lat' dir='ltr'><strong>enim</strong></span> <span class='ocrx_word' id='word_1_482' title='bbox 3588 2690 3828 2761; x_wconf 84' lang='lat' dir='ltr'><strong>opinan-</strong></span> 
     </span>
    </p>
   </div>
   <div class='ocr_carea' id='block_1_73' title="bbox 2179 2781 3830 2856">
    <p class='ocr_par' dir='ltr' id='par_1_73' title="bbox 2179 2781 3830 2856">
     <span class='ocr_line' id='line_1_73' title="bbox 2179 2781 3830 2856; baseline -0.004 -16"><span class='ocrx_word' id='word_1_483' title='bbox 2179 2784 2676 2856; x_wconf 39' lang='lat' dir='ltr'><strong>tur,huncipsum</strong></span> <span class='ocrx_word' id='word_1_484' title='bbox 2719 2800 2847 2839; x_wconf 88' lang='lat' dir='ltr'><strong>esse</strong></span> <span class='ocrx_word' id='word_1_485' title='bbox 2900 2783 3233 2838; x_wconf 89' lang='lat' dir='ltr'><strong>Eusebium.</strong></span> <span class='ocrx_word' id='word_1_486' title='bbox 3292 2782 3401 2837; x_wconf 89' lang='lat' dir='ltr'><strong>Sed</strong></span> <span class='ocrx_word' id='word_1_487' title='bbox 3459 2781 3568 2836; x_wconf 92' lang='lat' dir='ltr'><strong>hoc</strong></span> <span class='ocrx_word' id='word_1_488' title='bbox 3611 2782 3830 2850; x_wconf 87' lang='lat' dir='ltr'><strong>negant</strong></span> 
     </span>
    </p>
   </div>
   <div class='ocr_carea' id='block_1_74' title="bbox 2182 2868 3828 2940">
    <p class='ocr_par' dir='ltr' id='par_1_74' title="bbox 2182 2868 3828 2940">
     <span class='ocr_line' id='line_1_74' title="bbox 2182 2868 3828 2940; baseline -0.005 -11"><span class='ocrx_word' id='word_1_489' title='bbox 2182 2873 2296 2929; x_wconf 86' lang='lat' dir='ltr'><strong>alii.</strong></span> <span class='ocrx_word' id='word_1_490' title='bbox 2332 2878 2479 2929; x_wconf 90' lang='lat' dir='ltr'><strong>Nam</strong></span> <span class='ocrx_word' id='word_1_491' title='bbox 2515 2873 2613 2928; x_wconf 92' lang='lat' dir='ltr'><strong>ubi</strong></span> <span class='ocrx_word' id='word_1_492' title='bbox 2646 2874 2800 2928; x_wconf 91' lang='lat' dir='ltr'><strong>idem</strong></span> <span class='ocrx_word' id='word_1_493' title='bbox 2835 2872 3122 2927; x_wconf 88' lang='lat' dir='ltr'><strong>Eusebius</strong></span> <span class='ocrx_word' id='word_1_494' title='bbox 3178 2888 3247 2926; x_wconf 82' lang='lat' dir='ltr'><strong>ex</strong></span> <span class='ocrx_word' id='word_1_495' title='bbox 3303 2870 3411 2925; x_wconf 90' lang='lat' dir='ltr'><strong>hoc</strong></span> <span class='ocrx_word' id='word_1_496' title='bbox 3466 2870 3611 2925; x_wconf 92' lang='lat' dir='ltr'><strong>libro</strong></span> <span class='ocrx_word' id='word_1_497' title='bbox 3656 2868 3828 2940; x_wconf 88' lang='lat' dir='ltr'><strong>plura</strong></span> 
     </span>
    </p>
   </div>
   <div class='ocr_carea' id='block_1_75' title="bbox 2181 2957 3825 3036">
    <p class='ocr_par' dir='ltr' id='par_1_75' title="bbox 2181 2957 3825 3036">
     <span class='ocr_line' id='line_1_75' title="bbox 2181 2957 3825 3036; baseline -0.004 -19"><span class='ocrx_word' id='word_1_498' title='bbox 2181 2964 2571 3035; x_wconf 86' lang='lat' dir='ltr'><strong>transcripsit,</strong></span> <span class='ocrx_word' id='word_1_499' title='bbox 2607 2982 2733 3036; x_wconf 64' lang='lat' dir='ltr'><strong>quae</strong></span> <span class='ocrx_word' id='word_1_500' title='bbox 2767 2964 2991 3017; x_wconf 88' lang='lat' dir='ltr'><strong>Plinius</strong></span> <span class='ocrx_word' id='word_1_501' title='bbox 3018 2964 3087 3017; x_wconf 89' lang='lat' dir='ltr'><strong>ad</strong></span> <span class='ocrx_word' id='word_1_502' title='bbox 3145 2962 3446 3017; x_wconf 89' lang='lat' dir='ltr'><strong>Tiberium</strong></span> <span class='ocrx_word' id='word_1_503' title='bbox 3506 2962 3576 3015; x_wconf 91' lang='lat' dir='ltr'><strong>de</strong></span> <span class='ocrx_word' id='word_1_504' title='bbox 3606 2957 3825 3015; x_wconf 81' lang='lat' dir='ltr'><strong>Christi</strong></span> 
     </span>
    </p>
   </div>
   <div class='ocr_carea' id='block_1_76' title="bbox 2181 3048 3821 3123">
    <p class='ocr_par' dir='ltr' id='par_1_76' title="bbox 2181 3048 3821 3123">
     <span class='ocr_line' id='line_1_76' title="bbox 2181 3048 3821 3123; baseline -0.004 -16"><span class='ocrx_word' id='word_1_505' title='bbox 2181 3054 2483 3109; x_wconf 87' lang='lat' dir='ltr'><strong>miraculis</strong></span> <span class='ocrx_word' id='word_1_506' title='bbox 2514 3055 2812 3119; x_wconf 89' lang='lat' dir='ltr'><strong>retulerat,</strong></span> <span class='ocrx_word' id='word_1_507' title='bbox 2846 3053 2926 3107; x_wconf 90' lang='lat' dir='ltr'><strong>ibi</strong></span> <span class='ocrx_word' id='word_1_508' title='bbox 2962 3052 3146 3107; x_wconf 88' lang='lat' dir='ltr'><strong>multa</strong></span> <span class='ocrx_word' id='word_1_509' title='bbox 3174 3050 3564 3123; x_wconf 67' lang='lat' dir='ltr'><strong>praetermisit,</strong></span> <span class='ocrx_word' id='word_1_510' title='bbox 3590 3066 3717 3120; x_wconf 82' lang='lat' dir='ltr'><strong>quas</strong></span> <span class='ocrx_word' id='word_1_511' title='bbox 3750 3048 3821 3101; x_wconf 88' lang='lat' dir='ltr'><strong>ad</strong></span> 
     </span>
    </p>
   </div>
   <div class='ocr_carea' id='block_1_77' title="bbox 2180 3138 3823 3213">
    <p class='ocr_par' dir='ltr' id='par_1_77' title="bbox 2180 3138 3823 3213">
     <span class='ocr_line' id='line_1_77' title="bbox 2180 3138 3823 3213; baseline -0.003 -16"><span class='ocrx_word' id='word_1_512' title='bbox 2180 3159 2353 3198; x_wconf 89' lang='lat' dir='ltr'><strong>suum</strong></span> <span class='ocrx_word' id='word_1_513' title='bbox 2403 3148 2596 3197; x_wconf 82' lang='lat' dir='ltr'><strong>tamen</strong></span> <span class='ocrx_word' id='word_1_514' title='bbox 2666 3142 3031 3213; x_wconf 89' lang='lat' dir='ltr'><strong>propositum</strong></span> <span class='ocrx_word' id='word_1_515' title='bbox 3091 3140 3339 3196; x_wconf 81' lang='lat' dir='ltr'><strong>maxime</strong></span> <span class='ocrx_word' id='word_1_516' title='bbox 3397 3138 3823 3194; x_wconf 83' lang='lat' dir='ltr'><strong>conducebant.</strong></span> 
     </span>
    </p>
   </div>
   <div class='ocr_carea' id='block_1_78' title="bbox 2179 3230 3821 3302">
    <p class='ocr_par' dir='ltr' id='par_1_78' title="bbox 2179 3230 3821 3302">
     <span class='ocr_line' id='line_1_78' title="bbox 2179 3230 3821 3302; baseline -0.002 -17"><span class='ocrx_word' id='word_1_517' title='bbox 2179 3233 2283 3287; x_wconf 84' lang='lat' dir='ltr'><strong>Sed</strong></span> <span class='ocrx_word' id='word_1_518' title='bbox 2320 3249 2435 3286; x_wconf 90' lang='lat' dir='ltr'><strong>non</strong></span> <span class='ocrx_word' id='word_1_519' title='bbox 2495 3232 2690 3302; x_wconf 87' lang='lat' dir='ltr'><strong>magni</strong></span> <span class='ocrx_word' id='word_1_520' title='bbox 2754 3231 3034 3286; x_wconf 88' lang='lat' dir='ltr'><strong>momenti</strong></span> <span class='ocrx_word' id='word_1_521' title='bbox 3083 3236 3175 3286; x_wconf 90' lang='lat' dir='ltr'><strong>est</strong></span> <span class='ocrx_word' id='word_1_522' title='bbox 3226 3230 3335 3285; x_wconf 92' lang='lat' dir='ltr'><strong>hoc</strong></span> <span class='ocrx_word' id='word_1_523' title='bbox 3384 3232 3821 3301; x_wconf 88' lang='lat' dir='ltr'><strong>argumentum.</strong></span> 
     </span>
    </p>
   </div>
   <div class='ocr_carea' id='block_1_79' title="bbox 2181 3315 3825 3393">
    <p class='ocr_par' dir='ltr' id='par_1_79' title="bbox 2181 3315 3825 3393">
     <span class='ocr_line' id='line_1_79' title="bbox 2181 3315 3825 3393; baseline -0.003 -19"><span class='ocrx_word' id='word_1_524' title='bbox 2181 3321 2417 3391; x_wconf 86' lang='lat' dir='ltr'><strong>Majoris</strong></span> <span class='ocrx_word' id='word_1_525' title='bbox 2451 3322 2726 3393; x_wconf 90' lang='lat' dir='ltr'><strong>ponderis</strong></span> <span class='ocrx_word' id='word_1_526' title='bbox 2758 3320 2900 3374; x_wconf 91' lang='lat' dir='ltr'><strong>illud</strong></span> <span class='ocrx_word' id='word_1_527' title='bbox 2927 3320 3176 3387; x_wconf 85' lang='lat' dir='ltr'><strong>videtur,</strong></span> <span class='ocrx_word' id='word_1_528' title='bbox 3228 3319 3381 3390; x_wconf 90' lang='lat' dir='ltr'><strong>quod</strong></span> <span class='ocrx_word' id='word_1_529' title='bbox 3440 3318 3608 3389; x_wconf 88' lang='lat' dir='ltr'><strong>plura</strong></span> <span class='ocrx_word' id='word_1_530' title='bbox 3654 3315 3825 3370; x_wconf 89' lang='lat' dir='ltr'><strong>testi-</strong></span> 
     </span>
    </p>
   </div>
   <div class='ocr_carea' id='block_1_80' title="bbox 2182 3404 3823 3478">
    <p class='ocr_par' dir='ltr' id='par_1_80' title="bbox 2182 3404 3823 3478">
     <span class='ocr_line' id='line_1_80' title="bbox 2182 3404 3823 3478; baseline -0.004 -13"><span class='ocrx_word' id='word_1_531' title='bbox 2182 3411 2398 3478; x_wconf 89' lang='lat' dir='ltr'><strong>monia,</strong></span> <span class='ocrx_word' id='word_1_532' title='bbox 2460 3427 2528 3465; x_wconf 84' lang='lat' dir='ltr'><strong>ex</strong></span> <span class='ocrx_word' id='word_1_533' title='bbox 2583 3410 2690 3465; x_wconf 91' lang='lat' dir='ltr'><strong>hoc</strong></span> <span class='ocrx_word' id='word_1_534' title='bbox 2731 3409 2922 3465; x_wconf 89' lang='lat' dir='ltr'><strong>adhuc</strong></span> <span class='ocrx_word' id='word_1_535' title='bbox 2974 3409 3122 3464; x_wconf 90' lang='lat' dir='ltr'><strong>libro</strong></span> <span class='ocrx_word' id='word_1_536' title='bbox 3173 3409 3244 3464; x_wconf 89' lang='lat' dir='ltr'><strong>ab</strong></span> <span class='ocrx_word' id='word_1_537' title='bbox 3319 3409 3521 3463; x_wconf 92' lang='lat' dir='ltr'><strong>eodem</strong></span> <span class='ocrx_word' id='word_1_538' title='bbox 3575 3404 3823 3460; x_wconf 89' lang='lat' dir='ltr'><strong>Eusebio</strong></span> 
     </span>
    </p>
   </div>
   <div class='ocr_carea' id='block_1_81' title="bbox 2179 3498 3821 3571">
    <p class='ocr_par' dir='ltr' id='par_1_81' title="bbox 2179 3498 3821 3571">
     <span class='ocr_line' id='line_1_81' title="bbox 2179 3498 3821 3571; baseline -0.004 -17"><span class='ocrx_word' id='word_1_539' title='bbox 2179 3502 2635 3571; x_wconf 89' lang='lat' dir='ltr'><strong>desumpta,non</strong></span> <span class='ocrx_word' id='word_1_540' title='bbox 2661 3499 2803 3555; x_wconf 82' lang='lat' dir='ltr'><strong>satis</strong></span> <span class='ocrx_word' id='word_1_541' title='bbox 2828 3503 3097 3554; x_wconf 89' lang='lat' dir='ltr'><strong>accurate</strong></span> <span class='ocrx_word' id='word_1_542' title='bbox 3119 3498 3175 3552; x_wconf 91' lang='lat' dir='ltr'><strong>in</strong></span> <span class='ocrx_word' id='word_1_543' title='bbox 3195 3502 3457 3553; x_wconf 62' lang='lat' dir='ltr'><strong>Graecum</strong></span> <span class='ocrx_word' id='word_1_544' title='bbox 3490 3510 3821 3551; x_wconf 89' lang='lat' dir='ltr'><strong>sermonem</strong></span> 
     </span>
    </p>
   </div>
   <div class='ocr_carea' id='block_1_82' title="bbox 2178 3583 3824 3660">
    <p class='ocr_par' dir='ltr' id='par_1_82' title="bbox 2178 3583 3824 3660">
     <span class='ocr_line' id='line_1_82' title="bbox 2178 3583 3824 3660; baseline -0.002 -19"><span class='ocrx_word' id='word_1_545' title='bbox 2178 3605 2344 3644; x_wconf 90' lang='lat' dir='ltr'><strong>versa</strong></span> <span class='ocrx_word' id='word_1_546' title='bbox 2366 3595 2523 3643; x_wconf 90' lang='lat' dir='ltr'><strong>sunt.</strong></span> <span class='ocrx_word' id='word_1_547' title='bbox 2549 3590 2655 3644; x_wconf 86' lang='lat' dir='ltr'><strong>Sed</strong></span> <span class='ocrx_word' id='word_1_548' title='bbox 2691 3605 2894 3660; x_wconf 87' lang='lat' dir='ltr'><strong>parum</strong></span> <span class='ocrx_word' id='word_1_549' title='bbox 2932 3586 3196 3642; x_wconf 59' lang='lat' dir='ltr'><strong>Ecclesia</strong></span> <span class='ocrx_word' id='word_1_550' title='bbox 3238 3586 3485 3641; x_wconf 90' lang='lat' dir='ltr'><strong>interest</strong></span> <span class='ocrx_word' id='word_1_551' title='bbox 3516 3586 3663 3640; x_wconf 87' lang='lat' dir='ltr'><strong>scire</strong></span> <span class='ocrx_word' id='word_1_552' title='bbox 3689 3583 3824 3655; x_wconf 91' lang='lat' dir='ltr'><strong>quis</strong></span> 
     </span>
    </p>
   </div>
   <div class='ocr_carea' id='block_1_83' title="bbox 2177 3676 3822 3748">
    <p class='ocr_par' dir='ltr' id='par_1_83' title="bbox 2177 3676 3822 3748">
     <span class='ocr_line' id='line_1_83' title="bbox 2177 3676 3822 3748; baseline -0.004 -15"><span class='ocrx_word' id='word_1_553' title='bbox 2177 3678 2332 3733; x_wconf 92' lang='lat' dir='ltr'><strong>hunc</strong></span> <span class='ocrx_word' id='word_1_554' title='bbox 2354 3678 2571 3733; x_wconf 90' lang='lat' dir='ltr'><strong>librum</strong></span> <span class='ocrx_word' id='word_1_555' title='bbox 2598 3678 2791 3733; x_wconf 81' lang='lat' dir='ltr'><strong>Graece</strong></span> <span class='ocrx_word' id='word_1_556' title='bbox 2840 3676 2915 3731; x_wconf 90' lang='lat' dir='ltr'><strong>sit</strong></span> <span class='ocrx_word' id='word_1_557' title='bbox 2944 3676 3377 3748; x_wconf 87' lang='lat' dir='ltr'><strong>interpretatus.</strong></span> <span class='ocrx_word' id='word_1_558' title='bbox 3413 3676 3591 3730; x_wconf 90' lang='lat' dir='ltr'><strong>Nobis</strong></span> <span class='ocrx_word' id='word_1_559' title='bbox 3624 3678 3822 3728; x_wconf 90' lang='lat' dir='ltr'><strong>autem</strong></span> 
     </span>
    </p>
   </div>
   <div class='ocr_carea' id='block_1_84' title="bbox 2174 3765 3823 3839">
    <p class='ocr_par' dir='ltr' id='par_1_84' title="bbox 2174 3765 3823 3839">
     <span class='ocr_line' id='line_1_84' title="bbox 2174 3765 3823 3839; baseline -0.004 -17"><span class='ocrx_word' id='word_1_560' title='bbox 2174 3769 2408 3823; x_wconf 87' lang='lat' dir='ltr'><strong>facilius</strong></span> <span class='ocrx_word' id='word_1_561' title='bbox 2438 3767 2883 3839; x_wconf 89' lang='lat' dir='ltr'><strong>persuadebitur</strong></span> <span class='ocrx_word' id='word_1_562' title='bbox 2931 3784 3063 3821; x_wconf 90' lang='lat' dir='ltr'><strong>eum</strong></span> <span class='ocrx_word' id='word_1_563' title='bbox 3120 3771 3315 3821; x_wconf 73' lang='lat' dir='ltr'><strong>Graece</strong></span> <span class='ocrx_word' id='word_1_564' title='bbox 3360 3765 3654 3821; x_wconf 90' lang='lat' dir='ltr'><strong>redditum</strong></span> <span class='ocrx_word' id='word_1_565' title='bbox 3687 3766 3823 3817; x_wconf 86' lang='lat' dir='ltr'><strong>ante</strong></span> 
     </span>
    </p>
   </div>
   <div class='ocr_carea' id='block_1_85' title="bbox 2170 3854 3821 3927">
    <p class='ocr_par' dir='ltr' id='par_1_85' title="bbox 2170 3854 3821 3927">
     <span class='ocr_line' id='line_1_85' title="bbox 2170 3854 3821 3927; baseline -0.005 -14"><span class='ocrx_word' id='word_1_566' title='bbox 2170 3857 2405 3913; x_wconf 85' lang='lat' dir='ltr'><strong>Eusebii</strong></span> <span class='ocrx_word' id='word_1_567' title='bbox 2437 3863 2720 3927; x_wconf 88' lang='lat' dir='ltr'><strong>tempora,</strong></span> <span class='ocrx_word' id='word_1_568' title='bbox 2772 3861 2829 3911; x_wconf 84' lang='lat' dir='ltr'><strong>et</strong></span> <span class='ocrx_word' id='word_1_569' title='bbox 2861 3872 2995 3911; x_wconf 91' lang='lat' dir='ltr'><strong>cum</strong></span> <span class='ocrx_word' id='word_1_570' title='bbox 3028 3854 3257 3927; x_wconf 84' lang='lat' dir='ltr'><strong>tyranni</strong></span> <span class='ocrx_word' id='word_1_571' title='bbox 3292 3856 3511 3925; x_wconf 89' lang='lat' dir='ltr'><strong>majore</strong></span> <span class='ocrx_word' id='word_1_572' title='bbox 3543 3867 3821 3925; x_wconf 88' lang='lat' dir='ltr'><strong>persecu-</strong></span> 
     </span>
    </p>
   </div>
   <div class='ocr_carea' id='block_1_86' title="bbox 2171 3939 3822 4003">
    <p class='ocr_par' dir='ltr' id='par_1_86' title="bbox 2171 3939 3822 4003">
     <span class='ocr_line' id='line_1_86' title="bbox 2171 3939 3822 4003; baseline -0.004 -2"><span class='ocrx_word' id='word_1_573' title='bbox 2171 3947 2352 4003; x_wconf 90' lang='lat' dir='ltr'><strong>tionis</strong></span> <span class='ocrx_word' id='word_1_574' title='bbox 2387 3952 2530 4003; x_wconf 75' lang='lat' dir='ltr'><strong>aastu</strong></span> <span class='ocrx_word' id='word_1_575' title='bbox 2566 3948 2623 4000; x_wconf 92' lang='lat' dir='ltr'><strong>in</strong></span> <span class='ocrx_word' id='word_1_576' title='bbox 2656 3946 3019 4001; x_wconf 86' lang='lat' dir='ltr'><strong>Christianos</strong></span> <span class='ocrx_word' id='word_1_577' title='bbox 3048 3945 3381 4001; x_wconf 65' lang='lat' dir='ltr'><strong>saeviebant.</strong></span> <span class='ocrx_word' id='word_1_578' title='bbox 3416 3943 3541 3999; x_wconf 91' lang='lat' dir='ltr'><strong>Non</strong></span> <span class='ocrx_word' id='word_1_579' title='bbox 3576 3939 3822 3997; x_wconf 90' lang='lat' dir='ltr'><strong>omnino</strong></span> 
     </span>
    </p>
   </div>
   <div class='ocr_carea' id='block_1_87' title="bbox 2169 4029 3822 4107">
    <p class='ocr_par' dir='ltr' id='par_1_87' title="bbox 2169 4029 3822 4107">
     <span class='ocr_line' id='line_1_87' title="bbox 2169 4029 3822 4107; baseline -0.005 -18"><span class='ocrx_word' id='word_1_580' title='bbox 2169 4036 2464 4107; x_wconf 87' lang='lat' dir='ltr'><strong>siquidem</strong></span> <span class='ocrx_word' id='word_1_581' title='bbox 2518 4036 2764 4090; x_wconf 89' lang='lat' dir='ltr'><strong>obscure</strong></span> <span class='ocrx_word' id='word_1_582' title='bbox 2814 4034 2913 4089; x_wconf 91' lang='lat' dir='ltr'><strong>ille</strong></span> <span class='ocrx_word' id='word_1_583' title='bbox 2960 4034 3127 4088; x_wconf 91' lang='lat' dir='ltr'><strong>nobis</strong></span> <span class='ocrx_word' id='word_1_584' title='bbox 3200 4032 3532 4105; x_wconf 79' lang='lat' dir='ltr'><strong>significare</strong></span> <span class='ocrx_word' id='word_1_585' title='bbox 3587 4029 3822 4084; x_wconf 91' lang='lat' dir='ltr'><strong>videtur</strong></span> 
     </span>
    </p>
   </div>
   <div class='ocr_carea' id='block_1_88' title="bbox 2168 4117 3823 4192">
    <p class='ocr_par' dir='ltr' id='par_1_88' title="bbox 2168 4117 3823 4192">
     <span class='ocr_line' id='line_1_88' title="bbox 2168 4117 3823 4192; baseline -0.005 -14"><span class='ocrx_word' id='word_1_586' title='bbox 2168 4123 2326 4179; x_wconf 80' lang='lat' dir='ltr'><strong>hunc</strong></span> <span class='ocrx_word' id='word_1_587' title='bbox 2349 4123 2565 4179; x_wconf 91' lang='lat' dir='ltr'><strong>librum</strong></span> <span class='ocrx_word' id='word_1_588' title='bbox 2600 4142 2630 4179; x_wconf 93' lang='lat' dir='ltr'><strong>a</strong></span> <span class='ocrx_word' id='word_1_589' title='bbox 2662 4140 2724 4178; x_wconf 91' lang='lat' dir='ltr'><strong>se</strong></span> <span class='ocrx_word' id='word_1_590' title='bbox 2750 4140 2863 4178; x_wconf 92' lang='lat' dir='ltr'><strong>non</strong></span> <span class='ocrx_word' id='word_1_591' title='bbox 2888 4128 3059 4177; x_wconf 88' lang='lat' dir='ltr'><strong>antea</strong></span> <span class='ocrx_word' id='word_1_592' title='bbox 3082 4122 3319 4191; x_wconf 90' lang='lat' dir='ltr'><strong>lectum,</strong></span> <span class='ocrx_word' id='word_1_593' title='bbox 3379 4136 3558 4192; x_wconf 90' lang='lat' dir='ltr'><strong>quam</strong></span> <span class='ocrx_word' id='word_1_594' title='bbox 3620 4117 3823 4173; x_wconf 76' lang='lat' dir='ltr'><strong>Graeco</strong></span> 
     </span>
    </p>
   </div>
   <div class='ocr_carea' id='block_1_89' title="bbox 2164 4195 3823 4284">
    <p class='ocr_par' dir='ltr' id='par_1_89' title="bbox 2164 4195 3823 4284">
     <span class='ocr_line' id='line_1_89' title="bbox 2164 4195 3823 4284; baseline -0.004 -17"><span class='ocrx_word' id='word_1_595' title='bbox 2164 4195 2441 4268; x_wconf 84' lang='lat' dir='ltr'><strong>idiomate</strong></span> <span class='ocrx_word' id='word_1_596' title='bbox 2480 4212 2899 4284; x_wconf 90' lang='lat' dir='ltr'><strong>divulgaretur.</strong></span> <span class='ocrx_word' id='word_1_597' title='bbox 2962 4213 3257 4281; x_wconf 90' lang='lat' dir='ltr'><strong>Utcunque</strong></span> <span class='ocrx_word' id='word_1_598' title='bbox 3314 4226 3483 4281; x_wconf 94' lang='lat' dir='ltr'><strong>porro</strong></span> <span class='ocrx_word' id='word_1_599' title='bbox 3540 4224 3669 4263; x_wconf 88' lang='lat' dir='ltr'><strong>sese</strong></span> <span class='ocrx_word' id='word_1_600' title='bbox 3725 4222 3823 4261; x_wconf 91' lang='lat' dir='ltr'><strong>res</strong></span> 
     </span>
    </p>
   </div>
   <div class='ocr_carea' id='block_1_90' title="bbox 2163 4298 3815 4373">
    <p class='ocr_par' dir='ltr' id='par_1_90' title="bbox 2163 4298 3815 4373">
     <span class='ocr_line' id='line_1_90' title="bbox 2163 4298 3815 4373; baseline -0.003 -17"><span class='ocrx_word' id='word_1_601' title='bbox 2163 4301 2394 4365; x_wconf 87' lang='lat' dir='ltr'><strong>habeat,</strong></span> <span class='ocrx_word' id='word_1_602' title='bbox 2428 4303 2564 4356; x_wconf 89' lang='lat' dir='ltr'><strong>inde</strong></span> <span class='ocrx_word' id='word_1_603' title='bbox 2596 4303 2851 4373; x_wconf 86' lang='lat' dir='ltr'><strong>profecto</strong></span> <span class='ocrx_word' id='word_1_604' title='bbox 2910 4300 3095 4371; x_wconf 85' lang='lat' dir='ltr'><strong>liquet</strong></span> <span class='ocrx_word' id='word_1_605' title='bbox 3146 4301 3347 4371; x_wconf 89' lang='lat' dir='ltr'><strong>quanti</strong></span> <span class='ocrx_word' id='word_1_606' title='bbox 3381 4299 3502 4355; x_wconf 57' lang='lat' dir='ltr'><strong>haec</strong></span> <span class='ocrx_word' id='word_1_607' title='bbox 3551 4298 3815 4370; x_wconf 83' lang='lat' dir='ltr'><strong>Apologia</strong></span> 
     </span>
    </p>
   </div>
   <div class='ocr_carea' id='block_1_91' title="bbox 2163 4390 3355 4445">
    <p class='ocr_par' dir='ltr' id='par_1_91' title="bbox 2163 4390 3355 4445">
     <span class='ocr_line' id='line_1_91' title="bbox 2163 4390 3355 4445; baseline -0.002 0"><span class='ocrx_word' id='word_1_608' title='bbox 2163 4407 2197 4445; x_wconf 89' lang='lat' dir='ltr'><strong>a</strong></span> <span class='ocrx_word' id='word_1_609' title='bbox 2227 4391 2437 4445; x_wconf 66' lang='lat' dir='ltr'><strong>Graecis</strong></span> <span class='ocrx_word' id='word_1_610' title='bbox 2468 4390 2809 4445; x_wconf 88' lang='lat' dir='ltr'><strong>hominibus</strong></span> <span class='ocrx_word' id='word_1_611' title='bbox 2838 4390 3125 4445; x_wconf 70' lang='lat' dir='ltr'><strong>aestimata</strong></span> <span class='ocrx_word' id='word_1_612' title='bbox 3157 4390 3355 4444; x_wconf 88' lang='lat' dir='ltr'><strong>fuerit.</strong></span> 
     </span>
    </p>
   </div>
   <div class='ocr_carea' id='block_1_92' title="bbox 2232 4476 3823 4550">
    <p class='ocr_par' dir='ltr' id='par_1_92' title="bbox 2232 4476 3823 4550">
     <span class='ocr_line' id='line_1_92' title="bbox 2232 4476 3823 4550; baseline -0.001 -17"><span class='ocrx_word' id='word_1_613' title='bbox 2232 4480 2376 4543; x_wconf 88' lang='lat' dir='ltr'><strong>Quid</strong></span> <span class='ocrx_word' id='word_1_614' title='bbox 2411 4496 2566 4549; x_wconf 85' lang='lat' dir='ltr'><strong>ergo,</strong></span> <span class='ocrx_word' id='word_1_615' title='bbox 2596 4478 2823 4550; x_wconf 90' lang='lat' dir='ltr'><strong>inquiet</strong></span> <span class='ocrx_word' id='word_1_616' title='bbox 2846 4478 3081 4549; x_wconf 88' lang='lat' dir='ltr'><strong>aliquis,</strong></span> <span class='ocrx_word' id='word_1_617' title='bbox 3118 4495 3309 4534; x_wconf 91' lang='lat' dir='ltr'><strong>nonne</strong></span> <span class='ocrx_word' id='word_1_618' title='bbox 3330 4478 3488 4533; x_wconf 88' lang='lat' dir='ltr'><strong>aliud</strong></span> <span class='ocrx_word' id='word_1_619' title='bbox 3522 4478 3709 4549; x_wconf 90' lang='lat' dir='ltr'><strong>longe</strong></span> <span class='ocrx_word' id='word_1_620' title='bbox 3734 4476 3823 4531; x_wconf 91' lang='lat' dir='ltr'><strong>di-</strong></span> 
     </span>
    </p>
   </div>
   <div class='ocr_carea' id='block_1_93' title="bbox 404 4567 3822 4638">
    <p class='ocr_par' dir='ltr' id='par_1_93' title="bbox 404 4567 3822 4638">
     <span class='ocr_line' id='line_1_93' title="bbox 404 4567 3822 4638; baseline -0 -14"><span class='ocrx_word' id='word_1_621' title='bbox 404 4585 509 4624; x_wconf 86' lang='lat' dir='ltr'><strong>nes</strong></span> <span class='ocrx_word' id='word_1_622' title='bbox 540 4567 1090 4637; x_wconf 86' lang='lat' dir='ltr'><strong>adornarunt,illud</strong></span> <span class='ocrx_word' id='word_1_623' title='bbox 1117 4568 1198 4623; x_wconf 90' lang='lat' dir='ltr'><strong>ita</strong></span> <span class='ocrx_word' id='word_1_624' title='bbox 1228 4584 1576 4638; x_wconf 89' lang='lat' dir='ltr'><strong>persuasum</strong></span> <span class='ocrx_word' id='word_1_625' title='bbox 1612 4568 1810 4633; x_wconf 84' lang='lat' dir='ltr'><strong>fuit,ut</strong></span> <span class='ocrx_word' id='word_1_626' title='bbox 1832 4568 2051 4624; x_wconf 90' lang='lat' dir='ltr'><strong>hancce</strong></span> <span class='ocrx_word' id='word_1_627' title='bbox 2159 4586 2394 4624; x_wconf 88' lang='lat' dir='ltr'><strong>versum</strong></span> <span class='ocrx_word' id='word_1_628' title='bbox 2428 4568 2764 4623; x_wconf 87' lang='lat' dir='ltr'><strong>Lactantius</strong></span> <span class='ocrx_word' id='word_1_629' title='bbox 2786 4568 2856 4622; x_wconf 92' lang='lat' dir='ltr'><strong>de</strong></span> <span class='ocrx_word' id='word_1_630' title='bbox 2879 4568 2979 4622; x_wconf 89' lang='lat' dir='ltr'><strong>illa</strong></span> <span class='ocrx_word' id='word_1_631' title='bbox 3016 4567 3311 4637; x_wconf 87' lang='lat' dir='ltr'><strong>judicium</strong></span> <span class='ocrx_word' id='word_1_632' title='bbox 3370 4569 3462 4623; x_wconf 87' lang='lat' dir='ltr'><strong>his</strong></span> <span class='ocrx_word' id='word_1_633' title='bbox 3522 4567 3663 4623; x_wconf 74' lang='lat' dir='ltr'><strong>tulit</strong></span> <span class='ocrx_word' id='word_1_634' title='bbox 3696 4584 3822 4623; x_wconf 87' lang='lat' dir='ltr'><strong>ver-</strong></span> 
     </span>
    </p>
   </div>
   <div class='ocr_carea' id='block_1_94' title="bbox 406 4648 3829 4730">
    <p class='ocr_par' dir='ltr' id='par_1_94' title="bbox 406 4648 3829 4730">
     <span class='ocr_line' id='line_1_94' title="bbox 406 4648 3829 4730; baseline -0.001 -17"><span class='ocrx_word' id='word_1_635' title='bbox 406 4657 780 4730; x_wconf 88' lang='lat' dir='ltr'><strong>partitionem</strong></span> <span class='ocrx_word' id='word_1_636' title='bbox 810 4662 1037 4712; x_wconf 85' lang='lat' dir='ltr'><strong>mutare</strong></span> <span class='ocrx_word' id='word_1_637' title='bbox 1086 4675 1201 4713; x_wconf 91' lang='lat' dir='ltr'><strong>non</strong></span> <span class='ocrx_word' id='word_1_638' title='bbox 1242 4659 1387 4714; x_wconf 74' lang='lat'><strong>745</strong></span> <span class='ocrx_word' id='word_1_639' title='bbox 1423 4657 1840 4712; x_wconf 84' lang='lat' dir='ltr'><strong>dubitaverint.</strong></span> <span class='ocrx_word' id='word_1_640' title='bbox 1873 4660 2056 4714; x_wconf 88' lang='lat' dir='ltr'><strong>Cona-</strong></span> <span class='ocrx_word' id='word_1_641' title='bbox 2090 4648 2137 4713; x_wconf 89' lang='lat' dir='ltr'><strong>D</strong></span> <span class='ocrx_word' id='word_1_642' title='bbox 2169 4658 2259 4713; x_wconf 83' lang='lat' dir='ltr'><strong>bis</strong></span> <span class='ocrx_word' id='word_1_643' title='bbox 2289 4657 2315 4712; x_wconf 85' lang='lat'><strong>?</strong></span> <span class='ocrx_word' id='word_1_644' title='bbox 2346 4681 2372 4707; x_wconf 85' lang='lat'><strong>«</strong></span> <span class='ocrx_word' id='word_1_645' title='bbox 2407 4656 2727 4728; x_wconf 89' lang='lat' dir='ltr'><strong>Septimius</strong></span> <span class='ocrx_word' id='word_1_646' title='bbox 2772 4654 3174 4711; x_wconf 85' lang='lat' dir='ltr'><strong>Tertullianus</strong></span> <span class='ocrx_word' id='word_1_647' title='bbox 3234 4657 3343 4711; x_wconf 89' lang='lat' dir='ltr'><strong>fuit</strong></span> <span class='ocrx_word' id='word_1_648' title='bbox 3391 4657 3550 4712; x_wconf 90' lang='lat' dir='ltr'><strong>omni</strong></span> <span class='ocrx_word' id='word_1_649' title='bbox 3611 4672 3829 4728; x_wconf 87' lang='lat' dir='ltr'><strong>genere</strong></span> 
     </span>
    </p>
   </div>
   <div class='ocr_carea' id='block_1_95' title="bbox 404 4745 2053 4818">
    <p class='ocr_par' dir='ltr' id='par_1_95' title="bbox 404 4745 2053 4818">
     <span class='ocr_line' id='line_1_95' title="bbox 404 4745 2053 4818; baseline 0.001 -16"><span class='ocrx_word' id='word_1_650' title='bbox 404 4750 527 4803; x_wconf 87' lang='lat' dir='ltr'><strong>tum</strong></span> <span class='ocrx_word' id='word_1_651' title='bbox 558 4764 691 4802; x_wconf 91' lang='lat' dir='ltr'><strong>vero</strong></span> <span class='ocrx_word' id='word_1_652' title='bbox 747 4745 983 4801; x_wconf 90' lang='lat' dir='ltr'><strong>illorum</strong></span> <span class='ocrx_word' id='word_1_653' title='bbox 1043 4746 1141 4817; x_wconf 92' lang='lat' dir='ltr'><strong>qui</strong></span> <span class='ocrx_word' id='word_1_654' title='bbox 1206 4746 1496 4817; x_wconf 90' lang='lat' dir='ltr'><strong>improbet</strong></span> <span class='ocrx_word' id='word_1_655' title='bbox 1580 4752 1857 4818; x_wconf 88' lang='lat' dir='ltr'><strong>putamus</strong></span> <span class='ocrx_word' id='word_1_656' title='bbox 1924 4764 2053 4803; x_wconf 86' lang='lat' dir='ltr'><strong>esse</strong></span> 
     </span>
    </p>
   </div>
   <div class='ocr_carea' id='block_1_96' title="bbox 404 4834 2054 4907">
    <p class='ocr_par' dir='ltr' id='par_1_96' title="bbox 404 4834 2054 4907">
     <span class='ocr_line' id='line_1_96' title="bbox 404 4834 2054 4907; baseline 0 -16"><span class='ocrx_word' id='word_1_657' title='bbox 404 4836 719 4891; x_wconf 90' lang='lat' dir='ltr'><strong>neminem.</strong></span> <span class='ocrx_word' id='word_1_658' title='bbox 756 4841 829 4890; x_wconf 87' lang='lat' dir='ltr'><strong>At</strong></span> <span class='ocrx_word' id='word_1_659' title='bbox 862 4834 1059 4890; x_wconf 88' lang='lat' dir='ltr'><strong>nullus</strong></span> <span class='ocrx_word' id='word_1_660' title='bbox 1074 4835 1245 4890; x_wconf 88' lang='lat' dir='ltr'><strong>etiam</strong></span> <span class='ocrx_word' id='word_1_661' title='bbox 1268 4836 1499 4906; x_wconf 75' lang='lat' dir='ltr'><strong>negabit</strong></span> <span class='ocrx_word' id='word_1_662' title='bbox 1515 4853 1612 4892; x_wconf 90' lang='lat' dir='ltr'><strong>eos</strong></span> <span class='ocrx_word' id='word_1_663' title='bbox 1640 4853 1883 4907; x_wconf 89' lang='lat' dir='ltr'><strong>scopum</strong></span> <span class='ocrx_word' id='word_1_664' title='bbox 1908 4854 2054 4892; x_wconf 91' lang='lat' dir='ltr'><strong>non-</strong></span> 
     </span>
    </p>
   </div>
   <div class='ocr_carea' id='block_1_97' title="bbox 407 4924 2056 4997">
    <p class='ocr_par' dir='ltr' id='par_1_97' title="bbox 407 4924 2056 4997">
     <span class='ocr_line' id='line_1_97' title="bbox 407 4924 2056 4997; baseline 0.002 -18"><span class='ocrx_word' id='word_1_665' title='bbox 407 4925 546 4979; x_wconf 92' lang='lat' dir='ltr'><strong>dum</strong></span> <span class='ocrx_word' id='word_1_666' title='bbox 572 4924 862 4997; x_wconf 88' lang='lat' dir='ltr'><strong>attigisse,</strong></span> <span class='ocrx_word' id='word_1_667' title='bbox 896 4929 954 4979; x_wconf 91' lang='lat' dir='ltr'><strong>et</strong></span> <span class='ocrx_word' id='word_1_668' title='bbox 984 4924 1139 4979; x_wconf 92' lang='lat' dir='ltr'><strong>hunc</strong></span> <span class='ocrx_word' id='word_1_669' title='bbox 1169 4924 1385 4979; x_wconf 91' lang='lat' dir='ltr'><strong>librum</strong></span> <span class='ocrx_word' id='word_1_670' title='bbox 1418 4942 1592 4997; x_wconf 91' lang='lat' dir='ltr'><strong>posse</strong></span> <span class='ocrx_word' id='word_1_671' title='bbox 1624 4926 1813 4982; x_wconf 89' lang='lat' dir='ltr'><strong>adhuc</strong></span> <span class='ocrx_word' id='word_1_672' title='bbox 1844 4927 2056 4983; x_wconf 85' lang='lat' dir='ltr'><strong>melius</strong></span> 
     </span>
    </p>
   </div>
   <div class='ocr_carea' id='block_1_98' title="bbox 407 5011 1020 5085">
    <p class='ocr_par' dir='ltr' id='par_1_98' title="bbox 407 5011 1020 5085">
     <span class='ocr_line' id='line_1_98' title="bbox 407 5011 1020 5085; baseline 0.003 -20"><span class='ocrx_word' id='word_1_673' title='bbox 407 5011 466 5067; x_wconf 88' lang='lat' dir='ltr'><strong>in</strong></span> <span class='ocrx_word' id='word_1_674' title='bbox 498 5014 694 5085; x_wconf 87' lang='lat' dir='ltr'><strong>capita</strong></span> <span class='ocrx_word' id='word_1_675' title='bbox 726 5012 1020 5069; x_wconf 89' lang='lat' dir='ltr'><strong>distribui.</strong></span> 
     </span>
    </p>
   </div>
   <div class='ocr_carea' id='block_1_99' title="bbox 476 5101 2058 5178">
    <p class='ocr_par' dir='ltr' id='par_1_99' title="bbox 476 5101 2058 5178">
     <span class='ocr_line' id='line_1_99' title="bbox 476 5101 2058 5178; baseline 0.004 -22"><span class='ocrx_word' id='word_1_676' title='bbox 476 5101 651 5157; x_wconf 90' lang='lat' dir='ltr'><strong>Porro</strong></span> <span class='ocrx_word' id='word_1_677' title='bbox 682 5108 877 5158; x_wconf 88' lang='lat' dir='ltr'><strong>autem</strong></span> <span class='ocrx_word' id='word_1_678' title='bbox 912 5102 959 5158; x_wconf 90' lang='lat' dir='ltr'><strong>si</strong></span> <span class='ocrx_word' id='word_1_679' title='bbox 993 5106 1212 5158; x_wconf 89' lang='lat' dir='ltr'><strong>certum</strong></span> <span class='ocrx_word' id='word_1_680' title='bbox 1246 5103 1321 5158; x_wconf 87' lang='lat' dir='ltr'><strong>sit</strong></span> <span class='ocrx_word' id='word_1_681' title='bbox 1344 5103 1499 5160; x_wconf 89' lang='lat' dir='ltr'><strong>hunc</strong></span> <span class='ocrx_word' id='word_1_682' title='bbox 1526 5103 1742 5161; x_wconf 90' lang='lat' dir='ltr'><strong>librum</strong></span> <span class='ocrx_word' id='word_1_683' title='bbox 1774 5105 1833 5160; x_wconf 89' lang='lat' dir='ltr'><strong>in</strong></span> <span class='ocrx_word' id='word_1_684' title='bbox 1867 5107 2058 5178; x_wconf 87' lang='lat' dir='ltr'><strong>capita</strong></span> 
     </span>
    </p>
   </div>
   <div class='ocr_carea' id='block_1_100' title="bbox 408 5191 2057 5267">
    <p class='ocr_par' dir='ltr' id='par_1_100' title="bbox 408 5191 2057 5267">
     <span class='ocr_line' id='line_1_100' title="bbox 408 5191 2057 5267; baseline 0.004 -22"><span class='ocrx_word' id='word_1_685' title='bbox 408 5206 441 5245; x_wconf 92' lang='lat' dir='ltr'><strong>a</strong></span> <span class='ocrx_word' id='word_1_686' title='bbox 470 5191 824 5247; x_wconf 89' lang='lat' dir='ltr'><strong>Tertulliano</strong></span> <span class='ocrx_word' id='word_1_687' title='bbox 850 5209 963 5247; x_wconf 91' lang='lat' dir='ltr'><strong>non</strong></span> <span class='ocrx_word' id='word_1_688' title='bbox 988 5192 1640 5266; x_wconf 84' lang='lat' dir='ltr'><strong>fuissedivisum,longe</strong></span> <span class='ocrx_word' id='word_1_689' title='bbox 1662 5195 1915 5267; x_wconf 90' lang='lat' dir='ltr'><strong>profecto</strong></span> <span class='ocrx_word' id='word_1_690' title='bbox 1940 5212 2057 5251; x_wconf 88' lang='lat' dir='ltr'><strong>cer-</strong></span> 
     </span>
    </p>
   </div>
   <div class='ocr_carea' id='block_1_101' title="bbox 408 5280 2056 5356">
    <p class='ocr_par' dir='ltr' id='par_1_101' title="bbox 408 5280 2056 5356">
     <span class='ocr_line' id='line_1_101' title="bbox 408 5280 2056 5356; baseline 0.004 -23"><span class='ocrx_word' id='word_1_691' title='bbox 408 5280 527 5335; x_wconf 84' lang='lat' dir='ltr'><strong>tius</strong></span> <span class='ocrx_word' id='word_1_692' title='bbox 561 5285 648 5335; x_wconf 89' lang='lat' dir='ltr'><strong>cst</strong></span> <span class='ocrx_word' id='word_1_693' title='bbox 680 5282 752 5333; x_wconf 89' lang='lat' dir='ltr'><strong>ab</strong></span> <span class='ocrx_word' id='word_1_694' title='bbox 783 5280 881 5335; x_wconf 91' lang='lat' dir='ltr'><strong>illo</strong></span> <span class='ocrx_word' id='word_1_695' title='bbox 903 5281 1058 5335; x_wconf 89' lang='lat' dir='ltr'><strong>edita</strong></span> <span class='ocrx_word' id='word_1_696' title='bbox 1091 5299 1202 5336; x_wconf 93' lang='lat' dir='ltr'><strong>non</strong></span> <span class='ocrx_word' id='word_1_697' title='bbox 1236 5299 1363 5337; x_wconf 89' lang='lat' dir='ltr'><strong>esse</strong></span> <span class='ocrx_word' id='word_1_698' title='bbox 1420 5285 1758 5338; x_wconf 90' lang='lat' dir='ltr'><strong>eorumdem</strong></span> <span class='ocrx_word' id='word_1_699' title='bbox 1799 5286 2056 5356; x_wconf 90' lang='lat' dir='ltr'><strong>capitum</strong></span> 
     </span>
    </p>
   </div>
   <div class='ocr_carea' id='block_1_102' title="bbox 406 5368 2056 5442">
    <p class='ocr_par' dir='ltr' id='par_1_102' title="bbox 406 5368 2056 5442">
     <span class='ocr_line' id='line_1_102' title="bbox 406 5368 2056 5442; baseline 0.003 -17"><span class='ocrx_word' id='word_1_700' title='bbox 406 5368 733 5425; x_wconf 90' lang='lat' dir='ltr'><strong>summaria</strong></span> <span class='ocrx_word' id='word_1_701' title='bbox 770 5386 868 5424; x_wconf 85' lang='lat' dir='ltr'><strong>seu</strong></span> <span class='ocrx_word' id='word_1_702' title='bbox 901 5375 1269 5442; x_wconf 86' lang='lat' dir='ltr'><strong>argumenta.</strong></span> <span class='ocrx_word' id='word_1_703' title='bbox 1323 5373 1389 5426; x_wconf 90' lang='lat' dir='ltr'><strong>Et</strong></span> <span class='ocrx_word' id='word_1_704' title='bbox 1418 5389 1486 5427; x_wconf 88' lang='lat' dir='ltr'><strong>ea</strong></span> <span class='ocrx_word' id='word_1_705' title='bbox 1517 5373 1753 5442; x_wconf 87' lang='lat' dir='ltr'><strong>quidem</strong></span> <span class='ocrx_word' id='word_1_706' title='bbox 1796 5372 1853 5427; x_wconf 89' lang='lat' dir='ltr'><strong>in</strong></span> <span class='ocrx_word' id='word_1_707' title='bbox 1890 5374 2056 5430; x_wconf 87' lang='lat' dir='ltr'><strong>libris</strong></span> 
     </span>
    </p>
   </div>
   <div class='ocr_carea' id='block_1_103' title="bbox 409 5459 2058 5533">
    <p class='ocr_par' dir='ltr' id='par_1_103' title="bbox 409 5459 2058 5533">
     <span class='ocr_line' id='line_1_103' title="bbox 409 5459 2058 5533; baseline 0.003 -20"><span class='ocrx_word' id='word_1_708' title='bbox 409 5476 764 5531; x_wconf 89' lang='lat' dir='ltr'><strong>quacunque</strong></span> <span class='ocrx_word' id='word_1_709' title='bbox 794 5459 1036 5530; x_wconf 85' lang='lat' dir='ltr'><strong>antiqua</strong></span> <span class='ocrx_word' id='word_1_710' title='bbox 1068 5477 1247 5516; x_wconf 91' lang='lat' dir='ltr'><strong>manu</strong></span> <span class='ocrx_word' id='word_1_711' title='bbox 1283 5460 1537 5516; x_wconf 84' lang='lat' dir='ltr'><strong>exaratis</strong></span> <span class='ocrx_word' id='word_1_712' title='bbox 1568 5460 1650 5516; x_wconf 88' lang='lat' dir='ltr'><strong>ita</strong></span> <span class='ocrx_word' id='word_1_713' title='bbox 1687 5462 1887 5533; x_wconf 89' lang='lat' dir='ltr'><strong>inepta</strong></span> <span class='ocrx_word' id='word_1_714' title='bbox 1916 5467 2058 5519; x_wconf 91' lang='lat' dir='ltr'><strong>sunt</strong></span> 
     </span>
    </p>
   </div>
   <div class='ocr_carea' id='block_1_104' title="bbox 407 5549 2058 5622">
    <p class='ocr_par' dir='ltr' id='par_1_104' title="bbox 407 5549 2058 5622">
     <span class='ocr_line' id='line_1_104' title="bbox 407 5549 2058 5622; baseline 0.002 -18"><span class='ocrx_word' id='word_1_715' title='bbox 407 5566 471 5606; x_wconf 86' lang='lat' dir='ltr'><strong>ac</strong></span> <span class='ocrx_word' id='word_1_716' title='bbox 503 5554 949 5621; x_wconf 60' lang='lat' dir='ltr'><strong>praeposteramt</strong></span> <span class='ocrx_word' id='word_1_717' title='bbox 979 5549 1126 5605; x_wconf 90' lang='lat' dir='ltr'><strong>nihil</strong></span> <span class='ocrx_word' id='word_1_718' title='bbox 1152 5550 1321 5622; x_wconf 89' lang='lat' dir='ltr'><strong>pejus</strong></span> <span class='ocrx_word' id='word_1_719' title='bbox 1336 5550 1458 5605; x_wconf 85' lang='lat' dir='ltr'><strong>ﬁeri</strong></span> <span class='ocrx_word' id='word_1_720' title='bbox 1482 5549 2058 5622; x_wconf 88' lang='lat' dir='ltr'><strong>potuerit.Quamob-</strong></span> 
     </span>
    </p>
   </div>
   <div class='ocr_carea' id='block_1_105' title="bbox 406 5638 2059 5710">
    <p class='ocr_par' dir='ltr' id='par_1_105' title="bbox 406 5638 2059 5710">
     <span class='ocr_line' id='line_1_105' title="bbox 406 5638 2059 5710; baseline 0.002 -17"><span class='ocrx_word' id='word_1_721' title='bbox 406 5654 524 5693; x_wconf 86' lang='lat' dir='ltr'><strong>rcm</strong></span> <span class='ocrx_word' id='word_1_722' title='bbox 586 5640 1013 5709; x_wconf 89' lang='lat' dir='ltr'><strong>posterioribus</strong></span> <span class='ocrx_word' id='word_1_723' title='bbox 1064 5638 1246 5709; x_wconf 89' lang='lat' dir='ltr'><strong>hujus</strong></span> <span class='ocrx_word' id='word_1_724' title='bbox 1320 5639 1650 5710; x_wconf 83' lang='lat' dir='ltr'><strong>Apotogetici</strong></span> <span class='ocrx_word' id='word_1_725' title='bbox 1697 5639 2059 5697; x_wconf 89' lang='lat' dir='ltr'><strong>editionibus</strong></span> 
     </span>
    </p>
   </div>
   <div class='ocr_carea' id='block_1_106' title="bbox 406 5726 2058 5800">
    <p class='ocr_par' dir='ltr' id='par_1_106' title="bbox 406 5726 2058 5800">
     <span class='ocr_line' id='line_1_106' title="bbox 406 5726 2058 5800; baseline 0.004 -17"><span class='ocrx_word' id='word_1_726' title='bbox 406 5728 659 5798; x_wconf 73' lang='lat' dir='ltr'><strong>praefecti</strong></span> <span class='ocrx_word' id='word_1_727' title='bbox 695 5730 1051 5786; x_wconf 86' lang='lat' dir='ltr'><strong>studuerunt</strong></span> <span class='ocrx_word' id='word_1_728' title='bbox 1079 5726 1181 5784; x_wconf 86' lang='lat' dir='ltr'><strong>illa</strong></span> <span class='ocrx_word' id='word_1_729' title='bbox 1244 5728 1605 5800; x_wconf 85' lang='lat' dir='ltr'><strong>emendare;</strong></span> <span class='ocrx_word' id='word_1_730' title='bbox 1664 5745 1769 5787; x_wconf 88' lang='lat' dir='ltr'><strong>nec</strong></span> <span class='ocrx_word' id='word_1_731' title='bbox 1817 5730 2058 5790; x_wconf 84' lang='lat' dir='ltr'><strong>omnino</strong></span> 
     </span>
    </p>
   </div>
   <div class='ocr_carea' id='block_1_107' title="bbox 2164 4746 3824 4818">
    <p class='ocr_par' dir='ltr' id='par_1_107' title="bbox 2164 4746 3824 4818">
     <span class='ocr_line' id='line_1_107' title="bbox 2164 4746 3824 4818; baseline -0.001 -15"><span class='ocrx_word' id='word_1_732' title='bbox 2164 4747 2493 4804; x_wconf 87' lang='lat' dir='ltr'><strong>litterarum</strong></span> <span class='ocrx_word' id='word_1_733' title='bbox 2516 4746 2761 4818; x_wconf 84' lang='lat' dir='ltr'><strong>peritus,</strong></span> <span class='ocrx_word' id='word_1_734' title='bbox 2798 4746 2900 4801; x_wconf 90' lang='lat' dir='ltr'><strong>sed</strong></span> <span class='ocrx_word' id='word_1_735' title='bbox 2935 4746 2990 4799; x_wconf 92' lang='lat' dir='ltr'><strong>in</strong></span> <span class='ocrx_word' id='word_1_736' title='bbox 3034 4746 3357 4816; x_wconf 84' lang='lat' dir='ltr'><strong>eloquendo</strong></span> <span class='ocrx_word' id='word_1_737' title='bbox 3394 4764 3603 4818; x_wconf 89' lang='lat' dir='ltr'><strong>parum</strong></span> <span class='ocrx_word' id='word_1_738' title='bbox 3634 4746 3824 4802; x_wconf 84' lang='lat' dir='ltr'><strong>facilis</strong></span> 
     </span>
    </p>
   </div>
   <div class='ocr_carea' id='block_1_108' title="bbox 2163 4834 3823 4909">
    <p class='ocr_par' dir='ltr' id='par_1_108' title="bbox 2163 4834 3823 4909">
     <span class='ocr_line' id='line_1_108' title="bbox 2163 4834 3823 4909; baseline 0 -16"><span class='ocrx_word' id='word_1_739' title='bbox 2163 4844 2218 4893; x_wconf 92' lang='lat' dir='ltr'><strong>et</strong></span> <span class='ocrx_word' id='word_1_740' title='bbox 2249 4841 2540 4908; x_wconf 88' lang='lat' dir='ltr'><strong>comptus,</strong></span> <span class='ocrx_word' id='word_1_741' title='bbox 2572 4841 2629 4891; x_wconf 87' lang='lat' dir='ltr'><strong>et</strong></span> <span class='ocrx_word' id='word_1_742' title='bbox 2651 4834 2901 4891; x_wconf 84' lang='lat' dir='ltr'><strong>multum</strong></span> <span class='ocrx_word' id='word_1_743' title='bbox 2932 4836 3220 4891; x_wconf 88' lang='lat' dir='ltr'><strong>obscurus</strong></span> <span class='ocrx_word' id='word_1_744' title='bbox 3254 4836 3380 4892; x_wconf 88' lang='lat' dir='ltr'><strong>fuit.</strong></span> <span class='ocrx_word' id='word_1_745' title='bbox 3416 4838 3565 4909; x_wconf 88' lang='lat' dir='ltr'><strong>Ergo</strong></span> <span class='ocrx_word' id='word_1_746' title='bbox 3625 4853 3698 4893; x_wconf 88' lang='lat' dir='ltr'><strong>ne</strong></span> <span class='ocrx_word' id='word_1_747' title='bbox 3730 4836 3823 4894; x_wconf 89' lang='lat' dir='ltr'><strong>hic</strong></span> 
     </span>
    </p>
   </div>
   <div class='ocr_carea' id='block_1_109' title="bbox 2163 4924 3825 5001">
    <p class='ocr_par' dir='ltr' id='par_1_109' title="bbox 2163 4924 3825 5001">
     <span class='ocr_line' id='line_1_109' title="bbox 2163 4924 3825 5001; baseline 0.002 -21"><span class='ocrx_word' id='word_1_748' title='bbox 2163 4926 2397 4996; x_wconf 90' lang='lat' dir='ltr'><strong>quidem</strong></span> <span class='ocrx_word' id='word_1_749' title='bbox 2430 4926 2573 4981; x_wconf 86' lang='lat' dir='ltr'><strong>satis</strong></span> <span class='ocrx_word' id='word_1_750' title='bbox 2635 4924 2996 4980; x_wconf 85' lang='lat' dir='ltr'><strong>celebritatis</strong></span> <span class='ocrx_word' id='word_1_751' title='bbox 3062 4926 3302 4989; x_wconf 83' lang='lat' dir='ltr'><strong>invenit,</strong></span> <span class='ocrx_word' id='word_1_752' title='bbox 3329 4948 3358 4975; x_wconf 85' lang='lat'>»</span> <span class='ocrx_word' id='word_1_753' title='bbox 3414 4926 3471 4981; x_wconf 90' lang='lat' dir='ltr'><strong>id</strong></span> <span class='ocrx_word' id='word_1_754' title='bbox 3515 4931 3625 5001; x_wconf 89' lang='lat' dir='ltr'><strong>est,</strong></span> <span class='ocrx_word' id='word_1_755' title='bbox 3659 4930 3825 4985; x_wconf 78' lang='lat' dir='ltr'><strong>famae</strong></span> 
     </span>
    </p>
   </div>
   <div class='ocr_carea' id='block_1_110' title="bbox 2165 5014 3818 5091">
    <p class='ocr_par' dir='ltr' id='par_1_110' title="bbox 2165 5014 3818 5091">
     <span class='ocr_line' id='line_1_110' title="bbox 2165 5014 3818 5091; baseline 0.002 -20"><span class='ocrx_word' id='word_1_756' title='bbox 2165 5019 2222 5071; x_wconf 88' lang='lat' dir='ltr'><strong>et</strong></span> <span class='ocrx_word' id='word_1_757' title='bbox 2252 5015 2760 5087; x_wconf 88' lang='lat' dir='ltr'><strong>laudis(Lactant,</strong></span> <span class='ocrx_word' id='word_1_758' title='bbox 2820 5014 2925 5070; x_wconf 92' lang='lat' dir='ltr'><strong>lib.</strong></span> <span class='ocrx_word' id='word_1_759' title='bbox 2960 5032 2991 5070; x_wconf 94' lang='lat' dir='ltr'><strong>v</strong></span> <span class='ocrx_word' id='word_1_760' title='bbox 3044 5017 3177 5071; x_wconf 86' lang='lat' dir='ltr'><strong>Inst.</strong></span> <span class='ocrx_word' id='word_1_761' title='bbox 3244 5017 3394 5073; x_wconf 71' lang='lat'><strong>746</strong></span> <span class='ocrx_word' id='word_1_762' title='bbox 3447 5018 3645 5087; x_wconf 86' lang='lat' dir='ltr'><strong>divin.,</strong></span> <span class='ocrx_word' id='word_1_763' title='bbox 3691 5036 3818 5091; x_wconf 88' lang='lat' dir='ltr'><strong>cap.</strong></span> 
     </span>
    </p>
   </div>
   <div class='ocr_carea' id='block_1_111' title="bbox 2167 5093 3823 5178">
    <p class='ocr_par' dir='ltr' id='par_1_111' title="bbox 2167 5093 3823 5178">
     <span class='ocr_line' id='line_1_111' title="bbox 2167 5093 3823 5178; baseline 0 -17"><span class='ocrx_word' id='word_1_764' title='bbox 2167 5106 2217 5177; x_wconf 87' lang='grc'><strong>1,</strong></span> <span class='ocrx_word' id='word_1_765' title='bbox 2252 5122 2381 5178; x_wconf 88' lang='lat' dir='ltr'><strong>pag.</strong></span> <span class='ocrx_word' id='word_1_766' title='bbox 2421 5107 2563 5175; x_wconf 80' lang='grc'><strong>459).</strong></span> <span class='ocrx_word' id='word_1_767' title='bbox 2598 5105 2814 5160; x_wconf 91' lang='lat' dir='ltr'><strong>Verum</strong></span> <span class='ocrx_word' id='word_1_768' title='bbox 2842 5105 2940 5177; x_wconf 91' lang='lat' dir='ltr'><strong>qui</strong></span> <span class='ocrx_word' id='word_1_769' title='bbox 2975 5106 3099 5161; x_wconf 75' lang='lat' dir='ltr'><strong>haec</strong></span> <span class='ocrx_word' id='word_1_770' title='bbox 3122 5093 3422 5175; x_wconf 86' lang='lat' dir='ltr'><strong>objecerit,</strong></span> <span class='ocrx_word' id='word_1_771' title='bbox 3458 5108 3507 5163; x_wconf 89' lang='lat' dir='ltr'><strong>is</strong></span> <span class='ocrx_word' id='word_1_772' title='bbox 3532 5108 3823 5178; x_wconf 88' lang='lat' dir='ltr'><strong>animum,</strong></span> 
     </span>
    </p>
   </div>
   <div class='ocr_carea' id='block_1_112' title="bbox 2165 5195 3820 5267">
    <p class='ocr_par' dir='ltr' id='par_1_112' title="bbox 2165 5195 3820 5267">
     <span class='ocr_line' id='line_1_112' title="bbox 2165 5195 3820 5267; baseline 0.001 -18"><span class='ocrx_word' id='word_1_773' title='bbox 2165 5213 2379 5267; x_wconf 67' lang='lat' dir='ltr'><strong>quaeso,</strong></span> <span class='ocrx_word' id='word_1_774' title='bbox 2412 5197 2483 5249; x_wconf 91' lang='lat' dir='ltr'><strong>ad</strong></span> <span class='ocrx_word' id='word_1_775' title='bbox 2507 5212 2573 5250; x_wconf 90' lang='lat' dir='ltr'><strong>ea</strong></span> <span class='ocrx_word' id='word_1_776' title='bbox 2597 5195 2878 5264; x_wconf 89' lang='lat' dir='ltr'><strong>advertat,</strong></span> <span class='ocrx_word' id='word_1_777' title='bbox 2914 5212 3040 5265; x_wconf 62' lang='lat' dir='ltr'><strong>quas</strong></span> <span class='ocrx_word' id='word_1_778' title='bbox 3102 5196 3375 5267; x_wconf 88' lang='lat' dir='ltr'><strong>superius</strong></span> <span class='ocrx_word' id='word_1_779' title='bbox 3418 5196 3695 5263; x_wconf 79' lang='lat' dir='ltr'><strong>diximus,</strong></span> <span class='ocrx_word' id='word_1_780' title='bbox 3754 5212 3820 5251; x_wconf 86' lang='lat' dir='ltr'><strong>ac</strong></span> 
     </span>
    </p>
   </div>
   <div class='ocr_carea' id='block_1_113' title="bbox 2168 5284 3818 5357">
    <p class='ocr_par' dir='ltr' id='par_1_113' title="bbox 2168 5284 3818 5357">
     <span class='ocr_line' id='line_1_113' title="bbox 2168 5284 3818 5357; baseline 0.001 -18"><span class='ocrx_word' id='word_1_781' title='bbox 2168 5286 2419 5357; x_wconf 90' lang='lat' dir='ltr'><strong>primum</strong></span> <span class='ocrx_word' id='word_1_782' title='bbox 2455 5284 2689 5355; x_wconf 76' lang='lat' dir='ltr'><strong>quidem</strong></span> <span class='ocrx_word' id='word_1_783' title='bbox 2725 5302 2758 5339; x_wconf 90' lang='lat' dir='ltr'><strong>a</strong></span> <span class='ocrx_word' id='word_1_784' title='bbox 2803 5285 3108 5341; x_wconf 88' lang='lat' dir='ltr'><strong>Lactantio</strong></span> <span class='ocrx_word' id='word_1_785' title='bbox 3160 5286 3384 5339; x_wconf 87' lang='lat' dir='ltr'><strong>laudari</strong></span> <span class='ocrx_word' id='word_1_786' title='bbox 3443 5286 3818 5356; x_wconf 89' lang='lat' dir='ltr'><strong>omnigenam</strong></span> 
     </span>
    </p>
   </div>
   <div class='ocr_carea' id='block_1_114' title="bbox 2166 5373 3814 5445">
    <p class='ocr_par' dir='ltr' id='par_1_114' title="bbox 2166 5373 3814 5445">
     <span class='ocr_line' id='line_1_114' title="bbox 2166 5373 3814 5445; baseline 0.001 -17"><span class='ocrx_word' id='word_1_787' title='bbox 2166 5373 2509 5430; x_wconf 88' lang='lat' dir='ltr'><strong>Tertulliani</strong></span> <span class='ocrx_word' id='word_1_788' title='bbox 2542 5373 2725 5429; x_wconf 86' lang='lat' dir='ltr'><strong>nostri</strong></span> <span class='ocrx_word' id='word_1_789' title='bbox 2759 5374 3149 5430; x_wconf 86' lang='lat' dir='ltr'><strong>eruditionem</strong></span> <span class='ocrx_word' id='word_1_790' title='bbox 3184 5376 3368 5445; x_wconf 92' lang='lat' dir='ltr'><strong>(supr.</strong></span> <span class='ocrx_word' id='word_1_791' title='bbox 3423 5391 3550 5445; x_wconf 90' lang='lat' dir='ltr'><strong>cap.</strong></span> <span class='ocrx_word' id='word_1_792' title='bbox 3612 5375 3663 5440; x_wconf 81' lang='grc'><strong>4,</strong></span> <span class='ocrx_word' id='word_1_793' title='bbox 3698 5379 3814 5429; x_wconf 87' lang='lat' dir='ltr'><strong>art.</strong></span> 
     </span>
    </p>
   </div>
   <div class='ocr_carea' id='block_1_115' title="bbox 2165 5462 3818 5534">
    <p class='ocr_par' dir='ltr' id='par_1_115' title="bbox 2165 5462 3818 5534">
     <span class='ocr_line' id='line_1_115' title="bbox 2165 5462 3818 5534; baseline 0 -15"><span class='ocrx_word' id='word_1_794' title='bbox 2165 5464 2473 5533; x_wconf 83' lang='lat' dir='ltr'><strong>5).Deinde</strong></span> <span class='ocrx_word' id='word_1_795' title='bbox 2502 5480 2635 5519; x_wconf 89' lang='lat' dir='ltr'><strong>vero</strong></span> <span class='ocrx_word' id='word_1_796' title='bbox 2654 5463 2805 5534; x_wconf 91' lang='lat' dir='ltr'><strong>quod</strong></span> <span class='ocrx_word' id='word_1_797' title='bbox 2841 5462 3171 5517; x_wconf 83' lang='lat' dir='ltr'><strong>dixitillum</strong></span> <span class='ocrx_word' id='word_1_798' title='bbox 3206 5479 3318 5517; x_wconf 91' lang='lat' dir='ltr'><strong>non</strong></span> <span class='ocrx_word' id='word_1_799' title='bbox 3355 5463 3500 5517; x_wconf 90' lang='lat' dir='ltr'><strong>satis</strong></span> <span class='ocrx_word' id='word_1_800' title='bbox 3526 5462 3818 5519; x_wconf 85' lang='lat' dir='ltr'><strong>invenisse</strong></span> 
     </span>
    </p>
   </div>
   <div class='ocr_carea' id='block_1_116' title="bbox 2167 5550 3816 5623">
    <p class='ocr_par' dir='ltr' id='par_1_116' title="bbox 2167 5550 3816 5623">
     <span class='ocr_line' id='line_1_116' title="bbox 2167 5550 3816 5623; baseline 0 -13"><span class='ocrx_word' id='word_1_801' title='bbox 2167 5553 2544 5623; x_wconf 87' lang='lat' dir='ltr'><strong>celebritatis,</strong></span> <span class='ocrx_word' id='word_1_802' title='bbox 2580 5553 2663 5607; x_wconf 91' lang='lat' dir='ltr'><strong>ita</strong></span> <span class='ocrx_word' id='word_1_803' title='bbox 2694 5550 2941 5621; x_wconf 88' lang='lat' dir='ltr'><strong>intelligi</strong></span> <span class='ocrx_word' id='word_1_804' title='bbox 3000 5567 3115 5605; x_wconf 92' lang='lat' dir='ltr'><strong>non</strong></span> <span class='ocrx_word' id='word_1_805' title='bbox 3169 5550 3360 5617; x_wconf 88' lang='lat' dir='ltr'><strong>debet,</strong></span> <span class='ocrx_word' id='word_1_806' title='bbox 3422 5568 3489 5606; x_wconf 91' lang='lat' dir='ltr'><strong>ac</strong></span> <span class='ocrx_word' id='word_1_807' title='bbox 3536 5551 3585 5607; x_wconf 91' lang='lat' dir='ltr'><strong>si</strong></span> <span class='ocrx_word' id='word_1_808' title='bbox 3619 5551 3816 5610; x_wconf 91' lang='lat' dir='ltr'><strong>minus</strong></span> 
     </span>
    </p>
   </div>
   <div class='ocr_carea' id='block_1_117' title="bbox 2166 5639 3817 5711">
    <p class='ocr_par' dir='ltr' id='par_1_117' title="bbox 2166 5639 3817 5711">
     <span class='ocr_line' id='line_1_117' title="bbox 2166 5639 3817 5711; baseline -0.001 -13"><span class='ocrx_word' id='word_1_809' title='bbox 2166 5643 2376 5699; x_wconf 88' lang='lat' dir='ltr'><strong>validis</strong></span> <span class='ocrx_word' id='word_1_810' title='bbox 2405 5642 2694 5698; x_wconf 86' lang='lat' dir='ltr'><strong>rationum</strong></span> <span class='ocrx_word' id='word_1_811' title='bbox 2733 5639 3043 5695; x_wconf 89' lang='lat' dir='ltr'><strong>momentis</strong></span> <span class='ocrx_word' id='word_1_812' title='bbox 3067 5656 3304 5696; x_wconf 84' lang='lat' dir='ltr'><strong>causam</strong></span> <span class='ocrx_word' id='word_1_813' title='bbox 3327 5643 3511 5711; x_wconf 88' lang='lat' dir='ltr'><strong>egerit</strong></span> <span class='ocrx_word' id='word_1_814' title='bbox 3539 5641 3817 5699; x_wconf 83' lang='lat' dir='ltr'><strong>Christia-</strong></span> 
     </span>
    </p>
   </div>
   <div class='ocr_carea' id='block_1_118' title="bbox 2168 5726 3815 5804">
    <p class='ocr_par' dir='ltr' id='par_1_118' title="bbox 2168 5726 3815 5804">
     <span class='ocr_line' id='line_1_118' title="bbox 2168 5726 3815 5804; baseline -0.001 -13"><span class='ocrx_word' id='word_1_815' title='bbox 2168 5749 2403 5801; x_wconf 87' lang='lat' dir='ltr'><strong>norum,</strong></span> <span class='ocrx_word' id='word_1_816' title='bbox 2434 5732 2538 5788; x_wconf 87' lang='lat' dir='ltr'><strong>sed</strong></span> <span class='ocrx_word' id='word_1_817' title='bbox 2575 5734 2814 5803; x_wconf 85' lang='lat' dir='ltr'><strong>propter</strong></span> <span class='ocrx_word' id='word_1_818' title='bbox 2845 5726 3539 5804; x_wconf 81' lang='lat' dir='ltr'><strong>difﬁcilem,inoomptam</strong></span> <span class='ocrx_word' id='word_1_819' title='bbox 3572 5748 3639 5792; x_wconf 83' lang='lat' dir='ltr'><strong>ac</strong></span> <span class='ocrx_word' id='word_1_820' title='bbox 3661 5734 3815 5791; x_wconf 87' lang='lat' dir='ltr'><strong>mul-</strong></span> 
     </span>
    </p>
   </div>
  </div>
