4262 6350
519 401 634 460 827

1047 400 1574 462 TERTULLlANl
1621 403 1941 466 OPEBUM
1989 405 2187 466 PARS
2230 406 2278 466 l.
2313 439 2390 450 —
2419 409 2692 471 SERIES
2736 410 2786 483 Ι,
2829 409 3389 475 APOLOGETIGA.

3791 409 3915 470 828

517 533 636 585 tam
671 529 978 584 obscuram
1019 529 1333 584 dictionem
1393 535 1568 603 atque
1619 533 2028 590 elocutionem.
2087 537 2156 590 Et
2184 539 2237 604 Α
2269 540 2668 608 ostendemus,
2705 540 2892 612 magis
2923 543 3404 596 consentaneum.
3431 539 3539 593 Sed
3573 539 3910 594 Lactantius

520 635 660 672 sane
692 617 789 687 qui
823 618 977 672 hunc
1009 616 1224 673 librum
1259 619 1574 691 primariis,
1636 630 1699 677 ut
1759 625 1942 691 aiunt,
1976 625 2155 680 labris

519 708 1080 777 attigerit,putamus
1111 725 1236 763 esse
1269 711 1731 782 neminem,quin
1755 714 1951 768 statim
1976 715 2154 769 fatea-

518 798 616 849 tur
641 795 805 849 illum
839 797 1241 866 frequentibus
1263 799 1570 854 verborum
1605 818 1636 854 a
1666 803 1818 856 bona
1849 800 2156 858 Latinitate

518 883 839 939 alienorum
874 885 1082 955 spinis,
1100 886 1345 941 salebris
1373 891 1906 962 asperitatibusque
1939 909 2157 962 resper-

518 974 596 1044 gi,
630 977 687 1028 et
718 989 928 1043 magna
958 974 1168 1029 involvi
1221 977 1433 1046 saepius
1493 978 1864 1034 obscuritate.
1918 981 1991 1034 At
2023 981 2155 1035 nul-

516 1061 639 1115 lum
700 1078 932 1133 quoque
992 1079 1122 1118 esse
1179 1065 1492 1133 credimus,
1547 1068 1646 1138 qui
1707 1085 1821 1124 non
1879 1069 2156 1124 fatebitur

517 1149 1140 1220 Tertullianum,sihoc
1172 1153 1391 1209 inlibro
1412 1154 1653 1211 lectores
1676 1175 1814 1212 suos
1846 1159 2153 1212 verborum

519 1239 842 1309 leporibus,
872 1246 1178 1296 venustate
1208 1243 1498 1298 sermonis
1529 1249 1584 1299 et
1607 1246 1792 1316 polita:
1843 1247 2152 1318 elegantis-

520 1344 631 1399 que
668 1329 950 1384 orationis
1010 1331 1294 1387 suavitate
1321 1349 1432 1388 non
1493 1334 1732 1390 deliniat
1773 1353 1836 1390 ac
1884 1337 2150 1405 delectet,

521 1416 668 1471 miro
701 1423 898 1473 tamen
932 1419 1065 1490 styli
1123 1421 1392 1476 acumine
1439 1424 1978 1496 sententiarumque
2029 1441 2154 1496 gra-

514 1505 689 1560 vitate
719 1522 816 1561 eos
849 1509 1096 1575 concuti,
1121 1525 1186 1564 ac
1218 1509 1496 1582 pleraque
1543 1512 1739 1566 omnia
1789 1513 1946 1568 illius
1978 1531 2150 1584 argu-

516 1602 714 1651 menta
734 1599 878 1652 tanti
907 1615 1033 1654 esse
1065 1602 1340 1655 momenti
1375 1619 1439 1656 ac
1471 1603 1760 1673 ponderis,
1821 1609 1885 1659 ut
1940 1605 2013 1660 iis
2053 1609 2154 1660 aut

515 1685 934 1740 convincantur
963 1687 1373 1759 aaquiores,aut
1406 1692 1818 1762 pertinaciores
1846 1699 2149 1749 conteran-

514 1775 610 1826 tur
645 1778 817 1844 atque
876 1776 1220 1830 obruantur.
1283 1782 1474 1848 Neque
1533 1786 1728 1836 tamen
1779 1782 2151 1838 dissimulare

515 1875 831 1930 possumus
863 1878 994 1917 eum
1028 1864 1338 1933 asperioris
1370 1867 1584 1938 ingenii
1623 1871 1840 1940 impetu
1876 1889 2147 1926 nonnun—

515 1962 693 2017 quam
725 1953 1248 2021 raptum,qua3dam
1282 1955 1621 2011 adhibuisse
1653 1964 2150 2030 argumenta,qua3

514 2035 896 2103 autinﬁrma,
962 2045 1063 2093 aut
1128 2041 1304 2096 etiam
1348 2043 1494 2098 falsa
1548 2045 1812 2116 pluribus
1862 2048 2148 2102 videntur.

513 2125 728 2178 Verum
760 2125 909 2180 infra
942 2127 1475 2187 demonstrabimus
1533 2150 1630 2188 eos
1672 2152 1784 2189 non
1837 2137 1980 2190 satis
2014 2136 2147 2190 dili-

512 2217 715 2282 genter
744 2215 1084 2282 atteudisse,
1117 2224 1402 2288 quantum
1436 2220 1533 2276 ille
1565 2222 1671 2276 hoc
1693 2225 1748 2278 in
1783 2224 1928 2279 libro
1959 2226 2150 2279 brevi-

511 2301 616 2356 tati
646 2302 1023 2370 consuluerit,
1072 2311 1125 2360 et
1159 2306 1321 2378 plura
1355 2325 1480 2379 quae
1539 2310 1683 2367 falsa
1739 2320 1967 2384 putant,
2015 2331 2150 2370 vera

513 2390 767 2460 profecto
793 2393 1168 2464 deprehendi,
1203 2397 1248 2452 si
1284 2415 1415 2454 cum
1467 2399 1623 2468 aliis,
1671 2421 1795 2474 quae
1849 2405 1970 2476 ipse
2009 2405 2146 2460 alibi

512 2477 699 2534 fusius
729 2487 983 2552 enarrat,
1017 2488 1236 2540 attento
1265 2488 1460 2543 animo
1488 2497 1930 2562 componantur.

585 2585 708 2640 Non
733 2587 868 2656 jure
899 2592 1093 2644 autem
1125 2608 1364 2662 prorsus
1406 2595 1696 2652 immerito
1731 2605 1920 2669 potest
1949 2600 2006 2655 in
2039 2601 2146 2657 hoc

511 2669 660 2727 libro
684 2674 1000 2730 desiderari
1043 2679 1248 2735 melior
1296 2691 1775 2754 argumentorum
1843 2689 2146 2760 dispositio

513 2763 570 2814 et
599 2762 758 2825 ordo,
785 2763 882 2833 qui
928 2767 1119 2836 majus
1152 2769 1252 2823 toti
1288 2771 1447 2840 operi
1479 2772 1678 2828 lumen
1723 2777 2034 2844 attulisset,
2092 2785 2148 2836 et

514 2865 632 2919 quo
664 2850 1056 2908 Tertullianus
1109 2856 1217 2910 sibi
1253 2858 1479 2915 facilius
1517 2863 1886 2920 conciliasset
1914 2865 2146 2926 lectoris

515 2938 980 2997 benevolentiam
1010 2949 1065 2998 et
1087 2949 1583 3016 approbationem.

583 3049 796 3101 Verum
829 3051 995 3104 nobis
1027 3050 1242 3122 aliquis
1261 3055 1452 3111 adhuc
1487 3059 1724 3128 objiciet
1759 3065 2142 3132 Lactantium,

511 3135 610 3205 qui
644 3135 793 3190 hanc
824 3138 894 3191 de
924 3141 1124 3194 eodem
1139 3141 1472 3199 Tertulliani
1497 3149 1835 3218 Apologetico
1865 3154 2146 3210 tulitsen-

2265 625 2580 697 longiorem
2616 631 2814 701 procul
2847 631 3022 686 dubio
3076 630 3448 685 desiderabat
3489 628 3698 683 horum
3728 629 3907 683 docu-

2265 722 2595 772 mentorum
2635 720 3078 790 expositionem.
3111 735 3178 774 ac
3220 717 3645 789 probationem.
3687 716 3905 772 Verum

2262 804 2320 858 in
2355 807 2750 877 superioribus
2768 809 2984 863 nostris
3011 806 3906 863 dissertationibusostendimus

2264 909 2376 947 non
2403 896 2624 964 justam
2659 897 2894 951 omnino
2927 913 3055 951 esse
3109 895 3259 950 hanc
3308 893 3732 966 querimoniam
3754 895 3907 962 (Dis-

2261 987 2443 1037 sertat.
2481 987 2537 1038 in
2570 987 2802 1054 Μίνωα,
2828 1003 2954 1057 cap.
2987 986 3043 1052 2-,
3075 989 3182 1040 art.
3214 985 3270 1052 2,
3305 988 3360 1038 et
3381 986 3439 1039 in
3470 985 3737 1049 Lactant.,
3771 998 3902 1054 cap.

2263 1072 2317 1136 3,
2349 1077 2455 1127 art.
2484 1074 2559 1144 2).

2897 1163 3124 1218 CAPUT
3156 1165 3254 1218 Ill.

2261 1250 2336 1304 Dc
2386 1251 2559 1323 hujus
2608 1252 2740 1305 libri
2785 1252 3117 1323 Apologetici
3163 1252 3552 1320 manuscriptis
3605 1249 3904 1323 codicibus,

2333 1322 2684 1388 cdz‘tionibus,
2727 1333 2778 1378 et
2826 1326 3111 1377 variorum
3165 1328 3223 1377 in
3269 1340 3388 1378 eum
3434 1322 3901 1394 paraphrasibus,

2332 1396 2557 1450 scholz'z's
2580 1404 2629 1449 et
2658 1396 3155 1450 observationibus.

2813 1545 3018 1584 ARTICU
3029 1545 3097 1583 LU
3107 1545 3134 1583 S
3165 1543 3404 1583 PRIMUS.

2405 1617 2479 1671 De
2509 1618 2680 1671 varii:
2706 1617 2867 1688 hujus
2898 1618 3030 1672 libri
3076 1619 3468 1687 manuscriptzs
3498 1613 3791 1670 codicibus.

2331 1730 2533 1785 Plures
2564 1748 2704 1786 sane
2755 1731 3136 1804 Apologetici,
3196 1749 3229 1786 a
3286 1731 3641 1786 Tertulliano
3699 1733 3902 1783 nostro

2255 1819 2652 1885 editi,codices
2680 1822 3056 1893 manuscripti
3081 1822 3150 1876 ad
3174 1825 3396 1875 aetatem
3420 1836 3605 1891 usque
3637 1823 3900 1872 nostram

2185 1908 2227 1971 B
2259 1916 2665 1979 pervenerunt.
2696 1917 2846 1966 Duos
2891 1911 3046 1964 enim
3079 1910 3298 1964 indicat
3319 1914 3530 1964 Beatus
3561 1908 3896 1971 Rhenanus,

2263 2016 2509 2069 quorum
2544 2016 2718 2070 opera
2748 1999 2926 2067 hujus
2957 1997 3323 2068 aliorumque
3371 1996 3635 2066 ejusdem
3667 1993 3898 2048 Tertul-

2259 2087 2399 2141 liani
2427 2087 2705 2142 librorum
2733 2088 3042 2141 editionem
3078 2086 3402 2140 adornavit.
3443 2085 3676 2138 Primus
3701 2083 3896 2136 Pater-

2260 2178 2576 2241 niacensis,
2609 2176 2664 2230 in
2700 2176 3020 2230 Paterniaci
3076 2173 3450 2244 Transjurani
3500 2170 3767 2236 ccenobii,
3799 2186 3897 2224 se-

2259 2267 2487 2320 cundus
2540 2266 2595 2319 in
2656 2264 3088 2336 Hirsaugiensis
3140 2261 3472 2318 monasterii
3531 2258 3899 2315 bibliothecis

2257 2355 2728 2408 asservabantur.
2766 2353 3014 2424 Uterque
3045 2358 3238 2407 autem
3272 2351 3538 2423 plurimis
3568 2349 3900 2419 iisdemque

2257 2443 2374 2497 fere
2405 2443 2678 2497 omnibus
2709 2443 2792 2496 sic
2820 2447 3002 2497 scatet
3034 2441 3282 2506 mendis,
3317 2444 3380 2494 ut
3437 2438 3581 2493 alter
3611 2438 3680 2493 ab
3717 2435 3896 2491 altero

2255 2531 2518 2587 videatur
2547 2529 3095 2602 descriptus.A|ium
3119 2546 3250 2584 vero
3273 2525 3619 2584 Tertulliani
3641 2529 3895 2596 ()perum

2256 2621 2511 2674 codicem
2542 2620 2956 2690 Sigismundus
3004 2617 3277 2672 Gelenius
3309 2616 3771 2672 velustissimum
3835 2616 3894 2668 et

2255 2709 2511 2779 optimae,
2545 2710 2752 2778 utipse
2784 2708 2885 2774 ait,
2918 2713 3070 2762 notas
3125 2706 3382 2761 codicem
3439 2715 3647 2759 nactus
3707 2706 3796 2757 est
3825 2717 3896 2756 ex

2256 2796 2645 2852 Masburiensi
2676 2797 2934 2852 coenobio
2969 2813 2980 2851 :
3017 2795 3116 2851 sed
3192 2795 3288 2850 ille
3346 2794 3491 2849 satis
3540 2792 3692 2847 clare
3723 2791 3893 2845 nobis

2258 2903 2369 2940 non
2400 2887 2730 2951 edisseruit,
2790 2889 2987 2940 utrum
3045 2884 3138 2938 hic
3195 2885 3565 2955 Apologclicus
3606 2896 3762 2936 unus
3823 2896 3894 2934 ex

2254 2974 2592 3029 Tertulliani
2624 2973 2789 3028 libris
2818 2974 2913 3039 sit,
2938 2973 3037 3045 qui
3060 2973 3117 3026 in
3153 2973 3262 3027 hoc
3284 2972 3481 3026 codice
3501 2969 3888 3025 desideratur.

2255 3067 2391 3117 Tres
2423 3069 2696 3135 praeterea
2725 3069 2955 3118 exstant
2994 3063 3052 3116 in
3112 3061 3462 3117 bibliotheca
3492 3059 3772 3114 Vaticana
3799 3073 3889 3112 eo-

2259 3153 2525 3206 rumdem
2586 3151 2866 3206 librorum
2915 3150 3164 3215 codices,
3230 3167 3299 3205 ex
3358 3149 3596 3221 quibus,
3647 3147 3758 3202 sibi
3819 3146 3890 3201 ab

516 3223 752 3278 tentiam
779 3241 841 3279 ;‹‹
877 3234 1221 3300 Quanquam
1255 3233 1648 3291 Tertullianus
1694 3241 1956 3296 eamdem
1991 3243 2147 3297 Chri-
2178 3269 2220 3334 ρ
2258 3240 2660 3296 illustrissimo
2695 3241 2988 3295 cardinale
3016 3241 3220 3295 Sirleto
3256 3236 3747 3334 subministratis,
3770 3234 3897 3334 Ala-

513 3312 839 3368 stianorum
872 3331 1106 3371 causam
1142 3319 1308 3389 plene
1339 3328 1690 3392 peroraverit
1742 3329 1799 3382 in
1855 3346 1920 3384 eo
1974 3331 2145 3401 libro,

513 3402 604 3455 cui
635 3403 1004 3474 Apologetico
1037 3424 1246 3463 nomen
1276 3417 1365 3465 est
1400 3429 1412 3479 ;
1445 3417 1640 3468 tamen
1677 3418 1956 3486 quoniam
1991 3420 2148 3474 aliud

514 3493 604 3542 est
633 3492 1038 3547 accusantibus
1071 3499 1439 3568 respondere,
1482 3505 1636 3572 quod
1697 3505 1754 3559 in
1815 3507 2152 3562 defensione

517 3582 618 3631 aut
647 3580 954 3649 negatione
1001 3583 1123 3638 sola
1166 3586 1418 3655 positum
1477 3596 1566 3644 est
1601 3610 1615 3656 ;
1648 3593 1805 3648 aliud
1865 3595 2151 3652 instruere

519 3667 672 3735 quod
705 3685 808 3722 nos
857 3670 1125 3739 iacimus.
1178 3674 1236 3728 in
1282 3693 1397 3746 quo
1444 3695 1677 3735 necesse
1738 3689 1827 3737 est
1874 3685 2152 3741 doctrinae

515 3755 695 3810 totius
753 3774 1045 3814 summam
1105 3765 1409 3820 contineri.
1474 3790 1498 3816 »
1557 3769 1831 3840 (Lactant.
1910 3772 2010 3828 lib.
2097 3793 2148 3840 v,

519 3846 648 3898 Inst.
683 3861 808 3917 cap.
837 3847 888 3916 4,
923 3865 978 3918 p.
1011 3851 1152 3918 470.)
1188 3853 1447 3909 Declarat
1475 3858 1630 3912 enim
1666 3861 1782 3914 duo
1814 3861 1886 3914 ab
1945 3863 2015 3916 iis
2057 3863 2148 3931 agi

518 3931 809 4002 debuisse,
861 3937 960 4007 qui
1018 3938 1356 3996 Christianas
1406 3944 1705 4017 religionis
1752 3949 2148 4007 defensionem

517 4021 1077 4082 adversusethnicos
1111 4031 1531 4102 suscipiebant.
1591 4036 1850 4092 Primum
1901 4045 2022 4094 erat
2079 4041 2152 4095 iis

517 4113 888 4181 respondere,
939 4117 1037 4186 qui
1091 4120 1448 4177 Christianos
1514 4123 1771 4193 plurium
1839 4128 2148 4184 criminum

519 4197 958 4258 insimulabant.
1014 4205 1370 4278 Secundum,
1425 4211 1750 4268 doctrinam
1809 4215 2150 4272 Christianas

517 4287 814 4359 religionis
871 4291 952 4347 ita
1008 4310 1291 4366 exponere
1359 4315 1425 4353 ac
1485 4301 1907 4372 demonstrare,
1967 4313 2030 4360 ut
2086 4324 2152 4362 ea

519 4376 763 4445 quilibet
793 4378 960 4449 plene
991 4399 1057 4436 ac
1079 4385 1331 4454 perfecte
1361 4386 1768 4447 instrueretur.
1803 4395 1867 4448 At
1899 4393 1992 4449 ille
2032 4397 2151 4466 pri-

519 4480 675 4520 mam
709 4466 885 4537 hujus
944 4486 1132 4526 causa:
1194 4477 1437 4543 partem,
1490 4493 1524 4531 a
1569 4479 1926 4538 Tertulliano
1985 4484 2152 4554 plene

519 4559 846 4622 peroratam
881 4555 1111 4626 fatetur,
1137 4559 1376 4616 minime
1407 4580 1538 4619 vero
1562 4569 1900 4624 secundam.
1935 4571 2151 4626 Verum

520 4641 666 4730 satis
687 4643 1082 4702 Tertullianus
1123 4651 1416 4721 proposito
1443 4671 1548 4710 suo
1579 4671 1706 4712 esse
1739 4661 1958 4730 putavit
1989 4661 2150 4718 insu-
2185 4635 2228 4698 D

516 4729 636 4785 lsas
693 4734 969 4790 evertisse
1025 4737 1412 4808 ethnicorum,
1473 4729 1831 4804 Christianos
1893 4753 2152 4822 cujusvis

517 4819 849 4888 gravissimi
881 4823 1142 4883 criminis
1170 4819 2060 4909 accusantium,criminationes,
2085 4857 2151 4898 ac

514 4906 842 4968 vindicasse
872 4911 1109 4972 illorum
1168 4919 1564 4980 innocentiam
1595 4942 1660 4980 ac
1719 4944 1947 4985 morum
1995 4931 2150 4986 inte-

515 4995 807 5068 gritatem.
841 4999 1024 5063 Quam
1058 5010 1209 5062 recte
1232 5012 1426 5065 autem
1459 5009 1516 5065 id
1549 5013 2058 5085 demonstraverit,
2083 5035 2149 5074 ex

516 5085 650 5141 data
682 5085 858 5158 hujus
893 5089 1021 5146 libri
1050 5095 1271 5168 analysi
1309 5103 1482 5170 atque
1543 5101 1672 5159 aliis
1705 5103 1854 5160 infra
1886 5108 2148 5163 dicendis

515 5174 615 5230 ﬁet
645 5179 919 5235 omnibus
952 5184 1352 5241 manifestum.

583 5264 801 5356 Deinde
832 5285 964 5325 vero
995 5272 1092 5326 ille
1138 5275 1371 5344 penitus
1424 5277 1700 5336 intactam
1763 5300 1874 5339 non
1917 5284 2150 5356 reliquit

511 5353 850 5412 Christianae
891 5361 1033 5416 747
1069 5364 1349 5420 doctrinae
1397 5366 1830 5426 institutionem
1869 5381 1921 5428 et
1969 5353 2146 5444 expli-

511 5445 972 5534 cationem.Nam
1006 5456 1298 5527 precipua
1323 5458 1451 5528 ejus
1494 5459 1686 5530 capita
1732 5463 1978 5518 breviter
2020 5464 2147 5534 qui-

513 5531 666 5600 dem,
699 5537 798 5590 sed
831 5540 975 5595 adeo
1006 5543 1232 5600 sincere
1255 5563 1321 5601 ac
1351 5547 1597 5603 candide
1654 5551 1922 5624 explicat,
1973 5531 2054 5608 ut
2075 5554 2146 5609 ab

511 5623 784 5679 omnibus
809 5626 1053 5702 intelligi
1090 5632 1254 5688 facile
1285 5635 1470 5705 possit
1514 5637 1661 5692 nihil
1687 5656 1814 5696 esse
1850 5623 1911 5698 et
1934 5642 2146 5698 divinis

512 5708 982 5773 institutionibus
1059 5725 1115 5775 et
1171 5728 1335 5778 rectas
1419 5724 1650 5799 rationi,
1725 5729 1879 5788 sicut
1944 5735 2148 5805 postea

2262 3347 2372 3384 nus
2436 3330 2625 3400 Copus
2655 3331 2913 3385 diversas
2970 3331 3040 3384 ab
3100 3328 3270 3384 editis
3330 3326 3602 3382 lectiones
3641 3323 3897 3395 collegit,

2263 3419 2706 3489 lransmisitque
2727 3417 3104 3487 Pamelio,qui
3135 3418 3208 3471 iis
3238 3417 3307 3471 ad
3342 3414 3762 3471 concinandam
3798 3429 3902 3466 no-

2260 3525 2389 3563 vam
2421 3523 2661 3577 operum
2691 3506 3034 3561 Tertulliani
3077 3506 3388 3561 editionem
3452 3521 3595 3559 usus
3627 3507 3737 3558 est.
3789 3501 3899 3555 Sed

2258 3597 2370 3651 tria
2401 3597 2590 3650 adhuc
2621 3595 2721 3650 illa
2751 3594 2984 3651 illorum
3018 3593 3374 3665 exemplaria
3399 3592 3507 3664 ipsi
3529 3591 3904 3663 suppeditata

2260 3689 2482 3750 sunt,et
2510 3684 2624 3738 duo
2655 3683 2894 3754 quidem
2925 3699 2994 3738 ex
3023 3683 3080 3736 S.
3116 3682 3362 3738 Amandi
3403 3698 3469 3735 ac
3501 3679 3745 3735 Bavonis
3771 3693 3902 3731 mo-

2260 3772 2792 3839 nasleriis,tertium
2821 3771 3314 3844 Anglicum,quod
3349 3787 3523 3841 penes
3555 3785 3614 3824 se
3642 3768 3900 3822 Joannes

2258 3863 2520 3917 Clemens
2550 3863 2772 3933 Anglus
2796 3862 3066 3916 habebat.
3101 3861 3314 3916 Verum
3368 3875 3555 3930 neque
3587 3854 3895 3920 Pamelius,

2261 3967 2447 4022 neque
2469 3951 2619 4006 alius
2651 3951 2944 4022 quispiam
2979 3950 3149 4005 nobis
3182 3948 3462 4006 indicavit
3494 3946 3690 4018 qualia
3719 3960 3898 4016 quan-

2260 4046 2398 4095 tazve
2428 4039 2797 4110 antiquitatis
2822 4055 2889 4093 ea
2906 4039 3043 4094 sint.

2334 4130 2392 4184 In
2430 4135 2626 4183 nostra
2649 4135 2842 4183 autem
2877 4127 3063 4183 Gallia
3084 4126 3179 4181 alii
3238 4125 3552 4197 cujuslibet
3596 4122 3782 4180 astatis
3808 4138 3897 4177 re-

2263 4218 2566 4290 periuntur
2590 4217 2798 4272 horum
2856 4217 3143 4271 librorum
3205 4214 3592 4285 manuscripti
3648 4212 3899 4278 codices,

2260 4324 2328 4363 ex
2358 4306 2571 4378 quibus
2604 4305 2796 4378 plures
2829 4305 3004 4360 nullis
3038 4305 3169 4360 aliis
3217 4309 3316 4359 aut
3373 4303 3702 4359 veneranda
3748 4299 3900 4356 anti-

2260 4397 2503 4468 quitate,
2539 4401 2636 4452 aut
2684 4395 2932 4467 eleganti
2983 4394 3314 4449 charactere
3363 4393 3564 4448 cedere
3609 4390 3902 4446 videntur.

2261 4487 2340 4540 Ex
2363 4485 2432 4540 iis
2464 4503 2618 4540 unus
2649 4485 3040 4539 Puteanorum
3075 4483 3213 4538 olim
3275 4483 3522 4537 fratrum
3574 4484 3906 4537 asservatur

2259 4573 2319 4628 in
2352 4574 2506 4646 regis
2539 4574 2717 4628 nostri
2739 4572 3226 4628 Christianissimi
3260 4569 3900 4626 bibliotheca.Alterum

2259 4682 2390 4720 vero
2420 4666 2669 4720 Jacobus
2700 4664 3044 4736 Bongartius
3076 4663 3430 4734 possidebat.
3459 4663 3544 4716 Ad
3581 4665 3899 4730 utrumque

2261 4760 2455 4810 autem
2482 4754 2814 4810 Desiderius
2849 4752 3132 4808 Heraldus
3163 4751 3523 4824 singularem
3564 4750 3902 4823 Apologetz'ci

2260 4843 2576 4898 editionem
2608 4841 2931 4914 castigavit.

2329 4930 2597 4986 Nicolaus
2626 4948 2758 4986 vero
2776 4930 3061 5002 Rigaltius
3086 4947 3199 4986 non
3224 4946 3436 5001 magna
3467 4929 3593 4984 sine
3626 4927 3892 4999 indigna-

2257 5019 2414 5075 tione
2427 5015 3901 5091 conquerituremsndatissimaOperum'l‘ertulliani

2259 5108 2449 5181 prima
2473 5109 2840 5180 genuinaque
2861 5107 3214 5180 exemplaria
3239 5109 3359 5178 jam
3394 5125 3427 5162 a
3451 5107 3623 5179 longo
3645 5111 3904 5177 tempore

2259 5199 2332 5254 ab
2362 5195 2564 5268 iis,qui
2600 5199 3046 5269 Africanihujus
3079 5197 3381 5268 scriptoris
3401 5196 3684 5252 dictiones
3701 5210 3904 5265 capere

2259 5303 2370 5340 non
2430 5292 2766 5357 potuerunt,
2814 5287 2898 5342 sic
2958 5291 3229 5357 corrupta
3280 5285 3482 5353 fuisse,
3542 5289 3608 5340 ut
3659 5284 3753 5339 vix
3782 5282 3904 5338 ulla

2257 5375 2603 5428 restituendi
2639 5376 2786 5430 748
2845 5374 2964 5430 veri
3027 5379 3214 5430 textus
3275 5390 3409 5445 spes
3468 5374 3740 5445 supersit.
3788 5371 3900 5427 Sed

2258 5461 2473 5518 fatetur
2503 5468 2698 5520 tamen
2722 5481 2842 5520 suae
2864 5463 3106 5520 editioni
3137 5463 3461 5535 plurimum
3491 5462 3639 5518 lucis
3655 5466 3711 5517 et
3731 5476 3900 5516 orna-

2258 5553 2438 5608 menti
2462 5554 2778 5610 accessisse
2808 5571 2876 5610 ex
2904 5553 3083 5610 variis
3106 5552 3476 5624 lectionibus,
3509 5569 3542 5607 a
3597 5552 3897 5617 Rhenano,

2257 5647 2314 5698 et
2334 5642 2466 5698 aliis
2491 5643 2831 5700 melioribus
2869 5661 2901 5700 a
2933 5642 3134 5698 Fulvio
3187 5658 3254 5698 ac
3300 5641 3476 5698 Junio
3523 5639 3783 5696 collectis
3841 5641 3900 5693 et

2255 5731 2450 5788 editis.
2469 5731 2586 5789 Nos
2616 5733 2860 5805 insuper
2890 5732 3166 5792 admonet
3195 5728 3309 5787 sibi
3339 5730 3412 5786 ad
3442 5745 3682 5786 manum
3716 5727 3897 5785 fuisse
