4262 6350
392 396 509 455 829

1123 396 1201 455 ΙΝ
1247 394 1853 458 APOLOGETICUM
1900 392 1971 450 D.
2022 391 2117 449 LE
2162 389 2486 449 NOURRY
2536 387 3081 447 DISSER'I‘A'I‘IO.

3687 382 3808 444 830

394 531 781 582 memoratum
817 528 1080 582 codicem
1114 529 1509 583 Puteanorum
1546 528 1815 591 fratrum,
1851 529 1906 579 et
1957 523 2037 578 al-
2075 523 2125 588 Α
2160 523 2417 577 Puteano
2502 538 2614 575 non
2671 519 2843 585 cedit,
2902 534 3090 589 neque
3149 520 3384 571 centum
3439 519 3568 585 post
3621 531 3805 570 annos

397 622 584 671 terum
621 617 770 671 Petri
798 618 1024 686 Pitbcei,
1061 634 1124 672 ac
1152 620 1445 673 variantes
1476 616 1697 672 codicis
1742 614 2049 671 Fuldensis

396 706 699 770 lectiones,
752 706 810 761 in
867 707 1011 761 libro
1063 707 1449 762 illustrissimi
1510 705 1845 768 Monchalli,
1895 704 2047 758 Tho-

396 796 647 850 losatum
694 796 1139 867 archiepiscOpi.
1174 812 1242 850 ex
1274 796 1659 866 autcgrapho,
1694 800 1757 849 ut
1790 796 1911 865 ipse
1944 792 2044 857 ait,

394 884 969 954 dcscriptasﬂorum
1003 893 1197 939 autem
1234 886 1527 949 codicum,
1562 882 2047 955 atqueimprimis

396 972 605 1027 harum
638 972 955 1027 lectionum
994 973 1105 1028 sibi
1171 974 1487 1028 missarum
1539 972 1772 1037 auxilio,
1824 975 2045 1025 textum

394 1062 735 1132 Apologeticz'
763 1063 869 1115 250
900 1062 956 1115 in
992 1062 1135 1117 locis
1169 1080 1229 1117 se
1259 1063 1605 1117 emendasse
1637 1061 1939 1131 gloriatur.
1976 1064 2048 1114 At

396 1152 632 1221 penitus
662 1152 846 1205 tacuit
876 1154 1049 1221 cujus
1084 1157 1230 1206 notae
1264 1160 1318 1206 et
1348 1151 1714 1221 antiquitatis
1756 1150 1873 1205 sint
1931 1150 2045 1204 duo

399 1239 479 1293 illi
515 1240 767 1305 codices,
803 1246 857 1294 et
888 1239 1029 1294 illud
1058 1240 1506 1311 autOgraphum,
1541 1256 1609 1294 ex
1639 1256 1754 1309 quo
1800 1239 2045 1293 l’ulden-

398 1345 491 1383 ses
522 1328 800 1384 lectiones
832 1329 1101 1384 delibatae
1133 1330 1272 1384 sint.

470 1435 584 1489 Nos
599 1452 730 1490 vero
746 1452 856 1489 non
884 1435 1073 1490 solum
1095 1436 1242 1491 duos
1263 1435 1393 1490 illos
1425 1436 1643 1507 primos
1664 1435 1813 1489 nacti
1839 1451 2046 1489 sumus

401 1524 651 1594 codices,
687 1526 786 1579 sed
831 1525 977 1579 alios
1036 1526 1211 1579 etiam
1267 1523 1622 1595 complures,
1660 1524 1757 1595 qui
1809 1523 2043 1593 quidem

398 1612 671 1683 qualesve
730 1614 869 1683 sint,
932 1613 1343 1684 explicandum
1393 1618 1499 1668 est.
1561 1614 1791 1667 Primus
1850 1612 2047 1683 itaque

397 1701 717 1765 Puteanus,
768 1702 1104 1757 charactere
1164 1702 1554 1775 pulcherrimo
1614 1703 1766 1756 circa
1824 1718 2045 1755 annum

399 1788 612 1844 Christi
648 1790 753 1843 900
786 1790 1117 1862 descriptus
1160 1792 1535 1861 peritioribus
1585 1792 1828 1845 videtur.
1867 1790 1927 1844 In
1978 1806 2043 1844 eo

2164 613 2491 683 descriptus
2517 611 2683 665 nobis
2710 610 2962 663 videtur.
3006 612 3077 660 At
3112 605 3418 676 plerasque
3466 604 3523 657 in
3558 620 3622 658 eo
3672 620 3804 657 eas-

2162 702 2313 765 dem,
2350 707 2524 771 atque
2559 700 2613 753 in
2645 698 2766 766 illo,
2801 694 3290 768 deprehendimus
3322 694 3505 749 bonas
3530 698 3586 748 et
3617 692 3804 748 malas

2158 791 2456 846 lectiones.

2230 884 2485 946 Quartus
2517 896 2583 934 ac
2615 878 2861 949 quintus
2893 877 3071 933 codex
3102 873 3446 929 Colbertinaa
3479 876 3569 925 est
3600 870 3805 927 biblio-

2160 969 2358 1033 thecae,
2397 968 2774 1037 numerisque
2804 966 2909 1019 959
2931 970 2986 1019 et
3032 965 3166 1017 5271
3216 960 3453 1032 signati.
3496 959 3806 1029 Antiquior

2157 1065 2352 1114 autem
2385 1060 2455 1113 ab
2490 1058 2661 1113 annis
2698 1057 2929 1112 circiter
2955 1056 3083 1122 700,
3113 1059 3168 1107 et
3215 1051 3497 1106 recentior
3528 1066 3642 1104 non
3671 1052 3804 1103 ante

2158 1165 2343 1203 annos
2384 1148 2487 1201 400
2545 1146 2762 1217 scripto
2820 1146 3050 1200 videtur
3099 1143 3370 1195 traditus.
3434 1137 3802 1193 Bibliotheca)

2156 1254 2288 1291 vero
2348 1236 2507 1291 illius
2566 1236 2867 1307 praefectus
2926 1233 2997 1287 cl.
3060 1231 3145 1284 vir
3193 1229 3432 1283 Carolus
3492 1226 3802 1281 Duchesne

2158 1327 2327 1380 nobis
2363 1327 2668 1395 utriusque
2713 1323 2946 1387 codicis,
2991 1321 3233 1391 jubente
3266 1316 3668 1372 illustrissimo
3700 1315 3800 1370 ab-

2156 1416 2291 1469 bate
2323 1414 2609 1483 Colberto,
2642 1414 2870 1484 copiam
2905 1411 3057 1465 fecit.

2228 1524 2500 1579 Diversas
2533 1522 2775 1591 insuper
2804 1518 3081 1572 lectiones
3115 1532 3182 1570 ex
3211 1514 3443 1569 duobus
3487 1510 3617 1567 aliis
3641 1509 3801 1567 codi-

2157 1613 2322 1666 cibus
2386 1609 2802 1678 manuscriptis
2860 1605 3204 1676 accipimus,
3267 1618 3518 1673 quorum
3575 1599 3799 1671 primus

2159 1700 2497 1756 monasterii
2529 1703 2617 1753 est
2646 1695 3058 1761 Morbacensis,
3119 1694 3175 1746 in
3210 1694 3377 1760 cujus
3410 1692 3522 1744 fine
3570 1689 3687 1743 haec
3718 1688 3798 1742 le-

2159 1795 2374 1861 guntur
2404 1789 2577 1843 verba
2602 1786 2784 1843 :Orale
2811 1800 2909 1855 pro
2948 1784 3171 1838 domino
3199 1782 3403 1835 abbate
3433 1778 3788 1833 Morbacensi.

399 1883 593 1932 autem
630 1878 790 1933 solus
815 1879 1151 1934 Tertulliani
1180 1882 1565 1952 Apologetz'cus
1595 1879 1744 1934 liber
1785 1879 2043 1934 contine-
2074 1876 2124 1941 B
2158 1881 2207 1935 Is
2239 1885 2433 1934 autem
2488 1878 2612 1947 ipse
2653 1880 2741 1930 est
2792 1871 3251 1927 Bartholomzsus
3302 1870 3372 1923 de
3426 1865 3670 1931 Andelo,
3699 1864 3798 1935 qui

397 1970 513 2035 tur,
553 1973 1003 2039 asservaturque
1034 1968 1090 2022 in
1144 1968 1650 2039 Christianissimi,
1679 1974 1741 2022 ut
1767 1968 2044 2036 diximus,

399 2055 552 2125 regis
588 2057 769 2111 nostri
805 2057 1154 2111 bibliotheca
1176 2074 1419 2113 numero
1438 2060 1572 2112 3971
1606 2063 2042 2129 notatus,quem

398 2143 838 2200 illustrissimus
871 2146 1052 2201 abbas
1086 2145 1371 2202 Tellerius
1405 2164 1659 2216 summa,
1703 2164 1820 2217 qua
1875 2147 2042 2216 solet,

400 2234 759 2304 benignitate
783 2233 1084 2291 nobiscum
1105 2253 1136 2290 a
1157 2237 1392 2291 Nicolao
1413 2237 1701 2292 Clemente
1724 2238 2048 2291 communi-

399 2322 511 2376 cari
541 2324 831 2395 praecepit.

468 2412 773 2468 Secundus
798 2414 971 2483 Petri,
1007 2419 1072 2470 ut
1102 2414 1592 2484 diximus,Pitbcei
1628 2414 1770 2469 olim
1808 2415 1938 2481 fuit,
1988 2418 2046 2470 et

406 2499 522 2555 RR.
560 2501 794 2557 Patrum
827 2504 1074 2559 Oratorii
1107 2505 1247 2559 Jesu
1273 2503 1513 2575 collegio
1561 2504 1832 2560 Trecensi
1892 2505 2043 2559 dono

397 2590 591 2660 datus,
624 2591 683 2645 in
716 2608 915 2647 eorum
946 2593 1296 2648 bibliotheca
1328 2594 1755 2661 custoditus,ad
1792 2610 1896 2649 nos
1922 2594 2041 2649 sin-

393 2678 580 2749 gulari
606 2698 846 2751 prorsus
874 2682 1111 2738 illorum
1142 2682 1507 2738 humanitate
1529 2683 1913 2739 transmissus
1936 2687 2042 2739 est.

399 2768 514 2823 Viri
574 2776 770 2824 autem
827 2771 885 2825 in
936 2772 1339 2826 examinandis
1398 2772 1689 2827 veteribus
1745 2772 2044 2828 codicibus

400 2858 589 2928 magis
622 2859 1011 2929 exercitati,ex
1041 2860 1445 2916 cbaracterum
1471 2862 1654 2915 forma
1676 2861 1839 2915 illum
1862 2863 2044 2917 unde-

402 2947 553 3002 cimo
585 2948 816 3002 circiter
845 2948 1055 3004 saeculo
1082 2950 1363 3020 scriptum
1394 2967 1521 3004 esse
1544 2950 1903 3021 judicarunt.
1936 2951 2042 3005 Sed

408 3035 581 3106 primi
615 3035 836 3091 librarii
864 3038 1159 3109 imperitia
1190 3039 1369 3093 variis
1400 3040 1619 3110 passim
1660 3040 1904 3093 fmdntus
1958 3045 2048 3094 est

409 3124 656 3194 mendis,
691 3142 817 3197 qua;
850 3126 1002 3181 alius
1033 3127 1256 3181 doctior
1285 3126 1567 3199 appositis
1617 3126 1820 3195 obelis,
1872 3134 2046 3198 atque

2157 1986 2309 2024 anno
2348 1968 2481 2021 1455
2510 1982 2575 2019 ac
2607 1971 2803 2036 postea
2836 1961 2971 2016 huic
3017 1957 3372 2015 monasterio
3430 1954 3799 2026 praepositus,

2156 2058 2428 2114 collectos
2461 2056 2717 2122 undique
2776 2050 3246 2122 quamplurimos
3305 2047 3531 2101 codices
3584 2061 3799 2098 manu-

2155 2153 2405 2218 scriptos
2439 2146 2639 2199 eadem
2674 2140 3106 2212 subscriptione
3132 2137 3319 2192 notari
3367 2133 3569 2189 voluit.
3605 2133 3799 2204 Longe

2156 2242 2349 2292 autem
2382 2232 2687 2290 recentiori
2716 2247 2890 2284 manu
2924 2231 3159 2283 exarata
3218 2230 3348 2279 sunt
3378 2224 3499 2278 hac
3531 2223 3799 2292 subjecta

2154 2325 2502 2397 Apologetico
2532 2322 2726 2387 verba,
2788 2334 2963 2390 quam
3009 2319 3132 2386 ipse
3192 2314 3568 2384 Apologeticus
3624 2310 3797 2379 liber,

2155 2415 2386 2487 qui600
2434 2415 2533 2467 aut
2562 2411 2667 2463 700
2725 2408 2935 2462 abhinc
2996 2405 3167 2459 annis
3224 2402 3481 2473 scriptus
3533 2406 3794 2471 apparet.

2154 2505 2359 2559 Varias
2390 2506 2587 2556 autem
2620 2499 2748 2567 ejus
2795 2496 3072 2550 lectiones
3128 2508 3362 2547 summa
3411 2488 3709 2558 diligentia
3741 2490 3798 2541 et

2155 2596 2223 2650 ad
2261 2590 2603 2663 scrupulum
2639 2602 2825 2657 usque
2857 2582 3163 2653 decerpsit,
3221 2581 3289 2634 ad
3350 2593 3575 2649 nosque
3633 2576 3796 2631 misit

2154 2700 2309 2739 unus
2384 2679 2647 2751 ejusdem
2748 2672 3084 2729 monasterii
3197 2668 3540 2736 monachus,
3623 2666 3795 2736 cujus

2154 2769 2509 2829 humanitati
2564 2766 2783 2840 gratias
2832 2779 2936 2817 nec
2994 2760 3269 2815 minimas
3324 2758 3561 2830 quidem
3615 2755 3794 2809 habe-

2154 2880 2305 2919 mus.

2226 2951 2385 3005 Alter
2416 2948 2594 3002 codex
2624 2940 3083 3011 manuscriptus,
3145 2939 3316 3008 cujus
3371 2935 3663 2991 variantes
3719 2932 3790 2987 ab

2155 3039 2329 3096 editis
2358 3037 2639 3091 lectiones
2672 3035 2741 3086 ad
2806 3047 2910 3084 nos
2968 3028 3159 3083 missae
3218 3030 3374 3092 sunt,
3438 3040 3592 3077 unus
3624 3039 3693 3077 ex
3722 3021 3796 3076 lis

2155 3134 2263 3195 est,
2295 3126 2508 3199 quibus
2541 3138 2708 3177 suam
2730 3118 3141 3174 bibliothecam
3168 3116 3357 3169 Romae
3390 3113 3593 3167 ditavit
3614 3111 3797 3165 abbas

404 3213 474 3267 ad
508 3214 829 3285 marginem
862 3215 1037 3287 notis,
1085 3222 1186 3271 aut
1226 3216 1492 3285 correxit,
1543 3220 1643 3271 aut
1699 3215 2043 3288 corrigenda
2075 3237 2118 3303 ρ
2156 3215 2596 3273 illustrissimus
2624 3210 2828 3265 Justus
2881 3206 3260 3273 Fontaninus,
3308 3220 3415 3257 sua
3446 3201 3589 3255 satis
3621 3204 3798 3303 potus

398 3317 525 3357 esse
558 3305 925 3360 monstravit.

470 3392 674 3448 Plures
706 3403 895 3448 autem
933 3394 991 3448 in
1024 3410 1089 3448 eo
1121 3394 1317 3449 codice
1346 3395 1682 3466 transcripti
1719 3403 1854 3449 sunt
1909 3395 2043 3449 Ter-

395 3479 627 3535 tulliani
663 3486 964 3547 tractatus,
1011 3499 1259 3553 quorum
1293 3483 1465 3538 index
1514 3484 1571 3538 in
1633 3484 1824 3555 prima
1879 3483 2041 3538 illius

395 3570 608 3641 pagina
639 3572 966 3628 exhibetur.
998 3571 1210 3627 Verum
1246 3572 1304 3626 in
1334 3573 1441 3627 hoc
1472 3572 1664 3628 indice
1689 3573 2038 3644 praetermis-

390 3675 492 3714 sus
525 3664 614 3714 est
635 3660 727 3715 hic
758 3662 1143 3732 Apologeticus
1174 3660 1340 3716 liber.
1391 3662 1782 3725 Quamobrem
1845 3662 2038 3732 suspi-

387 3749 557 3803 candi
591 3748 753 3805 locus
783 3766 911 3806 esse
934 3741 1168 3806 videtur
1190 3756 1387 3806 utrum
1422 3756 1555 3822 post
1586 3751 1732 3807 alios
1761 3751 1941 3805 libros
1966 3751 2038 3805 ab

390 3836 586 3908 aliquo
621 3838 860 3894 librario
894 3845 1095 3909 postea
1124 3848 1393 3895 exaratus
1422 3841 1618 3895 fuerit.
1662 3846 1807 3895 Nam
1865 3841 2040 3895 index

393 3924 490 3979 ille
518 3928 739 3995 {eadem
801 3944 995 3995 manu,
1050 3934 1225 3999 atque
1273 3928 1369 3983 alii
1430 3928 1560 3983 libri
1623 3930 1878 4001 scriptus
1927 3934 2035 3985 est.

395 4015 651 4078 Quivero
682 4016 1093 4086 Apologeticum
1124 4016 1399 4088 deinceps
1433 4018 1769 4089 descripsit,
1804 4018 1853 4073 is
1907 4018 2038 4073 aliis

395 4101 721 4174 imperitior
742 4109 797 4159 et
840 4105 1049 4159 Latinae
1107 4104 1324 4177 lingua;
1384 4107 1647 4178 ignarus,
1680 4108 2033 4178 frequentes,

393 4194 606 4263 quibus
641 4194 818 4249 codex
846 4193 944 4248 ille
976 4193 1197 4265 passim
1231 4195 1444 4263 ubique
1476 4200 1677 4264 scatet,
1701 4212 1924 4252 errores
1948 4213 2035 4250 re-

389 4280 583 4353 liquit.
622 4283 742 4338 Alia
772 4300 1005 4355 quoque
1062 4284 1120 4337 in
1182 4300 1268 4349 eo,
1330 4301 1503 4355 quam
1561 4286 1619 4339 in
1679 4285 1811 4340 aliis
1870 4284 2034 4340 libris

387 4372 751 4442 conspicitur
773 4372 1083 4427 verborum
1140 4374 1480 4427 contractio.
1516 4373 1763 4437 Quidam
1811 4378 2031 4443 tamen,

389 4462 532 4516 satis
563 4461 757 4516 idonei
789 4461 1096 4531 scriptura)
1121 4462 1762 4531 veterisjudices,hunc
1793 4462 2032 4528 librum,

393 4549 547 4605 sicnt
568 4549 733 4617 alios,
759 4550 831 4605 ab
853 4551 1052 4605 eodem
1079 4549 1315 4605 librario
1342 4556 1644 4607 exaratum
1671 4551 2033 4620 existimant,

396 4640 461 4694 In
492 4656 558 4695 eo
598 4643 793 4695 autem
855 4656 970 4694 non
1031 4640 1256 4712 integer
1313 4640 1411 4696 ille
1462 4643 1836 4713 Apologetz‘cus
1892 4640 2037 4695 liber

397 4728 724 4799 exhibetur,
760 4729 860 4784 sed
889 4730 1171 4784 duntaxat
1202 4746 1390 4800 usque
1422 4730 1491 4785 ad
1523 4730 1729 4801 capitis
1765 4728 2049 4785 tricesimi

398 4818 635 4874 initium
666 4836 679 4874 :
711 4823 918 4874 caetera
949 4823 1167 4881 autem,
1202 4835 1329 4890 quae
1364 4825 1632 4891 quartam
1683 4819 1863 4875 totius
1915 4817 2048 4873 libri

401 4913 625 4980 partem
651 4908 973 4977 continent,
1005 4906 1176 4980 plane
1207 4908 1636 4965 desiderantur.

470 5014 735 5069 Tertium
768 5015 1026 5070 codicem
1060 5015 1529 5088 manuscriptum
1562 5016 1732 5072 nobis
1769 5015 2046 5088 suppedi-

396 5104 539 5158 tavit
567 5104 654 5158 vir
674 5103 1137 5172 illustrissimus,
1160 5109 1217 5161 et
1246 5106 1407 5161 omni
1434 5107 1605 5162 laude
1637 5105 2045 5178 major,Acbil-

396 5192 479 5247 les
512 5193 794 5259 Harlisus,
820 5193 920 5263 qui
951 5199 1261 5265 postquam
1283 5195 1613 5251 admirabili
1636 5194 2046 5268 prorsusjuris

395 5284 661 5348 scicntia,
695 5283 988 5353 aequitate,
1023 5284 1310 5353 probitate
1332 5284 1580 5357 aliisque
1638 5285 1867 5341 eximiis
1928 5284 2044 5339 vir-

394 5374 621 5428 tutibus
643 5389 744 5444 per
761 5370 979 5426 multos
994 5389 1178 5428 annos
1200 5373 1503 5430 Parisiensi
1518 5374 1751 5430 senatui
1776 5372 2044 5446 praefuis-

396 5467 503 5529 set,
563 5466 729 5518 tanta
788 5459 970 5516 animi
1028 5460 1392 5532 fortitudine,
1456 5469 1676 5535 quanto
1742 5460 2043 5518 communi

400 5552 664 5607 omnium
698 5550 989 5606 desiderio
1021 5566 1081 5605 se
1104 5550 1210 5606 hac
1268 5553 1551 5624 dignitate
1608 5551 1916 5618 abdicavit,
1977 5565 2043 5606 ac

401 5645 627 5696 servata
658 5655 891 5711 semper
921 5638 1123 5695 eadem
1155 5640 1285 5696 vitae
1333 5642 1723 5712 aequabilitate
1770 5643 2042 5696 mortuus

402 5735 508 5786 est.
544 5732 733 5787 Codex
763 5734 958 5785 autem
992 5728 1088 5786 ille
1131 5729 1484 5788 characteris
1545 5733 1695 5789 749
1753 5727 2043 5802 elegantia

2158 3306 2506 3371 eruditione,
2541 3316 2645 3355 nec
2672 3316 2703 3353 a
2736 3296 2903 3352 nobis
2934 3310 3195 3365 unquam
3239 3292 3363 3347 sine
3395 3291 3591 3345 debita
3623 3286 3798 3341 laude

2152 3392 2566 3455 nominandus.
2605 3388 2767 3443 Hunc
2799 3390 2995 3439 autem
3047 3384 3143 3437 ille
3186 3380 3444 3437 codicem
3505 3373 3796 3432 submini-

2151 3484 2357 3545 stravit
2390 3485 2587 3537 nostro
2613 3477 2855 3532 Claudio
2889 3473 3080 3537 Devic,
3116 3472 3241 3542 qui,
3290 3472 3424 3524 licet
3475 3465 3800 3537 majoribus

2151 3574 2367 3632 studiis
2397 3570 2653 3633 deditus,
2679 3563 2899 3620 curavit
2930 3567 3127 3617 erutas
3159 3578 3190 3615 a
3221 3576 3282 3615 se
3312 3558 3571 3613 diversas
3616 3553 3797 3624 hujus

2150 3663 2368 3722 codicis
2401 3659 2679 3714 lectiones
2711 3655 2782 3710 ad
2818 3670 2925 3709 nos
2958 3650 3287 3707 transferri.

2223 3770 2490 3839 Quinque
2525 3780 2694 3837 porro
2738 3763 3090 3816 memoratos
3149 3758 3399 3813 codices.
3448 3758 3800 3819 Puteanum,

2151 3862 2548 3919 Pithozanum,
2589 3851 2982 3916 Harlaeanum,
3041 3852 3098 3903 et
3153 3852 3472 3914 utrumque
3528 3839 3804 3898 Colberti-

2150 3967 2325 4013 num,
2357 3963 2490 4002 cum
2524 3944 2806 3999 adornata
2833 3936 3129 4010 aRigaltio
3191 3936 3444 3991 editione
3496 3932 3804 4002 diligenter

2155 4037 2537 4103 contulimus,
2573 4037 2744 4102 atque
2766 4046 2833 4084 ex
2862 4028 2971 4083 hac
2997 4025 3303 4082 collatione
3361 4021 3617 4093 plurima
3666 4032 3803 4072 sane

2149 4126 2494 4198 collegimus
2555 4123 2819 4176 diversas
2874 4116 3171 4181 lectiones,
3228 4129 3354 4183 quis
3390 4111 3460 4164 ab
3495 4104 3804 4198 illo,nulla

2158 4194 2552 4287 saepc‘saapius
2588 4207 2815 4262 reddita
2850 4206 3089 4271 ratione,
3124 4202 3223 4256 sed
3258 4198 3511 4273 propria,
3545 4195 3630 4251 uti
3655 4194 3807 4249 vide-

2147 4296 2266 4372 tur,
2290 4300 2637 4358 auctoritate
2670 4312 2822 4367 saepe
2851 4293 3065 4364 saepius
3112 4296 3211 4345 aut
3244 4289 3476 4361 penitus
3508 4288 3800 4353 resecatae,

2149 4394 2598 4451 autimmutatae
2642 4392 2799 4441 sunt.
2836 4384 3075 4438 Fatetur
3105 4380 3260 4434 enim
3296 4395 3357 4434 se
3388 4377 3617 4432 duobus
3645 4375 3798 4429 dun-

2147 4488 2329 4551 taxat,
2366 4480 2445 4535 uti
2483 4478 2760 4539 diximus,
2795 4470 3116 4531 codicibus,
3149 4469 3406 4523 Puteano
3436 4470 3493 4522 et
3539 4464 3791 4519 Pithma-

2145 4588 2242 4637 no,
2266 4575 2322 4625 et
2351 4567 2529 4625 variis
2560 4561 2867 4619 Futdensis
2900 4558 3250 4614 lectionibus
3282 4573 3459 4612 usum
3493 4555 3692 4609 fuisse.
3726 4554 3797 4607 At

2148 4661 2234 4716 his
2268 4658 2542 4714 lectiones
2583 4652 2772 4708 alieno
2826 4649 2998 4721 plane
3048 4648 3103 4701 in
3161 4646 3286 4701 loco
3346 4645 3590 4699 inventas
3642 4646 3801 4712 sunt,

2160 4765 2264 4803 nec
2296 4747 2443 4803 scire
2472 4740 2765 4813 Rigaltius
2801 4736 2983 4810 potuit
3016 4753 3047 4790 a
3070 4752 3202 4805 quo,
3224 4737 3325 4789 aut
3356 4750 3472 4804 qua
3502 4730 3803 4799 diligentia

2158 4836 2407 4893 collectae
2452 4831 2693 4889 fuerint.
2738 4828 2853 4882 Nec
2893 4826 3081 4896 magis
3137 4826 3502 4894 compertum
3576 4819 3801 4889 habuit,

2159 4932 2260 4983 aut
2290 4930 2440 4980 certe
2472 4920 2773 4977 neminem
2810 4914 3117 4972 admonuit
3149 4913 3321 4983 cujus
3377 4915 3525 4967 notae
3566 4914 3623 4966 et
3676 4913 3807 4964 arta-

2157 5016 2234 5072 tis
2267 5016 2343 5071 sit
2370 5014 2466 5070 ille
2488 5012 2667 5068 codex
2693 5005 3019 5074 Fuldensis,
3054 5005 3222 5075 cujus
3253 5006 3317 5057 ut
3348 5002 3670 5074 plurimum
3700 5015 3804 5054 au-

2157 5107 2425 5162 ctoritate
2456 5106 2675 5157 textum
2734 5095 3072 5151 immutavit
3126 5091 3489 5148 Tertulliani.
3551 5090 3694 5145 Nam
3736 5102 3805 5141 ex

2157 5196 2382 5251 collatis
2424 5208 2570 5248 nova
2602 5192 2733 5262 post
2764 5186 2931 5241 illum
2965 5202 3102 5239 cura
3156 5183 3435 5249 Puteano,
3466 5183 3522 5233 et
3553 5178 3798 5232 Pithwa-

2156 5304 2251 5356 no,
2285 5285 2533 5354 aliisque
2565 5276 2898 5335 memoratis
2959 5272 3279 5337 codicibus,
3330 5274 3503 5356 atque
3554 5264 3799 5356 diversis

2156 5352 2402 5432 aliorum
2436 5352 2815 5431 lectionibus,
2873 5362 3045 5434 plane
3098 5354 3625 5416 animadvertimus
3663 5352 3799 5407 illos

2155 5461 2616 5520 correctionibus
2675 5452 2909 5525 Rigaltii
2989 5448 3227 5506 omnino
3286 5443 3601 5500 adversari.
3661 5442 3802 5507 Quis

2152 5559 2347 5609 autem
2368 5551 2583 5607 dixerit
2600 5545 2838 5601 dubiam
2872 5540 3045 5596 unius
3066 5538 3365 5595 Faldensis
3386 5535 3602 5591 codicis
3624 5534 3800 5588 fidem

2165 5645 2251 5696 tot
2280 5640 2529 5696 aliorum
2587 5638 2644 5689 et
2673 5628 2981 5685 meliorum
3031 5632 3088 5683 et
3118 5628 3512 5699 antiquiorum
3546 5621 3799 5679 auctori-

2159 5732 2267 5786 tati
2300 5745 2428 5787 esse
2459 5718 2894 5784 anteferendam
2918 5718 2945 5773 ?
2967 5717 3048 5774 Ne
3069 5718 3203 5791 quis
3231 5734 3364 5774 vero
3386 5715 3554 5773 nobis
3578 5712 3795 5781 minus,
