4262 6414
539 391 647 454 831

1062 382 1586 447 TERTULLIANI
1633 380 1956 442 OPERUM
1999 381 2198 442 PAltS
2240 383 2288 442 Ι.
2317 414 2391 428 --
2419 384 2692 448 SERIES
2738 389 2785 463 Ι,
2831 384 3402 448 APOLOGETICA.

3818 381 3942 441 822

542 538 719 595 quam
777 519 861 574 illi
913 517 1264 573 credendum
1327 530 1453 570 esse
1510 513 1824 580 existimet,
1910 514 2177 585 quaedam
2207 515 2261 581 Α
2291 515 2427 572 alibi
2461 516 2579 574 haec
2611 517 2955 574 Tertulliani
2989 517 3159 572 verba
3193 516 3402 571 :Deum
3458 514 3745 584 tangimus
3775 511 3939 584 (Ibid.

547 607 923 682 proponenda
956 612 1094 660 sunt
1125 602 1464 682 hujusmodi
1491 602 1961 673 amputationum
1995 607 2049 656 et
2080 602 2184 656 im-

545 678 937 754 mutationum
993 695 1142 750 750
1174 678 1456 763 exempla‘.
1493 692 1551 745 In
1588 691 1774 762 primo
1818 691 2012 762 itaque
2044 694 2181 762 Apo-

541 788 762 853 logelz’ci
782 785 966 854 capite
985 784 1103 837 haec
1129 787 1356 837 tantum
1373 781 1429 834 in
1454 780 1684 852 Rigaltii
1705 781 1954 836 editione
1978 779 2182 852 legun-

541 881 693 930 tur:
738 898 763 924 «
819 874 1033 928 Omnes
1092 873 1188 942 qui
1254 875 1402 925 retro
1462 872 1724 936 oderant,
1758 869 1894 941 quia
1953 869 2182 940 ignora-

544 965 704 1034 bant,
738 962 912 1017 simul
938 962 1216 1016 desinunt
1271 961 1554 1032 ignorare,
1583 979 1610 1010 ι
1647 965 1750 1014 etc.
1813 958 2186 1030 (Tertulliani

544 1053 818 1122 Apologet.
854 1067 979 1122 cap.
1019 1051 1068 1113 1,
1103 1067 1158 1120 p.
1190 1050 1336 1117 262).
1375 1053 1433 1101 In
1471 1047 1687 1102 nostris
1744 1054 1936 1102 autem
1989 1065 2181 1102 exem-

545 1141 808 1214 plaribus
841 1138 1261 1209 manuscriptis
1309 1155 1374 1192 ac
1427 1137 1719 1208 prioribus
1778 1137 2181 1192 editionibus:

551 1254 569 1279 ι
606 1233 820 1286 Omnes
852 1229 950 1299 qui
987 1233 1136 1283 retro
1167 1227 1428 1292 oderant,
1477 1226 1985 1297 quiaignorabant
2015 1226 2185 1296 quale

547 1319 791 1390 sitquod
821 1319 1079 1381 oderant,
1119 1315 1295 1370 simul
1347 1315 1623 1370 desinunt
1664 1315 1950 1386 ignorare,
1988 1337 2014 1364 »
2073 1320 2184 1370 etc.

549 1409 798 1462 Videsne
829 1425 861 1462 a
893 1406 1137 1477 Rigaltio
1196 1407 1410 1474 rejects
1459 1421 1584 1459 esse
1644 1404 1762 1459 hmo
1822 1406 1996 1459 verba
2027 1405 2188 1475 quale

543 1497 617 1551 sit
647 1495 786 1566 quod
815 1495 1089 1550 oderant?
1123 1494 1326 1564 Neque
1359 1491 1570 1546 dixeris
1601 1510 1666 1547 ea
1726 1510 1759 1547 a
1806 1493 2185 1565 typographis

547 1583 768 1638 omissa
799 1584 1001 1638 fuisse.
1061 1587 1202 1636 Nam
1255 1583 1522 1636 eumdem
1574 1582 1886 1653 Rigaltium
1940 1599 2185 1636 summa:

546 1672 936 1743 negligentiae,
998 1687 1103 1726 nec
1135 1669 1266 1739 ulli,
1311 1670 1408 1741 qui
1477 1670 1718 1725 editioni
1778 1670 2187 1740 hujuscemodi

545 1761 738 1831 operis
769 1761 1107 1832 praeficitur,
1141 1759 1537 1814 condonandas
1595 1759 1918 1815 accusabis.
1981 1759 2188 1814 Postea

546 1865 682 1904 vero
713 1849 834 1904 haec
886 1865 988 1904 nec
1049 1847 1216 1919 plura
1267 1849 1323 1902 in
1383 1848 1583 1902 eadem
1641 1847 1872 1918 Rigaltii
1933 1849 2186 1904 editione

548 1937 840 1992 habentur
871 1955 884 1992 :
921 1960 948 1986 ‹‹
981 1937 1260 1992 Venerem
1296 1938 1552 1991 humana
1595 1937 1808 2006 sagitta
1839 1937 2184 2000 sauciatam,

548 2025 816 2090 Martem,
853 2050 873 2076 ι
911 2032 1019 2080 etc.
1070 2026 1226 2096 (Ibid.
1287 2042 1413 2097 cap.
1470 2027 1577 2095 14).
1635 2026 1696 2080 In
1749 2027 1954 2080 iisdem
1989 2032 2181 2081 autem

547 2114 720 2169 editis
755 2121 810 2170 et
841 2115 1255 2186 manuscriptis
1287 2114 1491 2170 libris:
1526 2138 1552 2164 «
1586 2115 1865 2170 Venerem
1924 2115 2185 2169 humana

549 2204 764 2274 sagitta
793 2203 1296 2274 sauciatam,quod
1326 2203 1510 2258 filium
1541 2221 1713 2258 suum
1748 2205 2002 2271 xEneam,
2039 2221 2184 2275 pene

547 2291 914 2348 interfectum
959 2294 1028 2348 ab
1086 2294 1285 2347 eodem
1351 2294 1640 2356 Diomede,
1700 2311 1900 2364 rapere
1967 2295 2180 2348 vellet:

551 2381 820 2450 Martem,
858 2383 1320 2453 netc.Numquid
1355 2399 1490 2454 ergo
1521 2388 1578 2437 et
1601 2383 1654 2436 id
1690 2383 2185 2454 typographorum

548 2470 870 2524 oscitantine
900 2475 1000 2526 aut
1024 2471 1773 2526 festinationitribuendum
1807 2471 1829 2525 ?
1861 2472 1960 2526 Sin
1986 2476 2186 2526 autem

548 2559 832 2627 Rigaltius
855 2560 975 2614 haec
1006 2577 1072 2615 ex
1105 2561 1386 2632 margine,
1456 2560 1541 2616 vel
1590 2559 1826 2615 aliunde
1874 2561 1932 2615 in
1964 2566 2185 2615 textum

547 2647 778 2702 intrusa
809 2649 1072 2718 putabat,
1106 2666 1211 2703 cur
1241 2667 1345 2704 nos
1394 2649 1572 2720 hujus
1629 2649 2012 2704 additamenti
2073 2668 2186 2704 non

552 2737 858 2792 admonuit
913 2738 940 2792 ‘I
993 2739 1099 2793 Sed
1160 2755 1285 2809 age,
1341 2744 1398 2794 et
1453 2741 1566 2794 alia
1618 2756 1686 2794 ex
1717 2741 1972 2795 auctoris
2005 2739 2187 2795 nostri

551 2829 708 2880 textu
745 2825 1016 2880 similiter
1039 2834 1293 2882 resccata
1318 2845 1621 2897 agnosces.
1655 2827 2029 2900 Alibiquippe
2058 2834 2189 2883 Ter-

552 2913 854 2980 tullianus,
915 2921 979 2970 ut
1022 2921 1314 2971 testantur
1363 2917 1543 2971 nostri
1593 2916 1839 2986 codices,
1901 2918 2188 2989 scriptum

556 3001 869 3074 reliquerat
901 3020 914 3058 :
951 3026 978 3056 α
1003 3003 1192 3058 Dicam
1227 3005 1395 3076 plane
1425 2995 1830 3076 imperatorem
1863 3007 2187 3074 dominum,

558 3090 658 3144 sed
691 3107 822 3146 voce
854 3092 1170 3148 communi.
1204 3117 1230 3141 »
1265 3093 1426 3162 (Ibid.
1488 3110 1614 3164 cap.
1671 3094 1785 3164 3‘1.)
1840 3100 1913 3148 At
1944 3093 2190 3165 Rigaltio

558 3178 676 3234 haec
735 3180 847 3236 tria
905 3182 1225 3253 posteriora
1270 3183 1442 3237 verba
1513 3182 1712 3237 tollere
1771 3182 2006 3254 placuit.
2074 3183 2189 3238 Nec

554 3268 739 3323 multo
773 3270 1016 3342 postille
1051 3287 1063 3325 :
1099 3293 1125 3319 ‹‹
1159 3271 1341 3326 Tanto
1373 3271 1538 3326 abest
1569 3277 1632 3326 ut
1675 3272 1992 3342 imperator
2036 3272 2188 3327 Deus

555 3357 761 3412 debeat
790 3359 925 3424 dici,
953 3376 1064 3413 non
1091 3361 1284 3428 modo,
1320 3382 1347 3409 »
1415 3367 1524 3415 etc.
1593 3361 1809 3416 Verum
1862 3361 1919 3416 in
1982 3362 2189 3416 iisdem

556 3446 987 3518 antiquioribus
1019 3449 1448 3520 exemplaribus
1478 3453 1761 3521 scriptum
1793 3459 1877 3504 est
1906 3466 1918 3505 :
1953 3474 1979 3499 (ι
2007 3451 2190 3505 Tanto

559 3535 722 3590 abest
782 3541 845 3590 ut
896 3537 1212 3608 imperator
1268 3538 1380 3593 dici
1439 3539 1663 3606 debeat,
1700 3542 1852 3610 quod
1887 3541 2039 3594 credi
2075 3556 2190 3594 non

557 3629 770 3694 potest,
807 3642 918 3678 non
945 3626 1134 3688 modo,
1171 3649 1196 3675 ››
1229 3632 1336 3681 etc.
1399 3628 1536 3691 Quis
1578 3628 1757 3700 igitur
1816 3628 1928 3682 haec
1961 3629 2133 3682 verba
2175 3645 2188 3682 :

557 3712 705 3780 Quod
729 3714 880 3768 credi
909 3730 1015 3767 non
1035 3722 1226 3785 potest,
1287 3732 1354 3769 ex
1411 3721 1567 3770 textu
1623 3716 1884 3783 sustulit,
1920 3716 2031 3771 nisi
2075 3715 2189 3782 ille,

558 3803 659 3873 qui
689 3802 919 3858 inutilia
950 3810 1005 3859 et
1036 3820 1396 3876 supervacua
1425 3823 1552 3861 esse
1583 3806 2017 3862 arbitrabatur?

631 4017 777 4081 Quid
808 4035 962 4086 vero,
999 4024 1152 4091 quod
1191 4037 1303 4076 non
1337 4022 1506 4076 modo
1539 4021 1747 4090 excisa,
1781 4021 1878 4076 sed
1924 4025 2195 4092 transpo-

560 4106 673 4162 sita
703 4113 840 4162 sunt
871 4109 943 4162 ab
974 4125 1040 4164 eo
1072 4109 1272 4164 isthaac
1303 4109 1645 4165 Tertulliani
1677 4109 1848 4164 verba
1891 4127 1902 4165 :
1949 4131 1975 4160 «
2010 4109 2198 4164 Licuit

561 4195 858 4266 Epicureis
889 4197 1143 4266 aliquam
1177 4200 1486 4254 decernere
1517 4199 1832 4270 voluptatis
1871 4199 2196 4254 veritatem.

565 4284 686 4348 Quo
718 4302 817 4340 vos
848 4286 1220 4354 effundimus,
1256 4288 1302 4343 si
1326 4287 1469 4342 alias
1502 4288 1910 4359 praesumimus
1941 4287 2202 4358 volupta-

565 4373 696 4428 tes?
724 4374 779 4427 Si
815 4375 1089 4430 oblectari
1123 4376 1436 4432 novissime
1466 4376 1758 4442 nolumus,
1811 4383 2008 4431 nostra
2047 4376 2199 4446 inju-

567 4461 654 4517 ria
682 4468 789 4528 est,
819 4463 867 4518 si
899 4464 1043 4520 forte
1067 4481 1178 4518 non
1204 4470 1414 4519 vestra.
1489 4465 1598 4519 Sed
1657 4467 2032 4535 reprobamus
2075 4482 2200 4536 qua

570 4550 801 4622 placent
829 4552 994 4607 vobis
1019 4571 1030 4620 ;
1055 4569 1158 4608 nec
1188 4570 1292 4608 nos
1311 4553 1826 4609 nostradelectant.
1857 4577 1883 4604 «
1905 4554 2200 4624 (Ibid.cap.

568 4641 683 4711 38.)
717 4641 779 4696 In
839 4640 968 4696 aliis
1026 4657 1157 4696 vero
1208 4643 1625 4698 vetustioribus
1681 4643 1852 4698 editis
1909 4648 1966 4698 et
2023 4659 2199 4698 manu

569 4729 820 4784 exaratis
849 4730 1149 4785 codicibus
1184 4749 1196 4786 :
1231 4755 1257 4782 «
1295 4734 1416 4796 Quo
1445 4749 1544 4786 vos
1576 4732 1948 4799 offendimus,
1983 4733 2031 4788 si
2057 4731 2201 4788 alias

570 4820 982 4888 praesumimus
1005 4819 1330 4891 voluptates
1354 4819 1376 4875 Ρ
1405 4821 1462 4874 Si
1493 4820 1767 4876 oblectari
1825 4821 2054 4877 novisse
2112 4838 2200 4875 vo-

569 4905 790 4972 lumus,
825 4913 1024 4963 nostra
1054 4908 1269 4980 injuria
1298 4915 1405 4976 est,
1447 4909 1496 4966 si
1531 4909 1676 4966 forte
1707 4916 1923 4979 nostra,
1961 4926 2071 4966 non
2105 4927 2202 4965 ve-

570 5000 711 5051 stra.
744 4997 851 5051 Sed
886 4998 1264 5068 reprobamus
1322 5016 1446 5070 quae
1480 4998 1707 5071 placent
1751 5000 1933 5069 vobis,
1967 5016 2072 5054 nec
2101 5016 2202 5056 vos

569 5090 768 5141 nostra
797 5085 1103 5142 delectant.
1137 5089 1240 5143 Sed
1278 5089 1444 5144 licuit
1485 5089 1782 5160 Epicureis
1811 5089 2065 5160 aliquam
2101 5090 2198 5143 de-

568 5191 801 5232 cernere
826 5175 1140 5248 voluptatis
1171 5179 1493 5248 veritatem,
1529 5178 1584 5232 id
1616 5181 1724 5245 est,
1761 5179 1938 5232 animi
1973 5178 2204 5248 {equita-

569 5269 683 5320 tem
718 5270 773 5321 et
803 5265 996 5337 ampla
1023 5267 1252 5336 negotia
1283 5267 1641 5322 Christianae.
1674 5287 1700 5318 υ
1747 5267 1852 5321 Sed
1907 5266 2013 5322 hoc
2064 5267 2201 5321 ulti-

572 5372 730 5410 mum
755 5356 992 5410 verbum
1023 5356 1350 5410 Christianae
1384 5356 1440 5410 in
1497 5356 1671 5412 editis
1714 5372 1828 5411 non
1888 5355 2200 5412 invenitur.

568 5443 712 5508 Quid
747 5461 882 5515 ergo
916 5448 938 5498 Ρ
967 5444 1261 5516 Numquid
1295 5450 1529 5517 propter
1557 5445 1663 5500 hoc
1710 5444 1897 5500 solum
1938 5445 2202 5513 verbum,

572 5535 643 5587 ab
674 5535 960 5589 oscitante
992 5533 1226 5589 librario
1259 5540 1610 5606 przepostere
1641 5535 1929 5603 additum,
1964 5535 2050 5590 fas
2099 5534 2204 5590 ali-

571 5622 660 5676 cui
697 5622 804 5677 i‘uit
836 5627 1055 5678 textum
1091 5622 1429 5677 Tertulliani
1471 5623 1805 5690 immutare,
1859 5628 2202 5694 pervertere,

573 5710 917 5769 detruncare
945 5712 972 5767 ?
1002 5711 1191 5768 Simili
1221 5715 1415 5768 tamen
1466 5714 1635 5768 modo
1667 5711 1952 5786 Rigaltius
1996 5714 2209 5775 delevit

2292 623 2340 660 (ξ.
2370 609 2478 677 40).

2361 697 2530 751 Aliud
2563 699 2753 754 adhuc
2787 694 3198 768 hujuscemodi
3235 691 3714 748 immutationum
3740 706 3936 744 exem-

2294 784 2449 854 plum
2485 787 2532 841 si
2567 787 2728 854 velis,
2751 805 2866 842 non
2900 786 3069 858 longe
3093 783 3471 854 quaerendum
3502 780 3744 836 est.Non
3776 778 3934 833 enim

2293 875 2476 929 multo
2507 882 2635 946 post
2666 875 2761 930 ille
2793 876 2914 930 haec
2948 876 3003 928 in
3037 874 3241 928 eodem
3264 869 3606 926 Tertulliani
3640 872 3794 923 textu
3815 884 3940 922 mu-

2293 963 2436 1017 tavit
2464 965 2753 1019 editorum
2788 971 2841 1019 et
2874 964 3141 1019 codicum
3160 959 3694 1029 manuscriptorum
3722 956 3896 1011 verba
3923 971 3938 1011 :

2293 1052 2411 1106 Non
2473 1052 2628 1107 lavor
2684 1051 2955 1116 diluculo,
3017 1051 3112 1105 ubi
3176 1048 3351 1104 scribi
3400 1046 3585 1118 jussit
3617 1064 3630 1102 :
3666 1047 3784 1101 Non
3816 1045 3937 1100 lavo

2292 1143 2392 1196 sub
2424 1147 2648 1196 noctem.
2674 1142 2847 1196 Plura
2887 1141 3001 1196 alia
3031 1141 3207 1210 hujus
3240 1137 3368 1192 libri
3419 1136 3544 1191 loca
3592 1152 3625 1190 a
3683 1133 3936 1206 Rigaltio

2296 1231 2510 1300 pariter
2543 1232 2681 1287 751
2725 1229 3092 1300 interpolata,
3129 1228 3395 1297 maleque
3455 1223 3738 1280 mulctata
3799 1240 3936 1294 pos-

2296 1325 2424 1373 sent
2456 1318 2619 1373 facile
2654 1319 2914 1390 proferri.
2950 1319 3058 1372 Sed
3115 1316 3187 1371 iis
3246 1313 3617 1370 recensendis
3653 1328 3828 1380 nunc,
3865 1328 3937 1367 ne

2295 1410 2496 1463 eadem
2537 1415 2890 1480 repetantur,
2926 1407 3424 1478 supersedendum
3475 1421 3604 1460 esse
3635 1403 3938 1470 duximus,

2295 1498 2374 1552 De
2434 1497 2547 1552 illis
2603 1498 2921 1562 enimvero,
2980 1514 3106 1568 quae
3159 1496 3400 1563 majoris
3452 1491 3733 1547 momenti
3776 1496 3935 1556 sunt,

2297 1587 2430 1641 data
2462 1586 2707 1641 inferius
2738 1586 3042 1640 occasione
3072 1585 3364 1655 agendum
3414 1582 3542 1638 erit.
3593 1581 3939 1636 Decrevera-

2296 1691 2429 1729 mus
2462 1676 2695 1746 quidem
2729 1691 2932 1730 omnes
2964 1691 3204 1746 prorsus
3262 1672 3352 1726 vel
3410 1689 3442 1726 a
3499 1670 3688 1739 nobis,
3748 1667 3834 1723 vel
3865 1667 3940 1722 ab

2297 1763 2426 1817 aliis
2458 1770 2726 1834 excerpta
2757 1764 3047 1818 variantes
3082 1762 3327 1831 hujusce
3372 1759 3504 1814 libri
3557 1757 3834 1813 lectiones
3867 1757 3940 1810 ad

2298 1856 2507 1906 nostra)
2541 1851 2976 1907 dissertationis
3002 1849 3217 1906 calcem
3253 1852 3689 1920 representare.
3724 1849 3940 1900 Verum

2295 1941 2431 2012 quia
2463 1958 2616 1996 unus
2638 1957 2666 1994 e
2698 1940 2998 1995 soladibus
3032 1939 3271 2007 nostris,
3305 1938 3402 2008 qui
3428 1936 3778 1992 adcrnandae
3819 1951 3942 1988 om-

2293 2030 2455 2084 nium
2507 2030 2849 2084 Tertulliani
2907 2029 3188 2083 librorum
3235 2027 3477 2083 editioni
3527 2024 3789 2080 sedulam
3834 2025 3937 2078 dat

2293 2136 2548 2190 operam,
2577 2119 2836 2190 poposcit
2864 2119 3012 2173 hanc
3044 2116 3153 2172 sibi
3178 2116 3534 2188 provinciam
3567 2113 3936 2181 demandari,

2293 2208 2642 2278 aequioribus
2685 2208 2846 2262 illius
2904 2207 3053 2262 votis
3112 2204 3595 2261 satisfaciendum
3637 2220 3766 2258 esse
3796 2219 3935 2257 cen-

2297 2298 2547 2352 suimus.
2596 2297 2679 2353 Ad
2716 2297 3080 2368 propositum
3138 2295 3336 2366 itaque
3368 2298 3634 2348 nostrum
3667 2293 3937 2348 sufﬁcere

2296 2387 2650 2441 arbitramur
2677 2387 2966 2457 praecipua
2998 2401 3061 2439 ac
3095 2389 3294 2439 notatu
3330 2383 3508 2454 digna
3565 2381 3624 2436 in
3681 2381 3784 2436 hac
3817 2379 3938 2434 dis-

2297 2474 2610 2529 sertatione
2683 2474 2940 2528 indicare
2989 2476 3280 2543 corrupta,
3337 2471 3700 2540 interpolata,
3745 2469 3942 2524 excisa

2297 2569 2353 2618 et
2386 2564 2694 2618 immutata
2749 2561 3090 2618 Tertulliani
3142 2561 3316 2616 verba
3364 2564 3427 2614 ut
3482 2560 3611 2630 ejus
3669 2575 3835 2613 mens
3883 2561 3942 2612 et

2299 2653 2589 2706 sententia
2622 2651 2806 2723 possit
2833 2651 2903 2705 ab
2936 2650 3211 2705 omnibus
3262 2647 3489 2704 facilius
3522 2645 3790 2718 intelligi.

2911 2784 3227 2824 ARTICULUS
3271 2785 3333 2822 II.

2298 2861 2372 2914 De
2402 2859 2573 2913 variis
2627 2859 2792 2930 hujus
2839 2858 3194 2930 Apologetici,
3227 2856 3574 2930 aliorumque
3614 2854 3942 2910 Tertulliani

2774 2930 3040 2984 librorum
3070 2928 3426 2983 editionibus.

2373 3051 2564 3101 Pauca
2596 3046 2846 3117 profecto
2878 3043 3142 3100 invenias
3214 3047 3474 3098 veterum
3524 3041 3796 3097 Ecclesia
3841 3039 3940 3096 Pa-

2301 3141 2456 3191 trum
2488 3153 2683 3207 opera,
2718 3152 2842 3206 quaa
2875 3133 3086 3205 saepius
3116 3135 3266 3206 typis
3291 3133 3566 3188 mandata
3595 3131 3734 3198 sint,
3761 3146 3938 3201 quam

2220 3246 2262 3313 ρ
2301 3225 2394 3280 hic
2427 3225 2831 3297 Apologeticus
2890 3223 3134 3313 aliisque
3188 3221 3535 3313 Tertulliani
3581 3219 3940 3313 lucubratio-

2302 3331 2424 3369 nes.
2450 3314 2646 3385 Neque
2678 3313 2772 3368 ille
2804 3312 2978 3368 simul
3023 3328 3157 3366 cum
3185 3310 3316 3366 istis
3372 3315 3623 3376 tantum,
3652 3309 3753 3365 sed
3787 3324 3943 3364 seor-

2301 3403 2410 3458 sim
2445 3418 2676 3473 quoque
2713 3402 2930 3473 publici
2956 3401 3110 3472 juris
3143 3401 3330 3456 factus
3362 3406 3469 3454 est.
3502 3399 3647 3454 Nam
3700 3397 3750 3452 is
3773 3395 3939 3452 solus

2301 3507 2370 3546 ex
2425 3491 2920 3563 typographorum
2976 3491 3206 3544 officina
3288 3487 3584 3560 publicam
3628 3487 3688 3542 in
3749 3486 3939 3541 lucem

2302 3581 2498 3635 studio
2519 3596 2585 3635 ac
2617 3597 2758 3634 cura
2775 3578 3021 3634 Joannis
3044 3579 3316 3649 Baptistae
3345 3577 3573 3648 Egnatii
3604 3575 3796 3631 exivit.

2374 3670 2566 3724 Altera
2605 3673 2797 3723 autem
2866 3670 3039 3738 hujus
3087 3668 3417 3738 Apologetici
3467 3665 3643 3721 editio
3703 3664 3942 3720 Lutetia

2303 3758 2659 3813 Parisiorum
2708 3758 2862 3812 facta
2915 3764 3004 3811 est
3057 3773 3208 3811 anno
3260 3756 3417 3820 1613,
3453 3753 3648 3809 labore
3687 3758 3744 3809 et
3767 3769 3945 3824 opera

2303 3847 2585 3902 Desiderii
2618 3845 2870 3912 Heraldi,
2896 3845 2994 3916 qui
3019 3845 3092 3915 ei,
3128 3847 3191 3900 ut
3219 3861 3326 3900 suo
3359 3843 3482 3899 loco
3513 3841 3944 3905 adnotavimus,

2307 3935 2378 3992 M.
2413 3935 2646 3990 Minucii
2681 3935 2886 3990 Felicis
2940 3934 3241 3990 Octavium
3285 3933 3588 4004 subjunxit
3630 3931 3939 4002 (Dissertut.

2305 4026 2365 4078 in
2400 4027 2606 4080 Minue.
2635 4024 2814 4079 Octav.
2851 4040 2978 4094 cap.
3011 4025 3065 4088 2,
3089 4027 3195 4077 art.
3223 4023 3300 4089 3).

2377 4117 2559 4168 Antea
2587 4130 2720 4168 vero
2743 4117 2799 4166 et
2829 4117 3028 4183 postea
3074 4111 3170 4166 ille
3226 4111 3602 4181 Apologetz'cus
3633 4107 3780 4163 liber
3810 4124 3946 4162 cum

2309 4203 2438 4258 aliis
2477 4201 2822 4257 Tertulliani
2856 4201 3133 4273 operibus
3164 4204 3265 4255 aut
3296 4199 3592 4271 plurimis,
3625 4202 3728 4253 aut
3755 4195 3948 4252 omni-

2309 4293 2419 4346 bus
2453 4291 2691 4363 publlcaa
2723 4290 2835 4345 luci
2871 4291 3043 4345 datus
3073 4289 3202 4344 fuit.
3235 4287 3565 4359 Praecipuus
3613 4291 3803 4342 autem
3843 4303 3946 4341 eo-

2310 4398 2440 4436 rum
2500 4380 2784 4436 editiones
2839 4384 2903 4434 ut
2969 4377 3221 4434 breviter
3267 4392 3699 4445 recenseamus,
3758 4376 3949 4446 primo

2311 4470 2547 4540 quidem
2583 4470 2787 4524 Beatus
2812 4467 3128 4522 Rhenanus
3177 4465 3277 4520 illa
3323 4464 3563 4520 Basileaa
3603 4480 3755 4519 anno
3789 4464 3949 4532 1521,

2312 4573 2377 4612 ac
2399 4557 2607 4612 deinde
2631 4573 2782 4612 anno
2821 4557 2973 4619 1528,
3023 4555 3176 4626 typis
3236 4553 3442 4609 excudi
3473 4552 3712 4608 curavit.
3747 4555 3823 4605 Ex
3856 4551 3951 4606 his

2310 4651 2501 4702 autem
2536 4645 2895 4701 editionibus
2944 4643 3068 4698 alite
3114 4642 3283 4698 annis
3344 4643 3499 4712 1525,
3541 4641 3674 4695 1536
3704 4645 3760 4695 et
3790 4640 3949 4708 1538,

2311 4737 2511 4791 eodem
2541 4734 2711 4806 plane
2745 4734 2915 4789 modo
2949 4732 3253 4804 divulgata:
3280 4736 3420 4786 sunt
3454 4748 3467 4785 :
3501 4729 3615 4785 alia
3641 4746 3773 4785 vero
3796 4745 3950 4784 anno

2319 4826 2450 4878 1562
2479 4824 2635 4878 curis
2675 4821 3035 4894 Sigismundi
3066 4821 3284 4877 Gelenii
3344 4820 3404 4874 in
3437 4819 3640 4890 vulgus
3674 4817 3948 4890 prodivit.

2311 4917 2455 4967 Tum
2488 4912 2697 4967 deinde
2727 4929 2880 4967 anno
2909 4912 3069 4978 1580,
3103 4911 3275 4966 aliam
3308 4913 3566 4964 Renatus
3598 4907 3952 4963 Laurentius

2313 5002 2382 5057 de
2402 5000 2458 5055 la
2489 5001 2661 5056 Barre
2691 5001 2860 5056 nobis
2891 5001 3240 5072 procuravit,
3275 5015 3392 5070 qua
3429 4997 3767 5053 Tertulliani
3793 5013 3954 5052 com-

2313 5089 2700 5145 mentationes
2730 5094 3012 5157 veterum,
3072 5093 3138 5144 ut
3169 5088 3293 5160 ipse
3323 5088 3424 5154 ait,
3457 5091 3514 5142 et
3562 5085 3952 5142 recentiorum

2313 5177 2733 5250 exemplarium
2765 5179 3074 5234 collatione
3105 5178 3421 5233 emendatae
3482 5175 3735 5230 fuerunt.
3781 5173 3957 5229 Nulla

2314 5273 2507 5324 autem
2563 5268 2769 5324 horum
2827 5269 3110 5324 librorum
3143 5265 3315 5322 editio
3350 5263 3738 5336 multiplicata
3768 5263 3958 5335 magis

2315 5357 2444 5424 fuit,
2475 5374 2652 5428 quam
2687 5357 2803 5425 illa,
2837 5374 2964 5428 quae
2997 5360 3234 5412 curante
3262 5354 3478 5410 Jacobo
3513 5351 3956 5416 Pamelio,anno

2317 5448 2474 5516 1579,
2511 5445 2800 5519 publicam
2832 5445 2892 5500 in
2921 5445 3112 5500 lucem
3151 5445 3370 5500 emissa
3398 5446 3505 5498 est.
3559 5446 3706 5496 Nam
3739 5458 3806 5497 ea
3828 5457 3958 5494 rur-

2318 5554 2419 5594 sus
2478 5535 2648 5591 annis
2707 5537 2866 5604 1579,
2924 5536 3081 5604 1584,
3144 5534 3300 5604 1596,
3364 5533 3520 5601 1597,
3582 5531 3740 5595 1599,
3801 5530 3956 5598 1608,

2321 5625 2661 5693 1616,1627,
2697 5626 2854 5695 1658,
2887 5625 3027 5681 1662
3065 5627 3122 5678 et
3170 5623 3327 5692 1664,
3383 5619 3556 5676 variis
3605 5635 3811 5676 recusa
3849 5618 3962 5674 fuit

2317 5714 2379 5770 in
2400 5715 2638 5787 Europa
2662 5714 2928 5772 urbibus.
