4262 6350
373 353 490 413 833

1098 354 1178 413 ΙΝ
1220 352 1826 415 APOLOGETICUM
1874 354 1946 412 D.
1996 351 2092 412 LE
2136 354 2462 417 NOURRY
2504 358 3040 427 DISSERTATIO.

3656 374 3781 435 834

446 485 729 542 Pristerea
752 487 1074 544 Ludovicus
1097 488 1168 543 de
1197 487 1254 543 la
1275 488 1477 555 Cerda,
1508 485 1822 558 primarius
1860 485 2014 557 apud
2046 490 2099 557 Α
2130 503 2243 549 res.
2276 490 2370 556 qui
2410 489 2467 544 in
2519 493 2761 549 edendis
2800 496 3141 553 Tertulliani
3194 500 3361 559 libris
3419 519 3620 560 curam
3662 505 3783 563 im-

377 576 493 631 ΗΒ.
528 577 853 632 esocietate
908 578 1047 632 Jesu
1077 578 1275 632 Patres
1334 576 1634 645 theologia:
1704 574 2020 647 professor,

377 682 524 719 novo
554 663 755 721 labore
815 668 1097 737 novisque
1158 666 1313 721 curis
1374 665 1653 737 pleraque
1702 663 2025 735 publicavit

377 754 719 810 Tertulliani
748 772 921 825 opera
951 772 964 811 :
997 756 1095 810 sed
1131 772 1198 811 ea
1243 754 1563 825 praesertim
1623 754 1840 823 omisit,
1894 770 2021 823 quae

378 844 449 897 ab
481 842 580 897 illo
612 844 895 898 adversus
926 844 1277 898 Marcionem
1330 849 1386 898 et
1429 842 1777 897 catholicam
1838 841 2023 897 Eccle-

378 933 519 987 siam
542 930 761 1003 scripta
792 938 949 987 sunt.
980 932 1219 987 Duobus
1268 936 1463 986 tamen
1495 931 1671 985 tomis
1730 948 1797 985 ea
1857 947 2020 985 com-

380 1021 582 1091 plexus
604 1026 712 1087 est,
747 1020 848 1091 qui
880 1019 1048 1075 annis
1081 1021 1243 1085 1624,
1296 1021 1432 1089 1630
1466 1036 1530 1074 ac
1564 1020 1695 1073 1641
1760 1035 1789 1074 e
1840 1019 2021 1091 prebo

379 1108 667 1165 exierunt.

452 1205 619 1253 Anno
671 1202 868 1254 autem
932 1199 1089 1268 1634,
1142 1198 1417 1253 Nicotaus
1468 1196 1758 1269 Rigaltius
1823 1196 2021 1253 omnia

382 1304 614 1359 quoque
643 1286 987 1342 Tertulliani
1022 1304 1218 1358 Opera,
1265 1304 1378 1343 uno
1411 1291 1567 1342 tomo
1599 1286 2025 1358 comprehensa

382 1394 526 1433 novo
599 1378 749 1434 752
827 1376 1024 1431 studio
1106 1376 1387 1448 novisque
1446 1376 1601 1448 typis
1653 1377 1744 1431 edi
1779 1376 2024 1430 curavit.

452 1466 559 1521 Sed
583 1468 734 1536 quod
767 1466 837 1521 ad
860 1465 1338 1537 Apologeticum,
1367 1466 1437 1521 de
1478 1483 1592 1537 quo
1627 1483 1780 1521 nunc
1829 1467 2027 1537 dispu-

380 1560 600 1625 tamus,
636 1555 851 1610 librum
885 1556 1119 1622 attinet,
1144 1556 1273 1625 jam
1306 1556 1832 1610 animadvertimus
1860 1554 2029 1625 plura

384 1646 456 1699 ab
490 1643 588 1699 illo
618 1643 677 1697 in
729 1643 1001 1698 Africano
1059 1643 1345 1714 scriptore
1403 1648 1626 1711 nostro,
1682 1660 1783 1715 pro
1838 1642 2027 1710 libito,

385 1731 737 1804 propriaque
768 1731 1134 1798 auctoritate,
1166 1732 1348 1786 variis
1382 1731 1440 1786 in
1486 1732 1630 1786 locis
1689 1732 2028 1799 immutata,

384 1822 766 1893 transposita,
801 1826 975 1892 atque
1007 1821 1183 1876 etiam
1213 1820 1447 1891 penitus
1477 1819 1691 1875 excisa.

458 1910 851 1981 Subsequenti
884 1914 1078 1964 tamen
1111 1926 1264 1965 anno
1299 1910 1458 1977 1635,
1488 1909 1669 1964 altera
1700 1912 1831 1980 post
1861 1926 2029 1965 eum-

386 2002 517 2056 dem
552 1999 874 2071 Rigaltium
907 1999 1084 2054 editio
1124 1999 1365 2054 Parisiis
1395 2017 1463 2055 ex
1531 2000 2033 2072 typographorum

384 2088 557 2145 exivit
587 2087 840 2143 ofﬁcina.
874 2088 983 2153 Qui
1016 2105 1150 2143 vero
1174 2088 1255 2143 illi
1292 2090 1640 2161 praapositus
1672 2090 1839 2156 est,is
1871 2089 2032 2146 nullo

389 2180 646 2253 amplius
677 2178 1078 2250 manuscripto
1109 2180 1305 2234 codice
1364 2197 1529 2247 usus,
1589 2180 1772 2236 voluit
1815 2180 2030 2237 librum

390 2268 737 2326 Tertulliani
770 2269 837 2324 de
870 2270 1048 2324 Pallio
1084 2274 1141 2323 et
1188 2270 1597 2339 Apologeticum
1645 2272 1714 2325 ad
1768 2270 2028 2337 Pamelii,

388 2361 646 2433 reliquos
677 2376 882 2415 omnes
908 2360 980 2414 ad
1016 2358 1249 2431 Rigaltii
1274 2376 1553 2415 numeros
1584 2360 2031 2417 recudi.Verum

387 2449 746 2523 prmfationis
798 2453 1003 2504 auctor
1048 2449 1107 2503 in
1160 2449 1269 2503 hoc
1320 2448 1490 2521 plane
1553 2450 1806 2520 aberrat,
1876 2451 2033 2521 quod

385 2540 572 2596 editos
595 2540 667 2594 ab
698 2537 1152 2610 Rigaltiolibros
1184 2539 1248 2594 de
1296 2539 1483 2594 Pallio
1531 2544 1587 2593 et
1632 2540 2034 2610 Apologetz'cum

387 2632 470 2687 sic
500 2628 787 2701 perfectos
818 2644 946 2683 esse
979 2628 1297 2694 existimet,
1342 2633 1406 2683 ut
1449 2628 1631 2683 videri
1682 2629 1909 2700 possint
1961 2631 2031 2685 ab

385 2719 484 2774 illo
514 2718 632 2773 luci
658 2717 900 2790 publica
939 2718 1196 2789 primum
1233 2718 1456 2774 donati.
1490 2718 1635 2773 Nam
1671 2734 1739 2773 ex
1770 2717 1864 2774 his
1906 2736 2033 2791 quae

390 2807 567 2880 paulo
610 2811 744 2863 ante
802 2806 1156 2875 notavimus,
1217 2811 1275 2862 et
1334 2811 1533 2879 postea
1590 2807 2031 2876 annotabimus,

394 2896 526 2968 quis
547 2912 663 2950 non
684 2894 877 2950 videat
934 2894 1093 2949 hunc
1152 2894 1369 2950 librum
1402 2913 1435 2950 a
1457 2895 1710 2967 Rigaltio
1759 2896 2031 2966 pluribus

396 2986 454 3039 in
477 2984 621 3040 locis
652 2983 846 3055 potius
897 2986 1237 3054 corruptum
1272 2984 1473 3050 fuisse,
1531 3001 1703 3053 quam
1751 2985 2031 3039 emenda-

384 3076 509 3128 tum
539 3071 567 3125 ?
594 3074 761 3127 Anno
794 3071 1180 3127 nihilominus
1215 3072 1371 3137 1641,
1405 3076 1527 3127 tota
1559 3071 1657 3127 illa
1688 3074 1813 3142 ipsa
1853 3072 2029 3127 editio

380 3161 754 3216 talisiterum
791 3160 1233 3232 atypographis
1256 3176 1468 3216 excusa
1525 3165 1635 3227 est,
1703 3160 1895 3232 qualis
1956 3161 2026 3216 ab

386 3253 591 3307 eodem
623 3250 874 3323 Rigaltio
906 3251 1190 3305 adornata
1208 3251 1414 3304 fuerat.

449 3343 583 3407 Quae
618 3357 786 3411 porro
819 3340 924 3394 has
955 3338 1239 3394 editiones
1272 3343 1641 3409 exceperunt,
1676 3356 1752 3393 ea;
1784 3340 1853 3394 ad
1889 3340 2014 3395 nul-

372 3429 489 3485 lius
521 3430 800 3501 deinceps
835 3427 1221 3500 manuscripti
1253 3427 1491 3493 codicis,
1525 3429 1624 3483 sed
1678 3428 2021 3500 Rigaltianae

374 3523 605 3574 tantum
640 3519 813 3574 ﬁdem
847 3519 1139 3573 adornatae
1181 3522 1339 3573 sunt.
1375 3517 1631 3573 Priorem
1664 3536 1733 3574 ex
1783 3520 1853 3574 iis
1887 3537 2022 3591 pro-

366 3608 593 3664 curavit
614 3608 899 3678 Georgius
923 3606 1640 3672 Ambianensis,minorita
1661 3607 2018 3678 Capucinus.

369 3696 512 3752 Tres
544 3701 739 3751 autem
771 3713 900 3751 eam
931 3695 1129 3750 divisit
1158 3695 1216 3749 in
1250 3699 1458 3760 tomos,
1494 3714 1744 3767 quorum
1790 3699 2021 3770 primus

371 3801 525 3839 anno
579 3785 735 3849 1646,
789 3784 1087 3839 secundus
1144 3801 1297 3839 anno
1350 3786 1511 3851 1648,
1545 3791 1602 3840 et
1626 3787 1834 3842 tertius
1866 3805 2018 3843 anno

370 3874 508 3927 1650
536 3873 871 3944 divulgatus
905 3872 1031 3926 iuit.
1082 3872 1379 3944 Insignem
1440 3890 1573 3928 vero
1632 3876 1877 3946 praeﬁxit
1913 3876 2019 3932 toti

370 3961 530 4032 operi
574 3960 807 4016 titulum
858 3961 1187 4015 Tertulliani
1230 3961 1481 4029 redz’vz’vz‘,
1554 3964 1793 4033 perinde
1843 3982 1910 4020 ac
1968 3966 2019 4021 si

371 4056 602 4105 mortua
631 4050 1015 4105 eruditissimi
1046 4048 1205 4105 illius
1232 4049 1486 4105 Africani
1536 4068 1712 4123 opera
1735 4054 1804 4108 ad
1836 4053 2017 4110 vitam

372 4144 718 4195 revocasset.
742 4138 899 4194 Nihil
932 4139 1191 4210 profecto
1241 4155 1479 4195 necesse
1508 4144 1599 4196 est
1630 4148 1898 4197 nostrum
1948 4147 2019 4200 de

369 4228 479 4285 hac
510 4227 894 4300 inscriptione
925 4232 1164 4299 totaque
1190 4228 1447 4285 editione
1478 4229 2016 4302 interponerejudi-

368 4318 1069 4391 ciumgquandoquidem
1132 4318 1231 4372 alii
1292 4336 1471 4389 quam
1532 4319 1771 4390 plurimi
1821 4338 2016 4385 suum,

364 4425 469 4464 nec
502 4407 646 4463 illud
679 4408 912 4478 quidem
946 4406 1112 4462 valde
1144 4406 1535 4462 honoriﬁcum
1601 4409 1821 4466 aﬂ‘atim
1870 4410 2016 4467 tule-

362 4502 521 4553 runt.
558 4496 807 4561 Quidam
850 4501 1047 4551 tamen
1082 4496 1299 4551 eruditi
1334 4496 1445 4550 viri
1474 4497 1647 4569 plura
1670 4516 1810 4555 sane
1842 4500 1900 4555 in
1949 4518 2015 4557 ea

366 4587 644 4643 laudibus
675 4586 1181 4654 haudimmerito,
1228 4586 1312 4641 uti
1346 4586 1522 4658 paulo
1580 4594 1712 4661 post
1768 4590 1993 4646 dicetur

362 4678 544 4751 digna
567 4678 856 4749 judicant.

434 4768 714 4823 Secundae
744 4767 983 4822 tandem
1012 4770 1143 4836 post
1175 4766 1497 4838 Rigaltium
1550 4769 1816 4825 omnium
1876 4772 2014 4828 Ter-

362 4856 594 4914 tulliani
621 4873 863 4928 operum
925 4856 1169 4912 editioni
1218 4855 1446 4927 prazfuit
1507 4857 1814 4931 Philippus
1855 4861 2013 4916 Prio-

365 4947 512 5013 rius,
544 4946 644 5018 qui
674 4946 843 5002 illam
903 4963 1058 5002 anno
1122 4947 1259 5001 1664
1288 4946 1561 5003 absolvit.
1609 4950 1718 5005 Sed
1755 4950 1901 5006 nihil
1962 4954 2013 5009 ei

363 5039 434 5094 de
461 5055 605 5093 novo
638 5038 886 5107 addidit,
912 5038 1035 5094 nisi
1070 5038 1302 5094 brevem
1325 5040 1397 5094 de
1427 5039 1771 5095 Tertulliani
1807 5060 1819 5097 :
1879 5043 2014 5101 Vita

363 5133 420 5183 et
442 5127 616 5183 naevis
646 5126 1251 5197 dissertatiunculam,
1282 5144 1388 5184 nec
1438 5128 1836 5201 interruptum
1896 5134 2011 5189 im-

365 5219 618 5288 portuna
649 5219 921 5270 notarum
981 5215 1136 5271 mole
1196 5220 1446 5283 textum,
1494 5234 1791 5291 novosque
1846 5225 2011 5294 typo-

362 5320 680 5379 graporum
712 5319 955 5360 errores.

952 5445 1160 5485 ARTICU
1170 5447 1274 5487 LUS
1314 5448 1401 5487 III.

355 5522 428 5577 De
476 5521 759 5577 variorum
833 5521 919 5592 in,
951 5519 1279 5575 Tertulliani
1332 5521 1733 5592 Apoloyelicum
1796 5524 2013 5581 scholiis

562 5591 1018 5666 paraphrasibus,
1052 5594 1197 5649 nolis
1236 5598 1288 5648 et
1311 5591 1800 5649 observationibus.

425 5699 628 5758 Plures
657 5717 801 5757 sane
829 5699 990 5757 varia
1020 5701 1347 5757 eruditione
1399 5701 1708 5773 conspicui
1766 5701 2011 5776 scripto-

2133 577 2480 649 penderunt,
2517 589 2618 636 aut
2646 583 2802 639 aliud
2836 585 3055 658 aliquid
3090 592 3358 661 agebant,
3393 595 3587 649 conati
3641 602 3783 653 sunt

2133 665 2494 755 obscuriora,
2554 677 2653 726 aut
2712 679 2910 729 notatu
2968 679 3153 749 magis
3212 681 3386 751 digna
3432 684 3785 755 Apologellci

2133 753 2292 810 illius
2324 756 2454 811 libri
2491 759 2610 815 leca
2641 763 2762 817 suis
2795 763 3324 835 observationibus,
3360 753 3626 841 scholiis,
3675 792 3783 846 pa-

2132 844 2517 913 raphrasibus
2540 855 2595 904 et
2625 856 3063 911 commentariis
3093 862 3196 912 aut
3224 859 3509 930 explicare
3532 868 3588 917 et
3616 844 3784 920 illius-

2130 934 2312 999 trave,
2370 943 2469 991 aut
2535 940 2901 997 conﬁrmare.
3000 947 3194 1001 Primo
3273 956 3470 1004 autem
3568 952 3780 1011 Beatus

2133 1021 2450 1081 Rhenanus
2479 1026 2614 1083 huic
2647 1029 2817 1099 libro,
2876 1052 2905 1087 a
2956 1051 3018 1088 se
3066 1036 3242 1103 edito,
3295 1040 3543 1108 praeﬁxit
3600 1060 3782 1115 argu-

2132 1117 2418 1180 mentum,
2444 1118 2541 1170 sed
2577 1117 2742 1188 longe
2773 1137 2949 1191 quam
2983 1140 3086 1194 par
3116 1131 3237 1179 erat
3263 1126 3517 1184 brevius.
3566 1134 3781 1187 Verum

2134 1200 2284 1291 hanc
2309 1202 2645 1261 brevitatem
2684 1209 2944 1281 suppleri
2995 1229 3165 1283 posse
3201 1216 3446 1285 putavit,
3500 1222 3782 1291 subjectis

2134 1290 2298 1345 novis
2323 1294 2604 1363 capitum,
2638 1303 2699 1352 ut
2721 1298 2904 1365 aiunt,
2948 1305 3308 1373 summariis,
3370 1290 3613 1377 quibus
3645 1310 3781 1379 alia,

2137 1380 2194 1433 in
2255 1386 2673 1457 manuscriptis
2748 1390 3029 1456 exhibita,
3091 1396 3401 1452 emendare
3496 1401 3781 1458 connixus

2139 1472 2248 1558 est.
2300 1471 2383 1524 Ad
2443 1472 2562 1527 haec
2617 1492 2770 1545 vero,
2839 1478 2897 1533 in
2956 1482 3181 1549 eodem,
3240 1486 3349 1539 etsi
3409 1486 3780 1558 brevissimo,

2138 1556 2271 1647 libri
2304 1558 2481 1630 hujus
2517 1564 2665 1620 753
2719 1576 3065 1639 argumento
3109 1575 3353 1629 tentavit
3402 1556 3778 1647 paucissimis

2141 1646 2495 1737 quibusdam
2548 1653 2816 1711 obscuris
2879 1658 3007 1728 ejus
3066 1658 3206 1717 locis
3280 1646 3470 1719 lucem
3520 1667 3779 1739 aliquam

2143 1738 2435 1805 praeferre.

2062 1876 2110 1940 Β
2214 1843 2474 1940 Posthtac
2506 1865 2633 1905 vere
2683 1852 3028 1911 Francissus
3077 1858 3403 1930 Zephyrus,
3465 1879 3597 1918 cum
3660 1865 3783 1919 ani-

2145 1933 2554 1992 madvertisset
2585 1946 2814 2010 quantae
2848 1944 3120 2001 utilitatis
3176 1948 3269 2002 hic
3299 1950 3445 2005 liber
3497 1952 3786 2022 {omnibus

2143 2038 2270 2077 esse
2305 2029 2507 2094 possit,
2571 2045 2635 2082 ac
2679 2047 2748 2086 ne
2778 2034 3027 2089 studiosi
3078 2037 3495 2108 adolescentes,
3548 2048 3786 2115 propter

2143 2115 2432 2169 sermonis
2464 2118 2879 2176 obscuritatem
2922 2137 3343 2198 corruptosque
3404 2128 3784 2188 librariorum

2141 2198 2367 2256 incuria
2398 2202 2575 2271 locos,
2597 2208 2667 2261 ab
2699 2209 2827 2278 ejus
2850 2210 3094 2267 lectione
3128 2214 3783 2290 deterrerentur,ipsius

2143 2291 2472 2360 composuit
2510 2294 2809 2367 ediditquc
2841 2301 3278 2369 paraphrasim.
3333 2305 3391 2359 ln
3440 2323 3507 2361 ea
3561 2314 3781 2376 autem,

2143 2394 2270 2448 quis
2301 2381 2481 2435 textui
2513 2383 2858 2447 Tertulliani
2920 2389 3116 2445 minus
3177 2394 3415 2463 quidem
3476 2399 3783 2453 commode

2142 2468 2776 2547 intermiscetur,plura
2806 2478 2933 2535 loca
2963 2480 3263 2538 intellectu
3289 2485 3555 2541 difﬁcilia
3586 2488 3781 2559 expla-

2141 2574 2300 2629 nare,
2352 2577 2418 2615 ac
2447 2563 2605 2618 varia
2637 2565 3013 2625 obscuritatis
3034 2571 3457 2642 impedimenta
3490 2591 3784 2631 removere

2141 2646 2395 2703 molitur.
2431 2651 2603 2705 Tanti
2637 2670 2806 2724 porro
2841 2657 3134 2715 Pamelius
3168 2661 3317 2717 hanc
3373 2664 3782 2735 paraphrasim

2141 2739 2542 2807 azstimavit,ut
2569 2741 2730 2799 illam
2764 2745 2821 2800 in
2853 2764 2988 2803 eum
3023 2749 3213 2821 plane,
3237 2769 3352 2823 quo
3383 2754 3441 2808 in
3486 2756 3787 2823 superiore

2142 2827 2414 2895 editione,
2440 2832 2683 2888 modum
2712 2837 2893 2891 textui
2923 2839 3192 2895 Auctoris
3247 2842 3431 2896 nostri
3492 2844 3785 2899 censuerit

2140 2915 2535 2977 inserendam.

2210 3009 2624 3064 Verumtamen
2657 3011 2777 3067 haec
2810 3013 2937 3085 ipsa
2968 3016 3038 3071 ab
3072 3017 3223 3086 aliis,
3258 3020 3356 3090 qui
3388 3020 3565 3075 variis
3599 3020 3780 3091 hujus

2138 3092 2271 3149 libri
2303 3096 2656 3154 editionibus
2688 3102 2897 3158 deinde
2936 3108 3231 3177 praapositi
3262 3114 3423 3175 sunt,
3455 3114 3631 3180 atque
3664 3110 3781 3164 im-

2139 3183 2345 3253 primis
2377 3186 2662 3243 Ludovico
2694 3188 2749 3245 la
2779 3190 2959 3245 Cerda
2982 3193 3149 3264 plane
3182 3197 3531 3269 penitusque
3564 3201 3783 3268 rejects.

2139 3243 2157 3253 -
2726 3243 2746 3245 υ
2795 3243 2872 3245 --τ
2897 3243 2958 3245 --
2984 3243 3148 3264 τ---η
3183 3243 3530 3269 ι’ν’·”’“·”“1““”
3566 3243 3780 3268 "0""-

2052 3243 2096 3311 Ο
2135 3277 2242 3326 est.
2276 3275 2573 3330 Atdoctus
2606 3278 2716 3333 iste
2748 3279 2851 3349 vir,
2887 3298 2957 3335 ne
2991 3282 3120 3353 quis
3178 3286 3249 3339 de
3304 3286 3411 3341 hac
3462 3286 3780 3342 omissione

2132 3363 2410 3433 conqueri
2442 3382 2703 3436 unquam
2732 3375 2942 3439 posset,
2978 3389 3183 3427 novam
3204 3375 3389 3430 edidit
3420 3381 3611 3431 textus
3638 3377 3780 3431 Ter-

2130 3450 2395 3507 tullianei
2428 3453 2990 3526 interpretationem.
3051 3464 3310 3534 Singulis
3360 3482 3595 3538 quoque
3620 3467 3781 3539 capi-

2130 3540 2288 3595 tibus
2322 3543 2569 3613 subjecit
2592 3551 2758 3602 notas
2791 3551 3347 3619 suas,quibus,alias
3373 3554 3544 3612 laude
3558 3559 3775 3629 dignis,

2130 3628 2284 3684 idem
2318 3636 2655 3700 textus,non
2680 3636 2805 3691 sine
2837 3637 3166 3711 interrupta
3200 3642 3429 3700 lectoris
3453 3628 3774 3705 attentione

2128 3716 2240 3808 legi
2282 3719 2435 3776 haud
2469 3723 2636 3778 facile
2670 3731 2879 3795 potest.
2921 3728 3029 3783 Sed
3066 3730 3263 3801 plures
3294 3734 3470 3790 etiam
3504 3744 3779 3808 expostu-

2127 3806 2252 3863 lant
2284 3810 2354 3864 de
2386 3811 2695 3868 inutilibus
2728 3816 3082 3886 quibusdam
3110 3837 3173 3874 ac
3206 3806 3776 3893 longioribus-notis,

2128 3902 2302 3969 atque
2325 3918 2356 3954 a
2379 3900 2721 3958 Tertulliani
2739 3908 3034 3977 proposito
3058 3908 3265 3965 alienis
3287 3911 3776 3982 digressionibus.

2128 3988 2214 4041 Ab
2247 3987 2375 4044 aliis
2407 3990 2791 4049 nihilominus
2823 3994 3158 4067 laudantur,
3221 4000 3563 4072 caaterisque
3611 4010 3775 4059 ante-

2127 4084 2429 4146 ponuntur
2449 4080 2735 4137 hactenus
2767 4084 2961 4139 editis.
2996 4087 3057 4140 In
3091 4086 3183 4141 his
3223 4087 3418 4159 itaque
3448 4088 3588 4144 illud
3626 4091 3776 4147 dun-

2126 4170 2284 4221 taxat
2314 4169 2669 4237 desiderant,
2724 4174 2875 4243 quod
2912 4179 3130 4229 textum
3166 4178 3512 4233 Tertulliani
3545 4181 3615 4235 ad
3651 4198 3776 4237 ma-

2128 4257 2462 4328 nuscriptos
2495 4262 2723 4315 codices
2756 4279 2868 4317 non
2902 4264 3273 4335 castigaverit
3309 4284 3320 4335 ;
3384 4269 3537 4337 quod
3574 4272 3775 4325 omnia

2124 4343 2287 4400 illius
2318 4363 2493 4417 opera
2516 4365 2631 4404 non
2666 4352 3051 4422 publicaverit
3084 4371 3096 4421 ;
3131 4356 3283 4426 quod
3346 4374 3449 4427 pro
3500 4375 3608 4412 sua
3640 4375 3773 4413 eru-

2125 4433 2343 4490 ditione
2376 4452 2489 4491 non
2539 4438 2910 4509 explicaverit
2965 4446 3021 4497 et
3078 4444 3510 4501 conﬁrmaverit
3558 4448 3775 4504 tradita

2126 4523 2197 4577 ab
2229 4541 2293 4579 eo
2317 4525 2656 4581 Christianae
2692 4528 2991 4600 religionis
3023 4532 3395 4589 documenta.

2000 4635 2011 4659 ’
2045 4615 2095 4682 D
2195 4632 2279 4687 Ab
2315 4633 2559 4689 Heraldo
2589 4640 2807 4706 autem,
2840 4642 2971 4708 post
3003 4640 3228 4695 editum
3268 4659 3300 4695 a
3351 4659 3411 4697 se
3450 4644 3602 4700 hunc
3635 4646 3773 4701 Ter-

2125 4719 2353 4775 tulliani
2388 4721 2856 4795 Apologeticum,
2889 4727 3151 4797 adjectus
3182 4734 3269 4784 est
3293 4732 3451 4799 liber,
3487 4735 3570 4789 uti
3604 4735 3676 4791 ab
3706 4753 3773 4792 eo

2122 4815 2364 4865 vocatur
2391 4817 2834 4883 commentarius,
2868 4833 3037 4885 quem
3100 4820 3255 4876 notis
3314 4826 3568 4890 tantum,
3629 4842 3662 4879 a
3712 4842 3775 4882 se

2124 4900 2371 4957 invicem
2408 4908 2578 4971 plane
2636 4904 2974 4975 disjunctis,
3036 4911 3387 4980 composuit.
3425 4917 3506 4968 Ne
3550 4932 3682 4970 vero
3715 4916 3773 4970 in

2124 4987 2301 5044 illisa
2361 4991 2702 5046 Tertulliani
2764 4998 3061 5065 proposito
3128 4997 3361 5069 longius
3419 5010 3770 5071 excurreret,

2124 5080 2272 5133 duos
2324 5080 2374 5134 ei
2433 5082 2738 5152 subjunxit
2795 5083 3231 5155 digressionum
3292 5089 3491 5162 libros,
3556 5093 3771 5163 quibus

2124 5168 2388 5223 difﬁcilia
2414 5174 2467 5223 et
2502 5170 2799 5228 salebrosa
2834 5175 2960 5244 ejus
2988 5175 3112 5231 loca
3142 5178 3516 5249 complanare
3544 5182 3770 5237 nititur.

2124 5257 2185 5311 In
2221 5257 2312 5312 his
2345 5262 2540 5313 autem
2590 5262 2864 5318 omnibus
2897 5264 3358 5335 deprehenditur
3396 5267 3637 5337 profana
3668 5285 3773 5323 au-

2122 5347 2302 5403 ctoris
2350 5348 2622 5418 eruditio,
2685 5352 2785 5405 sed
2866 5369 3164 5408 sacrorum
3253 5359 3308 5409 et
3364 5355 3771 5412 obscuriorum

2123 5435 2464 5491 Christianae
2527 5438 2828 5510 religionis
2885 5441 3253 5513 dogmatum,
3333 5460 3365 5497 a
3412 5444 3771 5501 Tertulliano

2123 5525 2498 5597 traditorum,
2533 5528 2978 5599 explicationem
3016 5532 3236 5585 frustra
3280 5532 3566 5603 requiras.
3602 5534 3774 5591 Plura

2122 5631 2356 5687 quoque
2385 5616 2497 5671 alia
2536 5616 2771 5688 reliquit
2801 5617 3041 5688 intacta,
3094 5635 3221 5689 quae
3275 5621 3660 5694 explicatione
3715 5630 3775 5682 et

2121 5705 2564 5761 conﬁrmatione
2598 5706 2799 5779 procul
2823 5706 3000 5765 dubio
3032 5706 3397 5783 indigebant.
