4262 6388
561 375 681 435 835

1081 368 1606 432 TERTULLIANI
1649 365 1973 428 OPERUM
2016 364 2214 425 PARS
2259 363 2306 422 ῐ.
2335 395 2414 409 -
2442 361 2716 426 SERIES
2759 365 2810 440 I,
2859 365 3421 427 APOLOGETICA.

3841 363 3962 424 836

629 507 838 564 Multas
869 522 1100 578 quoque
1133 505 1192 559 in
1225 503 1424 559 omnia
1477 500 1820 557 Tertulliani
1851 515 2027 571 opera
2066 498 2190 554 ani-
2232 499 2287 565 Α
2315 497 2557 554 adversa
2587 502 2776 554 textus
2805 499 3145 556 Tertulliani
3177 503 3338 571 parte
3377 499 3450 554 ab
3493 498 3620 570 ipso
3671 497 3957 555 exhiben-

558 597 992 653 madversiones
1023 593 1204 648 edidit
1234 592 1580 647 Laurentius
1615 591 1686 646 de
1714 589 1770 646 la
1799 593 1994 654 Barre,
2049 604 2195 659 quas

558 702 621 740 se
677 702 744 739 ex
795 684 865 738 iis
896 682 1251 753 excerpsisse
1282 679 1554 746 declarat,
1618 678 1834 748 quibus
1895 676 2194 744 Beraldus,

557 773 839 841 Alciatus,
873 771 1152 837 Crinilus,
1202 769 1533 835 Turnebus,
1594 767 1926 831 Vetranius,
1990 765 2195 819 Homa-

555 880 688 925 nus,
720 859 1009 930 Cujacius,
1045 857 1255 928 aliique
1288 855 1608 928 peregrinis
1640 857 1696 909 in
1735 853 1874 910 locis
1905 854 2190 926 quasdam

552 949 844 1005 intellectu
883 946 1152 1002 difficiles
1185 945 1533 1000 Tertulliani
1593 943 1874 998 dictiones
1906 942 2192 1013 explicare

552 1037 1002 1094 contendebant.
1035 1036 1139 1088 Sed
1175 1033 1311 1104 quia
1347 1033 1466 1086 haec
1500 1036 1764 1102 spectant
1795 1032 1863 1084 ad
1899 1047 2189 1101 gramma-

551 1129 748 1193 ticam,
784 1127 998 1180 ibidem
1025 1122 1514 1195 adjecitRhcnani
1538 1127 1726 1188 notas,
1762 1138 1907 1192 quas
1930 1121 2187 1191 quidem,

552 1217 687 1289 quia
721 1217 1113 1270 Romanorum
1157 1217 1213 1265 et
1258 1212 1648 1282 Hispanorum
1709 1225 2014 1264 censuram
2075 1225 2187 1263 non

550 1304 894 1375 eil'ugerant,
928 1317 961 1354 a
992 1315 1052 1354 se
1084 1299 1245 1370 prius
1277 1301 1567 1353 correctas
1617 1312 1744 1352 esse
1775 1295 2086 1366 significat.
2120 1296 2191 1348 At

550 1391 688 1465 quia
711 1407 896 1464 pauca
927 1388 1245 1443 admodum
1277 1402 1490 1457 easque
1538 1384 1912 1439 brevissimas
1943 1382 2185 1450 addidit,

541 1481 755 1552 vixque
785 1479 961 1536 ullam
1022 1477 1181 1532 dedit
1213 1477 1268 1530 in
1311 1475 1685 1546 Aplogeticum
1731 1474 1890 1528 hunc
1947 1471 2185 1538 librum,

541 1569 702 1624 vides
743 1583 884 1623 sane
907 1565 1046 1637 quid
1075 1565 1148 1620 ab
1179 1580 1244 1618 eo
1276 1563 1346 1618 de
1380 1563 1553 1617 rebus
1612 1560 1953 1632 theologicis
1984 1575 2186 1630 exspe-

545 1663 700 1712 ctare
733 1656 969 1712 debeas.

611 1763 843 1834 Majoris
900 1761 1094 1830 itaque
1154 1758 1322 1830 pretii
1403 1757 1775 1812 :estimantur
1833 1753 2073 1810 Pamelii
2125 1752 2183 1807 in

540 1853 699 1908 hunc
734 1852 885 1907 754
915 1848 1179 1918 aliosque
1227 1845 1570 1901 Tertulliani
1633 1844 1815 1898 libros
1856 1843 2182 1896 annotatio-
2215 1867 2260 1930 Β

542 1957 668 1996 nes.
694 1940 818 1994 Non
853 1937 1099 1992 minima
1129 1935 1364 2006 quippe,
1400 1934 1481 1988 uti
1507 1934 1692 1997 aiunt,
1717 1935 2185 2002 consperguntur

543 2046 710 2085 sacra
741 2029 1095 2099 profanaque
1127 2022 1472 2090 eruditione,
1511 2039 1636 2093 quae
1662 2020 1978 2075 lectoribus
2011 2019 2182 2090 prod-

541 2135 669 2174 esse
694 2121 902 2189 potest.
937 2116 1046 2170 Sed
1081 2114 1189 2168 hoc
1243 2113 1300 2166 in
1346 2113 1430 2167 eis
1490 2111 1751 2182 culpant,
1783 2110 1936 2181 quod
1980 2114 2182 2164 Pame-

541 2207 657 2262 lius
685 2224 717 2262 a
749 2205 1042 2277 proposito
1076 2203 1289 2273 saepius
1319 2201 1706 2269 digredietur,
1746 2199 1913 2271 plura
1941 2214 2180 2268 conges-

540 2296 680 2352 serit
711 2293 960 2362 inutilia,
991 2297 1045 2347 et
1072 2291 1397 2362 interjecta,
1434 2289 1604 2345 sicuti
1638 2285 2180 2358 diximus,Zephyri

541 2382 906 2457 paraphrasi,
939 2379 1314 2452 interruperit
1346 2377 1680 2433 Tertulliani
1728 2381 1971 2442 textum,
2008 2391 2179 2442 quem

537 2475 785 2529 debebat
815 2474 874 2527 in
906 2472 1011 2526 hoc
1043 2469 1250 2525 etaliis
1295 2467 1482 2532 libris,
1545 2465 1856 2521 meliorum
1909 2464 2175 2520 codicum

537 2578 664 2633 0pc,
701 2558 958 2633 pristinae
999 2558 1046 2614 si
1080 2557 1205 2612 fieri
1258 2555 1529 2628 potuerit,
1579 2554 1882 2609 restituere
1940 2552 2176 2623 integri-

539 2652 670 2708 tati.

612 2782 901 2854 Rigaltius
957 2780 1175 2851 itaque,
1231 2779 1302 2833 iis
1360 2778 1636 2833 omnibus
1685 2777 1898 2848 spretis
1932 2781 2176 2847 postque

541 2871 778 2938 habitis,
813 2887 988 2925 novas
1017 2869 1253 2939 scripsit
1283 2867 1341 2922 in
1405 2867 1558 2921 hunc
1603 2867 2006 2936 Apologeticum
2037 2865 2176 2920 alia-

540 2978 652 3034 que
686 2958 1031 3015 Tertulliani
1063 2974 1237 3028 opera
1266 2960 1434 3011 notas
1478 2959 1534 3009 et
1580 2955 2033 3009 observationes.
2067 2958 2176 3008 Ve-

540 3068 670 3106 rum
705 3049 982 3120 quoniam
1041 3046 1347 3117 plurimas,
1406 3044 1476 3099 ab
1535 3043 1784 3098 eruditis
1839 3042 2177 3097 hominibus

537 3141 845 3212 profectas,
879 3136 1034 3190 haud
1097 3135 1305 3189 merito
1358 3149 1596 3204 prorsus
1619 3133 1753 3201 jure
1786 3131 2177 3202 praetermisit,

2306 591 2424 642 tur.

2381 675 2634 746 Denique
2666 675 2924 731 Priorius
2952 676 3142 732 varias
3175 675 3380 747 selegit
3435 677 3798 731 eruditorum
3864 676 3954 730 vi-

2303 781 2500 836 rorum
2564 765 2847 832 Rhenani,
2902 765 3162 835 Pamelii,
3210 769 3276 832 ,la
3359 765 3578 835 Cerdaa,
3653 765 3944 832 Salmasii,

2301 851 2668 924 Albaspinasi,
2711 852 3074 923 aliorumque
3131 855 3519 924 quorumdam
3584 853 3949 908 animadver-

2303 941 2516 1009 siones,
2545 942 2759 1012 quibus
2789 946 2843 996 et
2876 942 3156 1012 quasdam
3190 959 3222 995 a
3253 959 3315 997 se
3373 942 3726 1014 excogitatas
3780 941 3950 996 iden-

2299 1030 2480 1084 tidem
2512 1029 2984 1084 interseruit.Sed
3018 1030 3103 1083 haa
3141 1035 3254 1086 tam
3292 1029 3436 1086 levis
3467 1035 3607 1084 sunt
3638 1030 3943 1096 momenti,

2301 1123 2366 1173 ut
2404 1117 2500 1189 qui
2533 1135 2626 1173 eas
2657 1118 3084 1189 approbaverit,
3113 1119 3207 1173 vix
3264 1119 3423 1174 ullus
3482 1121 3822 1190 reperiatur.
3882 1121 3942 1173 In

2299 1207 2406 1262 hoc
2439 1212 2631 1262 tamen
2665 1212 2963 1278 utcunque
2993 1207 3343 1274 laudandus,
3378 1209 3529 1279 quod
3576 1223 3780 1262 omnes
3813 1207 3944 1263 illae

2298 1295 2835 1351 animadversiones
2856 1301 2912 1351 et
2958 1301 3125 1352 notas
3157 1297 3215 1352 in
3275 1297 3624 1368 paginarum
3680 1296 3942 1351 inferiori

2297 1385 2581 1455 margine,
2617 1385 2836 1454 absque
2868 1384 2988 1439 ulla
3036 1389 3230 1440 textus
3287 1385 3636 1440 Tertulliani
3686 1385 3939 1440 interru-

2297 1473 2513 1544 ptione,
2571 1473 2774 1528 excudi
2830 1473 3095 1529 voluerit.
3147 1474 3290 1528 Nam
3348 1491 3412 1528 eo
3473 1474 3643 1529 modo
3705 1473 3938 1530 lectoris

2296 1562 2694 1616 commoditati
2727 1561 2938 1617 melius
2969 1561 3301 1618 consultum
3335 1566 3444 1618 est.
3502 1563 3614 1617 Sed
3669 1563 3802 1634 quis
3835 1579 3938 1617 ne-

2294 1650 2819 1722 gligentizejvitium
2855 1652 2902 1705 ei
2962 1668 3223 1723 unquam
3281 1651 3654 1717 condonabit,
3707 1651 3804 1719 qui
3863 1654 3935 1707 ad

2295 1757 2469 1811 Opera
2495 1739 2834 1795 Tertulliani
2855 1740 3018 1794 novis
3049 1740 3201 1812 typis
3234 1741 3562 1796 recudenda
3594 1756 3938 1810 aggressus,

2294 1827 2518 1882 nullum
2555 1827 2724 1899 plane
2755 1845 2887 1883 cum
2931 1828 3101 1882 editis
3161 1829 3408 1883 contulit
3467 1829 3934 1902 manuscriptum

2293 1917 2572 1983 codicem,
2608 1917 2708 1971 sed
2741 1917 2924 1972 solam
2981 1917 3211 1986 Rigaltii
3272 1918 3585 1973 editionem
3647 1919 3717 1972 de
3757 1920 3934 1974 verbo

2293 2007 2363 2060 ad
2397 2006 2637 2060 verbum
2669 2011 2907 2061 secutus
2939 2005 3047 2060 fuit
3076 2009 3098 2060 Ρ

2362 2096 2438 2149 Ex
2469 2095 2538 2150 iis
2571 2111 2761 2166 porro,
2795 2112 2920 2166 quae
2954 2095 3024 2150 de
3053 2099 3138 2149 tot
3167 2099 3406 2166 tamque
3453 2095 3632 2150 variis
3687 2112 3933 2168 operum

2289 2181 2630 2238 Tertulliani
2662 2183 3018 2238 editionibus
3049 2183 3331 2238 hactenus
3363 2201 3396 2239 ο.
3426 2185 3595 2240 nobis
3625 2185 3928 2256 disputata

2293 2273 2440 2328 755
2474 2277 2632 2338 sunt,
2663 2271 2793 2343 quis
2857 2271 3161 2327 nobiscum
3225 2289 3339 2328 non
3390 2273 3665 2328 fatebitur
3705 2273 3926 2329 nullam

2287 2378 2529 2432 prorsus
2559 2377 2685 2414 esse
2730 2378 2855 2431 quae
2915 2362 3170 2431 perfecta
3224 2366 3281 2416 et
3341 2362 3616 2417 omnibus
3670 2364 3934 2419 numeris

2287 2448 2554 2503 absoluta
2583 2449 2694 2502 dici
2747 2448 2951 2503 merito
2984 2449 3225 2520 possit?
3278 2449 3356 2504 De
3411 2449 3692 2505 litteraria
3751 2451 3932 2522 igitur

2285 2536 2584 2609 republica
2615 2537 2662 2592 is
2694 2536 3094 2608 proculdiubio
3126 2537 3270 2594 bene
3317 2539 3652 2606 merebitur,
3710 2538 3810 2610 qui
3843 2557 3935 2595 sa-

2285 2643 2382 2682 cra
2406 2627 2760 2697 profanaque
2807 2627 3135 2682 eruditione
3195 2644 3306 2682 non
3371 2644 3575 2698 parum
3636 2627 3929 2696 imbutus,

2286 2731 2490 2771 novam
2525 2715 2752 2786 parabit
2794 2716 3127 2785 Apologetici
3172 2721 3229 2771 et
3282 2715 3529 2772 aliorum
3579 2717 3927 2773 Tertulliani

2285 2820 2524 2876 Operum
2557 2803 2893 2858 editionem.
2928 2805 3037 2859 Sed
3099 2809 3233 2860 ante
3282 2805 3480 2861 omnia
3534 2809 3727 2861 textus
3759 2805 3922 2862 illius

2285 2911 2520 2950 summa
2551 2894 2662 2948 fide
2692 2899 2745 2948 et
2769 2894 3073 2966 diligentia
3131 2897 3201 2950 ad
3236 2897 3672 2968 manuscriptos
3701 2898 3932 2952 codices

2284 2982 2633 3048 Gallicanos,
2671 2983 2920 3051 Italicos,
2979 2985 3376 3051 Germanicos,
3429 2985 3802 3058 Anglicanas,
3863 3001 3930 3041 ac

2285 3077 2506 3126 veteres
2563 3071 2848 3126 editiones
2905 3074 3237 3144 recognosci
3295 3074 3467 3128 debet
3517 3079 3572 3129 et
3623 3074 3925 3146 castigari.

2288 3159 2490 3215 Plures
2557 3161 2709 3215 enim
2769 3166 3089 3232 supersunt
3148 3161 3355 3217 saltem
3417 3163 3746 3234 Apologetici
3798 3163 3931 3218 libri

534 3227 644 3282 illa:
669 3243 872 3281 rursus
904 3224 1290 3294 publicijuris
1313 3223 1474 3276 facta:
1505 3220 1722 3276 suntin
1756 3219 2179 3275 unovolumine
2209 3235 2252 3300 ρ
2291 3249 2522 3320 Optima,
2553 3254 2702 3303 “om,
2733 3219 2981 3315 codices,
3044 3268 3188 3321 quos
3244 3268 3414 3306 nemo
3458 3219 3754 3306 'hac't'enus
3795 3268 3930 3306 cum

536 3317 686 3387 quod
720 3329 872 3370 anno
905 3315 1039 3366 1635
1069 3312 1291 3366 editum
1324 3315 1430 3365 est.
1490 3308 1748 3364 Collectaa
1797 3314 1992 3364 autem
2053 3309 2176 3364 fue-

537 3408 676 3459 runt
705 3419 773 3457 ex
808 3399 1075 3467 Pamelio,
1111 3400 1314 3454 Latino
1344 3397 1592 3466 Latinio,
1653 3398 1826 3452 Beato
1876 3397 2174 3466 Rhenano,

534 3493 760 3548 Joanne
819 3489 1109 3556 Mercerio,
1170 3487 1473 3542 Edmondo
1532 3485 1818 3551 Richerio,
1877 3485 2177 3540 Theodoro

538 3577 820 3648 Marcilio,
853 3577 1078 3631 Joanne
1106 3575 1416 3640 Wowerio,
1442 3578 1497 3628 et
1518 3573 1783 3629 Gabriele
1815 3572 2177 3646 Albaspinieo

540 3665 1051 3724 Aurelianensium
1080 3664 1382 3736 Episcopo.

616 3775 960 3829 Persuasum
995 3775 1187 3826 autem
1211 3769 1421 3825 eruditi
1455 3768 1690 3839 quidam
1724 3768 2180 3824 virihabuerunt

541 3865 650 3919 hoc
680 3862 972 3918 volumine
1003 3859 1308 3930 divulgatae
1342 3876 1374 3913 a
1422 3858 1675 3928 Rigaltio
1736 3874 1977 3930 Operum
2037 3859 2179 3913 Ter-

539 3952 766 4009 tulliani
801 3949 1041 4006 editioni
1084 3950 1418 4019 conjuncto,
1451 3946 1603 4001 hanc
1659 3945 1881 4001 caeteris
1904 3947 2180 4003 omnibus

539 4043 660 4098 fore
693 4039 1112 4112 perfectiorem.
1171 4038 1276 4092 Sed
1339 4040 1726 4108 praeterquam
1787 4036 1938 4107 quod
1972 4037 2029 4090 in
2079 4036 2179 4092 illo

538 4135 809 4186 notarum
851 4127 1144 4184 volumine
1197 4125 1552 4182 omittuntur
1611 4123 1881 4190 aliorum,
1923 4125 2094 4180 sicuti
2123 4124 2181 4181 1a

538 4219 732 4275 Cerdaa
761 4235 876 4272 non
924 4217 1120 4271 minus
1179 4213 1351 4270 utiles
1407 4219 1548 4268 notae
1605 4218 1663 4268 et
1715 4212 2176 4284 explicationes;

539 4308 700 4381 quid,
736 4307 944 4362 amabo
997 4309 1073 4371 te,
1136 4303 1492 4376 sperandum
1549 4303 1620 4356 de
1674 4301 1939 4374 Rigaltio,
1973 4303 2070 4373 qui
2107 4304 2178 4358 ad

533 4396 964 4452 emendandum
992 4391 1340 4448 Tertulliani
1374 4396 1622 4461 textum,
1656 4407 1759 4445 nec
1791 4391 1974 4462 ipsos,
2000 4393 2174 4447 sicuti

535 4485 940 4556 diximus(art.
975 4485 1220 4552 super.),
1255 4497 1402 4552 quos
1437 4497 1550 4551 prae
1599 4479 1872 4535 manibus
1905 4480 2177 4548 habebat,

536 4591 639 4630 nec
671 4574 817 4629 alios
866 4569 1306 4641 manuscriptos
1365 4569 1592 4624 codices
1651 4573 1754 4622 aut
1810 4568 2015 4641 legere,
2078 4574 2179 4625 aut

536 4662 700 4734 sequi
735 4660 998 4716 curavit?
1035 4658 1245 4714 Deinde
1274 4675 1406 4713 vero
1469 4675 1583 4712 non
1644 4657 1889 4713 minima
1938 4659 2175 4730 quidem

536 4752 594 4806 in
629 4750 780 4805 notis
809 4749 932 4804 suis
964 4748 1290 4804 scribendis
1347 4746 1456 4802 fuit
1486 4746 1644 4801 illius
1700 4748 1965 4817 audacia,
2000 4765 2175 4819 quam

535 4840 593 4894 in
631 4839 966 4911 praefatione
997 4854 1104 4892 sua
1133 4853 1408 4892 excusare
1438 4840 1673 4892 coactus
1704 4837 1925 4892 est.Sed
1961 4854 2177 4909 paucos

535 4928 853 4984 admodum
885 4926 1168 4992 invenias,
1202 4927 1418 4998 quibus
1450 4926 1686 4981 omnino
1737 4931 1971 4997 accepta
2001 4926 2077 4982 sit
2105 4927 2176 4980 il-

534 5016 652 5074 lius
682 5016 996 5072 excusatio.

609 5150 803 5205 Minus
835 5150 1073 5221 quidem
1106 5148 1430 5205 temerariae
1465 5150 1623 5213 sunt,
1685 5147 1786 5201 sed
1838 5163 1953 5202 non
1989 5150 2177 5222 magis

534 5241 858 5312 probantur
887 5238 1266 5310 longissimae,
1298 5242 1354 5291 et
1404 5237 1475 5291 ad
1509 5251 1787 5290 nauseam
1823 5253 2010 5307 usque
2042 5255 2175 5293 con-

525 5328 698 5399 jectae
730 5346 763 5382 a
794 5328 1038 5399 Georgio
1087 5325 1460 5381 Ambianensi
1517 5324 1970 5380 observationes.
2031 5327 2174 5384 Nam

531 5417 591 5472 in
627 5418 759 5472 illas
789 5434 856 5471 ea
887 5415 1085 5471 omnia
1134 5415 1396 5483 intrusit,
1429 5430 1555 5484 quas
1605 5411 1778 5466 aliam
1812 5413 1884 5467 ob
1915 5431 2174 5488 causam,

531 5512 589 5562 et
619 5507 692 5562 ad
717 5505 1000 5576 publicas,
1038 5505 1119 5559 uti
1155 5504 1404 5568 videtur,
1465 5502 1775 5556 conciones
1833 5518 2175 5575 corrogave-

532 5599 644 5650 rat.
679 5593 952 5650 Nonnulli
986 5597 1184 5646 tamen
1235 5595 1492 5648 fatentur
1551 5591 1608 5645 in
1669 5589 1739 5644 iis
1795 5590 1993 5662 aliqua
2051 5612 2178 5652 esse

534 5679 723 5746 utilia,
757 5698 822 5738 ac
853 5681 1175 5753 przesertim
1209 5681 1265 5734 in
1300 5680 1557 5752 capitum
1604 5677 1865 5748 scholiis,
1927 5697 2053 5753 quin
2112 5684 2171 5740 in

2287 3338 2459 3393 editis
2489 3339 2756 3393 contulit.
2799 3341 2869 3394 At
2900 3339 2948 3394 si
2981 3339 3170 3395 varias
3219 3357 3285 3395 ac
3337 3345 3540 3396 notatu
3591 3341 3796 3413 dignas
3849 3339 3928 3396 le-

2287 3426 2527 3491 ctiones,
2562 3443 2628 3480 ex
2661 3425 2777 3480 illis
2807 3433 3126 3499 excerptas,
3163 3429 3314 3484 bona
3348 3430 3458 3483 fide
3507 3428 3795 3497 exhibeat,
3855 3428 3928 3484 de

2285 3531 2419 3569 vero
2449 3515 2821 3586 genuinoque
2837 3514 3180 3572 Tertulliani
3201 3522 3359 3572 textu
3391 3519 3608 3573 certius
3633 3516 3923 3589 judicium

2287 3603 2421 3658 ferri
2454 3604 2685 3676 poterit.

2924 3720 3160 3776 CAPUT
3193 3721 3287 3777 IV.

2442 3827 2516 3882 De
2543 3825 2745 3882 duobus
2782 3826 3126 3883 Tertulliani
3153 3829 3232 3883 ad
3260 3829 3520 3883 Nationes
3571 3828 3750 3884 libris.

2849 3986 3162 4026 ARTICULUS
3189 3987 3415 4027 PRIMUS.

2580 4060 2838 4131 Analysis
2871 4060 3004 4115 libri
3027 4062 3202 4132 primi
3240 4060 3310 4116 ad
3345 4062 3628 4116 Nationes.

2358 4174 2595 4230 Duobus
2643 4175 2712 4229 ad
2741 4177 2994 4231 Nationes
3047 4175 3214 4231 libris
3249 4193 3486 4232 causam
3538 4175 3934 4232 Tertullianus

2287 4264 2478 4319 adhuc
2553 4264 2670 4335 egit
2743 4265 3232 4331 Christianorum,
3295 4266 3558 4336 duasque
3617 4272 3936 4337 utrumque

2286 4352 2502 4407 librum
2537 4354 2680 4409 satis
2711 4361 2909 4424 aperte
2942 4354 3214 4409 divisitin
3251 4360 3462 4426 partes.
3498 4356 3559 4410 In
3619 4355 3809 4426 prima
3853 4355 3932 4409 si-

2287 4442 2525 4512 quidem
2562 4442 2774 4513 prioris
2807 4443 2938 4497 libri
2971 4443 3221 4498 ostendit
3277 4443 3638 4498 Cbristianos
3683 4459 3788 4498 nec
3835 4460 3935 4498 au-

2286 4530 2460 4595 ditos,
2512 4548 2614 4586 nec
2664 4532 2936 4587 defensos
2996 4531 3330 4587 falsissimis
3413 4532 3932 4604 iniquissimisque

2208 4608 2252 4672 D
2286 4620 2640 4692 praejudiciis
2693 4637 2726 4674 a
2778 4619 3096 4692 gentilibus
3167 4621 3378 4690 vexari,
3437 4622 3813 4677 condemnari
3867 4639 3935 4678 ac

2287 4707 2692 4763 crudelissime
2751 4709 2942 4764 necari
2998 4708 3122 4779 (lib.
3180 4726 3219 4778 ι,
3254 4727 3381 4782 cap.
3417 4711 3442 4764 1
3476 4715 3532 4765 et
3562 4713 3770 4782 seqq.).
3805 4709 3930 4765 Pla-

2287 4813 2428 4850 num
2463 4813 2594 4852 vero
2627 4798 2882 4852 secunda
2934 4799 3204 4869 inparte
3260 4799 3532 4855 omnibus
3592 4791 3728 4855 facit
3776 4799 3929 4855 falsa

2287 4885 2524 4939 omnino
2581 4901 2728 4951 esse,
2789 4903 3037 4958 quorum
3095 4887 3410 4943 Christiani
3477 4889 3935 4959 accusabantur,

2288 4973 2554 5042 crimina,
2589 4974 2920 5046 horumque
2950 4993 3080 5031 reos
3111 4993 3308 5032 revera
3336 4993 3464 5033 esse
3486 4977 3734 5050 gentiles
3766 4978 3929 5050 (Cap.

2285 5063 2320 5116 9
2349 5067 2405 5117 et
2435 5063 2647 5134 sepq.).
2681 5063 2742 5118 1n
2777 5065 2966 5136 prima
3023 5069 3220 5121 autem
3283 5068 3525 5122 secundi
3573 5066 3707 5122 libri
3765 5071 3930 5139 parte

2288 5153 2674 5222 demonstrat,
2727 5170 2903 5224 quam
2948 5171 3096 5210 vana
3151 5159 3206 5210 et
3263 5155 3518 5211 absurda
3573 5157 3650 5212 sit
3710 5156 3844 5210 ﬁcta
3901 5173 3936 5210 a

2286 5241 2543 5294 Varrone
2572 5241 2779 5312 triplex
2811 5243 3178 5297 ethnicorum
3227 5243 3540 5316 theologia,
3575 5261 3703 5315 quin
3733 5245 3805 5298 ab
3860 5260 3930 5299 eo

2286 5328 2546 5401 physica,
2585 5329 2840 5401 mythica
2866 5347 2932 5386 ac
2961 5331 3188 5402 plebeia
3245 5333 3365 5387 sive
3407 5333 3643 5405 gentilis
3675 5331 3929 5404 appella-

2289 5423 2387 5472 tur
2420 5417 2546 5489 (lib.
2575 5435 2635 5483 ιι,
2669 5435 2797 5491 cap.
2857 5421 2881 5473 1
2943 5425 2999 5474 et
3057 5421 3270 5490 seqq.),
3331 5422 3389 5476 In
3429 5423 3688 5477 secunda
3736 5425 3935 5475 autem

2285 5511 2449 5578 parte
2505 5507 2869 5564 demonstrat
2929 5510 3066 5564 deos
3127 5509 3525 5566 Romanorum
3589 5510 3767 5566 falsos
3809 5526 3942 5564 esse

2287 5596 2576 5668 planeque
2607 5597 3042 5653 commentitios
3077 5600 3224 5670 (cap.
3259 5600 3292 5652 9
3323 5604 3378 5655 et
3421 5602 3631 5673 seqq.).
3666 5599 3777 5656 Sed
3808 5598 3935 5654 haec

2287 5685 2462 5757 paulo
2493 5686 2801 5742 enodatius
2833 5686 3184 5758 explicandae
3217 5693 3372 5744 sunt.
