4262 6376
356 332 475 392 837

1084 328 1163 387 IN
1206 325 1815 390 APOLOGETICUM
1860 327 1935 386 ι).
1982 325 2078 386 LE
2123 326 2447 389 NOURRY
2494 328 3033 395 DlSSERTATIO.

3645 334 3764 400 838

422 462 683 517 Primum
717 461 914 533 itaque
943 460 1192 516 ethnicis
1222 460 1364 515 vitio
1406 461 1601 525 vertit,
1669 459 1821 530 quod
1881 458 1995 513 im-
2029 458 2081 525 Α
2109 459 2367 529 perditos
2398 461 2542 533 (cap.
2577 464 2653 533 5).
2710 464 2917 520 Vesum
2972 466 3051 534 hi,
3111 465 3302 539 inquit
3326 467 3758 536 Tertullianus,

350 552 621 625 placabili
654 551 784 606 odio
816 551 1177 607 Christianos
1210 554 1727 621 persequerentur,
1764 548 2002 603 tametsi

352 642 450 714 qui
483 641 755 713 qualesve
808 640 929 695 sint
968 640 1207 711 penitus
1266 639 1629 709 ignorarent,
1693 654 1798 693 nec
1865 638 2012 692 scire

357 746 619 801 unquam
652 730 962 784 voluerint.
998 728 1105 783 Ubi
1140 728 1397 800 primum
1430 728 1585 783 enim
1610 727 1741 782 illos
1770 743 2011 795 agnove-

359 825 514 886 rant,
592 818 791 874 statim
853 817 1199 873 desinebant
1259 818 1472 887 odisse,
1501 817 2013 886 Christianamque

363 908 707 981 religionem
743 908 895 962 ultro
928 906 1457 978 amplectebantur.
1502 906 1699 970 Neque
1733 906 1786 959 id
1813 906 2010 977 negari

364 997 802 1071 poterat,quod
866 995 1162 1051 clamabat
1224 994 1569 1067 quotidiana
1620 994 1883 1066 ipsorum
1943 995 2012 1049 de

357 1086 748 1158 multiplicato
796 1084 1264 1140 Christianorum
1316 1101 1562 1139 numero
1623 1083 2008 1154 querimonia.

356 1176 481 1232 Non
516 1174 660 1231 sinit
687 1178 885 1229 autem
920 1179 1140 1229 Auctor
1173 1178 1369 1228 noster
1392 1173 1503 1229 sibi
1535 1173 1709 1243 objici
1770 1172 1897 1241 hos,
1953 1176 2015 1226 ut

358 1264 478 1322 fieri
513 1263 828 1333 aliquando
866 1262 1036 1329 solet,
1066 1261 1127 1316 in
1163 1261 1383 1316 malum
1418 1259 2009 1315 conversos.Nullam

366 1353 582 1425 quippe
630 1351 767 1406 mali
848 1357 1046 1406 notam
1099 1350 1272 1406 habet
1319 1349 1661 1405 Christiana:
1718 1347 2012 1417 religionis

366 1444 671 1516 professio,
706 1443 873 1511 cujus
898 1442 1192 1497 neminem
1227 1446 1329 1497 aut
1358 1441 1536 1511 pudet
1592 1445 1693 1494 aut
1750 1439 2011 1511 paenitet,

365 1550 432 1588 ac
462 1533 534 1587 de
564 1548 681 1603 qua
710 1547 914 1587 omnes
972 1531 1231 1602 gaudent
1290 1535 1345 1585 et
1400 1528 1724 1601 gloriantur
1780 1528 1927 1599 (Lib.
1966 1545 2003 1581 r.

371 1639 500 1694 cap.
534 1622 609 1691 1).

439 1728 493 1784 Si
532 1744 647 1799 qua
677 1742 809 1782 vero
840 1726 1090 1781 fuissent
1118 1725 1583 1781 Christianorum
1618 1723 1888 1787 crimina,
1941 1722 2012 1777 ad

2122 549 2289 619 pauci
2325 551 2641 607 admodum
2695 559 2890 623 erant;
2929 556 3027 626 qui
3088 556 3353 627 quidem,
3413 559 3566 613 sicut
3617 558 3768 615 naevi

2120 638 2397 708 corporis,
2432 640 2512 696 ita
2543 648 2709 696 sectae
2741 660 2858 697 suae
2890 645 3277 699 ostendebant
3334 648 3763 717 praestantiam.

2120 726 2463 799 Quicunque
2496 747 2663 801 porro
2694 736 2749 786 et
2776 738 3063 803 quotquot
3092 732 3176 787 illi
3236 735 3454 789 fuerint
3502 736 3583 801 hi,
3646 753 3764 791 non

2120 832 2289 871 secus
2322 835 2385 872 ac
2419 819 2749 891 philosophi
2785 827 3000 877 sectam
3025 839 3192 877 suam
3217 824 3765 893 ﬂagitiisinfaman-

2120 910 2228 974 tes,
2265 911 2430 963 erant
2463 910 2574 963 veri
2607 911 2955 981 desertores,
2992 913 3226 968 nomine
3258 918 3429 970 tenus
3480 915 3764 971 Christia-

2120 996 2201 1064 ni,
2233 995 2351 1051 imo
2384 997 2489 1053 hoc
2522 998 2748 1072 indigni
2782 1001 3038 1056 nomine.

2193 1102 2487 1173 Urgebant
2517 1107 2762 1176 gentiles
2805 1114 3022 1164 sectam
3070 1108 3534 1165 Christianorum
3569 1127 3764 1166 revera

2123 1192 2338 1247 malam
2396 1210 2543 1260 esse,
2606 1200 2805 1265 utpote
2861 1213 2989 1267 quae
3050 1197 3469 1268 imperatorum
3534 1198 3763 1269 legibus

2122 1280 2399 1336 damnata
2458 1284 2535 1337 sit
2584 1288 2729 1355 (cap.
2789 1287 2863 1355 6).
2924 1292 2996 1339 At
3029 1302 3225 1340 nonne
3273 1288 3519 1353 eaedem,
3553 1288 3767 1357 regerit

2120 1370 2335 1423 Auctor
2392 1378 2627 1437 noster,
2686 1373 3101 1444 imperatorum
3166 1374 3533 1447 aliorumque
3589 1378 3765 1445 justas

2122 1456 2277 1529 leges
2301 1462 2941 1517 statueruntneminem
2966 1481 3224 1536 unquam
3249 1466 3761 1520 condemnandum

2121 1549 2233 1604 nisi
2276 1551 2436 1621 prius
2492 1552 2757 1607 criminis
2812 1552 3061 1624 alicujus
3118 1555 3194 1609 sit
3243 1555 3352 1609 rite
3410 1555 3762 1611 convictus?

2121 1642 2234 1693 Cur
2288 1656 2423 1711 ergo
2481 1641 2695 1696 ethnici
2773 1643 3135 1698 Christianos
3203 1660 3305 1699 nec
3364 1645 3597 1700 auditos
3658 1660 3763 1700 nec

2124 1730 2419 1785 convictos
2474 1732 2941 1788 condemnabant
2980 1733 3007 1786 ‘2
3064 1733 3265 1787 Nonne
3337 1733 3532 1804 plures
3585 1734 3761 1789 etiam

368 1835 437 1874 ea
470 1818 671 1886 utique
700 1815 1051 1871 declaranda
1109 1814 1238 1870 illos
1293 1814 1513 1870 ethnici
1567 1814 1893 1885 quaestione
1949 1828 2014 1864 ac
2043 1833 2091 1897 B
2123 1818 2266 1873 datae
2300 1824 2438 1873 sunt
2467 1821 2538 1874 ab
2570 1823 2908 1876 eorumdem
2933 1822 3296 1877 ethnicorum
3327 1823 3763 1891 legislatoribus

368 1906 678 1961 tormentis
728 1920 934 1976 cogere
1012 1904 1323 1959 debebant.
1384 1906 1455 1957 At
1506 1918 1535 1956 e
1594 1901 1885 1956 contrario
1942 1898 2014 1953 iis

372 2011 585 2050 nomen
618 2010 792 2049 suum
824 1992 910 2048 vel
971 1997 1178 2064 sponte
1240 1991 1613 2064 negantibus,
1672 1990 1758 2044 vel
1805 2004 2016 2060 negare

370 2083 585 2139 coactis
607 2082 917 2137 confestim
967 2082 1291 2148 credentes,
1344 2081 1510 2135 fateri
1561 2094 1791 2151 quoque
1841 2078 2013 2132 debe-

371 2174 507 2228 bant
523 2170 668 2227 nihil
692 2170 830 2226 mali
850 2172 909 2226 in
927 2187 1127 2226 eorum
1145 2170 1423 2241 religione
1442 2186 1611 2241 posse
1634 2167 2014 2239 deprehendi.

365 2264 498 2319 Suis
532 2269 809 2335 praeterea
829 2262 1058 2333 legibus
1090 2262 1338 2332 quilibet
1379 2262 1611 2331 judices
1663 2260 2015 2315 tenebantur

365 2352 707 2426 quorumvis
740 2352 1054 2407 criminum
1090 2368 1216 2406 reos
1245 2351 1605 2422 interrogare
1638 2366 1784 2419 quae,
1818 2347 2013 2419 qualia

364 2449 420 2499 et
452 2448 671 2515 quanta
692 2441 815 2497 haec
864 2446 1081 2507 essent,
1147 2442 1296 2497 756
1347 2440 1444 2511 qui
1507 2456 1710 2494 eorum
1767 2438 1906 2493 socii
1958 2442 2015 2491 et

369 2536 718 2603 receptores,
752 2547 817 2585 ac
847 2547 915 2585 ea
944 2530 1179 2585 tandem
1233 2529 1293 2583 in
1327 2528 1543 2600 scripta
1600 2529 2011 2582 damnatorum

367 2620 659 2678 sententia
692 2604 1037 2676 nominatim
1088 2619 1413 2674 enuntiare.
1469 2621 1533 2672 At
1582 2616 1727 2671 nihil
1787 2615 1904 2671 tale
1952 2614 2011 2669 in

367 2710 837 2767 Christianorum
875 2709 1250 2764 damnatione
1298 2707 1647 2774 factitatum,
1691 2722 1795 2761 nec
1853 2704 2011 2759 aliud

371 2816 572 2856 eorum
608 2799 902 2854 sententia
956 2798 1424 2870 pronuntiatum,
1473 2797 1587 2852 nisi
1617 2795 2013 2853 Christianum

372 2905 606 2945 nomen.
639 2887 839 2942 Solum
871 2904 1006 2959 ergo
1040 2887 1297 2943 nominis
1329 2888 1547 2941 crimen
1581 2892 1737 2954 erat;
1771 2886 1871 2940 sed
1904 2884 2014 2939 hoc

372 2979 572 3050 ipsum
606 2993 817 3032 nomen
848 2977 993 3031 nihil
1042 2977 1382 3045 barbarum,
1438 2977 1788 3044 infaustum,
1844 2973 2013 3027 inho-

370 3070 604 3121 nestum
639 3070 827 3131 sonat,
864 3066 965 3120 sed
998 3064 1084 3119 vel
1118 3065 1476 3132 unctionem,
1500 3065 1585 3119 vel
1633 3063 1841 3118 saltem
1873 3078 2011 3116 sua—

372 3155 637 3219 vitatem,
662 3160 763 3209 aut
790 3154 1134 3223 bonitatem,
1166 3155 1400 3224 quando
1433 3154 1503 3208 ab
1537 3153 1681 3224 ipsis
1732 3151 2009 3222 gentibus

370 3245 670 3299 Chrestiani
702 3248 972 3314 corrupte
1002 3244 1363 3299 vocabantur
1391 3242 1540 3314 (cap.
1571 3244 1625 3309 2,
1659 3242 1734 3313 3).

442 3356 515 3404 At
554 3351 613 3405 hi
646 3350 818 3421 plane
849 3349 1238 3421 desipiebant,
1274 3351 1373 3421 qui
1405 3348 1527 3404 solo
1587 3347 1842 3403 auctoris
1902 3364 2011 3402 no-

370 3439 527 3494 mine
560 3444 780 3493 sectam
814 3438 1280 3494 Christianorum
1312 3455 1373 3493 se
1396 3439 1590 3493 odisse
1621 3437 2022 3491 causabantur

367 3530 515 3600 (cap.
549 3528 621 3599 4).
649 3527 774 3582 Non
808 3527 965 3581 enim
992 3526 1346 3589 Platonicos,
1400 3532 1500 3581 aut
1542 3526 2019 3598 Phythagoraeos,

367 3618 439 3673 ob
472 3616 757 3686 Platonis,
790 3620 891 3671 aut
911 3615 1352 3688 Pythahagoraa,
1381 3631 1486 3670 nec
1510 3614 1765 3669 medicos
1786 3614 1857 3667 ob
1877 3616 2021 3667 Era-

372 3706 622 3771 sistrati,
684 3722 788 3761 nec
836 3705 1255 3776 grammaticos
1308 3706 1380 3760 ob
1438 3703 1754 3758 Aristarchi
1807 3718 2020 3758 nomen

370 3797 634 3851 oderant.
692 3793 833 3857 Quis
877 3795 1054 3849 etiam
1114 3794 1335 3849 nesciat
1393 3794 1556 3848 nefas
1616 3810 1744 3848 esse
1774 3793 2018 3855 Fsectam

374 3884 629 3955 aliquam
664 3884 796 3938 odio
828 3884 1042 3937 habere
1075 3884 1209 3950 nisi,
1246 3883 1385 3954 quid
1421 3883 1473 3936 in
1508 3899 1575 3937 ea
1606 3882 1734 3937 odio
1775 3882 2020 3952 dignum

370 3973 469 4037 sit,
502 3976 673 4026 antea
695 3971 1074 4026 advertatur?
1108 3971 1333 4025 Ethnici
1368 3976 1562 4026 tamen
1596 3986 1701 4024 nec
1742 3969 2020 4024 Christia-

377 4078 515 4116 nam
572 4064 813 4126 sectam,
875 4074 979 4113 nec
1021 4061 1148 4129 ejus
1198 4064 1494 4113 auctorem
1556 4062 1857 4123 noverant,
1916 4074 2020 4113 nec

369 4149 644 4205 volebant
667 4164 1035 4216 cognoscere.
1074 4148 1157 4202 Ad
1188 4147 1307 4202 haec
1336 4165 1493 4215 vero,
1545 4164 1645 4218 per
1677 4148 1840 4218 ipsos
1894 4146 2016 4201 cui-

370 4237 515 4292 libet
545 4236 780 4291 ethnico
807 4235 1040 4305 licebat,
1070 4253 1245 4307 quam
1280 4236 1452 4291 vellet
1513 4236 2019 4307 philosophorum,

366 4326 597 4382 tametsi
657 4325 989 4397 reipublicae
1054 4343 1119 4381 ac
1180 4326 1545 4396 principibus
1628 4325 2019 4391 infensorum,

372 4421 590 4471 sectam
626 4415 919 4485 amplecti.
973 4415 1080 4469 Eos
1131 4431 1364 4486 quoque
1423 4414 1578 4469 solos
1637 4414 2020 4485 philosophos

374 4506 663 4561 vexabant
692 4505 792 4576 qui
826 4505 1127 4559 veritatem
1177 4522 1244 4559 ex
1284 4510 1447 4575 parte
1479 4505 1777 4572 docentes,
1819 4520 2021 4573 asper-

2126 1908 2513 1978 iniquissimae
2548 1909 2724 1981 leges,
2760 1912 3135 1982 postmodum
3169 1913 3512 1975 emendatae,
3546 1911 3633 1965 vel
3669 1929 3767 1966 an-

2124 1996 2403 2066 tiquath
2434 1997 2695 2068 Denique
2743 2000 2962 2069 injuste
2993 2000 3106 2065 lex,
3159 2000 3349 2070 qualis
3389 2000 3445 2055 in
3481 2000 3765 2055 Christia-

2125 2102 2231 2141 nos
2261 2086 2379 2141 lata
2410 2087 2617 2157 fuerat,
2652 2088 2878 2143 nullum
2913 2088 3091 2160 exigit
3134 2089 3415 2144 honorem
3469 2093 3569 2144 aut
3598 2089 3765 2143 obse-

2127 2177 2355 2247 quium.

2199 2272 2310 2320 Nec
2344 2267 2559 2321 instare
2592 2271 2857 2338 poterant
2887 2266 3102 2322 ethnici
3126 2267 3281 2339 leges
3315 2267 3372 2321 in
3404 2267 3767 2322 Christianos

2124 2356 2195 2411 ab
2230 2356 2300 2410 iis
2333 2356 2612 2425 sancitas,
2646 2356 2745 2427 qui
2779 2356 3010 2410 illorum
3042 2357 3290 2410 crimina
3333 2356 3629 2410 communi
3664 2372 3767 2426 po-

2123 2443 2431 2516 pularique
2464 2444 2618 2498 fama
2668 2450 3093 2514 compererant.
3146 2449 3343 2497 Nonne
3399 2442 3553 2498 enim
3588 2445 3764 2510 fama,

2123 2532 2440 2588 fatentibus
2471 2533 2678 2588 iisdem
2714 2532 2984 2601 ethnicis,
3012 2532 3231 2587 malum
3267 2538 3355 2587 est
3387 2549 3500 2604 quo
3535 2531 3766 2587 nullum

2122 2623 2424 2678 velocius?
2470 2622 2581 2676 Sed
2626 2622 2727 2677 illa
2774 2623 2979 2677 tandiu
3032 2627 3261 2676 tantum
3313 2621 3474 2688 vivit,
3505 2620 3766 2692 quandiu

2122 2712 2365 2777 incerta,
2416 2711 2564 2767 falsa
2593 2716 2649 2767 et
2700 2712 2950 2767 mendax
3007 2715 3116 2766 est.
3164 2709 3270 2765 Ubi
3330 2710 3487 2765 enim
3541 2726 3632 2765 res
3679 2712 3768 2763 est

2126 2807 2301 2868 certa,
2353 2801 2433 2855 ibi
2482 2802 2601 2855 haec
2646 2802 2803 2856 fama
2860 2800 3096 2856 desinit.
3148 2800 3551 2869 lnvestiganda
3585 2799 3767 2871 igitur

2122 2890 2285 2946 illius
2342 2890 2503 2962 origo
2561 2901 2735 2960 atque
2794 2890 3248 2961 exspectandum
3326 2890 3469 2945 757
3535 2898 3763 2958 tempus,

2122 2980 2274 3050 quod
2308 2982 2497 3033 omnia
2520 2980 2747 3034 revelat.
2781 2979 2922 3041 Quis
2972 2984 3168 3033 autem
3202 2979 3272 3033 ab
3321 2978 3447 3047 ipso
3480 2977 3762 3032 Christia-

2126 3086 2207 3122 nae
2241 3067 2537 3139 religionis
2586 3068 2820 3122 exordio
2868 3068 3094 3137 objecta
3142 3067 3491 3122 Christianis
3524 3064 3763 3121 infanti-

2127 3156 2297 3223 cidia,
2330 3158 2610 3223 incestus,
2635 3157 2864 3227 aliaque
2895 3156 3113 3211 scelera
3134 3155 3191 3209 in
3216 3173 3415 3209 eorum
3452 3155 3768 3226 synaxibus

2129 3264 2387 3317 unquam
2440 3246 2846 3317 deprehendit,
2898 3246 3186 3317 patefecit,
3237 3244 3541 3315 prodidit?
3589 3248 3769 3298 Num-

2128 3334 2269 3405 quid
2300 3334 2539 3405 ipsimet
2568 3334 2929 3389 Christiani?
2960 3334 3067 3389 Sed
3120 3350 3353 3388 summo
3388 3332 3621 3387 silentio
3666 3348 3775 3387 sua

2130 3423 2407 3495 mysteria
2462 3424 2759 3494 tegebant,
2820 3439 2923 3478 nec
2984 3427 3250 3493 poterant
3307 3428 3425 3476 tam
3488 3421 3778 3475 horrenda

2131 3512 2397 3577 crimina,
2431 3512 2481 3568 si
2532 3512 2765 3567 illorum
2818 3512 3036 3567 conscii
3096 3512 3365 3578 fuissent,
3402 3510 3527 3565 sine
3569 3510 3776 3581 capitis

2132 3602 2389 3675 periculo
2424 3602 2685 3673 prodere.
2716 3600 3015 3672 Numquid
3050 3600 3295 3672 gentiles
3318 3600 3345 3654 ?
3385 3599 3623 3654 Minime
3648 3598 3775 3670 qui-

2130 3694 2284 3748 dem.
2321 3691 2597 3757 Quamvis
2628 3690 2783 3746 enim
2816 3690 3182 3746 Christianos
3205 3689 3262 3744 in
3297 3689 3422 3745 suis
3455 3688 3776 3761 synaxibus

2132 3780 2394 3853 quotidie
2425 3780 2779 3847 obsiderent,
2828 3795 2999 3833 nemo
3051 3783 3248 3833 tamen
3283 3778 3405 3833 haec
3460 3777 3777 3849 deprehen-

2130 3871 2308 3937 disse,
2343 3886 2447 3925 nec
2499 3868 2656 3923 ullus
2710 3869 3070 3923 domesticus
3111 3867 3295 3939 pretio
3347 3872 3680 3937 corruptus,
3716 3882 3777 3919 se

2132 3966 2232 4016 aut
2286 3960 2543 4025 vidisse,
2601 3965 2702 4013 aut
2754 3958 3034 4012 celavisse
3107 3973 3366 4028 unquam
3426 3955 3775 4009 testificatus

2131 4053 2246 4104 est.

2202 4141 2485 4196 Praeterea
2515 4138 2831 4193 Christiani
2858 4137 3251 4192 sectatoribus
3281 4138 3404 4191 suis
3436 4135 3590 4207 leges
3622 4132 3777 4188 Chri-

2132 4230 2208 4284 sti
2259 4230 2461 4283 sedulo
2519 4226 2965 4282 observantibus
3026 4225 3453 4299 pollicebantur
3501 4229 3779 4279 aaternam

2131 4319 2485 4374 felicitatem.
2520 4320 2588 4371 At
2620 4316 2733 4381 dic,
2788 4331 3006 4385 qumso,
3044 4320 3239 4368 utrum
3292 4332 3404 4369 non
3447 4315 3654 4367 insano
3687 4328 3783 4383 pe-

2130 4410 2290 4463 nitus
2324 4406 2545 4462 homini
2597 4404 2873 4460 credibile
2933 4405 3034 4459 fiat
3077 4403 3235 4458 illam
3299 4403 3611 4475 aliquando
3645 4417 3778 4471 pro-

2133 4499 2378 4551 missam
2413 4496 2593 4549 fuisse
2617 4494 2711 4555 iis,
2733 4493 2829 4563 qui
2856 4498 3018 4546 tanta
3050 4492 3265 4546 scelera
3300 4489 3782 4562 perpetrassent?

370 4595 664 4649 nabantur
688 4575 926 4648 illorum
962 4593 1123 4647 deos.
1164 4594 1246 4647 Ita
1279 4609 1420 4647 sane
1452 4594 1747 4647 Socratem
1782 4593 2020 4647 damna-
2053 4575 2098 4639 D
2130 4586 2308 4641 Nemo
2332 4589 2505 4640 etiam
2532 4582 2790 4654 gentilis,
2814 4582 2897 4635 vel
2926 4581 3165 4635 minimo
3190 4579 3577 4635 humanitatis
3603 4596 3780 4633 sensu

372 4687 604 4745 verunt,
639 4699 981 4755 quanquam
1014 4682 1300 4753 Apollinis
1356 4682 1591 4737 oraculo
1651 4684 2021 4737 renuntiatus

374 4771 584 4827 fuisset
619 4771 955 4827 mortalium
1017 4773 1281 4826 omnium
1340 4772 1842 4841 sapientissimus.
1898 4771 2023 4824 Non

376 4861 591 4915 mirum
626 4860 823 4932 itaque
856 4860 903 4915 si
936 4860 1172 4915 illorum
1208 4862 1265 4915 in
1296 4860 1661 4917 Christianos
1694 4860 1892 4915 odium
1928 4877 2024 4915 ve-

378 4950 522 5004 ritas
559 4950 867 5021 pepererit.
901 4952 1007 5005 Sed
1042 4950 1189 5017 vide,
1227 4967 1443 5021 quaeso,
1506 4967 1617 5021 quo
1678 4949 2026 5005 insanientis

380 5038 563 5092 animi
622 5040 834 5094 furore.
894 5039 1250 5093 Fatebantur
1323 5056 1421 5094 eos
1481 5056 1685 5093 omnes
1760 5038 2028 5093 meliores

381 5127 587 5191 factos,
623 5128 724 5197 qui
757 5130 983 5197 eiurato
1018 5130 1300 5183 falsorum
1335 5129 1580 5183 deorum
1635 5128 1820 5187 cultu.
1848 5144 2021 5183 suum

387 5215 671 5269 dederant
701 5215 1047 5271 Christiana:
1080 5216 1350 5288 religioni
1384 5234 1618 5273 nomen.
1652 5218 1763 5272 Sed
1800 5219 1855 5271 in
1900 5217 2030 5272 illos

382 5304 493 5359 hoc
525 5304 648 5359 solo
682 5306 920 5359 nomine
964 5305 1258 5361 crudelius
1290 5306 1626 5371 saeviebant,
1659 5323 1876 5378 eosque
1928 5324 2023 5361 no-

383 5398 581 5449 centes
612 5398 669 5448 et
700 5392 1015 5448 sceleratos
1048 5409 1176 5449 esse
1209 5394 1506 5449 malebant
1534 5411 1709 5465 quam
1751 5394 2031 5451 Christia-

388 5500 516 5538 D08.

460 5575 672 5628 Contra
721 5576 918 5628 tamen
949 5571 1305 5643 objiciebant
1353 5572 1569 5629 ethnici
1620 5573 1909 5644 quosdam
1967 5589 2035 5627 ex

390 5660 735 5720 Christianis
766 5661 1058 5735 pessimos
1089 5679 1240 5735 esse,
1273 5680 1338 5719 ac
1394 5663 1550 5719 vitiis
1597 5661 2035 5733 sceleribusque

2137 4676 2436 4748 praeditus,
2498 4690 2565 4727 ea
2626 4678 2956 4743 perpetrare
2990 4688 3172 4726 ausus
3233 4687 3494 4741 unquam
3556 4670 3765 4723 fuisset

2137 4770 2283 4837 Ergo
2318 4781 2420 4818 nec
2453 4763 2555 4816 ulli
2608 4761 2948 4826 Christiani,
2983 4778 3232 4831 quorum
3277 4762 3477 4815 eadem
3518 4776 3582 4813 ac
3615 4764 3785 4813 caete-

2138 4871 2334 4910 rorum
2376 4852 2679 4907 hominum
2710 4854 2938 4913 natura,
2965 4866 3069 4903 nec
3093 4852 3455 4921 Cynopenna:
3487 4852 3785 4914 erant,nec

2139 4944 2475 5013 Sciapodes,
2509 4957 2611 4996 nec
2646 4938 2951 5010 antipodes
2985 4939 3132 5009 (cap.
3166 4940 3243 5009 7).

2206 5034 2345 5096 Quis
2377 5037 2564 5085 autem
2622 5046 2737 5083 non
2796 5029 2982 5083 rideat
3039 5028 3325 5091 ethnicos,
3388 5026 3487 5097 qui
3533 5025 3779 5081 ridiculo

2141 5121 2327 5197 pueri,
2362 5138 2395 5175 a
2427 5124 2633 5173 mutua
2680 5117 2904 5172 nutrice
2954 5118 3206 5183 educati,
3272 5118 3579 5187 primoque
3623 5114 3782 5168 vocis

2144 5231 2285 5269 sono
2340 5210 2552 5285 βὲγκοις
2612 5207 3089 5280 pronuntiantis,
3153 5211 3484 5262 commento
3545 5204 3788 5276 probare

2144 5303 2576 5359 contendebant
2624 5297 2987 5354 Christianos
3042 5296 3366 5366 Phrygibus
3406 5294 3656 5363 aliisque
3689 5308 3784 5345 na-

2142 5392 2403 5447 tionibus
2435 5405 2563 5445 esse
2596 5386 2946 5459 posteriores
2967 5385 2993 5438 ?
3025 5384 3163 5449 Quis
3195 5383 3350 5437 enim
3378 5381 3599 5437 nesciat
3628 5380 3788 5434 Chri-

2146 5484 2397 5539 stianam
2432 5486 2686 5551 gentem,
2720 5494 2846 5548 quae
2880 5493 2911 5529 a
2961 5475 3181 5529 Judaeis
3213 5479 3407 5528 ortum
3443 5473 3627 5541 duxit,
3660 5488 3789 5527 esse

2148 5572 2367 5628 czeteris
2398 5567 2788 5639 antiquiorem
2812 5563 2857 5643 7.
2890 5562 3162 5626 Quamvis
3205 5567 3399 5617 autem
3436 5560 3567 5617 aliis
3600 5577 3791 5616 recen-

2145 5661 2258 5718 tior
2288 5662 2453 5731 foret,
2486 5655 2660 5713 tertia
2692 5658 2889 5709 tamen
2936 5656 3069 5722 post
3116 5655 3343 5708 Graecos
3387 5656 3444 5707 et
3492 5651 3786 5709 Romanos
