4262 6392
524 390 644 458 839

1051 391 1573 456 TERTULLIANI
1619 389 1943 452 OPERUM
1984 389 2183 450 PARS
2230 390 2276 449 I.
2309 423 2387 434 —
2418 389 2690 452 SERIES
2736 392 2784 466 l,
2828 391 3395 454 APOLOGETIGA.

3800 395 3920 454 840

530 533 688 589 natio
719 524 1763 599 inhumanissimissuperstitionibus
1792 524 2024 581 addicta
2046 540 2161 580 non
2199 525 2251 590 Α
2351 530 2472 596 Age
2522 541 2678 594 vero,
2741 526 2952 581 ethnici
3010 545 3044 582 a
3095 528 3373 584 mendace
3430 528 3630 584 Tacito
3663 529 3916 600 decepti,

529 627 654 679 erat
685 624 834 691 (cap.
866 621 944 691 8).

709 639 736 675 c
823 663 834 675 .
866 624 899 672 8
931 661 944 673 .

601 624 1147 766 litigtaabpantzthnici
1194 706 1577 772 Christianos,
1628 707 1700 760 ob
1749 705 1986 760 deorum
2019 721 2158 759 con-

526 805 847 872 temptum,
907 798 1170 853 omnium
1226 795 1480 850 cladium
1541 811 1667 848 esse
1719 798 2012 858 auctores,
2076 797 2162 847 at-

525 905 636 960 que
688 887 901 942 idcirco
954 885 1423 938 exterminandos
1482 887 1630 954 (cap.
1691 885 1768 954 9).
1823 883 1932 937 Sed
1986 882 2161 937 variis

525 976 923 1034 Tertullianus
973 973 1254 1043 exemplis
1301 973 1663 1027 demonstrat
1715 972 1996 1025 mundum
2033 987 2160 1041 gra-

524 1065 784 1120 vissimis
816 1062 1272 1130 calamitatibus,
1307 1061 1389 1114 uti
1441 1077 1726 1130 aquarum
1758 1059 2161 1114 inundationi-

525 1157 658 1224 bus,
693 1157 823 1225 igne
881 1151 1123 1215 coelesti,
1168 1166 1234 1204 ac
1289 1149 1544 1221 generali
1598 1149 1814 1204 diluvio
1855 1148 2161 1218 perturba-

523 1251 648 1299 tum
681 1244 1074 1312 obrutumque
1106 1238 1305 1305 fuisse,
1339 1243 1650 1308 antequam
1684 1238 1917 1309 ipsimet
1946 1235 2159 1291 ethnici

523 1333 660 1387 deos
691 1347 829 1385 suos
878 1329 1206 1392 finxissent,
1256 1343 1321 1381 ac
1356 1326 1608 1380 fundatas
1658 1330 1854 1380 essent
1897 1325 2070 1379 urbes
2103 1324 2159 1378 in

522 1420 738 1492 quibus
772 1416 912 1485 nati,
945 1413 1289 1470 commorati
1313 1419 1368 1469 et
1398 1413 1611 1484 sepulti
1637 1417 1796 1469 sunt.
1829 1411 1973 1478 Quid
2006 1429 2159 1483 vero,

522 1509 676 1581 quod
710 1511 909 1580 postea
955 1505 1014 1560 hi
1045 1504 1240 1559 eximii
1290 1504 1368 1557 dii
1417 1520 1530 1558 non
1581 1507 1897 1574 potuerunt
1924 1502 1994 1557 ab
2028 1502 2159 1557 aliis

522 1596 789 1652 cladibus
821 1610 961 1650 suos
993 1591 1215 1664 eripere
1245 1590 1500 1646 cultores
1525 1593 1547 1645 Ρ

590 1701 856 1757 Secunda
886 1699 1065 1770 hujus
1085 1697 1218 1753 libri
1244 1699 1302 1752 in
1326 1702 1486 1769 parte
1511 1698 1726 1752 Auctor
1745 1701 1940 1752 noster
1970 1701 2160 1752 osten-

519 1792 605 1848 dit
661 1791 943 1862 ipsosmet
973 1787 1218 1860 gentiles
1265 1787 1604 1842 eorumdem
1664 1787 1980 1842 criminum
2033 1802 2160 1841 esse

2273 613 2420 669 falso
2477 616 2893 670 asseverabant
2949 633 2981 671 a
3053 617 3401 673 Christianis
3481 607 3707 673 adorari
3764 619 3915 673 asini

2269 708 2446 775 caput
2501 705 2652 775 (cap.
2717 705 2821 776 11).
2881 706 2987 760 Sed
3040 706 3151 778 ipsi
3200 708 3450 777 gentiles
3513 724 3713 762 revera
3763 713 3918 764 totos

2271 792 2593 846 adorabant
2641 793 2838 848 asinos
2883 811 3016 849 cum
3076 812 3182 850 sua
3225 797 3442 866 Epona,
3502 795 3746 868 suisque
3778 814 3914 852 cum

2272 881 2630 952 praisepibus
2662 884 3081 938 consecrabant
3126 884 3362 939 bestias.
3398 886 3521 950 Qua
3571 902 3704 941 vero
3737 887 3913 941 ratio-

2272 985 2342 1023 ne
2373 969 2718 1025 Christianis
2750 971 2978 1026 crimini
3014 972 3255 1042 dabant,
3289 974 3443 1044 quod
3489 989 3718 1029 crucem
3753 975 3916 1029 Chri-

2274 1059 2350 1112 sti
2385 1058 2659 1128 colerent,
2693 1077 2823 1114 cum
2872 1060 2984 1132 ipsi
3034 1062 3278 1115 Atticam
3332 1061 3628 1117 Palladem
3661 1067 3718 1117 et
3747 1063 3915 1118 Cere-

2272 1165 2392 1203 rem
2429 1147 2692 1204 Phariam
2742 1167 2775 1204 a
2821 1149 3009 1205 crucis
3070 1150 3267 1221 stipite
3318 1167 3432 1206 non
3484 1152 3914 1223 discrepantem

2270 1237 2739 1292 venerabantur?
2771 1238 2972 1294 Nonne
3004 1239 3180 1294 etiam
3216 1244 3383 1294 rectaa
3417 1240 3608 1295 crucis
3640 1242 3785 1310 parti
3812 1258 3914 1297 su-

2270 1327 2681 1397 perstruebant
2710 1327 2848 1382 deos
2880 1345 3018 1383 suos
3045 1353 3058 1394 ;
3083 1335 3137 1382 et
3159 1327 3403 1398 integris
3424 1329 3698 1385 crucibus
3726 1329 3905 1385 victo-

2270 1414 2410 1480 rias,
2468 1415 2769 1482 cantabra,
2827 1416 3066 1488 siphara
3114 1421 3170 1472 et
3229 1416 3394 1487 signa
3435 1416 3734 1488 militaria,
3785 1435 3912 1491 qua)

2271 1503 2523 1558 maxime
2555 1504 2846 1561 habebant
2876 1506 2932 1559 in
2962 1505 3180 1561 honore
3210 1505 3355 1577 (cap.
3385 1506 3522 1575 12)?

2341 1609 2588 1672 Quidam
2617 1628 2750 1667 vero
2781 1629 2849 1668 ex
2883 1611 2996 1668 illis
3029 1630 3333 1685 perperam
3374 1613 3596 1684 opinati
3646 1617 3786 1670 sunt
3812 1616 3916 1672 So-

2266 1697 2381 1754 lem
2410 1717 2443 1754 a
2464 1699 2812 1756 Christianis
2840 1702 3090 1770 adorari,
3120 1703 3259 1774 quia
3275 1719 3475 1759 verum
3501 1703 3687 1759 Deum
3715 1722 3916 1776 suum,

2269 1787 2412 1842 facie
2444 1790 2511 1842 ad
2547 1792 2817 1844 eumdem
2849 1789 3042 1845 Solem
3074 1806 3372 1857 conversa,
3402 1792 3814 1863 precabantur,
3843 1810 3910 1849 ac

519 1880 805 1942 conscios.
842 1893 1092 1949 quorum
1133 1875 1493 1930 Christianos
1526 1891 1765 1946 arguere
1809 1875 2028 1930 frustra
2058 1892 2157 1930 co-
2189 1891 2235 1955 Β
2269 1876 2360 1931 die
2390 1877 2689 1932 Dominico
2740 1877 3031 1949 spirituali
3079 1877 3464 1951 indulgebant
3511 1880 3720 1935 laetitias
3754 1885 3904 1954 (cap.

520 1971 832 2025 n'abantur.
866 1967 1011 2021 Nam
1039 1965 1097 2020 hi
1129 1965 1226 2036 qui
1250 1965 1545 2035 antiquos,
1579 1965 1676 2020 sed
1701 1965 1914 2035 impios
1948 1965 2095 2019 ritus
2127 1981 2160 2018 a

519 2055 866 2114 Christianis
896 2054 1233 2122 repudiatos
1279 2053 1572 2107 immerito
1623 2054 2041 2124 querebantur,
2076 2052 2158 2106 illi

518 2147 630 2219 ipsi
654 2164 687 2201 a
705 2146 994 2215 majorum
1018 2159 1260 2198 suorum
1288 2142 1538 2214 legibus,
1563 2141 1875 2213 institutis,
1896 2142 2158 2197 moribus

521 2235 884 2291 desciverant
941 2231 1122 2299 cultu,
1180 2231 1376 2296 victu,
1438 2231 1682 2302 ipsoque
1741 2246 2030 2297 sermone,
2092 2246 2157 2285 ac

520 2340 817 2395 nunquam
879 2321 1021 2377 satis
1079 2337 1112 2375 a
1169 2336 1229 2375 se
1287 2319 1558 2375 laudatas
1619 2322 1940 2392 rejecerant
1993 2322 2156 2374 vetu-

521 2418 724 2469 states.

592 2519 805 2575 Deinde
833 2533 966 2572 vero
995 2515 1313 2572 Christiani
1345 2516 1660 2586 deos,quos
1680 2515 1873 2585 nullos
1907 2532 2034 2571 esse
2055 2532 2154 2570 no-

518 2612 738 2674 verant,
762 2623 876 2662 non
895 2611 1266 2661 contemnere
1287 2621 1397 2659 non
1427 2609 1764 2675 potuerunt.
1784 2604 2008 2658 Ethnici
2024 2620 2156 2659 vero

517 2715 661 2768 quos
691 2712 856 2750 veros
886 2711 1034 2762 esse,
1068 2711 1133 2748 ac
1165 2710 1228 2748 se
1257 2694 1444 2748 colere
1489 2694 1886 2756 venditabant,
1923 2694 2158 2764 penitus

516 2784 1045 2856 adspernabantur.
1079 2782 1350 2837 Pluribus
1394 2782 1683 2851 siquidem
1733 2781 1945 2854 spretis
1978 2787 2033 2836 et
2065 2799 2156 2837 re-

517 2874 796 2946 pudiatis,
816 2874 1101 2944 quosdam
1126 2877 1353 2926 tantum
1370 2889 1403 2925 a
1426 2887 1485 2926 se
1503 2871 1748 2927 selectos
1771 2871 2154 2926 honorabant.

516 2964 718 3018 Nonne
772 2962 940 3016 etiam
997 2958 1414 3015 contumeliose
1467 2976 1500 3012 a
1549 2964 1754 3014 senatu
1804 2960 1968 3030 ejecti
2022 2964 2160 3015 sunt

517 3051 662 3106 deus
694 3049 1013 3114 Alburnus,
1050 3049 1240 3113 Liber,
1272 3047 1526 3118 Serapis,
1562 3047 1967 3120 Harpocrates,
2000 3050 2158 3102 Anu-

524 3140 635 3205 bis,
667 3143 725 3194 et
771 3143 975 3192 statuas
1033 3136 1266 3192 illorum
1314 3138 1571 3192 eversae?
1627 3138 1772 3201 Quid
1807 3138 1919 3192 diis
1969 3137 2159 3192 adhuc

515 3228 700 3298 magis
730 3226 1104 3296 injuriosum,
1139 3242 1316 3296 quam
1348 3227 1475 3281 sine
1506 3225 2012 3281 senatusconsulto
2061 3241 2159 3280 eos

521 3318 629 3373 coli
664 3334 777 3371 non
814 3315 962 3372 758
999 3315 1215 3386 posse?
1244 3314 1391 3378 Quid
1446 3315 1634 3385 magis
1679 3315 2156 3384 ignominiosum,

523 3422 699 3478 quam
733 3422 766 3459 a
797 3404 1017 3474 privato
1040 3402 1300 3474 quolibet
1331 3403 1566 3458 homine
1587 3403 1937 3458 domesticos
1961 3403 2160 3474 pigno-

521 3495 637 3548 rari
691 3495 852 3558 deos,
903 3491 1166 3562 publicos
1223 3508 1354 3546 vero
1403 3493 1461 3546 in
1522 3492 1776 3546 hastario
1823 3489 2158 3546 venditari?

521 3583 670 3649 Quid
703 3581 954 3651 turpius,
981 3597 1155 3651 quam
1192 3596 1292 3649 pro
1315 3579 1515 3651 templi
1551 3579 1694 3648 solo,
1729 3581 1910 3647 aditu,
1945 3579 2157 3651 stipiti-

521 3671 649 3734 bus,
681 3669 847 3724 ostiis
879 3669 1027 3738 exigi
1079 3669 1454 3723 mercedem?
1505 3669 1636 3731 Quae
1688 3670 1876 3738 major
1915 3669 2157 3722 deorum

519 3757 782 3822 infamia,
816 3772 992 3827 quam
1046 3773 1243 3811 senem
1298 3757 1354 3811 in
1412 3761 1682 3827 Saturno,
1731 3757 2054 3811 imberbem
2095 3755 2154 3810 in

517 3846 802 3920 Apolline,
857 3846 913 3899 in
965 3845 1147 3900 Marte
1206 3845 1472 3909 militem,
1525 3846 1582 3899 in
1633 3845 1892 3900 Vulcano
1927 3847 2155 3900 fabrum

517 3933 878 4001 consecrari,
935 3950 1109 4002 quam
1165 3934 1277 3988 diis
1337 3933 1608 3989 maximis
1665 3934 1918 4005 aequales
1971 3935 2157 3989 facere

517 4030 781 4080 mortuos
838 4022 1129 4090 homines,
1190 4039 1368 4093 quam
1424 4023 1628 4094 punire
1688 4040 1789 4094 per
1847 4023 2005 4093 deos,
2040 4039 2154 4078 non

516 4130 652 4167 vero
686 4129 788 4184 per
817 4111 1052 4182 genium
1087 4111 1328 4166 Caesaris
1372 4111 1724 4182 dejerantes,
1759 4128 1936 4183 quam
1971 4113 2158 4184 pessi-

517 4219 646 4257 mas
691 4217 956 4273 quasque
1001 4200 1370 4256 victimarum
1423 4206 1617 4271 partes
1668 4201 1739 4255 iis
1784 4201 2155 4257 sacrificare?

517 4291 666 4357 Quid
704 4291 937 4346 tandem
965 4290 1206 4345 deorum
1243 4290 1549 4359 majestate
1596 4291 1783 4362 magis
1821 4292 2154 4363 indignum,

517 4397 694 4452 quam
727 4380 798 4435 ab
842 4383 1090 4434 Homero
1136 4377 1388 4448 aliisque
1438 4379 1623 4449 poetis
1673 4378 1913 4450 impune
1946 4380 2154 4435 decan-

513 4471 625 4525 tari
656 4469 938 4524 Venerem
971 4469 1319 4533 sauciatam,
1371 4467 1626 4522 vinctum
1662 4468 1926 4533 Martem,
1957 4470 2154 4524 Jovem

516 4560 586 4613 ab
639 4556 768 4613 aliis
826 4556 938 4612 diis
993 4555 1354 4624 lacessitum,
1418 4556 1674 4624 ﬂentem,
1738 4557 2153 4622 luxuriantem,

2271 1966 2378 2032 13).
2411 1965 2625 2020 Verum
2659 1966 2909 2038 improbi
2941 1967 3036 2022 isti
3072 1967 3523 2025 calumniatores
3549 1985 3762 2042 negare
3793 1987 3908 2026 non

2268 2058 2576 2123 potuerant
2607 2071 2826 2109 morem
2872 2055 3241 2110 ethnicorum
3294 2057 3474 2112 fuisse
3525 2057 3701 2113 simili
3738 2059 3912 2115 modo

2269 2141 2519 2197 factitios
2568 2143 2705 2197 deos
2747 2159 2886 2198 suos
2936 2144 3232 2215 precandi,
3283 2149 3459 2216 atque
3506 2146 3626 2202 illis
3677 2148 3912 2204 dicandi

2268 2247 2452 2286 unum
2503 2231 2895 2288 Hebdomadis
2948 2233 3127 2300 diem,
3161 2249 3334 2304 quem
3384 2234 3686 2291 Dominico
3719 2237 3912 2308 proxi-

2268 2336 2455 2384 mum,
2482 2319 2652 2390 longe
2683 2321 2910 2376 diverso
2943 2338 3009 2376 ac
3039 2322 3222 2378 Judaei
3258 2322 3396 2391 ritu,
3445 2323 3830 2380 celebrabant.

2339 2409 2487 2462 Tum
2537 2407 2749 2463 deinde
2794 2409 3194 2466 Tertullianus
3241 2411 3452 2468 acriter
3501 2413 3794 2469 invehitur
3851 2414 3911 2469 in

2269 2496 2613 2552 bestiarium
2647 2500 2986 2568 quemdam,
3015 2499 3272 2555 Judaicaa
3307 2500 3605 2573 religionis
3649 2503 3914 2559 deserto-

2267 2603 2410 2655 rem,
2454 2585 2555 2657 qui
2607 2587 2665 2640 in
2725 2587 2878 2643 circo
2939 2589 3225 2658 picturam
3287 2589 3384 2644 Dei
3443 2590 3910 2647 Christianorum

2267 2675 2374 2730 sub
2405 2675 2590 2728 forma
2630 2674 2779 2729 asini
2829 2675 3271 2732 circumtulerat
3317 2693 3449 2732 cum
3503 2677 3610 2734 hac
3662 2678 3913 2752 inscrip-

2267 2764 2460 2818 tione:
2493 2763 2823 2821 Onochoetes
2863 2765 3015 2836 (cap.
3068 2765 3178 2835 14).
3229 2769 3374 2821 Nam
3428 2772 3646 2837 quanto
3677 2767 3912 2839 longius

2266 2853 2422 2908 istud
2458 2869 2490 2907 a
2517 2852 2757 2908 veritate
2806 2853 3177 2921 abhorrebat,
3208 2857 3372 2910 tanto
3421 2856 3635 2912 certius
3685 2861 3808 2912 erat
3837 2857 3911 2912 ab

2268 2941 2517 2996 ethnicis
2575 2941 2802 2996 adorari
2842 2994 2846 3000 ,
2881 2943 3019 2998 deos
3077 2949 3386 3014 cornutos,
3445 2944 3788 3017 caprigenas
3845 2963 3911 3001 ac

2268 3030 2548 3087 monstris
2579 3030 2817 3086 omnino
2849 3031 3092 3087 similes.

2336 3119 2491 3174 Nihil
2525 3136 2759 3190 quoque
2791 3119 2994 3176 falsius
3026 3121 3168 3192 fingi
3199 3125 3426 3193 poterat
3456 3138 3632 3194 quam
3667 3140 3700 3178 a
3743 3123 3910 3179 Chri-

2272 3209 2483 3264 stianis
2514 3226 2679 3264 sacra
2707 3209 2860 3264 inter
2891 3212 3168 3281 mysteria
3201 3211 3385 3266 occidi
3417 3211 3722 3282 infantem,
3755 3213 3912 3283 ejus-

2272 3314 2384 3368 que
2405 3297 2754 3369 sanguinem
2781 3297 2987 3369 potari.
3012 3301 3082 3352 At
3104 3297 3273 3370 plane
3305 3299 3610 3354 constabat
3632 3300 3701 3354 ab
3722 3300 3913 3355 ethni-

2268 3385 2352 3441 cis
2385 3391 2585 3440 contra
2615 3386 2770 3457 leges
2802 3403 2941 3441 suas
2972 3403 3173 3442 recens
3206 3392 3372 3442 natos
3401 3388 3681 3443 trucidari
3717 3389 3909 3443 infan-

2268 3480 2376 3542 tes,
2406 3479 2507 3528 aut
2537 3491 2768 3529 summa
2800 3473 3140 3530 crudelitate
3171 3475 3406 3546 injuriis
3437 3476 3587 3531 aeris
3618 3478 3914 3534 necandos

2267 3562 2498 3633 exponi,
2533 3562 2682 3618 759
2729 3567 2830 3618 aut
2878 3562 3006 3618 elici
3055 3580 3252 3619 eorum
3310 3563 3681 3635 sanguinem,
3724 3570 3913 3623 totos-

2266 3667 2379 3722 que
2411 3667 2744 3722 praecoquos
2776 3652 3038 3706 devorari
3069 3653 3218 3724 (cap.
3252 3653 3357 3722 15).

2335 3758 2480 3820 Quid
2513 3773 2646 3813 vero
2698 3757 3103 3828 impudentius
3152 3775 3329 3829 quam
3375 3758 3737 3816 Christianos
3777 3761 3912 3818 falsi

2266 3845 2506 3900 omnino
2539 3846 2808 3900 nocturni
2839 3846 3097 3902 incestus
3147 3847 3219 3903 ab
3254 3848 3326 3902 iis
3372 3849 3655 3919 accusari,
3690 3850 3789 3921 qui
3823 3851 3910 3905 in-

2264 3934 2427 3990 ﬁcias
2457 3934 2539 3990 ire
2571 3934 2888 4004 nequibant
2916 3935 3162 4005 gentiles
3203 3937 3410 3992 Persas
3455 3953 3586 3992 cum
3621 3939 3910 3996 matribus

2267 4023 2391 4078 suis
2423 4023 2615 4094 palam
2648 4023 2820 4092 coire,
2855 4024 3070 4095 quique
3120 4025 3404 4096 OEdipum
3434 4026 3626 4080 scelus
3679 4026 3818 4082 illud
3852 4027 3914 4083 in

2263 4111 2492 4166 theatro
2524 4116 3039 4182 reprzesentantem
3073 4129 3285 4185 magno
3309 4131 3440 4169 cum
3465 4113 3753 4185 applausu
3785 4115 3912 4171 lau-

2265 4201 2485 4255 dabant
2509 4199 2968 4272 ineitabantque.
3004 4201 3155 4265 Quin
3187 4203 3363 4257 etiam
3399 4203 3494 4258 isti
3529 4204 3641 4275 ipsi
3672 4221 3803 4259 cum
3838 4204 3908 4259 li-

2265 4290 2419 4345 beris
2451 4290 2598 4356 suis,
2642 4307 2811 4361 quos,
2862 4289 3016 4344 sicut
3066 4290 3347 4358 diximus,
3401 4297 3790 4363 exposuerant
3819 4292 3910 4348 in-

2265 4379 2477 4443 fantes,
2513 4395 2616 4432 nec
2671 4377 2926 4449 amplius
2976 4379 3394 4450 agnoscebant,
3445 4381 3659 4452 saepius
3702 4381 3912 4437 infami

2264 4467 2492 4522 incestu
2523 4467 3057 4522 commiscebantur
3097 4469 3244 4539 (cap.
3282 4470 3389 4535 16).
3437 4473 3517 4524 Ne
3549 4471 3678 4539 quis
3710 4475 3908 4526 autem

2265 4555 2407 4610 illud
2433 4556 2615 4627 gratis
2640 4555 2838 4610 fictum
2863 4555 3159 4624 objiceret,
3180 4557 3251 4612 ab
3276 4559 3526 4613 Auctore
3548 4564 3744 4614 nostro
3773 4575 3911 4614 con-

517 4663 738 4718 suaque
795 4647 1081 4702 adulteria
1147 4647 1616 4702 dinumerantem
1655 4647 1682 4702 ‘I
1739 4648 1887 4714 Quid
1945 4649 2160 4720 plura?
2195 4634 2234 4697 D
2269 4644 2537 4698 firmatur
2585 4643 2797 4699 celebri
2856 4644 3151 4715 exemplo,
3199 4646 3354 4716 quod
3415 4647 3686 4703 Fusciani
3746 4647 3915 4704 Urbis

517 4737 723 4792 Nonne
755 4735 927 4789 iidem
960 4734 1040 4789 dii
1083 4735 1503 4790 deridebantur
1530 4735 1590 4790 in
1639 4736 1884 4792 theatris
1920 4741 1978 4792 et
2011 4739 2156 4793 Len-

517 4824 780 4880 tulorum
813 4827 986 4893 atque
1022 4822 1357 4878 Hostiorum
1403 4825 1725 4889 commdiis,
1775 4827 1895 4894 ubi,
1929 4829 2158 4883 cunctis

519 4911 959 4985 plaudentibus,
994 4909 1158 4965 mimi
1190 4916 1246 4965 et
1288 4911 1603 4968 histriones
1651 4913 1956 4969 ridiculam
1988 4915 2157 4986 plane

518 5001 768 5073 agebant
788 4999 1020 5072 Cybeles
1041 5005 1333 5070 pastorem
1354 5002 1707 5071 suspirantis
1731 5019 1936 5074 person
1948 5003 2156 5069 am,vel

516 5090 674 5147 Jovis
706 5089 892 5162 elogia
921 5095 978 5144 et
1029 5088 1354 5159 ignominia
1392 5089 1824 5147 decantabant?
1845 5093 2046 5148 Nonne
2077 5094 2158 5148 dii

517 5180 958 5236 infamabantur
986 5196 1019 5234 a
1050 5178 1292 5250 perditis
1343 5178 1702 5247 hominibus,
1754 5182 1854 5254 qui
1887 5182 1945 5237 in
1987 5199 2159 5238 cavea

519 5268 1019 5342 repraesentabant
1059 5270 1223 5338 Atym
1269 5271 1611 5335 castratum,
1663 5275 1984 5326 crematum
2017 5272 2156 5327 Her-

518 5358 730 5421 culem,
769 5357 955 5410 Ditem
988 5355 1379 5428 gladiatorum
1411 5357 1793 5413 deducentem
1828 5361 2155 5432 exsequias,

517 5464 582 5504 ac
613 5446 961 5502 Mercurium
997 5450 1259 5500 mortuos
1309 5446 1743 5503 examinantem
1767 5448 1796 5504 ‘l
1837 5449 1976 5513 Quis
2024 5466 2159 5523 ergo

518 5536 869 5592 dit'ﬁtebitur
899 5535 1239 5606 hujusmodi
1290 5536 1448 5603 deos,
1482 5539 1554 5592 ab
1595 5537 1687 5594 his
1717 5538 1883 5611 ipsis,
1933 5541 2030 5612 qui
2063 5559 2162 5598 eos

518 5626 826 5690 tinxerant,
850 5613 1168 5695 gentilibus
1191 5624 1359 5696 longe
1385 5626 1596 5698 magis,
1621 5645 1798 5698 quam
1833 5647 1866 5685 a
1889 5629 2164 5688 Christia-

523 5713 616 5768 nis
647 5713 942 5769 contemni
974 5716 1031 5768 et
1061 5713 1309 5770 derideri
1343 5713 1493 5787 (cap.
1539 5717 1670 5787 10)?

2266 4731 2520 4804 praefecti
2555 4737 2836 4803 tempore,
2869 4749 2973 4787 nec
3005 4732 3177 4804 paulo
3209 4738 3342 4790 ante
3388 4735 3698 4807 acciderat,
3731 4751 3911 4808 quam

2265 4821 2374 4877 hos
2406 4821 2588 4876 libros
2619 4821 2973 4892 scripsisset.

2341 4927 2536 4998 Pergit
2567 4925 2683 4997 ille,
2745 4926 3056 5000 palamque
3100 4929 3236 4985 facit
3289 4929 3652 4987 Christianos
3697 4931 3918 4990 frustra

2271 5015 2535 5088 publicos
2567 5015 2764 5070 hostes
2798 5016 2870 5072 ab
2919 5017 3169 5074 ethnicis
3195 5018 3322 5074 ideo
3374 5019 3741 5090 proclamari,
3776 5021 3918 5092 quia

2267 5122 2384 5160 non
2416 5105 2741 5160 adorabant
2773 5105 3060 5177 imagines
3091 5108 3403 5175 Caesarum,
3439 5125 3543 5164 nec
3575 5126 3677 5180 per
3709 5126 3914 5165 eorum

2268 5192 2504 5264 genium
2559 5194 2841 5263 jurabant
2883 5198 3032 5266 (cap.
3096 5195 3202 5266 17).
3247 5195 3423 5252 Plane
3472 5198 3628 5253 enim
3661 5197 3920 5254 ostendit

2273 5283 2379 5336 hoc
2410 5282 2604 5353 ipsum
2638 5282 2694 5336 in
2745 5283 2963 5338 crimen
3016 5285 3223 5339 merito
3267 5286 3454 5341 vocari
3507 5286 3752 5343 rebelles
3781 5286 3918 5342 illas

2271 5369 2559 5437 nationes,
2610 5387 2736 5442 qua:
2785 5373 2855 5426 ab
2906 5371 3358 5444 imperatoribus
3409 5373 3730 5443 debellata,
3780 5375 3921 5430 Par-

2269 5458 2585 5524 thicorum,
2644 5460 2982 5527 Medorum,
3035 5461 3513 5518 Germanicorum
3566 5463 3918 5535 cognomina

2271 5547 2356 5603 eis
2379 5554 2743 5619 pepererant.
2773 5548 2971 5604 Nonne
2997 5551 3171 5604 etiam
3201 5551 3420 5622 publici
3452 5553 3646 5607 hostes
3681 5553 3920 5609 fuerunt

2274 5637 2542 5702 Romani,
2571 5637 2669 5707 qui
2703 5637 3187 5708 conspiraverunt
3216 5640 3493 5696 adversus
3526 5641 3916 5712 imperatores

2275 5742 2438 5794 suos,
2471 5741 2687 5796 eosque
2713 5725 2772 5782 in
2805 5725 3042 5799 palatiis
3073 5727 3198 5785 suis
3229 5744 3415 5802 nuper
3447 5728 3506 5786 in
3550 5729 3735 5787 Gallia
3765 5730 3920 5787 occi-
