4262 6350
413 323 526 385 ΒΗ

1003 321 1087 382 ΙΝ
1129 320 1432 385 LIBRUM
1477 324 1582 384 AD
1628 323 2017 387 NATIONES
2063 326 2138 385 D.
2184 326 2284 385 LE
2328 328 2655 389 NOURRY
2698 327 3238 393 DlSSERTATIO.

3711 332 3832 396 849

423 454 684 510 derunt?
714 455 917 509 Nonne
946 453 1121 510 etiam
1156 454 1373 527 publici
1407 455 1607 512 hostes
1638 456 1869 511 dicendi
1901 460 2058 512 sunt.
2094 458 2148 524 Α
2178 461 2288 524 est,
2316 464 2380 514 ut
2410 460 2706 531 omnibus,
2742 461 2839 532 qui
2875 478 2933 517 se
2986 467 3191 533 sponte
3226 480 3340 519 non
3386 468 3822 536 exemeaverint,

415 544 518 614 qui
575 542 709 598 illos
768 548 1053 598 vexarunt
1109 544 1269 598 omni
1330 536 1819 600 contumeliarum
1862 562 2071 617 genere

416 634 472 687 in
509 632 666 687 ludis
696 632 1076 695 circensibus,
1107 632 1193 687 vel
1228 632 1470 687 famosis
1503 633 1717 689 libellis
1755 634 1824 688 ad
1867 651 2069 689 eorum

416 728 644 777 statuas
677 720 999 793 appensis?
1032 721 1293 792 Denique
1326 723 1568 792 quinam
1598 721 1812 793 publici
1851 723 2068 790 hostes,

421 828 559 865 num
605 810 944 879 Christiani,
980 811 1080 881 qui
1131 810 1409 865 nolebant
1453 811 1625 866 deum
1660 828 1856 866 vocare
1888 812 2069 883 impe-

420 906 668 954 ratorem
697 917 710 967 ;
744 898 830 953 vel
862 898 1133 970 gentiles,
1169 900 1269 969 qui
1304 904 1505 953 contra
1546 900 1959 955 conscientiam
1996 899 2070 953 il-

415 987 539 1043 lum
567 1005 682 1043 non
734 988 861 1043 sine
909 986 1179 1043 irrisione
1228 987 1604 1059 appellabant
1653 990 1825 1043 deum
1873 1006 1938 1043 ac
1971 1006 2072 1060 per

415 1078 540 1145 ejus
587 1075 824 1147 genium
876 1077 1235 1146 dejerantes,
1292 1078 1551 1148 pejerare
1612 1094 1726 1133 non
1788 1079 2067 1133 vereban-

413 1164 559 1219 tur?

486 1259 707 1309 Novum
745 1271 914 1325 porro
960 1253 1019 1308 hi
1081 1254 1273 1309 scelus
1313 1254 1664 1310 Christianis
1713 1255 2066 1323 inferebant,

412 1343 742 1400 mirabilem
779 1344 1047 1399 videlicet
1079 1344 1135 1397 in
1171 1343 1533 1414 quibuslibet
1564 1344 1929 1399 cruciatibus
1966 1362 2068 1416 pro

409 1431 714 1504 religionis
775 1449 894 1487 sure
955 1432 1197 1487 veritate
1258 1433 1614 1502 perferendis
1674 1434 2066 1487 constantiam

408 1520 705 1593 (cap.18).
768 1522 881 1576 Sed
940 1538 1075 1590 qua,
1137 1538 1351 1591 quasso,
1408 1522 1595 1576 fronte
1649 1531 1703 1576 et
1760 1522 2068 1577 audacia?

407 1609 551 1665 Nam
586 1608 698 1681 ipsi
748 1610 1022 1665 maximis
1062 1608 1341 1665 laudibus
1373 1611 1690 1665 efferebant
1752 1610 2066 1681 Regulum,

408 1698 510 1771 qui
543 1698 767 1768 primus
798 1699 990 1755 crucis
1022 1698 1351 1770 supplicio;
1391 1700 1650 1768 reginam
1685 1699 2067 1770 (Egypti,qu:e

421 1786 744 1843 bestiarum
788 1803 1029 1855 morsu;
1062 1803 1298 1841 uxorem
1341 1786 1666 1853 Annibalis,
1700 1804 1847 1858 qum,
1894 1787 2067 1842 sicuti

410 1879 573 1943 Dido,
607 1875 933 1933 voluntario
956 1876 1091 1947 igne
1113 1875 1288 1930 vitam
1325 1876 1621 1929 ﬁnierunt.
1657 1875 1858 1930 Nonne
1885 1876 2063 1930 etiam

406 1965 724 2022 laudabant
752 1964 1001 2020 Atticam
1039 1963 1364 2031 mulierem,
1383 1981 1510 2035 quia
1534 1971 1666 2035 post
1687 1964 2069 2020 acerbissima

402 2058 698 2111 tormenta
753 2053 1018 2124 linguam
1070 2070 1263 2119 suam,
1300 2070 1370 2107 ne
1426 2058 1715 2108 secretum
1770 2053 2063 2124 proderet,

408 2144 467 2199 in
499 2150 814 2217 tyrannum
846 2141 1127 2213 exspuit?
1159 2141 1362 2197 Nonne
1411 2141 1586 2196 etiam
1639 2141 2067 2213 gladiatoribus

405 2233 567 2289 laudi
597 2232 957 2297 tribuebant,
991 2231 1146 2301 quod
1189 2248 1221 2285 a
1251 2247 1313 2285 se
1352 2229 1624 2297 invicem,
1667 2235 1769 2284 aut
1800 2247 1834 2285 a
1867 2230 2066 2285 bestiis

410 2322 625 2390 necari,
661 2322 815 2392 quod
851 2320 1095 2391 quidam
1130 2319 1286 2373 vivos
1320 2335 1381 2372 se
1431 2318 1719 2385 comburi,
1752 2319 1905 2389 quod
1960 2319 2067 2373 La-

409 2426 586 2466 cones
616 2426 679 2465 se
726 2409 925 2480 ﬂagris
979 2408 1117 2462 caedi
1163 2406 1493 2477 laniariqae
1541 2412 1876 2462 constanter
1908 2413 2066 2479 pate-

414 2504 619 2555 rentur
647 2500 673 2553 ?

488 2593 562 2642 At
590 2590 744 2642 certe
791 2602 857 2641 eo
905 2584 1093 2657 magis
1145 2583 1440 2640 laudanda
1491 2590 1615 2639 erat
1654 2584 1869 2639 invicta
1899 2584 2064 2640 Chri—

415 2677 743 2732 stianorum
777 2675 836 2729 in
864 2674 1173 2729 horrendis
1200 2674 1560 2729 cruciatibus
1590 2674 2063 2745 fortitudo,quod

412 2765 567 2835 illos,
601 2781 717 2821 non
768 2764 922 2819 sicut
962 2762 1202 2830 ethnici,
1256 2764 1327 2817 ad
1386 2764 1796 2833 aucupandam
1830 2764 2061 2819 inanem

413 2854 722 2910 hominum
753 2851 999 2922 gloriam
1049 2850 1396 2917 tolerabant,
1439 2853 1539 2905 sed
1573 2852 1709 2921 quia
1739 2852 2067 2906 certissime

410 2944 827 3014 exspectabant
875 2942 1133 2996 futuram
1184 2956 1495 3011 corporum
1553 2940 2063 3008 resurrectionem,

409 3032 689 3087 ultimum
712 3030 815 3086 Dei
839 3028 1156 3100 judicium,
1190 3034 1367 3099 atque
1397 3033 1675 3082 teternam
1709 3045 1811 3098 pro
1842 3028 2066 3083 meritis

410 3121 739 3175 mercedem
788 3119 937 3189 (cap.
972 3118 1083 3188 19).
1127 3117 1326 3187 Neque
1373 3116 1523 3171 hanc
1573 3123 1809 3187 propter
1856 3133 2063 3187 exspe-

411 3210 730 3265 ctationem
778 3205 1131 3263 exsibilandi
1161 3210 1329 3261 erant
1361 3206 1433 3260 ab
1463 3204 1740 3273 ethnicis,
1773 3206 1869 3277 qui
1904 3222 2059 3260 asse-
2093 3192 2136 3257 C

414 3299 623 3354 rebant
655 3297 884 3353 animas
933 3295 1241 3351 hominum
1275 3295 1332 3348 in
1366 3293 1483 3349 alia
1525 3293 1703 3348 etiam
1736 3294 2060 3349 bestiarum

407 3405 650 3459 corpora
703 3386 1081 3457 migraturus,
1132 3384 1395 3439 futurum
1447 3382 1655 3438 Minois
1713 3400 1779 3438 ac
1830 3382 2061 3437 Rhada-

408 3476 976 3547 manthijudicium,
1010 3490 1076 3529 ac
1124 3480 1329 3544 postea
1378 3471 1589 3543 impios
1642 3477 1855 3527 aeterne
1908 3472 2060 3543 igne,

410 3566 536 3637 pios
567 3570 761 3621 autem
793 3564 854 3618 in
887 3579 1113 3619 ammno
1146 3561 1271 3618 loco
1318 3561 1495 3615 vitam
1546 3564 1819 3616 aeternam
1866 3566 2062 3616 trans-

411 3661 665 3711 acturos.

485 3744 643 3798 760
672 3743 970 3797 Postremo
1000 3739 1399 3796 Tertullianus
1440 3754 1509 3793 ex
1540 3738 1825 3794 hactenus
1855 3737 2061 3811 dispu—

408 3833 548 3889 tatis
581 3832 878 3888 concludit
915 3828 1300 3895 Chriatianes,
1333 3828 1559 3883 etiamsi
1592 3828 1879 3895 omnium,
1914 3845 2059 3899 quo-

409 3939 541 3977 rum
593 3919 735 3975 falso
784 3917 1232 3984 accusabantur,
1284 3916 1599 3971 criminum
1656 3916 1737 3971 rei
1792 3916 2061 3986 fuissent,

410 4026 527 4065 non
580 4006 913 4079 puniendos
960 4010 1152 4059 tamen
1196 4006 1605 4075 vexandosque
1663 4006 1733 4059 ab
1790 4005 2060 4069 ethnicis,

408 4098 511 4170 qui
542 4097 745 4153 eadem
778 4098 1149 4167 perpetrasse
1200 4111 1398 4149 revera
1437 4095 1864 4149 convincuntur
1914 4102 2059 4165 (cap.

408 4187 518 4258 20).
544 4185 808 4256 Denique
839 4183 1107 4254 quamvis
1140 4182 1453 4237 Christiani
1485 4199 1545 4237 se
1584 4182 1901 4237 criminum
1936 4198 2062 4237 reos

410 4292 540 4332 esse
596 4273 902 4338 dixissent,
972 4270 1230 4327 maxima
1307 4271 1691 4325 nihilominus
1762 4270 2066 4341 diligentia

406 4363 623 4421 ethnici
660 4361 1015 4432 investigare
1066 4360 1354 4415 debebant
1386 4377 1457 4413 an
1511 4360 1630 4413 haec
1680 4376 1815 4414 vera
1845 4364 2062 4426 essent,

410 4471 475 4510 ac
508 4452 803 4525 legitimos
854 4449 1076 4515 audire,
1128 4448 1461 4503 examinare
1494 4447 1702 4503 herum
1748 4447 2063 4502 criminum

2184 548 2458 605 facillime
2518 555 2883 619 agnoscatur.
2948 551 3297 607 Indomitam
3365 554 3563 625 itaque
3614 555 3827 614 horum

2181 638 2637 694 obstinationem
2676 645 2737 693 ut
2768 640 2995 711 frangat
3014 641 3435 707 Tertullianus,
3469 659 3537 699 ea
3568 646 3826 716 primum

2182 726 2415 795 refellit,
2450 745 2579 799 quia
2606 728 2783 783 Varro
2833 729 3095 783 omnium
3132 731 3223 785 sui
3255 732 3537 802 temporis
3566 734 3824 791 virorum

2180 816 2505 871 eruditione
2557 818 2955 888 praestantium
2990 818 3154 873 facile
3186 820 3476 891 princeps,
3509 822 3566 876 in
3598 824 3724 879 suis
3759 825 3826 879 de

2182 905 2463 977 religione
2512 906 2681 961 libris
2725 906 3065 961 tradiderat.
3107 907 3338 979 Triplex
3369 915 3565 965 autem
3615 911 3694 968 ibi
3728 912 3824 969 ille

2181 992 2485 1065 distinguit
2517 995 2757 1049 deorum
2790 1011 2976 1065 genus
3009 1011 3023 1050 :
3058 996 3311 1067 primum
3347 997 3676 1070 physicum,
3702 1003 3823 1057 sive

2178 1080 2661 1153 philosophorum
2699 1101 2711 1149 ;
2764 1085 3083 1139 secundum
3119 1085 3458 1156 mythicam,
3488 1104 3591 1143 seu
3623 1095 3824 1159 poeta-

2180 1189 2306 1226 rum
2336 1191 2348 1239 ;
2382 1173 2615 1228 tertium
2648 1172 2994 1244 gentile,seu
3030 1174 3515 1245 populorum.Sed
3540 1179 3818 1248 primum,

2177 1261 2370 1332 inquit
2400 1268 2602 1316 auctor
2632 1267 2849 1327 noster,
2912 1263 3169 1317 incertis
3207 1263 3415 1319 nititur
3443 1268 3813 1335 coniecturis,

2180 1352 2507 1405 secundum
2545 1351 2719 1406 meris
2751 1352 2982 1419 fabulis,
3013 1352 3249 1407 tertium
3284 1353 3545 1411 ridiculis
3578 1356 3819 1413 deorum

2179 1440 2617 1510 adeptionibus,
2661 1440 2943 1511 cultuque
2991 1442 3195 1496 insano
3243 1447 3299 1497 et
3343 1444 3707 1515 turpissimo.
3742 1448 3822 1503 Ea

2179 1545 2317 1597 ergo
2349 1529 2546 1584 omnia
2574 1535 2694 1584 tam
2730 1529 2876 1584 falsa
2906 1535 3063 1597 sunt,
3100 1547 3273 1601 quam
3315 1537 3644 1591 communis
3674 1554 3821 1592 una-

2180 1635 2292 1689 que
2340 1635 2467 1673 esse
2518 1620 2689 1673 debet
2734 1618 2998 1673 omnium
3049 1619 3119 1673 de
3176 1636 3307 1675 vero
3361 1621 3477 1678 Deo
3533 1626 3823 1681 sententia

2179 1707 2594 1778 unanimisque
2623 1724 2967 1763 consensus.

2248 1816 2487 1869 Summa
2520 1814 2735 1886 quippe
2764 1820 2889 1869 erat
2918 1813 3289 1886 physicorum
3314 1833 3414 1872 seu
3450 1818 3823 1891 philosopho-

2175 1920 2305 1958 rum
2353 1904 2423 1956 de
2474 1902 2567 1956 Dei
2618 1907 2828 1957 natura
2880 1903 3190 1974 dissensio,
3231 1921 3357 1975 qua)
3409 1923 3524 1961 non
3562 1906 3821 1977 aliunde,

2176 2007 2352 2062 quam
2387 2007 2453 2045 ex
2483 1990 2669 2061 ipsius
2707 1991 3038 2061 ignorantia
3095 1993 3388 2049 oriebatur
3418 1995 3565 2067 (cap.
3598 1995 3675 2068 2).
3716 2000 3820 2051 Sa-

2176 2078 2454 2149 pientiam
2504 2080 2698 2149 itaque
2743 2079 2960 2134 frustra
3007 2081 3451 2152 profitebantur,
3505 2084 3675 2155 cujus
3707 2084 3821 2139 ini-

2176 2168 2322 2222 tium
2352 2172 2441 2222 est
2480 2168 2577 2222 Dei
2612 2168 2805 2222 timor.
2839 2168 3138 2231 Quomodo
3193 2175 3390 2226 autem
3436 2187 3569 2227 eum
3616 2173 3823 2229 timere

2176 2256 2524 2327 potuissent,
2558 2271 2731 2326 quem
2768 2256 2902 2326 quis
2951 2254 3263 2327 qualisque
3318 2259 3395 2312 sit
3425 2258 3823 2329 ignorabant?

2176 2344 2515 2414 Promptum
2567 2348 2759 2398 tamen
2794 2342 2911 2397 illis
2943 2347 3066 2398 erat
3106 2343 3263 2399 hunc
3306 2362 3506 2400 verum
3540 2348 3725 2403 Deum
3756 2365 3827 2405 ex

2176 2432 2359 2487 sacris
2412 2430 2628 2486 nostris
2677 2431 2994 2503 Scripturis
3038 2448 3408 2503 cognoscere.
3457 2435 3565 2489 Sed
3599 2452 3724 2506 quas
3757 2454 3825 2492 ex

2175 2521 2338 2592 puris
2387 2520 2547 2575 hisce
2592 2520 2851 2575 fontibus
2910 2521 3244 2589 hauserant,
3279 2539 3433 2578 cceca
3462 2524 3657 2596 gloriae
3686 2524 3823 2580 libi-

2175 2612 2309 2666 dine
2351 2611 2529 2677 ducti,
2563 2610 2739 2666 variis
2787 2620 3175 2683 corruperunt
3222 2614 3493 2685 argutiis,
3528 2620 3584 2670 et
3616 2616 3825 2673 exinde

2174 2701 2365 2756 varias
2409 2700 2577 2756 scissi
2619 2703 2760 2755 sunt
2813 2701 2872 2754 in
2936 2706 3147 2769 partes.
3198 2701 3479 2758 Platonici
3528 2704 3821 2776 siquidem

2175 2789 2465 2844 decebant
2521 2788 2616 2843 Dei
2676 2788 3039 2859 providentia
3096 2790 3293 2845 omnia
3350 2791 3753 2847 administrari
3806 2811 3818 2860 ;

2174 2884 2375 2932 contra
2427 2877 2686 2948 Epicurei
2754 2878 2809 2932 id
2880 2877 3049 2949 plane
3098 2879 3447 2951 penitusque
3505 2882 3819 2954 negabant.

2173 2965 2526 3021 Asserebant
2554 2966 2731 3019 iidem
2767 2964 3045 3020 Platonici
3080 2966 3260 3020 Deum
3301 2967 3472 3032 intra,
3518 2968 3690 3023 Stoici
3722 2985 3819 3024 ve—

2173 3071 2236 3110 ro
2268 3060 2427 3109 extra
2460 3055 2747 3107 mundum
2798 3070 2926 3109 esse
2959 3055 3234 3124 positum.
3270 3056 3582 3111 Fatebatur
3610 3057 3821 3127 Dioge-

2174 3160 2277 3197 nes
2308 3160 2370 3198 se
2402 3144 2626 3197 nescire
2656 3142 2796 3212 quid
2824 3143 2882 3197 in
2915 3141 3056 3197 coelo
3089 3148 3313 3213 agatur,
3348 3145 3517 3215 quive
3547 3145 3627 3199 dii
3660 3146 3817 3201 sint:

2175 3232 2339 3302 prius
2369 3248 2504 3287 vero
2534 3230 2749 3286 Thales
2783 3231 3049 3285 Milesiux
3077 3232 3262 3286 Crasso
3295 3234 3366 3287 de
3395 3232 3507 3288 diis
3537 3233 3704 3289 illum
3736 3234 3819 3288 in-

2168 3322 2489 3392 terroganti
2525 3319 2669 3374 nihil
2703 3336 2938 3391 prorsus
2980 3322 3334 3391 respondere
3365 3323 3572 3393 potuit.
3617 3328 3819 3377 Socra-

2170 3415 2257 3464 tes
2274 3426 2409 3464 vero
2432 3409 2563 3464 illos
2590 3408 2867 3463 exsistere
2890 3426 3003 3463 non
3029 3409 3263 3480 quidem
3291 3411 3565 3466 credebat
3586 3412 3820 3482 sedjus-

2172 3499 2248 3553 sit
2278 3504 2471 3551 tamen
2497 3497 2716 3569 gallum
2742 3496 3131 3567 gallinaceum
3153 3498 3481 3572 zEsculapio
3501 3500 3817 3556 immolari.

2240 3587 2386 3651 Quid
2422 3585 2636 3657 plura?
2684 3585 2993 3657 Dionysius
3049 3587 3188 3641 deos
3233 3587 3519 3642 trifariam
3571 3588 3818 3645 divisit:

2173 3676 2361 3748 primo
2406 3676 2465 3729 in
2496 3691 2594 3729 eos
2626 3675 2725 3745 qui
2759 3674 2868 3728 sub
2898 3680 3205 3747 aspectum
3262 3680 3529 3732 nostrum
3577 3680 3816 3746 cadunt,

2172 3770 2237 3819 ut
2260 3764 2346 3820 sol
2377 3770 2434 3818 et
2466 3764 2606 3818 luna
2633 3781 2645 3829 ;
2681 3763 2938 3818 secundo
2968 3764 3028 3817 in
3060 3763 3206 3818 alios
3236 3764 3333 3835 qui
3368 3782 3482 3820 non
3513 3765 3814 3835 videntur,

2172 3858 2237 3908 ut
2270 3858 2592 3924 Neptumus
2618 3869 2631 3919 ;
2664 3852 2837 3906 tertio
2867 3852 2927 3906 in
2959 3851 3104 3907 alios
3135 3853 3235 3924 qui
3264 3855 3551 3924 assumpti
3578 3862 3719 3911 sunt
3747 3872 3814 3911 ex

2176 3943 2317 3997 761
2343 3942 2883 4009 hominibus,sicuti
2908 3942 3178 3997 Hercules
3201 3948 3259 3997 et
3277 3942 3818 4013 Amphiaraus.Tri-

2174 4031 2301 4103 plex
2331 4032 2532 4098 etiam,
2551 4031 2650 4085 sed
2675 4030 2968 4084 diversum
2994 4031 3231 4085 deorum
3265 4048 3451 4102 genus
3471 4033 3821 4104 excogitavit

2170 4119 2523 4185 Arcesilaus,
2566 4119 2845 4173 nimirum
2887 4119 3201 4190 Olympios,
3232 4122 3403 4175 Astra
3433 4125 3489 4174 et
3516 4120 3811 4179 Titaneos.

2172 4208 2529 4262 Posteriores
2557 4223 2689 4262 vero
2723 4212 2953 4262 tantum
2986 4209 3135 4262 duos
3165 4208 3517 4264 Xenocrates
3557 4210 3821 4277 admisit,

2172 4297 2668 4365 quemadmodum
2704 4296 2967 4366 plerique
2990 4297 3239 4368 [Egyptii
3264 4314 3379 4352 non
3403 4298 3618 4368 plures,
3644 4317 3822 4370 quam

2174 4385 2353 4439 solem
2388 4389 2445 4438 et
2477 4384 2699 4452 lunam,
2735 4384 2946 4438 caelum
2996 4390 3054 4439 et
3102 4391 3339 4440 terram.
3402 4386 3823 4459 Suspicabatur

2176 4480 2370 4528 autem
2430 4474 2798 4527 Democritus
2849 4474 2988 4527 deos
3041 4490 3244 4529 omnes
3292 4479 3453 4529 ortos
3501 4492 3631 4531 esse
3687 4493 3820 4533 cum

411 4547 589 4633 tesi“
639 4556 705 4595 ³ο
761 4538 1046 4633 βοηεμθίοδο
1120 4538 1229 4591 sed
1264 4537 1539 4633 “O'Bbaﬁt
1586 4536 1727 4633 Ῑξδξδθι
1758 4554 1809 4633 θ’,
1839 4535 2064 4606 Ῑθὸὼυθ
2099 4560 2143 4626 D
2174 4579 2427 4633 superno
2458 4562 2613 4632 igne,
2649 4565 2820 4632 cujus
2853 4563 3042 4617 instar
3069 4564 3216 4619 Zeno
3261 4569 3532 4620 naturam
3574 4584 3703 4622 esse
3733 4585 3824 4622 vo-

413 4631 539 4687 suis
592 4632 814 4683 statuta
860 4629 1198 4691 observare,
1234 4642 1305 4679 ne
1356 4625 1554 4695 agnita
1599 4624 2066 4679 Christianorum

413 4717 768 4785 innocentia,
799 4733 898 4771 eos
942 4720 1227 4781 amarent,
1262 4731 1408 4785 quos
1454 4715 1649 4768 edisse
1680 4730 1745 4769 ac
1776 4715 1845 4768 de
1880 4714 2067 4767 medio

411 4809 616 4865 tollere
655 4809 1053 4863 decreverant.
1112 4803 1457 4860 Voluntaria
1510 4803 1690 4874 igitur
1739 4803 2071 4875 ignorantia

418 4913 645 4953 errores
678 4912 817 4952 suos
844 4895 1139 4961 amabant,
1173 4895 1540 4963 oderantque
1564 4890 1889 4946 veritatem.

1054 5081 1373 5122 ARTICULUS
1405 5082 1466 5119 III

884 5166 1137 5238 Analysis
1175 5165 1307 5219 libri
1334 5164 1613 5219 secundm.

488 5293 755 5349 Secunde
781 5290 842 5346 in
875 5292 1045 5357 libro,
1078 5291 1225 5346 duas
1272 5306 1505 5361 quoque
1534 5289 1590 5343 in
1638 5296 1833 5361 partes
1864 5290 2073 5355 diviso,

419 5385 678 5443 ostendit
707 5381 1104 5439 Tertullianus
1153 5381 1331 5436 falsos
1378 5397 1506 5436 esse
1551 5380 1859 5451 gentilium
1911 5382 2070 5447 deos,

418 5490 741 5548 pravosque
791 5488 857 5527 ac
911 5470 1257 5541 rejiciendos
1308 5487 1510 5525 eorum
1569 5469 1765 5525 cultus
1823 5469 1947 5539 (lib.
2011 5487 2074 5537 ιι,

422 5583 549 5638 cap.
612 5565 685 5638 1).
747 5565 1102 5631 Quacunque
1168 5560 1325 5614 enim
1384 5559 1674 5629 majorum
1735 5558 2078 5615 auctoritate

425 5654 681 5715 stabiliti
711 5654 1037 5719 videantur,
1077 5649 1315 5707 illorum
1348 5648 1574 5706 falsitas
1596 5648 1738 5706 adeo
1770 5648 2081 5706 manifesta

748 5783 1015 5843 Panos.
1061 5778 1112 5840 Ι.

2180 4652 2307 4705 luit.
2333 4651 2495 4706 Unde
2517 4655 2697 4706 Varro
2719 4651 2917 4705 docuit
2940 4653 3142 4706 mundi
3168 4654 3429 4708 animum
3453 4671 3582 4711 esse
3602 4656 3825 4729 ignem,

2179 4757 2294 4811 quo
2326 4739 2541 4811 quippe
2570 4740 2855 4794 exstincto
2886 4741 3192 4796 morimur.

2249 4849 2331 4901 Ad
2366 4847 2421 4901 id
2454 4852 2647 4902 tamen
2697 4863 2880 4901 unum
2932 4847 3019 4901 hu:
3072 4864 3297 4918 omnes,
3333 4852 3709 4923 quantumvis
3742 4854 3828 4909 di-

2180 4954 2379 5001 versas,
2412 4935 2715 5007 opiniones
2755 4935 3091 5008 conSpirare
3121 4938 3414 5011 videntur,
3444 4945 3509 4997 ut
3538 4958 3653 4998 non
3686 4941 3831 4999 alios

2183 5024 2515 5098 philosophi
2549 5023 2633 5078 illi
2658 5025 2797 5079 deos
2818 5041 2948 5080 esse
2982 5028 3331 5097 putaverint,
3382 5046 3558 5101 quam
3622 5032 3828 5087 mundi

2182 5115 2490 5179 elementa,
2520 5119 2621 5169 aut
2651 5131 2778 5185 qua:
2810 5130 2876 5168 ex
2907 5114 2978 5168 iis
3015 5116 3287 5172 oriuntur
3317 5118 3465 5190 (cap.
3498 5120 3574 5191 3).
3611 5119 3828 5176 Verum

2181 5202 2579 5258 Tertullianus
2637 5202 2760 5257 haec
2817 5202 3187 5274 vigilantium
3248 5204 3553 5261 heminam
3602 5208 3835 5263 somnia

2185 5310 2313 5349 esse
2340 5294 2723 5348 demonstrat.
2761 5298 2899 5348 Nam
2936 5299 3089 5349 Deus
3120 5312 3187 5349 ex
3218 5312 3279 5350 se
3310 5296 3434 5366 ipso
3466 5300 3575 5364 est,
3606 5296 3834 5368 ingeni-

2186 5387 2283 5437 tus
2313 5386 2368 5436 et
2399 5388 2675 5446 aeternus,
2711 5383 2809 5451 qui
2854 5399 2960 5437 nec
3014 5382 3247 5438 initium
3295 5384 3489 5454 habet,
3524 5400 3629 5439 nec
3657 5384 3836 5441 ﬁnem

2190 5488 2450 5542 unquam
2486 5470 2744 5526 habebit.
2771 5471 2947 5541 Atqui
2972 5469 3257 5525 elementa
3286 5477 3479 5542 partes
3510 5477 3648 5528 sunt
3670 5490 3836 5530 mun-

2189 5561 2244 5615 di
2280 5576 2451 5632 quem
2488 5560 2648 5615 Plato
2679 5564 2941 5614 creatnm
2990 5575 3117 5614 esse
3150 5560 3384 5629 fatetur,
3418 5566 3473 5618 et
3505 5561 3667 5619 solus
3699 5564 3837 5638 Epi-

2192 5666 2369 5706 curus
2400 5650 2723 5706 increatum
2755 5664 2883 5705 esse
2915 5647 3328 5707 somniaverat.

3443 5782 3519 5841 27
