4262 6392
522 336 645 398 διε

1042 326 1567 393 TERTULLIANI
1611 324 1934 386 OPEBUM
1979 322 2181 383 PARS
2223 321 2275 383 Ῑ.
2303 351 2379 365 -
2408 320 2683 380 SERIES
2726 319 2773 388 Ι,
2822 311 3393 376 APOLOGETICA.

3797 307 3921 367 8η

597 467 679 523 Λᾶ
708 466 832 521 Ι)ωο
858 479 1013 530 vero,
1068 462 1118 517 si
1166 460 1424 516 mundus
1474 462 1531 512 et
1568 456 1857 512 elementa
1902 455 1983 509 dii
2023 453 2160 519 sint,
2194 460 2241 520 Α
2274 450 2356 505 illi
2391 455 2692 521 poetarum
2714 447 2794 503 dii
2815 447 2843 502 ‘I
2866 445 3141 501 Homines
3164 443 3390 514 utique,
3418 438 3655 496 sordida
3676 440 3919 530 autsae-

525 553 804 613 animalia
832 566 959 608 esse
989 551 1221 616 debent,
1242 553 1418 619 atque
1449 545 1701 617 hocipso
1732 542 1998 598 mortalia
2028 546 2166 596 sunt

525 661 591 701 ac
622 642 920 699 divinitate
974 638 1248 694 carentia.
1294 636 1408 691 Nec
1456 634 1784 689 audiendus
1830 636 1922 687 est
1963 630 2165 701 Varro,

528 735 629 805 qui
676 729 969 803 garriebat
1019 744 1085 782 ea
1129 742 1256 781 esse
1302 724 1537 796 quidem
1570 720 1869 786 animalia,
1903 720 2000 774 sed
2039 735 2165 789 qua

528 838 596 877 ex
642 836 703 875 se
742 817 885 890 ipsis
930 819 1256 884 moventur,
1298 819 1355 869 et
1392 813 1606 866 idcirco
1664 809 2026 864 immortales
2086 807 2165 861 dii

529 907 805 965 censendi
863 910 1022 961 sunt.
1081 904 1228 958 Nam
1268 917 1502 972 quoquo
1535 900 1702 954 modo
1734 898 1851 952 haec
1882 897 2169 952 elementa

528 999 892 1059 moveantur,
953 996 1092 1048 sunt
1151 992 1405 1063 profecto
1470 1003 1764 1058 corporea,
1815 1002 1879 1040 ac
1927 984 2169 1056 proinde

529 1084 747 1141 destrui
799 1098 931 1139 cum
978 1080 1223 1152 possint,
1263 1078 1343 1133 dii
1400 1094 1529 1133 esse
1587 1080 1905 1147 nequeunt.
1958 1072 2171 1127 Deinde

528 1186 684 1241 vero,
715 1170 823 1226 etsi
854 1185 981 1226 sese
1012 1172 1331 1231 moverent,
1366 1169 1561 1220 motus
1604 1168 1799 1218 tamen
1830 1162 1921 1217 sui
1953 1160 2171 1232 princi-

530 1260 692 1333 pium
724 1261 1071 1331 acceperunt
1100 1256 1170 1311 ab
1200 1254 1336 1321 alio,
1370 1254 1467 1325 qui
1500 1252 1767 1325 quamvis
1819 1267 1931 1305 non
1983 1250 2171 1303 videa-

528 1354 648 1416 tur,
678 1347 943 1404 omnium
973 1350 1197 1400 motum
1229 1343 1458 1415 primus
1488 1346 1690 1397 auctor
1729 1344 1838 1405 est,
1871 1344 1927 1393 et
1956 1337 2169 1392 idcirco

527 1453 701 1493 verus
730 1434 1011 1505 solusque
1040 1433 1216 1488 Deus.

597 1525 714 1581 Nec
748 1523 890 1581 sinit
910 1520 1306 1579 Tertullianus
1337 1517 1449 1575 sibi
1480 1518 1654 1588 objici
1682 1532 1888 1571 nomen
1912 1517 2173 1569 Graecum

531 1609 660 1673 Θιός
691 1629 725 1668 a
753 1628 931 1668 cursu
956 1626 1021 1666 ac
1055 1614 1235 1678 motu,
1269 1624 1381 1679 quo
1412 1607 1700 1661 elementa
1731 1605 1973 1676 praedita
2010 1606 2171 1667 sunt,

532 1701 727 1773 reipsa
756 1698 1001 1755 derivari
1035 1700 1180 1768 (cap.
1216 1698 1289 1767 4).
1332 1696 1477 1750 Nam
1526 1711 1660 1749 vera
1706 1694 1801 1747 Dei
1833 1693 2174 1747 denomina-

2275 539 2456 593 lerata
2486 537 2708 608 origine
2738 534 3045 607 procreati,
3080 532 3177 604 qui
3214 547 3315 602 per
3338 530 3463 583 vita;
3498 544 3615 583 suae
3652 526 3917 580 curricu-

2277 626 2397 681 lum
2455 626 2515 680 in
2574 625 2730 680 omni
2790 640 2915 678 sese
2964 620 3300 675 volutarunt
3346 632 3557 689 genere
3605 614 3916 670 scelerum.

2277 715 2666 779 Quamobrem
2724 712 2886 767 Plato
2953 714 3150 782 poetas
3208 710 3518 780 ipsumque
3577 704 3921 768 Homerum,

2276 807 2557 870 tanquam
2603 801 2900 872 improbos
2951 800 3190 853 deorum
3225 795 3657 859 criminatores,
3689 791 3923 846 civitate

2279 891 2577 964 pellendos
2624 906 2751 944 esse
2794 886 3040 943 censuit.
3075 886 3223 951 Quin
3256 885 3429 939 etiam
3460 881 3695 947 ethnici,
3731 897 3917 950 quan-

2278 979 2551 1033 tumlibet
2596 978 2986 1049 impudentes,
3021 972 3364 1029 Christianis
3413 974 3637 1025 tantam
3680 970 3922 1024 deorum

2279 1067 2583 1122 infamiam
2615 1062 3273 1137 exprobrantibus,nihil
3301 1061 3456 1115 aliud
3492 1059 3925 1131 respondebant

2281 1155 2394 1211 nisi
2416 1172 2607 1211 meras
2638 1170 2763 1210 esse
2797 1152 3024 1209 fabulas
3055 1157 3380 1223 poetarum.
3403 1148 3619 1203 Verum
3652 1146 3761 1203 etsi
3793 1162 3924 1218 poe-

2282 1246 2356 1298 tis
2388 1260 2448 1297 se
2482 1261 2595 1298 non
2629 1244 2862 1297 credere
2906 1242 3244 1305 clamarent,
3279 1240 3444 1293 {ictos
3475 1241 3669 1292 tamen
3703 1236 3774 1290 ab
3804 1235 3924 1290 illis

2282 1334 2419 1387 deos
2446 1333 2737 1403 Cererem,
2770 1332 2980 1386 Idaeam
3030 1341 3299 1395 matrem,
3334 1329 3675 1396 Saturnum,
3704 1326 3924 1381 Hercu-

2284 1420 2399 1475 lem
2431 1438 2542 1475 non
2569 1419 2758 1475 solum
2782 1420 3227 1485 venerabantur,
3253 1417 3351 1473 sed
3373 1415 3661 1471 horrenda
3693 1430 3927 1486 quoque

2282 1509 2365 1564 eis
2396 1508 2681 1563 sacrificia
2713 1508 3021 1563 faciebant.
3057 1507 3196 1573 Quis
3241 1506 3422 1577 igitur
3466 1504 3573 1560 hos
3619 1508 3924 1575 poetarum

2284 1600 2422 1653 deos
2451 1614 2563 1651 non
2597 1613 2831 1652 summa
2867 1597 2992 1651 sine
3027 1596 3323 1667 impietate
3353 1595 3423 1649 ab
3446 1593 3695 1649 ethnicis
3727 1591 3835 1647 coli
3869 1595 3928 1646 et

2281 1685 2567 1741 venditari
2601 1702 2716 1741 non
2748 1684 3073 1740 fatebitur?

530 1790 614 1846 tio
644 1805 758 1845 non
791 1787 1073 1858 aliquam,
1108 1803 1232 1857 quas
1274 1783 1458 1839 oculis
1504 1782 1717 1837 nostris
1757 1779 2169 1851 conspiciatur,

1228 1876 1237 1887 .
1371 1876 1380 1887 .
1502 1886 1537 1887 η
1870 1866 2151 1887 ,ςηεηηι

2355 1791 2470 1849 Νθο
2502 1792 2700 1847 minus
2730 1801 2882 1847 certe
2932 1792 3220 1846 insulsum
3252 1795 3375 1846 erat
3405 1789 3639 1844 tertium
3681 1788 3925 1843 deorum

536 1891 653 1931 non
682 1890 853 1931 secus
876 1890 941 1928 ac
962 1889 1170 1927 cursus
1192 1876 1246 1926 et
1268 1868 1829 1940 motus,qualitatem
1865 1866 2172 1935 significat,

538 1964 639 2019 sed
688 1978 1027 2034 supremam
1075 1962 1441 2030 majestatem
1475 1974 1540 2012 ac
1582 1956 1995 2013 substantiam.
2028 1954 2176 2019 Quid

534 2068 691 2121 vero,
721 2051 870 2117 quod
916 2050 1112 2121 plures
1155 2047 1371 2103 ethnici
1418 2047 1556 2101 deos
1599 2063 1739 2101 suos
1772 2046 1915 2099 bene
1961 2042 2175 2097 multos

535 2139 866 2195 immobiles
888 2155 1015 2194 esse
1037 2136 1462 2209 praedicabant?
1488 2136 1668 2189 Nemo
1688 2134 1931 2205 insuper
1951 2131 2176 2186 inﬁcias

535 2244 796 2299 unquam
848 2226 956 2281 ibit
1010 2226 1297 2281 elementa
1352 2223 1618 2295 componi
1680 2222 1947 2289 materia,
1997 2235 2175 2290 quam

536 2316 982 2389 simplicissima
1014 2315 1111 2369 Dei
1144 2319 1355 2369 natura
1383 2314 1501 2385 pati
1533 2329 1645 2367 non
1682 2315 1888 2382 potest.
1926 2310 1993 2363 Et
2023 2312 2177 2364 certe

533 2406 682 2460 Zeno
714 2403 1019 2460 materiam
1054 2402 1259 2457 mundi
1292 2418 1325 2455 a
1357 2406 1468 2455 Deo
1503 2399 1777 2471 sejunxit,
1797 2413 2051 2468 eumque
2078 2412 2179 2467 per

533 2491 719 2558 illam,
748 2498 1030 2564 tanquam
1082 2490 1193 2545 mel
1238 2506 1340 2561 per
1389 2490 1548 2543 favos
1578 2486 1830 2542 transire
1862 2486 2177 2541 arbitratus

534 2586 645 2637 est.
695 2581 805 2636 Sed
853 2580 1015 2635 dicas
1044 2579 1241 2643 velim,
1274 2594 1385 2647 quo
1420 2576 1644 2648 physici
1696 2580 1857 2644 pacto
1891 2575 2175 2628 mundum

536 2685 604 2725 ac
650 2668 1073 2739 comprehensa
1114 2666 1173 2720 in
1222 2682 1288 2721 eo
1335 2665 1622 2720 elementa
1671 2664 1810 2719 deos
1854 2679 1981 2718 esse
2026 2678 2176 2717 asse-

536 2756 787 2812 verant?
820 2756 980 2811 Plato
1028 2756 1184 2811 enim
1234 2755 1427 2827 ipsum
1474 2753 1631 2808 hunc
1662 2752 1946 2806 mundum
1980 2756 2180 2806 censet

536 2861 666 2901 esse
704 2846 1025 2901 rotundum
1073 2843 1377 2915 capiteque
1407 2846 1722 2897 carentem.
1767 2839 2051 2912 Epicurus
2082 2857 2179 2894 ve-

537 2949 622 3004 ro,
656 2934 790 3003 Qua
815 2950 985 3002 supra
1013 2949 1129 3004 nos,
1165 2931 1484 3004 inquiebat,
1519 2930 1666 2985 nihil
1696 2928 1772 2984 ad
1799 2945 1897 2984 nos
1914 2946 1935 2990 ;
1967 2927 2175 2983 solem-

536 3038 651 3093 que
680 3023 962 3077 duntaxat
1007 3020 1269 3093 pedalem
1309 3037 1438 3076 esse
1470 3019 1766 3075 eii'utiebat
1799 3036 1811 3073 :
1846 3022 2048 3073 contra
2074 3017 2177 3071 Pe-

535 3111 823 3182 ripatetici
858 3110 1022 3165 illum
1056 3114 1176 3165 toto
1208 3114 1498 3164 terrarum
1527 3108 1664 3163 orbe
1692 3106 1863 3178 longe
1895 3107 2176 3177 majorem

534 3181 662 3256 esse
709 3199 1121 3271 opinabantur.
1171 3198 1373 3255 Nonne
1417 3213 1553 3269 ergo
1601 3196 1747 3252 tales
1788 3204 1927 3250 deos
1958 3195 2174 3267 {ingere
2205 3181 2248 3250 C

534 3302 771 3343 summa
790 3285 1085 3343 dementia
1111 3285 1237 3340 est?
1263 3285 1520 3356 Denique
1545 3282 1757 3339 Thales
1786 3282 2049 3337 Milesius
2073 3300 2179 3337 cm-

534 3374 657 3430 lum
688 3375 959 3430 rimando
992 3374 1049 3430 in
1082 3380 1323 3446 puteum
1357 3372 1749 3436 cecidit.Quid
1782 3376 1976 3427 autem
2008 3388 2178 3426 casus

534 3462 633 3519 ille
664 3462 904 3533 indicat,
938 3463 1050 3518 nisi
1082 3478 1290 3518 vanam
1336 3461 1518 3517 fuisse
1548 3459 1943 3516 curiositatem
1978 3459 2177 3531 physi-

537 3567 740 3608 corum
759 3550 1081 3623 qui,rerum
1102 3556 1371 3606 naturam
1392 3550 1608 3606 frustra
1625 3549 2096 3616 scrutati,verum
2116 3549 2177 3602 il-

537 3640 656 3696 lius
668 3639 945 3696 artificem
958 3645 1137 3695 Deum
1151 3638 1612 3711 omnipotentem
1626 3654 1740 3692 non
1754 3638 2180 3708 cognoverunt?

611 3746 871 3802 Instabat
912 3745 1086 3801 Varro
1135 3745 1504 3800 tribuendam
1549 3744 1854 3799 elementis
1902 3743 2175 3798 divinita-

537 3839 678 3903 tem,
728 3851 844 3907 qua
875 3834 1141 3890 homines
1182 3839 1283 3889 aut
1312 3833 1564 3889 summis
1595 3832 1891 3887 beneficiis
1923 3831 2032 3887 sibi
2073 3833 2175 3886 de-

533 3923 815 3990 vinciunt,
850 3926 950 3977 aut
980 3928 1255 3994 premunt
1282 3921 1672 3977 incommodis
1704 3920 1855 3992 (cap.
1878 3920 2172 3987 5).Verum

532 4013 845 4084 respondet
872 4010 1267 4067 Tertullianus
1297 4010 1587 4066 elementa
1617 4025 1812 4064 rerum
1862 4025 2169 4079 prospera-

528 4115 660 4156 rum
681 4100 770 4156 vel
794 4101 1167 4156 adversarum
1190 4115 1317 4155 esse
1340 4096 2169 4169 tantummodoinstrumenta,

525 4203 843 4259 verumque
876 4189 1025 4244 702
1057 4188 1266 4254 Deum,
1314 4187 1406 4242 cui
1462 4185 1743 4254 serviunt,
1777 4202 1905 4240 esse
1936 4185 2168 4241 illarum

524 4280 849 4333 auctorem.
890 4282 1032 4333 Nam
1066 4276 1236 4332 sicuti
1268 4275 1464 4347 mgroti
1495 4274 1722 4330 sanatio
1764 4291 1878 4330 non
1910 4275 2166 4330 medica-

526 4366 764 4436 mentis,
820 4366 920 4421 sed
960 4366 1206 4434 medico,
1238 4370 1293 4421 et
1342 4381 1497 4419 mors
1540 4363 1793 4418 hominis
1826 4379 1939 4417 non
1972 4363 2165 4435 gladio

522 4458 623 4509 aut
675 4454 909 4521 lanceis,
943 4454 1040 4509 sed
1094 4452 1306 4509 latroni
1352 4456 1454 4506 aut
1501 4451 1652 4506 hosti
1700 4451 2048 4521 tribuendas,
2080 4452 2164 4507 sio

2284 1896 2491 1952 genus,
2514 1882 2665 1952 quod
2688 1884 2868 1935 Varro
2899 1880 3134 1951 gentile,
3162 1897 3259 1935 seu
3288 1879 3580 1950 plebeium
3606 1894 3734 1933 esse
3754 1878 3926 1932 doce-

2285 1969 2383 2022 bat
2414 1972 2558 2039 (cap.
2588 1970 2669 2039 8).
2703 1975 2821 2023 Non
2873 1970 2971 2023 alii
3026 1969 3243 2040 quippe
3292 1972 3455 2023 erant
3506 1966 3564 2020 hi
3611 1967 3712 2031 dii,
3748 1981 3925 2036 quam

2286 2055 2393 2122 illi,
2426 2074 2571 2127 quos
2596 2059 2835 2129 quidam
2860 2057 3056 2129 populi
3078 2060 3147 2112 ad
3181 2057 3491 2112 arbitrium
3524 2072 3589 2110 ac
3622 2054 3925 2109 libidinem

2285 2146 2588 2216 adoptatos
2635 2148 2707 2201 ab
2765 2148 2895 2201 aliis
2955 2162 3059 2201 nec
3117 2146 3265 2215 visu,
3318 2161 3420 2199 nec
3481 2145 3707 2209 auditu,
3740 2159 3805 2197 ac
3858 2159 3930 2196 ne

2285 2234 2521 2289 nomine
2573 2234 2809 2305 quidem
2872 2234 3303 2290 discernebant.
3336 2232 3507 2288 Tales
3532 2230 3932 2287 Tertullianus

2284 2324 2940 2394 memoratﬁAtargatim,
2987 2322 3315 2387 leestem,
3348 2321 3744 2387 Versutinam,
3788 2320 3931 2374 Obo-

2284 2413 2440 2480 dam,
2471 2413 2757 2479 Dusaren,
2791 2413 3091 2478 Belenum,
3120 2411 3505 2479 Delventium,
3529 2409 3925 2474 Visidianum,

2289 2498 2731 2566 Numentinum,
2782 2501 3155 2568 Anchariam,
3208 2498 3508 2554 Praeverim
3558 2502 3613 2553 et
3648 2497 3933 2554 Nortiam.

2284 2589 2499 2644 Eadem
2532 2606 2661 2645 vero
2698 2589 2933 2645 licentia
2964 2590 3183 2644 factum
3215 2587 3312 2643 ille
3345 2592 3530 2659 putat,
3568 2593 3631 2642 ut
3678 2586 3929 2657 ZEgyptii

2286 2679 2387 2748 qui
2418 2678 2634 2733 bestias
2667 2677 2954 2745 colebant,
2976 2677 3367 2749 patriarcham
3394 2675 3609 2747 Joseph
3636 2675 3933 2747 Serapidis

2287 2767 2526 2821 nomine
2574 2769 2744 2823 deum
2798 2767 3107 2823 habuerint
3161 2773 3218 2822 et
3273 2765 3704 2821 honoraverint.
3763 2765 3933 2819 Recte

2283 2853 2471 2926 igitur
2513 2872 2581 2909 ex
2603 2856 2775 2911 dictis
2808 2855 3106 2911 concludit
3130 2854 3481 2911 falsissimos
3511 2870 3639 2910 esse
3664 2852 3795 2908 illos
3827 2871 3928 2925 po-

2286 2943 2559 3013 pulcrum
2608 2944 2768 3010 deos,
2819 2944 3297 3015 quandoquidem
3347 2943 3509 2997 solus
3556 2958 3728 2997 verus
3781 2944 3929 2997 Deus

2285 3032 2502 3103 ubique
2531 3049 2786 3103 praisens
2815 3039 2871 3088 et
2901 3034 3163 3088 omnium
3195 3032 3502 3098 Dominus,
3553 3031 3625 3086 ab
3653 3032 3929 3087 omnibus

2289 3121 2508 3192 pariter
2537 3120 2815 3177 colendus
2844 3127 2901 3176 et
2930 3122 3263 3177 adorandus
3293 3126 3399 3176 est.

2357 3228 2627 3282 Secunda
2657 3228 2835 3297 hujus
2868 3228 2998 3283 libri
3032 3232 3194 3299 parte
3225 3227 3620 3282 Romanorum
3651 3227 3791 3281 deos
3832 3225 3931 3281 ille

2288 3315 2591 3386 speciatim
2638 3317 2895 3388 explodit
2924 3323 2980 3371 et
3026 3318 3233 3372 evertit
3277 3322 3428 3387 (cap.
3460 3317 3537 3385 9).
3572 3315 3683 3370 Eos
3732 3320 3926 3370 autem

2289 3404 2467 3459 Varro
2500 3412 2849 3476 praepostere
2888 3406 3086 3461 divisit
3116 3406 3174 3460 in
3220 3406 3445 3473 dubios,
3479 3409 3667 3459 certos
3688 3409 3745 3459 et
3783 3403 3929 3458 elec-

2287 3494 2397 3547 tos.
2429 3493 2574 3547 Nam
2607 3495 2758 3564 quis,
2805 3494 2996 3564 inquit
3039 3498 3241 3549 auctor
3287 3498 3503 3561 noster,
3539 3492 3648 3547 nisi
3701 3508 3927 3561 amens,

2287 3580 2577 3635 incertum
2623 3582 2986 3653 dubiumque
3016 3584 3190 3637 deum
3230 3581 3521 3637 honorat?
3566 3581 3763 3636 Certos
3795 3597 3927 3636 vero

2285 3669 2424 3723 deos
2480 3675 2535 3725 et
2590 3670 2831 3725 selectos
2885 3671 2985 3742 qui
3032 3671 3208 3726 habet
3234 3687 3300 3725 ac
3330 3677 3657 3733 veneratur,
3699 3670 3749 3724 is
3781 3669 3925 3725 alios

2286 3758 2537 3827 profecto
2568 3760 2791 3830 spernit
2819 3777 2885 3815 ac
2917 3761 3206 3830 reprobat.
3243 3759 3440 3830 Inepta
3473 3766 3561 3814 est
3612 3760 3789 3831 igitur
3821 3760 3924 3814 illa

2282 3846 2489 3902 divisio
2515 3849 2883 3920 deorum,qui
2918 3850 3087 3919 paulo
3112 3849 3323 3902 melius
3344 3848 3624 3918 distingui
3659 3852 3925 3919 poterant

2282 3938 2339 3989 in
2398 3953 2740 3992 communes
2789 3943 2847 3992 et
2895 3937 3179 4009 proprios.
3238 3941 3456 3991 Verum
3524 3937 3717 4006 primi,
3779 3937 3919 4004 sive,

2280 4040 2643 4092 communes,
2680 4027 2854 4081 iidem
2889 4032 3028 4081 sunt
3059 4042 3123 4081 ac
3154 4025 3367 4096 publici
3388 4031 3444 4080 et
3472 4026 3794 4094 adventitii,
3820 4027 3923 4097 qui

2280 4114 2454 4181 paulo
2483 4119 2620 4170 ante
2649 4121 2970 4171 memorato
3002 4132 3035 4169 a
3065 4114 3233 4169 nobis
3265 4121 3322 4169 et
3350 4115 3648 4169 oonfutato
3679 4116 3921 4169 deorum

2279 4201 2516 4273 physico
2546 4203 2633 4257 vel
2669 4204 2920 4273 mythico
2951 4219 3159 4273 genere
3191 4203 3791 4274 comprehenduntur.
3818 4204 3926 4257 Su-

2277 4296 2517 4359 persunt
2546 4292 2742 4362 itaque
2794 4292 2944 4347 763
2994 4298 3225 4347 tantum
3276 4292 3491 4363 preprii
3524 4291 3920 4347 Romanorum

2274 4380 2376 4448 dii,
2409 4380 2503 4449 qui
2538 4380 2621 4435 vel
2671 4398 2737 4435 ex
2785 4381 3025 4435 devictis
3075 4381 3339 4434 hostibus
3390 4381 3541 4451 rapti
3574 4386 3631 4436 et
3676 4385 3919 4435 Romam

2272 4470 2553 4540 asportati
2584 4476 2770 4536 erant,
2796 4470 2881 4525 vel
2907 4476 3143 4540 penates
3168 4476 3224 4525 et
3246 4472 3415 4535 lares,
3436 4488 3582 4539 quos
3608 4473 3920 4541 unusquis-

520 4558 800 4614 prospera
831 4546 888 4598 et
917 4542 1160 4597 adversa
1190 4557 1304 4595 non
1338 4540 1660 4607 elementis,
1703 4541 1804 4594 sed
1836 4539 1971 4607 Deo,
1997 4558 2161 4612 aequo

2277 4539 2383 4625 quis
2414 4558 2639 4625 privata
2668 4556 2726 4611 in
2760 4539 2932 4612 domo
2964 4574 3067 4611 sua
3097 4557 3495 4629 peculiarique
3519 4558 3633 4612 ritu
3667 4539 3912 4613 cole—bat.

520 4630 862 4685 meritorum
903 4629 1112 4701 judici,
1163 4629 1506 4685 ascribenda
1546 4634 1704 4684 sunt.
1746 4630 1984 4684 Constat
2014 4647 2159 4700 prae-

518 4722 673 4773 terea
703 4717 994 4773 elementa
1034 4718 1237 4785 minui,
1274 4718 1615 4773 intercidere
1662 4734 1730 4772 ac
1779 4717 1898 4788 regi
1944 4718 2015 4772 ab
2065 4716 2163 4772 ali-

512 4820 627 4876 quo
657 4805 807 4876 (cap.
840 4806 917 4877 6).
968 4810 1035 4860 Et
1091 4822 1266 4861 verus
1325 4806 1477 4862 Deus
1523 4822 1627 4861 nec
1657 4805 1867 4872 minui,
1910 4822 2010 4861 nec
2046 4806 2163 4877 pati

511 4891 734 4963 aliquid
766 4897 984 4965 potest,
1016 4896 1333 4966 omniaque
1363 4894 1513 4966 regit
1542 4912 1608 4949 ac
1641 4894 1995 4951 moderatur.

576 4999 814 5056 Transit
846 5000 981 5056 inde
1010 5001 1417 5058 Tertullianus
1447 5002 1519 5056 ad
1554 5002 1881 5056 secundum
1916 5002 2157 5056 deorum

506 5102 694 5158 genus
726 5089 882 5160 quod
921 5089 1167 5145 Varroni
1216 5090 1544 5159 mythicum
1591 5106 1693 5144 seu
1726 5097 2029 5159 poetarum
2063 5107 2155 5144 co-

503 5176 846 5247 gnominem
878 5178 1100 5248 placuit
1127 5178 1275 5250 (cap.
1299 5179 1376 5248 7).
1400 5178 1719 5233 Finxerunt
1750 5183 1944 5232 autem
1969 5182 2151 5248 poetae

503 5263 609 5320 hos
641 5266 780 5321 deos
810 5282 937 5321 esse
967 5266 1195 5334 heroas,
1228 5268 1348 5337 qui,
1384 5271 1513 5336 post
1543 5270 1898 5320 transactam
1931 5272 2148 5319 morta-

498 5352 613 5411 lem
645 5354 950 5410 hominum
982 5357 1185 5420 vitam,
1221 5356 1514 5427 praeclaris
1561 5356 1725 5408 factis
1777 5355 1973 5424 adepti
2006 5359 2148 5410 sunt

496 5442 818 5498 divinitatis
852 5444 1177 5514 praemium.
1224 5444 1479 5500 Pessime
1511 5448 1704 5499 autem
1739 5442 1847 5498 hoc
1878 5442 2141 5514 exemplo

496 5529 744 5586 Romani
776 5549 914 5588 suos
970 5548 1157 5603 reges,
1187 5533 1316 5587 aliis
1348 5532 1765 5604 pejerantibus,
1801 5533 1941 5586 deos
1972 5532 2137 5587 simi-

492 5617 628 5672 liter
656 5622 1088 5676 renuntiarunt.
1119 5626 1187 5677 At
1216 5623 1480 5693 quinam,
1514 5622 1719 5677 amabe
1776 5626 1852 5691 te,
1899 5621 2134 5677 fuerant

2274 4649 2347 4697 At
2374 4645 2431 4699 hi
2456 4661 2662 4701 omnes
2692 4647 2958 4701 homines
2990 4648 3244 4701 fuerunt.
3280 4648 3378 4717 qui
3410 4648 3480 4701 ob
3503 4646 3735 4718 egregia
3764 4664 3914 4717 qua:-

2272 4733 2407 4787 dam
2440 4734 2698 4788 facinora
2745 4735 2824 4789 dii
2875 4740 3007 4805 post
3038 4742 3283 4790 mortem
3317 4735 3546 4790 insulsa
3574 4737 3744 4805 plane
3774 4752 3911 4791 con-

2271 4822 2597 4877 secratione
2631 4822 2764 4876 facti
2794 4831 2950 4878 sunt.
2968 4826 3037 4879 At
3068 4840 3357 4895 quaenam,
3382 4824 3463 4878 ait
3492 4823 3912 4892 Tertullianus,

2271 4910 2447 4965 unius
2493 4927 2561 4965 ex
2608 4912 2715 4979 eis,
2767 4912 2928 4966 verbi
2982 4913 3173 4983 gratia
3219 4913 3427 4980 x‘Eneae,
3462 4918 3627 4966 erant
3656 4912 3915 4968 merita?

2267 4997 2417 5052 Num
2454 4999 2637 5067 pietas
2670 5000 2726 5054 in
2761 5005 2983 5071 patrem
3019 5007 3075 5055 et
3113 5001 3348 5055 filium?
3377 5002 3480 5056 Sed
3517 4999 3568 5055 is
3599 5001 3689 5055 vel
3720 5019 3913 5069 suam,

2267 5086 2421 5140 sicut
2469 5090 2739 5157 Antenor,
2794 5089 3049 5159 prodidit
3096 5089 3368 5161 patriam,
3410 5090 3496 5145 vel
3527 5106 3679 5157 eam,
3712 5091 3913 5146 relicto

2268 5174 2495 5229 Priamo
2522 5180 2579 5230 et
2624 5179 2991 5248 Astyanacte,
3024 5178 3368 5249 ﬂagrantem
3419 5179 3762 5247 deserendo,
3798 5197 3913 5234 non

2256 5262 2523 5318 imitatus
2555 5270 2645 5319 est
2680 5266 2955 5321 feminam
3008 5269 3312 5327 Punicam.
3344 5284 3473 5338 quas
3505 5284 3567 5322 se
3609 5284 3741 5323 cum
3773 5268 3912 5324 ﬁliis

2256 5352 2314 5404 in
2369 5352 2626 5407 ardentis
2676 5355 2875 5425 patriae
2932 5355 3097 5424 ignes
3130 5356 3345 5425 injecit.
3382 5356 3675 5427 Numquid
3704 5357 3906 5412 melior

2255 5439 2664 5513 Romanis,qui
2700 5461 2802 5515 pro
2826 5444 3014 5498 salute
3038 5443 3366 5515 principum
3390 5446 3670 5501 adversus
3691 5445 3903 5502 liberos

2247 5534 2305 5584 et
2337 5532 2465 5601 conj
2485 5549 2628 5603 uges
2651 5535 2892 5603 jurabat
2917 5532 2943 5586 ‘I
2975 5534 3032 5588 Si
3055 5536 3206 5604 quod
3245 5552 3412 5605 porro
3444 5539 3666 5606 patrem
3700 5536 3907 5591 hume-

2244 5619 2324 5675 ris
2354 5624 2636 5691 gestando
2658 5623 3002 5693 promeruit,
3032 5640 3226 5680 nonne
3282 5626 3471 5695 Argivi
3497 5625 3744 5695 juvenes
3776 5642 3899 5683 ma-
