4262 6354
386 332 505 391 845

978 330 1059 390 IN
1096 330 1401 391 LIBRUM
1441 329 1544 389 AD
1590 327 1981 389 NATIONES
2031 327 2102 385 ι).
2151 326 2247 385 LE
2294 323 2624 385 NOURRY
2669 323 3207 388 DlSSERTATIO.

3676 326 3800 389 846

386 470 536 519 trem
571 480 762 532 suam,
794 479 865 517 ne
886 463 945 517 in
979 462 1157 517 sacris
1190 462 1485 534 piaculum
1512 463 2030 531 faceret,tanquam
2066 459 2114 524 Α
2147 458 2323 512 etiam
2358 473 2632 527 suprema
2663 456 2968 513 divinitate
2993 458 3065 513 ab
3088 458 3199 514 alio
3219 458 3416 531 aliquo
3438 458 3637 515 donati
3660 469 3802 517 sunt

378 552 612 629 jugales
644 551 969 607 vexerunt?
998 553 1053 605 Si
1078 568 1254 607 suum
1284 551 1382 606 ille
1432 555 1655 623 patrem
1687 550 1856 616 aluit,
1886 565 2035 603 non-

391 659 460 696 ne
496 642 615 697 ﬁlia
649 643 915 713 quaedam
953 642 1159 712 majori
1191 641 1403 712 pietate
1463 641 1612 713 patri
1672 657 1800 705 suo,
1834 639 1891 694 in
1917 656 2039 693 car-

389 748 517 786 cere
550 732 760 802 posito,
786 730 1044 786 admovit
1094 731 1270 785 ubera
1297 735 1318 785 Ρ
1342 729 1522 801 Magis
1544 745 1680 799 ergo
1710 728 1796 782 illi
1827 727 2038 781 divinis

390 820 717 875 honoribus
748 820 911 892 digni
949 824 1136 886 erant,
1187 836 1364 891 quam
1399 820 1644 891 ignavus
1676 818 2038 886 timidusque

393 910 620 975 /Eneas,
656 908 755 979 qui
787 912 919 979 post
946 908 1212 980 praelium
1276 909 1700 963 Laurentinum
1736 921 2038 975 nunquam

389 997 740 1069 comparuit.
784 997 1083 1069 Numquid
1136 998 1316 1053 etiam
1371 997 1697 1051 divinitatis
1758 996 2038 1050 honorem

390 1088 604 1142 meruit
637 1085 944 1155 Romulus,
971 1087 1068 1158 qui
1105 1086 1398 1141 interfecit
1431 1087 1669 1140 fratrem
1704 1083 2040 1147 suum_alie-

388 1191 614 1247 nasque
638 1175 1110 1247 rapuitvirgines
1137 1179 1158 1231 Ρ
1185 1176 1487 1247 Numquid
1524 1174 1793 1230 Hercules
1810 1179 2043 1245 propter

388 1265 583 1335 Augize
618 1265 822 1318 ﬁmum
856 1264 1418 1335 ejectum,Penelope
1440 1269 1672 1335 propter
1689 1264 2038 1330 castitatem,

392 1355 643 1409 Sanctus
677 1358 916 1426 propter
939 1354 1395 1424 hospitalitatem
1420 1354 1559 1421 ,iura
1588 1352 1909 1407 divinitatis
1946 1369 2042 1422 po-

390 1443 529 1512 tius,
565 1459 737 1514 quam
770 1444 1275 1513 Sterculus,quam
1310 1442 1428 1497 ﬁlia
1461 1442 1662 1512 Fauni,
1694 1457 1870 1512 quam
1904 1440 2041 1512 Uly-

393 1549 493 1588 xes
524 1532 804 1603 consequi
837 1531 1126 1586 debebant
1150 1530 1171 1585 Ρ

464 1638 609 1702 Quid
642 1654 773 1693 vero
807 1639 877 1693 de
909 1637 1039 1693 aliis
1071 1637 1243 1709 longe
1276 1638 1639 1708 turpioribus
1691 1638 1804 1693 diis
1847 1637 2041 1691 dicen-

394 1728 533 1781 dum
562 1730 583 1780 Ρ
613 1727 786 1793 Quid,
821 1728 1061 1782 obsecro
1094 1727 1502 1792 te,divinitatis
1534 1727 1696 1781 estin
1734 1726 2044 1781 Larentina

2149 545 2261 601 nisi
2292 545 2517 600 caeteris
2571 546 2848 601 omnibus
2907 547 3058 603 ﬁctis
3116 548 3234 603 diis
3294 552 3636 620 potentiore,
3698 550 3798 623 qui

2150 634 2391 707 proinde
2422 634 2582 689 solus
2614 651 2783 689 verus
2826 635 2979 690 Deus
3024 636 3137 691 dici
3171 637 3360 693 debet.
3400 639 3614 695 Deinde
3637 640 3803 697 nulla

2148 740 2389 795 prorsus
2421 723 2709 795 assignari
2735 740 2912 779 causa
2932 729 3257 796 potest,cur
3281 743 3450 782 verus
3479 727 3632 783 Deus
3654 728 3800 784 alios

2151 812 2349 866 fecerit
2379 812 2538 866 deos.
2573 812 2697 866 Non
2728 811 2965 882 quidem
3002 819 3065 868 ut
3097 813 3209 868 sibi
3242 815 3458 871 auxilio
3484 822 3684 872 essent
3712 816 3801 872 vel

2148 906 2513 955 ornamento.
2554 906 2700 955 Deus
2733 900 2890 956 enim
2926 904 3299 974 omnipotens
3334 904 3556 960 nullius
3588 922 3694 978 ope
3714 905 3802 960 vel

2149 995 2359 1044 ornatu
2394 989 2637 1060 indiget.
2701 989 2901 1061 Neque
2954 990 3184 1062 aliquos
3242 992 3515 1048 homines
3564 1000 3805 1067 prepter

2148 1094 2350 1133 eorum
2383 1078 2590 1132 merita
2622 1079 2760 1133 deos
2795 1078 2947 1134 fecit.
2986 1080 3131 1145 Quid
3192 1098 3438 1150 namque
3472 1084 3807 1139 merebatur

2151 1168 2443 1222 Saturnus
2476 1166 2731 1222 ﬁliorum
2767 1185 3011 1222 suorum
3062 1171 3370 1225 devoratur
3404 1214 3416 1238 ,
3450 1177 3551 1227 aut
3578 1172 3809 1244 Jupiter

2152 1256 2334 1327 patris
2367 1257 2698 1311 subductus
2724 1256 2925 1321 furori,
2959 1258 3180 1314 sororis
3207 1260 3566 1333 adulter,qui
3599 1267 3663 1316 ut
3693 1262 3807 1318 alia

2151 1348 2358 1416 stupra
2389 1349 2445 1399 et
2475 1345 2765 1399 adulteria
2798 1345 3059 1400 securius
3091 1348 3327 1417 faceret,
3372 1348 3560 1418 bovis,
3596 1349 3805 1407 imbris

2150 1435 2535 1507 aurei,eygni,
2560 1434 2823 1506 aliasque
2858 1436 3076 1493 formas
3107 1438 3375 1494 induisse
3401 1439 3745 1512 perhibetur
3774 1441 3802 1497 ?

2149 1524 2291 1578 Tam
2322 1523 2487 1595 impii
2511 1541 2646 1595 ergo
2679 1531 2736 1580 et
2759 1524 3026 1580 scelerati
3051 1526 3391 1597 hujusmodi
3427 1528 3697 1585 homines
3715 1529 3804 1585 di-

2151 1613 2449 1667 vinitatem
2485 1630 2787 1684 nunquam
2836 1621 3196 1670 meruerunt.

2225 1720 2421 1791 Neque
2457 1720 2489 1773 ii
2524 1721 2695 1774 etiam
2744 1720 2825 1774 dii
2858 1726 3017 1788 sunt,
3040 1738 3201 1793 quos
3239 1723 3547 1795 Dionysius
3570 1725 3802 1781 Stoicus

395 1815 697 1870 meretrice
719 1816 952 1887 publica
975 1820 1033 1870 et
1063 1815 1294 1871 Romuli
1326 1817 1551 1870 nutrice
1574 1816 1765 1881 ?Quid
1801 1814 2041 1882 femina,
2078 1828 2118 1891 Β
2154 1809 2211 1862 in
2248 1810 2471 1864 nativos
2502 1813 2559 1863 et
2593 1810 2774 1864 factos
2806 1810 3118 1882 distinguit
3159 1812 3309 1883 (cap.
3340 1812 3453 1882 44).
3486 1813 3805 1869 Tertullia-

394 1904 601 1975 quinia
636 1904 895 1959 Herculis
919 1904 1129 1960 tedituo
1164 1912 1293 1976 post
1353 1904 1666 1960 ridiculum
1727 1904 1931 1958 ludum
1966 1904 2038 1957 vi-

391 1992 555 2061 tiata,
589 1993 661 2049 ab
692 1993 818 2066 ipso
852 1992 1099 2047 Hercule
1122 1995 1241 2064 jam
1278 2000 1515 2049 mortuo
1549 2010 1610 2049 se
1641 2007 2038 2063 compressam

394 2081 578 2137 luisse
608 2081 1012 2153 gloriabatur?
1045 2083 1186 2148 Quis
1219 2084 1509 2155 patienter
1566 2082 1713 2136 ferat
1762 2082 2040 2137 infamem

395 2171 716 2226 Antinoum
747 2189 782 2227 a
812 2172 1085 2227 Romanis
1125 2173 1299 2227 deum
1335 2171 1577 2227 haberi?
1632 2172 1792 2227 Alios
1845 2176 2041 2226 tamen

399 2276 515 2315 non
547 2260 745 2316 minus
776 2266 978 2332 turpes
1004 2262 1145 2316 deos
1174 2262 1231 2316 hi
1251 2262 1563 2315 commenti
1598 2267 1909 2330 sunt,quos
1933 2277 2041 2313 nu-

400 2348 541 2421 ptiis
563 2366 628 2405 ac
651 2350 1024 2421 procreandis
1051 2350 1247 2405 liberis
1264 2366 1509 2420 praeesse
1528 2350 1877 2405 stultissime
1900 2366 2041 2417 prm-

403 2437 699 2492 dicabant.
734 2437 905 2493 Tales
936 2444 1077 2493 sunt
1107 2437 2039 2506 Conservius,l"luvionia,Vitum-

403 2543 535 2592 nus,
574 2526 872 2593 Sentinus,
905 2527 1212 2598 Diespiter,
1244 2526 1626 2591 Caudelifera,
1660 2526 1857 2589 Prosa,
1908 2527 2041 2581 Far-

404 2632 556 2683 mus,
589 2614 833 2680 Albana,
878 2616 1181 2683 Buncinia,
1241 2617 1466 2685 Potine,
1526 2616 1728 2681 Edula,
1784 2617 2041 2683 Abeona,

398 2703 740 2767 Domiduca,
773 2704 1126 2773 Volumnus,
1157 2706 1380 2775 Voleta,
1422 2706 1763 2773 Paventina,
1793 2705 2039 2771 Venilia,

396 2792 665 2864 Volupia,
698 2794 1008 2856 Praastitia,
1063 2799 1405 2865 Peragenor,
1464 2794 1714 2863 Consus,
1769 2794 2041 2863 Juventa,

397 2883 669 2949 Fortuna,
709 2882 979 2951 Barbata,
1012 2883 1337 2949 Aﬁ‘crenda,
1389 2885 1690 2949 Mutunus,
1749 2889 2039 2951 Tutunus,

403 2973 720 3039 Pertunda,
744 2973 1023 3043 Subigus,
1076 2976 1302 3037 Prema,
1337 2978 1393 3027 et
1436 2972 1533 3026 alii
1566 2989 1817 3043 quorum
1850 2973 2043 3027 ofﬁcia

394 3060 734 3115 nominibus
755 3060 880 3115 suis
911 3058 1206 3131 appellare
1228 3059 1315 3115 vel
1342 3060 1624 3115 minimus
1649 3060 1889 3131 pudoris
1909 3076 2039 3114 sen-

391 3166 495 3206 sus
524 3149 794 3220 prohibet
818 3148 966 3219 (cap.
1006 3149 1090 3217 10,
1127 3149 1235 3219 11).

2152 1915 2263 1952 nus
2294 1898 2583 1969 siquidem
2610 1898 2695 1953 vel
2730 1900 2901 1954 unico
2934 1900 3198 1956 Herculis
3228 1903 3618 1973 exemplo,sed
3646 1903 3803 1973 quod

2154 1987 2325 2059 plane
2369 1990 2614 2054 sufﬁcit,
2672 1990 3134 2045 insulsissimam
3196 1991 3415 2047 hancce
3463 1992 3798 2062 opinionem

2152 2078 2375 2131 evertit.
2409 2078 2532 2132 Non
2566 2078 2719 2132 enim
2761 2078 3065 2134 divinitate
3097 2079 3313 2149 dignus
3345 2086 3470 2136 erat
3499 2081 3796 2149 Hercules,

2153 2167 2291 2236 quia
2322 2169 2472 2223 feras
2504 2168 2820 2231 interemit,
2882 2168 3359 2238 quandoquidem
3418 2170 3616 2241 plures
3647 2170 3796 2225 occi-

2152 2255 2373 2309 duntur
2402 2273 2435 2310 a
2455 2254 3096 2326 gladiatoribus,neque
3126 2256 3301 2311 etiam
3335 2258 3472 2329 quia
3506 2263 3795 2314 terrarum

2153 2346 2515 2414 percucurrit
2544 2344 2743 2399 orbem
2772 2362 2784 2412 ;
2811 2361 2941 2399 nam
2967 2344 3339 2416 Asclepiades
3369 2347 3640 2418 Cynicus,
3665 2347 3793 2419 plu-

2151 2450 2360 2505 resque
2394 2433 2723 2506 philosophi
2759 2435 3381 2503 majorimendicitatis
3410 2435 3607 2492 labore
3649 2454 3790 2492 cun-

2151 2530 2276 2578 ctas
2308 2526 2701 2578 lustraverunt
2760 2525 2940 2579 totius
3001 2524 3203 2578 mundi
3238 2530 3451 2595 partes.
3498 2524 3794 2596 Numquid

2152 2630 2287 2685 ergo
2311 2617 2454 2670 deus
2477 2620 2585 2679 est,
2622 2616 2759 2686 quia
2802 2615 2899 2670 ille
2930 2632 2989 2670 se
3022 2615 3273 2670 contulit
3305 2616 3371 2671 ad
3405 2616 3795 2672 inferos?Sed

2153 2704 2509 2775 quibusnam
2543 2721 2744 2760 eorum
2771 2704 2863 2759 via
2885 2708 3043 2774 patet
3074 2708 3097 2758 Ρ
3127 2704 3469 2776 Pergamus,
3502 2704 3553 2760 si
3585 2705 3796 2777 placet.

2151 2797 2353 2847 Nonne
2383 2793 2633 2848 eximius
2664 2792 2760 2848 ille
2792 2793 3069 2849 Hercules
3100 2795 3501 2865 constupravit
3524 2795 3804 2850 feminas?

2151 2882 2352 2937 Nonne
2384 2883 2456 2937 ob
2489 2883 2773 2937 amissum
2808 2899 3056 2953 puerum
3091 2883 3364 2939 militiam
3398 2885 3657 2940 deseruit
3695 2887 3803 2939 Ar-

2151 2975 2540 3041 gonautarum
2574 2971 2601 3024 ‘I
2629 2971 2832 3025 Nonne
2892 2970 3118 3026 lascivae
3175 2972 3372 3026 uxoris
3422 2971 3662 3027 venenis
3693 2973 3806 3027 cir-

2150 3065 2520 3125 cumventus,
2554 3076 2798 3114 accenso
2833 3076 2992 3132 rogo,
3027 3076 3227 3116 necem
3273 3060 3383 3115 sibi
3440 3060 3562 3131 ipse
3606 3078 3805 3117 conse-

2148 3147 2275 3202 vit?
2306 3148 2446 3212 Quis
2479 3165 2613 3220 ergo
2638 3148 2850 3204 mentis
2882 3166 2998 3203 sum
3031 3166 3271 3221 compos
3302 3149 3476 3205 homo
3504 3150 3660 3205 hunc
3682 3167 3802 3208 ere.

468 3197 493 3204 '
526 3197 792 3220 r"“"'"
819 3197 966 3219 \"'r'
1009 3197 1090 3217 -Ἲ
1129 3197 1234 3219 --Γ
2161 3197 2228 3202 "'
2255 3197 2266 3202 ‘
2313 3197 2445 3212 τ“··-
2483 3197 2609 3220 "0'
2639 3197 2848 3204 ἠ’-ν’
2882 3197 2996 3203 *η’*
3035 3197 3270 3221 "“'r""
3303 3197 3474 3205 """'
3504 3197 3658 3205 ·⁴“·’“*
3685 3197 3802 3208 ""'

464 3237 680 3293 Omnes
712 3253 883 3308 porro
907 3241 1297 3292 Romanorum
1333 3238 1492 3302 deos,
1535 3242 1600 3291 ut
1628 3236 1805 3291 simul
1866 3243 1922 3292 et
1952 3254 2039 3292 se-
2068 3197 2110 3263 C
2151 3236 2252 3290 dat
2282 3252 2410 3291 esse
2434 3237 2610 3291 deum
2636 3237 2797 3300 ‘IQuo
2819 3236 2994 3291 etiam
3022 3243 3189 3306 pacto
3216 3236 3587 3309 Esculapius
3607 3237 3802 3310 potuit

396 3326 508 3383 mel
541 3326 941 3381 Tertullianus
972 3326 1464 3397 praecidat,ipsam
1502 3326 1646 3397 petit
1671 3325 1907 3380 illorum
1927 3326 2040 3380 ori-

394 3416 815 3487 ginem,quam
846 3414 1025 3469 Varro
1085 3431 1119 3468 a
1163 3419 1323 3478 Jove,
1386 3415 1617 3470 Junone
1672 3419 1730 3469 et
1786 3414 2043 3469 Minerva

364 3546 365 3549 η
395 3504 643 3573 orditur,
677 3504 776 3559 sed
810 3520 938 3575 quae
973 3520 1005 3558 a
1033 3507 1282 3558 Saturno
1316 3503 1554 3558 illorum
1605 3510 1843 3574 parente
1876 3520 2039 3575 repe-

394 3594 573 3649 tenda
600 3598 689 3649 est
717 3595 867 3665 (cap.
903 3594 1008 3663 12).
1043 3593 1167 3648 Non
1201 3593 1295 3648 hic
1354 3598 1571 3660 autem,
1625 3594 1810 3648 multo
1845 3593 2040 3648 minus

394 3683 522 3753 ejus
554 3681 679 3748 ﬁlii,
706 3683 851 3737 deus
884 3697 1143 3753 unquam
1174 3697 1302 3737 esse
1336 3681 1542 3753 potuit,
1576 3682 1674 3753 qui
1709 3699 1739 3737 e
1764 3681 1916 3737 Caelo
1936 3698 2039 3737 seu

394 3773 623 3828 Chrono
653 3775 710 3826 et
729 3771 909 3825 Terra
939 3772 1194 3841 genitus,
1239 3777 1460 3842 patrem
1521 3788 1697 3826 suum
1750 3776 2041 3827 castrasse

395 3859 753 3931 perhibetur.
782 3857 893 3913 Nec
926 3858 1242 3913 dicendum
1296 3859 1416 3914 haec
1448 3859 1756 3931 allegorice
1802 3861 1873 3915 de
1904 3866 2043 3915 tem-

397 3965 531 4019 pore
562 3953 847 4017 terraeque
878 3948 1239 4001 fecunditate
1278 3948 1579 4018 explicari.
1613 3948 1936 4004 Clarissimi
1969 3950 2041 4003 si-

394 4036 631 4108 quidem
657 4034 993 4104 scriptores,
1026 4034 1267 4089 Cassius
1301 4036 1568 4101 Severus,
1602 4036 1906 4091 Cornelius
1939 4042 2044 4090 Ne-

394 4142 520 4196 pos,
553 4122 813 4190 Tacitus,
841 4122 1154 4186 Diodorus,
1186 4132 1243 4178 et
1273 4124 1372 4179 alii
1406 4125 1793 4180 disertissime
1825 4142 2044 4181 asseve-

394 4218 527 4269 rant
557 4214 876 4268 Saturnum
912 4228 1110 4267 revera
1141 4213 1441 4268 hominem
1504 4214 1684 4269 fuisse
1713 4216 1834 4285 qui,
1867 4215 2045 4270 variis

396 4302 554 4358 orbis
585 4307 751 4356 terra:
784 4300 1053 4372 partibus
1085 4302 1430 4371 peragratis,
1493 4302 1552 4356 in
1611 4303 1883 4358 OEnotria
1940 4319 2043 4357 seu

394 4391 559 4446 Italia
588 4395 884 4460 exceptus,
911 4390 1095 4443 monti
1127 4396 1181 4443 et
1214 4390 1365 4457 urbi,
1428 4391 1526 4445 ubi
1586 4392 1786 4445 sedem
1819 4392 2041 4459 ﬁxerat,

400 4481 553 4535 764
574 4494 639 4533 ac
670 4477 775 4531 toti
796 4476 976 4531 Italiae
1000 4492 1176 4531 suum
1208 4478 1490 4547 imposuit
1518 4479 1878 4541 nomen.Qua
1909 4493 2044 4532 vero

2151 3325 2294 3379 deus
2327 3323 2672 3390 renuntiari,
2707 3325 2828 3395 qui,
2863 3330 2927 3379 ut
2957 3330 3157 3379 narrat
3202 3326 3456 3398 Argivus
3503 3326 3798 3392 Socrates,

2149 3417 2311 3485 patre
2332 3414 2551 3469 incerto
2585 3419 2783 3477 natus,
2811 3414 2882 3469 ob
2921 3413 3223 3469 medicina:
3254 3414 3528 3485 peritiam
3555 3414 3802 3470 fulmine

2146 3502 2327 3569 Jovis,
2363 3503 2862 3574 quemadmodum
2911 3503 3039 3572 ejus
3072 3508 3279 3569 mater,
3317 3520 3632 3575 percussus
3666 3504 3800 3559 fuit.

2149 3591 2530 3647 Athenienses
2563 3596 2759 3645 tamen
2820 3590 2988 3647 illum
3052 3598 3418 3663 matremque
3447 3594 3597 3664 ejus,
3645 3593 3803 3650 sicut

2150 3680 2393 3745 Thesea,
2427 3682 2695 3735 adorant.

2222 3770 2336 3824 Nec
2367 3769 2508 3824 coelo
2552 3786 2618 3823 ac
2676 3769 2979 3824 divinitate
3034 3770 3227 3842 magis
3286 3771 3449 3842 digni
3512 3775 3800 3840 Castores,

2153 3862 2422 3925 Perseus,
2454 3858 2720 3929 Erigone,
2743 3858 3005 3914 exoletus
3027 3860 3208 3929 Jovis,
3261 3859 3381 3915 sive
3411 3861 3801 3932 Ganymedes,

2152 3948 2324 4003 sicuti
2354 3964 2459 4002 nec
2492 3964 2690 4013 canes,
2723 3947 3061 4018 scorpiones
3120 3953 3177 4004 et
3224 3948 3442 4017 cancri,
3501 3966 3651 4020 quos
3690 3949 3800 4004 Ro-

2154 4035 2393 4089 maniin
2427 4042 2588 4090 astra
2644 4035 3092 4091 transtulerunt.
3153 4036 3295 4099 Quis
3350 4052 3485 4092 vero
3518 4037 3644 4092 sine
3674 4036 3797 4091 risu

2153 4124 2254 4178 illa
2285 4124 2485 4178 audiet
2515 4123 2755 4178 nomina
2785 4125 3050 4189 deorum,
3122 4141 3270 4194 quos
3320 4124 3568 4179 Romani
3625 4124 3801 4179 certis

2154 4212 2509 4282 quibusdam
2543 4210 2778 4265 urbium
2814 4228 2879 4266 ac
2913 4213 3220 4266 domorum
3284 4211 3426 4267 locis
3460 4211 3801 4283 praepositos

2155 4300 2598 4354 arbitrabantur
2628 4299 2657 4352 ?
2688 4300 2772 4354 Ab
2830 4300 2900 4354 iis
2955 4300 3173 4370 quippe
3232 4304 3515 4355 vocantur
3548 4300 3798 4371 Viduus,

2154 4388 2436 4457 Caeculus,
2470 4388 2724 4451 Orbana,
2758 4388 2991 4460 Arguis,
3055 4388 3223 4457 Lana,
3269 4394 3585 4457 Ascensus,
3639 4390 3800 4445 Levi-

2155 4478 2303 4544 cola,
2328 4477 2627 4541 Forculus,
2676 4478 2916 4542 Cardea,
2972 4478 3358 4543 Limentinus,
3411 4478 3627 4549 aliique
3679 4479 3804 4532 sin-

400 4567 496 4622 ille
530 4572 811 4637 tanquam
870 4580 938 4619 ex
993 4564 1295 4635 inepinato
1327 4565 1652 4636 appulerat,
1698 4584 1799 4621 nec
1832 4566 2045 4638 cogniti
2076 4567 2123 4629 D
2153 4566 2307 4638 gulis
2347 4566 2680 4637 quibusque
2709 4566 2839 4619 vitae
2871 4566 3080 4621 ofﬁciis
3112 4566 3383 4638 przefecti.
3417 4568 3523 4622 Sed
3566 4566 3625 4621 hi
3660 4566 3805 4622 solis

396 4659 565 4712 erant
593 4656 722 4725 ejus
755 4656 1046 4724 parentes,
1081 4654 1151 4706 de
1183 4653 1323 4709 cmlo
1355 4653 1557 4725 lapsus
1605 4657 1913 4710 ferebatur.
1966 4660 2046 4709 Ne

398 4744 537 4816 quid
571 4749 767 4798 autem
799 4741 1014 4796 ethnici
1049 4742 1262 4797 mutire
1321 4745 1623 4810 auderent,
1671 4744 1778 4799 hoc
1817 4751 2044 4815 recepto

398 4835 470 4890 ab
503 4833 618 4888 illis
640 4830 866 4904 Sibyllae
894 4830 1231 4886 testimonio
1256 4833 1581 4889 conﬁrmat.

470 4947 669 5013 Itaque
698 4956 833 4995 eum
868 4937 1067 4993 nullus
1100 4939 1432 5011 ambigendi
1464 4940 1628 4995 locus
1679 4941 1867 5005 detur,
1902 4941 2045 5011 quin

395 5031 681 5086 Saturnus
706 5028 879 5082 homo
911 5027 1106 5095 fuerit,
1140 5028 1274 5083 inde
1322 5035 1480 5084 certo
1538 5029 1851 5101 colligitur,
1899 5046 2047 5101 quos

397 5118 613 5175 ethnici
642 5122 798 5171 ortos
830 5131 898 5169 ex
928 5114 1026 5170 illo
1059 5133 1125 5171 ac
1185 5126 1387 5187 postea
1433 5124 1696 5173 mortuos
1749 5119 2045 5190 sepultos-

399 5224 511 5280 que
543 5205 894 5273 fatebantur,
926 5205 1033 5259 hos
1075 5205 1265 5275 reipsa
1325 5207 1507 5262 fuisse
1570 5207 1836 5263 homines
1896 5210 2044 5277 (cap.

401 5300 510 5369 13).
546 5294 717 5366 Atqui
755 5294 967 5348 mortui
1002 5293 1269 5350 homines
1304 5314 1418 5351 non
1469 5302 1717 5369 possunt
1758 5314 1886 5352 esse
1944 5296 2046 5365 dii,

400 5386 513 5444 nisi
546 5383 635 5441 vel
668 5401 702 5439 a
724 5380 956 5453 seipsis,
991 5382 1076 5436 vel
1108 5384 1178 5438 ab
1210 5384 1342 5440 aliis
1393 5403 1559 5442 suam
1599 5386 1927 5456 acceperint
1958 5385 2048 5438 di-

398 5478 726 5533 vinitatem.
762 5478 807 5526 A
848 5488 909 5526 se
941 5476 1134 5526 autem
1172 5474 1316 5543 ipsis
1345 5492 1471 5531 eam
1509 5494 1621 5531 non
1656 5476 1891 5531 habent.
1924 5475 2048 5529 Non

402 5568 559 5624 enim
592 5565 868 5622 sivissent
894 5576 955 5617 se
981 5561 1237 5632 primum
1273 5564 1450 5621 fuisse
1482 5565 1770 5633 homines,
1806 5568 1891 5618 tot
1920 5567 2050 5618 tan-

404 5658 597 5731 tisque
644 5652 924 5711 humanis
983 5651 1431 5713 inﬁrmitatibus
1490 5655 1791 5712 obnoxios.
1851 5652 2052 5725 Neque

2158 4672 2303 4725 pene
2334 4653 2609 4709 Romanis
2642 4651 2879 4723 cogniti,
2907 4652 2953 4705 si
3003 4652 3083 4706 dii
3147 4654 3292 4710 765
3338 4652 3612 4724 fuissent,
3638 4661 3803 4709 caete-

2157 4745 2237 4798 ris
2264 4744 2540 4799 omnibus
2562 4740 2708 4796 nihil
2735 4758 2882 4812 opus
2911 4746 3035 4797 erat
3076 4742 3227 4813 (cap.
3262 4743 3374 4815 l5).

2232 4856 2301 4905 At
2333 4850 2545 4929 ingrati
2576 4848 2746 4921 plane
2776 4865 3007 4912 sumus,
3058 4848 3408 4921 inquiebant
3458 4850 3724 4915 Romani,
3752 4850 3804 4906 si

2156 4939 2480 4994 divinitatis
2510 4939 2762 4993 honores
2792 4937 2864 4992 iis
2897 4939 3272 5011 denegemus,
3315 4940 3416 5011 qui
3447 4940 3575 4995 vita-
3598 4956 3800 4995 neces-

2155 5030 2311 5085 saria
2343 5029 2507 5083 nobis
2537 5029 2900 5082 invenerunt.
2934 5028 3255 5083 Tribuendi
3311 5030 3488 5101 igitur
3530 5032 3687 5097 sunt,
3720 5028 3803 5083 ait

2154 5117 2571 5181 Tertullianus,
2605 5116 2661 5171 hi
2698 5116 2947 5171 honores
3008 5118 3229 5186 Catoni,
3291 5118 3391 5190 qui
3452 5119 3626 5173 ﬁcum
3659 5117 3797 5171 viri-

2157 5209 2311 5275 dem,
2344 5210 2399 5260 et
2431 5206 2701 5276 Pompeio
2732 5205 2831 5275 qui
2865 5221 3062 5260 cerasa
3096 5210 3336 5261 Romam
3381 5205 3554 5277 primi
3590 5204 3799 5260 attule-

2157 5304 2313 5351 runt.
2364 5296 2470 5351 Sed
2524 5294 2667 5348 nihil
2725 5294 2834 5348 hac
2891 5294 3113 5349 ratione
3173 5296 3419 5350 futilius.
3454 5295 3579 5350 Non
3640 5294 3798 5350 enim

2158 5386 2455 5439 fructuum
2488 5384 2777 5447 inventor,
2833 5382 2932 5435 sed
2988 5386 3190 5437 auctor
3245 5388 3302 5437 et
3349 5387 3576 5438 creator
3629 5398 3801 5438 verus

2158 5475 2310 5528 Deus
2341 5480 2446 5527 est.
2482 5473 2549 5527 Et
2576 5475 2724 5525 certe
2757 5486 2915 5524 nova}
2966 5474 3119 5525 artes
3170 5472 3240 5527 ab
3274 5471 3613 5526 hominibus
3654 5486 3802 5542 quo-

2158 5564 2299 5617 tidie
2329 5562 2737 5628 inveniuntur;
2767 5574 2939 5613 nemo
2980 5564 3175 5614 tamen
3230 5559 3436 5615 harum
3470 5559 3805 5616 inventores

2159 5653 2299 5709 deos
2331 5670 2459 5709 esse
2490 5650 2702 5707 dixerit
2732 5648 2882 5721 (cap.
2908 5648 3017 5720 16).
