4262 6392
458 331 580 394 847

979 329 1506 393 TERTULLIANI
1552 329 1876 392 OPERUM
1926 329 2120 391 PARS
2165 330 2212 391 Ῑ.
2245 363 2324 374 -
2359 327 2630 388 SERIES
2673 327 2717 401 Ι,
2770 323 3328 387 APOLOGETIGA.

3736 326 3857 385 848

529 463 833 520 Instabant
860 461 1104 518 Romani
1136 478 1198 518 se
1227 477 1335 517 sua
1365 462 1422 516 in
1446 461 1585 517 deos
1615 461 1828 534 pietate
1872 477 1938 518 ac
1961 460 2101 516 reli—
2130 464 2184 530 Α
2212 460 2463 532 legimus
2499 476 2512 516 :
2547 481 2575 509 »
2608 458 2710 513 Hic
2742 461 2882 512 suut
2908 455 3244 511 Tertulliani
3284 455 3447 511 libri:
3490 456 3567 511 Ad
3599 457 3856 512 natione:

453 553 626 627 gione
656 551 942 607 meruisse
984 550 1166 605 totius
1227 549 1431 604 mundi
1491 550 1880 605 dominatum.
1937 553 2098 604 Itane

453 659 609 705 vero,
635 639 827 711 inquit
855 637 1302 695 Tertullianus?
1355 638 1651 710 Numquid
1713 639 1904 708 turpis
1943 642 2102 693 Ster—

461 729 627 786 culus
658 727 895 782 Romani
929 725 1158 797 imperii
1193 726 1337 780 lines
1379 729 1719 798 propagavit
1749 727 1775 780 ?
1803 726 2101 796 Numquid

463 818 692 890 Jupiter
720 815 870 871 antri
904 815 1059 881 Idaei,
1092 819 1266 869 Creta:
1297 815 1498 886 patria:
1530 832 1668 881 sua),
1703 831 1768 869 ac
1799 813 2106 884 jucundis-

467 905 602 962 simi
639 902 879 958 nutricis
902 919 1017 957 suae
1041 901 1237 956 odoris
1267 901 1504 967 oblitus,
1527 902 1618 956 his
1650 901 1903 972 praetulit
1943 900 2106 971 Capi-

468 992 674 1049 tolium
707 990 1053 1061 ?Numquid
1078 991 1230 1046 Juno
1289 990 1682 1062 Carthaginis,
1715 1007 1890 1060 quam
1933 991 2105 1045 Samo

470 1082 609 1138 olim
636 1084 1050 1152 praeposuerat,
1083 1078 1316 1150 penitus
1365 1078 1693 1148 immemor,
1752 1079 1936 1133 voluit
1978 1094 2105 1133 eam

470 1169 804 1228 aRomanis
835 1167 1139 1223 subverti?
1167 1168 1275 1222 Sed
1336 1168 1545 1222 borum
1599 1167 1963 1238 aliorumque
2004 1167 2110 1219 im-

469 1259 710 1316 bellium
742 1258 984 1313 deorum
1014 1272 1117 1310 nec
1153 1255 1270 1311 ulla
1300 1256 1409 1310 fuit
1440 1261 1719 1310 adversus
1775 1257 1893 1310 fata
1924 1259 2110 1325 potes-

467 1355 580 1418 tas,
604 1362 710 1402 nec
742 1350 1058 1418 potuerunt
1113 1361 1252 1400 suas
1308 1345 1482 1399 urbes
1532 1343 1972 1414 provinciasque
2003 1343 2108 1397 ad-

461 1452 666 1493 versus
707 1434 964 1490 hostium
995 1449 1236 1488 suorum
1270 1448 1434 1486 arma
1465 1432 1636 1486 tueri.

535 1524 618 1579 Ad
653 1523 775 1578 hanc
798 1538 950 1589 vero,
985 1521 1379 1576 Romanorum
1414 1520 1726 1590 imperium
1782 1523 1950 1574 antea
1981 1517 2110 1572 fun-

472 1614 676 1669 datum
707 1611 818 1667 fuit
846 1627 1020 1682 quam
1070 1609 1190 1664 ulla
1248 1610 1487 1664 deorum
1548 1613 1745 1663 essent
1775 1605 2112 1675 simulacra,

475 1700 668 1757 cultus
700 1716 765 1756 ac
791 1715 1113 1770 sacra,quaa
1143 1699 1518 1767 postmodum
1551 1714 1585 1751 a
1613 1696 1801 1751 Numa
1830 1693 2115 1765 Pompilio

479 1790 813 1846 introducta
841 1791 999 1842 sunt.
1037 1786 1207 1842 Bellis
1253 1787 1449 1856 itaque
1487 1785 1734 1840 accrevit
1763 1784 1908 1838 illud
1942 1784 2118 1852 impe-

482 1879 660 1946 rium,
691 1883 868 1948 atque
907 1875 1122 1931 idcirco
1171 1875 1296 1947 pari
1351 1875 1722 1930 sacerdotum
1779 1889 1846 1928 ac
1904 1871 2116 1927 civium

485 1968 659 2033 caade,
719 1965 845 2037 pari
887 1980 1084 2018 rerum
1138 1979 1432 2018 sacrarum
1505 1969 1684 2034 atque
1741 1961 2116 2033 profanarum

487 2054 680 2120 ruina,
714 2057 913 2124 totque
945 2051 1303 2129 sacrilegiis,
1349 2055 1491 2122 quot
1520 2051 1753 2122 tropaeis
1798 2067 1863 2104 ac
1911 2049 2117 2104 trium-

485 2144 640 2217 phis.
673 2141 931 2213 Denique
961 2140 1093 2212 quis
1128 2140 1314 2195 nescit
1371 2140 1635 2194 funditus
1690 2154 1891 2194 eversa
1940 2136 2119 2192 fuisse

482 2248 661 2304 regna
688 2230 1080 2302 Assyriorum,
1113 2229 1435 2296 Medorum,
1465 2229 1799 2292 Persarum,
1826 2225 2118 2297 .rEgyptio-

436 2333 439 2336 '
481 2337 636 2388 rum,
669 2319 769 2392 qui
797 2335 910 2374 non
946 2319 1170 2373 minore
1203 2317 1439 2390 pietate,
1491 2333 1667 2388 quam
1692 2315 1958 2385 Romani,
1983 2316 2122 2368 deos

482 2426 619 2466 suos
649 2406 1158 2464 colebant?Solus
1217 2422 1351 2478 ergo
1397 2410 1568 2473 Deus,
1628 2421 1781 2460 unus
1829 2409 1888 2458 et
1930 2403 2122 2458 omni-

481 2503 712 2571 potens,
743 2513 919 2566 regna
950 2495 1272 2566 dispensat,
1300 2495 1540 2550 minime
1570 2511 1701 2548 vero
1726 2494 2124 2547 Romanorum

487 2593 590 2644 aut
608 2587 856 2643 aliorum
889 2584 1151 2656 gentium
1178 2584 1279 2648 dii,
1331 2601 1477 2655 quos
1533 2589 1654 2638 tam
1715 2581 1968 2637 factitios
2001 2597 2128 2635 esse

491 2679 738 2742 constat,
772 2689 949 2746 quam
981 2671 1239 2737 illorum,
1271 2687 1306 2725 a
1338 2671 1556 2742 quibus
1608 2669 1900 2736 coluntur,
1950 2667 2128 2724 falsas

491 2778 793 2834 venasque
823 2759 1133 2832 religiones
1164 2759 1311 2830 (cap.
1346 2761 1456 2830 17).

1097 2907 1407 2949 ARTICULUS
1447 2907 1530 2946 ιιι.

507 2985 680 3043 Variis
710 2984 986 3039 rationum
1033 2982 1326 3036 momentis
1371 2978 1674 3035 ostenditur
1735 2978 2134 3033 Tertullianum

572 3057 768 3113 horum
798 3055 1066 3110 librorum
1093 3067 1206 3108 esse
1225 3059 1520 3122 auctorem,
1542 3055 1593 3106 et
1622 3066 1764 3105 nova
1792 3049 2136 3106 Hoombeeki

571 3129 632 3185 id
657 3128 910 3196 negantis
934 3127 1123 3194 opinio
1154 3125 1450 3194 refellitur.

569 3245 870 3302 Testatum
902 3239 1072 3296 nobis
1099 3239 1484 3310 Hieronymus
1523 3237 1656 3292 fecit
1686 3237 1870 3293 editos
1892 3236 2074 3292 fuisse
2106 3253 2140 3292 a

502 3330 862 3390 Tertulliano
918 3333 1126 3401 praeter
1182 3328 1586 3398 Apologeticum
1640 3326 1788 3382 alios
1841 3327 1914 3382 ad
1956 3325 2144 3382 Gentes

502 3420 787 3487 libros,de
817 3417 1032 3490 quibus
1064 3417 1135 3471 ad
1166 3415 1440 3488 Magnum
1471 3415 1590 3470 haec
1614 3414 1849 3487 scripsit
1869 3415 1928 3469 in
1951 3413 2144 3469 verba:

510 3534 539 3562 ‹‹
572 3509 720 3574 Quid
776 3505 1132 3563 Tertulliano
1181 3503 1517 3560 eruditius?
1573 3503 1710 3575 quid
1774 3501 2150 3559 accuratius?

516 3597 924 3672 Apologeticus
953 3595 1081 3665 ejus
1106 3599 1162 3649 et
1191 3596 1392 3648 contra
1422 3592 1634 3648 Gentes
1689 3592 1822 3647 libri
1881 3596 2151 3647 cunctam

523 3687 716 3746 saeculi
739 3685 1002 3741 obtinent
1031 3682 1425 3754 disciplinam.
1460 3703 1487 3730 »
1526 3681 2155 3754 (Hieronym.epist.83,

523 3780 594 3837 ad
631 3778 774 3848 Mag.
808 3791 938 3847 pag.
969 3775 1120 3845 656.)
1143 3774 1283 3840 Quis
1315 3777 1506 3828 autem
1544 3789 1655 3829 non
1707 3774 1901 3828 videat
1928 3773 2055 3841 hos,
2087 3772 2158 3826 de

528 3868 742 3941 quibus
772 3863 1023 3936 agimus,
1058 3861 1351 3934 designari
1384 3863 1585 3927 libros,
1634 3867 1692 3917 et
1723 3864 1793 3918 ab
1826 3863 2162 3934 Apologetieo

527 3954 858 4027 distingui?
887 3951 1164 4016 Quamvis
1189 3950 1341 4006 enim
1378 3951 1436 4006 in
1495 3952 1782 4022 Agobardi
1827 3951 2041 4021 codice,
2092 3951 2163 4005 de

528 4062 644 4118 quo
703 4043 857 4098 infra
911 4041 1248 4109 dicendum,
1301 4039 1704 4096 inscribantur
1755 4039 1831 4094 Ad
1887 4042 2162 4108 nationes,

527 4133 801 4193 eumdem
830 4136 1028 4187 tamen
1051 4133 1227 4201 atque
1257 4129 1335 4185 Ad
1387 4137 1568 4200 gentes
1606 4128 1841 4185 titulum
1874 4145 2001 4185 esse
2031 4129 2166 4200 quis

530 4222 875 4280 difﬁtebitur
901 4221 929 4274 ?

600 4315 724 4370 Huc
747 4311 968 4368 accedit
1020 4308 1408 4380 Augustinus,
1448 4307 1549 4379 qui
1587 4306 1934 4364 Tertulliani
1983 4309 2168 4363 nostri

530 4403 866 4476 opinionem
887 4397 1224 4467 refellendo,
1255 4397 1383 4467 ejus
1442 4395 1677 4451 nomine
1735 4396 1908 4452 hosce
1965 4397 2166 4466 libros,

527 4491 764 4551 tametsi
797 4488 967 4562 paulo
997 4487 1326 4550 obscurius,
1360 4485 1559 4541 citavit
1591 4501 1604 4540 :
1641 4509 1670 4536 ‹‹
1730 4489 1852 4540 Non
1896 4485 2045 4554 dico,
2079 4486 2167 4540 in-

2210 549 2357 604 liber
2386 548 2400 603 l
2430 565 2443 615 ;
2479 549 2615 603 item
2648 547 2724 602 Ad
2753 547 3003 600 nationes
3025 544 3170 598 liber
3195 544 3268 598 ΙΙ.
3306 566 3334 593 ››
3389 547 3448 598 ln
3482 543 3652 616 primi
3675 543 3850 620 etiam

2209 640 2342 694 libri
2377 641 2488 694 fine
2524 657 2535 695 :
2563 663 2590 689 «
2622 636 2964 694 Tertulliani
2996 637 3070 690 Ad
3090 638 3344 692 nationes
3372 635 3521 690 liber
3569 636 3614 701 Ι,
3675 635 3856 707 expli-

2213 729 2309 784 cit.
2341 729 2549 798 Incipit
2600 727 2746 783 liber
2801 727 3091 781 secundus
3149 724 3226 780 Ad
3264 727 3602 780 nationes.»
3667 724 3855 796 Hujus

2215 834 2383 890 porro
2415 816 2630 872 codicis
2659 815 2931 871 librarius
2972 815 3030 869 in
3048 815 3238 886 prima
3258 814 3385 882 ejus
3409 813 3623 885 pagina
3643 813 3856 868 litteris

2216 907 2540 976 majoribus
2567 904 2838 975 scripsit:
2875 927 2901 952 «
2965 903 3130 957 Liber
3159 901 3390 957 oblatus
3443 902 3514 956 ad
3549 900 3729 956 altare
3761 903 3856 956 Set

2216 995 2495 1065 Stephani
2527 1011 2592 1048 ex
2615 999 2742 1048 voto
2773 991 3062 1063 Agobardi
3095 1007 3209 1062 epz,
3247 1013 3272 1039 ››
3324 991 3380 1043 id
3415 995 3525 1060 est,
3575 989 3853 1062 episcopi.

2217 1087 2288 1138 At
2319 1083 2392 1147 is,
2423 1082 2716 1152 inquiunt,
2769 1082 2893 1153 ipse
2926 1085 3014 1135 est
3069 1079 3408 1150 Agobardus
3452 1079 3860 1151 Lugdunensis

2219 1172 2716 1242 archiepiscopus,
2741 1170 2840 1240 qui
2872 1168 3057 1223 Caroli
3092 1168 3286 1238 Magni
3335 1167 3710 1238 ﬁliorumque
3731 1167 3862 1238 ejus

2220 1267 2385 1316 aetate
2415 1266 2587 1329 atque
2644 1259 2880 1312 ineunte
2909 1261 3122 1312 saeculo
3180 1273 3331 1312 nono
3390 1257 3654 1311 ﬂorebat.
3709 1257 3860 1311 Tum

2227 1351 2425 1420 itaque
2457 1348 2786 1419 descriptus
2820 1346 2927 1402 fuit
2955 1346 3050 1401 ille
3081 1349 3256 1400 codex
3292 1362 3360 1401 ex
3391 1344 3504 1400 alio
3522 1344 3723 1417 procul
3754 1346 3862 1400 du-

2225 1438 2319 1491 bio
2375 1437 2728 1507 antiquiore,
2774 1435 2831 1489 in
2867 1451 3002 1506 quo,
3063 1439 3238 1504 atque
3298 1433 3429 1488 aliis
3486 1433 3640 1488 haud
3689 1433 3864 1488 dubie

2223 1525 2515 1596 pluribus,
2570 1525 2626 1578 hi
2686 1523 2814 1578 libri
2875 1525 3177 1594 praeﬁxum
3245 1523 3516 1578 similiter
3571 1523 3866 1578 habebant

2223 1612 2564 1669 Tertulliani
2596 1629 2828 1668 nomen.
2862 1613 3202 1667 Communis
3229 1611 3408 1684 igitur
3439 1629 3550 1668 non
3607 1628 3672 1668 eo
3729 1615 3862 1667 tan-

2225 1707 2352 1757 tum
2385 1701 2695 1773 Agobardi,
2746 1701 2844 1756 sed
2906 1701 3308 1772 superioribus
3365 1701 3541 1755 etiam
3608 1699 3863 1763 szsculis,

2226 1791 2421 1862 opinio
2469 1794 2594 1844 erat
2658 1789 3082 1844 Tertullianum
3143 1789 3422 1845 horumce
3477 1790 3551 1844 ad
3603 1790 3864 1846 Nationes

2227 1877 2506 1933 librorum
2533 1893 2659 1932 esse
2681 1881 3000 1932 auctorem.

2298 1983 2572 2047 Quamvis
2599 1988 2790 2038 autem
2823 1983 2966 2037 tanti
2999 1983 3224 2038 roboris
3246 1983 3396 2039 ratio
3420 1983 3588 2038 nobis
3615 1983 3866 2053 deesset,

2229 2073 2439 2128 horum
2472 2077 2664 2127 tamen
2689 2071 2971 2127 librorum
3018 2077 3455 2144 argumentum,
3504 2078 3665 2141 aetas,
3697 2079 3868 2143 atquc

2231 2161 2286 2215 in
2322 2160 2524 2232 primis
2554 2159 2687 2229 styli
2754 2160 3207 2231 scriptionisque
3264 2176 3472 2232 genus,
3522 2176 3587 2216 ac
3635 2177 3871 2216 summa

2232 2267 2362 2305 cum
2396 2250 2738 2320 Apologetico
2769 2249 3048 2314 afﬁnitas,
3091 2249 3221 2304 illos
3265 2268 3298 2304 a
3352 2249 3706 2306 Tertulliano
3738 2266 3868 2321 pro-

2233 2339 2414 2394 fectos
2441 2353 2568 2392 esse
2599 2340 3022 2393 demonstrant.
3050 2339 3128 2392 Ex
3161 2339 3287 2410 ipsa
3319 2339 3612 2409 siquidem
3644 2355 3676 2393 a
3704 2337 3874 2393 nobis

2227 2431 2351 2499 jam
2382 2427 2639 2482 exhibita
2694 2443 2892 2482 eorum
2955 2428 3172 2499 analysi
3233 2427 3665 2484 evidentissime
3712 2432 3878 2500 patet

2236 2517 2470 2571 illorum
2503 2516 2843 2586 scriptorem
2877 2516 2934 2571 in
2967 2517 3075 2571 hoc
3107 2533 3235 2572 esse
3290 2522 3501 2584 totum,
3561 2522 3625 2572 ut
3681 2516 3874 2588 palam

2237 2605 2509 2660 omnibus
2543 2605 2712 2660 faciat
2741 2605 3100 2660 Christianos
3143 2613 3342 2661 contra
3382 2607 3575 2678 legum
3609 2605 3876 2661 omnium

2241 2694 2575 2766 praescripta
2604 2693 2674 2748 ab
2705 2693 2954 2749 ethnicis
3003 2694 3373 2766 iniquissime
3402 2694 3616 2760 vexari,
3642 2709 3875 2749 eorum-

2239 2799 2352 2854 que
2383 2782 2697 2837 criminum
2731 2781 2876 2838 falso
2907 2783 3191 2854 accusari,
3239 2799 3484 2853 quorum
3516 2800 3712 2839 revera
3736 2799 3876 2838 con-

2241 2871 2345 2927 scii
2376 2878 2537 2926 erant
2569 2871 2804 2942 ipsimet
2832 2873 3098 2943 gentiles.
3152 2872 3363 2943 Scripti
3425 2877 3566 2928 sunt
3621 2888 3757 2943 ergo
3812 2870 3872 2924 hi

2241 2961 2373 3016 libri
2407 2960 2532 3031 ipsa
2562 2959 2905 3016 Tertulliani
2938 2967 3127 3030 aetate,
3151 2978 3282 3016 cum
3314 2960 3531 3017 ethnici
3562 2965 3681 3016 tam
3704 2975 3874 3027 caeco,

2245 3066 2420 3122 quam
2449 3049 2726 3104 effrenato
2757 3050 2951 3105 furore
2984 3049 3041 3104 in
3072 3050 3436 3106 Christianos
3467 3049 3660 3104 adhuc
3682 3049 3880 3104 sanie-

2244 3140 2408 3196 bant.
2467 3137 2728 3209 Denique
2785 3137 2930 3193 nihil
2959 3138 3019 3194 in
3079 3139 3164 3195 eis
3223 3139 3342 3194 sive
3399 3138 3470 3193 de
3517 3136 3886 3206 Christianis,

2250 3229 2371 3284 sive
2401 3228 2471 3283 de
2502 3228 2770 3298 gentibus
2803 3227 3023 3282 dictum
3055 3228 3327 3300 cst,quod
3358 3225 3704 3282 Tertulliani
3734 3225 3893 3281 aetati

2254 3334 2366 3373 non
2397 3315 2720 3381 conveniat,
2754 3315 3066 3387 ipsumque
3087 3317 3214 3387 ejus
3237 3322 3471 3388 tempus
3498 3332 3613 3371 non
3651 3313 3892 3370 indicet.

2323 3404 2651 3476 Singularis
2681 3421 2912 3476 quoque
2943 3405 3150 3460 horum
3174 3405 3454 3460 librorum
3481 3403 3692 3476 stylus,
3724 3403 3887 3459 inso-

2257 3495 2417 3550 litum
2445 3494 2764 3548 dictionum
2801 3493 3226 3566 verborumque
3273 3510 3478 3565 genus,
3512 3494 3682 3565 plane
3705 3497 3898 3549 osten-

2262 3585 2410 3638 dunt
2430 3581 2850 3638 Tertullianum
2881 3599 3010 3638 esse
3055 3599 3251 3638 verum
3285 3582 3518 3638 illorum
3569 3587 3897 3654 parentem.

2264 3673 2409 3728 Nam
2444 3671 2740 3744 peculliari
2773 3672 2900 3742 ejus
2953 3688 3018 3727 ac
3050 3671 3283 3743 propria
3339 3670 3678 3742 caeterisque
3723 3671 3900 3726 dissi-

2268 3761 2426 3816 milis
2451 3761 2578 3830 ejus
2609 3759 2856 3815 elocutio
2885 3759 2944 3814 in
3002 3761 3084 3815 cis
3117 3760 3334 3831 ubique
3388 3759 3606 3830 passim
3667 3759 3898 3825 emicat,

2270 3867 2335 3907 ao
2359 3851 2470 3905 cito
2502 3849 2675 3904 citius
2703 3866 2736 3904 a
2761 3848 3017 3920 quolibet
3050 3849 3262 3904 lectore
3311 3849 3783 3919 deprehenditur.
3816 3849 3901 3903 Ad

2270 3940 2390 3994 haec
2412 3953 2565 4002 vero,
2616 3938 2673 3992 in
2734 3937 2848 3992 illis
2905 3939 3119 4010 saepius
3169 3941 3482 3994 occurrunt
3538 3955 3652 3992 non
3710 3937 3902 3994 solum

2271 4029 2474 4084 eadem
2513 4034 2686 4098 atque
2737 4025 2791 4080 in
2844 4026 3184 4097 Apologetico
3253 4026 3488 4098 propria
3554 4025 3906 4098 insolitaque

2273 4115 2615 4171 Tertulliani
2651 4116 2847 4179 verba,
2881 4115 2981 4169 sed
3031 4115 3267 4186 integras
3315 4115 3490 4170 etiam
3546 4115 3759 4170 eaedem
3815 4133 3908 4187 pe-

2276 4205 2444 4261 riodi.
2477 4208 2675 4276 Neque
2703 4203 2760 4258 id
2801 4203 2975 4276 longa
3013 4203 3352 4260 inductione
3383 4205 3612 4276 probari
3674 4220 3911 4260 necesse

2277 4298 2386 4362 est,
2421 4293 2573 4365 quod
2610 4292 2774 4349 facile
2805 4293 3040 4348 obvium
3073 4300 3245 4364 atque
3293 4310 3361 4350 ex
3420 4299 3621 4365 postea
3649 4293 3913 4350 dicendis

2279 4383 2652 4438 manifestum
2735 4382 3008 4437 omnibus
3079 4383 3196 4436 fiet.
3258 4383 3460 4438 Nonne
3513 4388 3706 4438 autem
3753 4387 3916 4438 tanta

2280 4475 2665 4542 utrorumque
2697 4469 2980 4525 librorum
3027 4470 3286 4525 afﬁnitas
3337 4477 3393 4526 et
3449 4471 3728 4526 connexio
3767 4471 3914 4526 satis

532 4582 678 4655 quit,
714 4558 867 4651 quod
903 4576 1144 4632 facetius
1167 4574 1248 4630 ait
1275 4572 1673 4629 Tertulliauus
1703 4574 2168 4647 fortasse,quam
2203 4561 2246 4624 D
2275 4565 2471 4632 apert-6
2500 4561 2864 4655 demonstrat
2905 4558 3045 4655 illos.
3091 4560 3164 4614 ab
3226 4577 3342 4615 uno
3396 4561 3715 4655 eodemque
3739 4561 3916 4655 "scri-

529 4670 763 4727 verius:
796 4667 858 4722 Si
889 4664 968 4719 dii
1001 4663 1330 4733 seliguntur
1361 4667 1425 4716 ut
1475 4662 1658 4730 bulbi,
1720 4665 1922 4735 utique
1977 4663 2168 4718 caeteri

532 4755 765 4830 reprobi
816 4753 1176 4825 judicantur.
1222 4772 1250 4800 »
1307 4751 1578 4822 (August.
1641 4751 1740 4806 lib.
1782 4769 1862 4807 vu
1907 4753 1969 4809 de
1998 4753 2164 4810 Civit.

531 4862 659 4917 cap.
694 4844 747 4908 l,
775 4857 908 4915 pag.
943 4842 1102 4911 462.)
1133 4839 1364 4894 Scimus
1394 4840 1628 4910 quidem
1659 4841 1957 4917 nonnullis
1979 4842 2166 4897 visum

532 4916 620 4990 ibi
644 4932 808 4989 citari
836 4930 994 4986 illius
1024 4931 1456 5002 Apotogeticum.
1523 4930 1630 4985 Sed
1689 4916 2037 5002 persuasum
2070 4931 2169 4987 alii

529 5023 612 5079 ita
641 5023 934 5078 haberunt
978 5036 1091 5074 non
1147 5017 1292 5074 alios
1347 5018 1446 5085 ibi,
1493 5034 1668 5090 quam
1735 5021 1882 5075 768
1941 5020 2017 5078 ad
2064 5025 2170 5075 Na-

534 5113 712 5168 tiones
743 5109 924 5165 libros
955 5107 1119 5163 citari
1149 5125 1162 5174 ;
1196 5110 1258 5162 ut
1290 5107 1422 5162 inde
1452 5107 1682 5164 illorum
1709 5113 1926 5164 textum
1961 5109 2171 5181 corrigi

532 5200 918 5257 voluerint.Et
939 5203 1090 5253 certe
1114 5201 1314 5268 postea
1371 5198 1749 5253 ostendemus
1777 5197 2169 5270 Augustinum

536 5290 616 5346 ibi
649 5290 718 5345 ad
752 5289 860 5343 hos
891 5287 1084 5359 potius
1118 5285 1442 5356 respexisse
1473 5287 1725 5342 auctoris
1758 5287 1943 5342 nostri
1965 5287 2168 5358 libros,

536 5395 714 5452 quam
755 5377 828 5433 ad
859 5377 1292 5448 Apotogeticum.

605 5471 888 5522 Praeterea
956 5465 1013 5518 hi
1072 5462 1207 5517 libri
1245 5466 1302 5518 in
1337 5468 1568 5518 vetusto
1625 5463 1915 5535 Agobardi
1972 5466 2170 5521 codice

534 5555 936 5624 manuscripto
971 5569 1082 5608 non
1118 5551 1294 5606 semel
1331 5551 1733 5606 inscribuntur
1782 5553 1908 5624 ipso
1939 5553 2168 5609 Tertul-

536 5643 676 5699 liani
704 5643 958 5699 nomine.
991 5641 1251 5696 Secunda
1281 5640 1435 5696 enim
1487 5639 1646 5698 illius
1678 5643 1735 5698 in
1793 5642 2006 5714 pagina
2050 5643 2170 5702 haec

2275 4657 2459 4722 ptore,
2493 4648 2772 4702 nimirum
2805 4647 3185 4714 Tertulliano,
3219 4663 3348 4704 esse
3370 4648 3764 4720 compositos?

2348 4754 2842 4824 Miramuritaque
2899 4754 3271 4809 recentiorem
3323 4755 3662 4827 quemdam,
3713 4755 3914 4826 magni

2277 4850 2428 4900 certe
2458 4845 2612 4916 apud
2647 4860 2784 4899 suos
2819 4843 3074 4898 nominis
3094 4843 3307 4913 virum,
3347 4842 3446 4914 qui
3479 4843 3756 4898 audacter
3787 4859 3916 4913 pro-

2277 4933 2511 4990 nuntiat
2533 4933 2642 4989 sibi
2677 4931 2848 5003 plane
2878 4949 2993 4987 non
3025 4932 3205 4987 videri
3229 4932 3660 4988 Tertullianum
3705 4932 3918 4987 horum

2278 5023 2562 5078 librorum
2585 5039 2780 5077 revera
2811 5037 2938 5076 esse
2968 5029 3286 5077 auctorem.
3345 5021 3452 5076 Sed
3515 5020 3752 5091 quibus,
3807 5037 3921 5092 pu-

2277 5118 2389 5179 tas,
2425 5111 2710 5168 rationum
2747 5111 3108 5166 momentis?
3137 5110 3263 5166 Non
3297 5110 3426 5165 aliis
3459 5126 3605 5181 pene
3650 5126 3822 5181 quam
3849 5109 3923 5165 iis

2278 5201 2442 5273 ipsis,
2490 5200 2706 5271 quibus
2765 5201 2812 5254 ei
2877 5200 3248 5270 potissimum
3308 5198 3636 5254 vindicatur
3674 5215 3744 5254 :«
3794 5202 3922 5254 Non

2279 5290 2507 5345 videtur
2533 5289 2696 5353 mihi,
2732 5289 3163 5360 inquit,auctor
3193 5305 3321 5343 esse
3352 5287 3767 5351 Tertullianus,
3804 5303 3922 5342 non

2279 5381 2407 5450 ejus
2438 5378 2624 5449 stylus
2656 5384 2712 5431 et
2742 5378 3007 5447 materia,
3035 5378 3179 5432 767
3239 5393 3370 5447 quae
3400 5376 3516 5432 fere
3554 5377 3757 5432 eadem
3790 5391 3922 5447 quae

2280 5467 2336 5522 in
2365 5465 2705 5521 Tertulliani
2751 5467 3108 5536 .lpologetico,
3167 5465 3299 5519 inde
3341 5464 3536 5535 potius
3566 5463 3799 5530 hausta,
3861 5467 3920 5518 et

2280 5574 2380 5630 per
2407 5556 2662 5627 aliquem
2693 5556 2837 5611 forte
2881 5553 3222 5610 Tertulliani
3277 5553 3572 5620 amulum,
3634 5557 3734 5609 aut
3790 5557 3918 5608 stu-

2279 5648 2511 5703 diosum
2545 5647 2612 5702 ad
2646 5663 2780 5702 eum
2811 5646 3136 5703 eﬁ'ormata.
3165 5667 3192 5695 »
3231 5643 3592 5715 (Hoornbeek,
3653 5643 3755 5701 lib.
3790 5661 3806 5699 ι
3856 5642 3924 5702 de
