4262 6350
403 390 523 454 849

996 406 1076 465 ΙΝ
1121 409 1421 476 LIBRUM
1466 417 1570 479 AD
1614 422 2007 489 NATIONES
2054 431 2126 491 D.
2173 434 2267 494 LE
2314 439 2640 505 NOURRY
2686 445 3225 513 DISSERTATIO.

3698 464 3818 525 850

412 525 590 581 Theo"
639 533 812 658 fpat'?
874 550 1004 607 cap'
1055 541 1265 658 ιίνἭὲλ
1288 546 1373 612 1ον
1432 566 1564 623 9³8·
1626 554 1774 626 106·)
1831 560 2059 616 NOVUm
2085 571 2140 638 Α
2172 567 2310 621 est?
2342 570 2482 633 Quis
2514 590 2628 630 non
2660 576 2854 633 videat
2884 581 2955 635 ab
2989 584 3192 638 eodem
3230 586 3530 658 scriptore,
3565 590 3818 650 chrono-

412 630 544 658 amm
602 632 659 658 ρ.
718 635 932 658 mir-nm
986 642 1045 658 οι.
1123 646 1136 658 .
1192 649 1222 658 ..
1329 652 1557 658 --μὴ
1621 647 1630 658 .
1740 645 1779 658 ..
2038 648 2047 658 .
2321 657 2324 658 ν

403 630 544 670 sane
602 620 660 671 et
698 619 935 717 “mirum
985 632 1072 682 est
1123 628 1266 687 illud
1327 619 1780 707 argumentandi
1828 648 2049 717 genus!

402 704 567 799 idem
600 706 807 799 styius,
862 711 1057 784 inquit
1107 720 1314 779 doctus
1366 704 1461 782 ille
1492 730 1598 799 vir,
1631 740 1687 786 et
1735 704 1935 791 eadiam
1969 742 2058 793 est

2166 657 2454 727 graphum
2490 680 2602 718 non
2632 671 2857 736 agente,
2892 670 3003 725 dici
3029 688 3227 728 revera
3258 657 3520 745 potuisse
3552 684 3812 739 nondum

2166 760 2198 797 a
2227 746 2456 804 Christo
2490 752 2728 809 ﬂuxisse
2758 757 2863 810 200
2914 775 3118 828 annos,
3154 767 3211 817 et
3242 763 3377 819 alibi
3432 784 3616 825 annos
3648 770 3814 827 circi-

1582 792 1594 799 '
2014 792 2051 793 7'
2168 792 2198 797 ’⁷
2233 792 2456 804 "'""“"’V
2490 792 2728 809 ⁸⁴υίιιυου
2758 792 2862 810 ~‘VU
2914 792 3118 828 αιιυυθ,
3154 792 3211 817 Ub
3242 792 3377 819 αιιυι

402 792 739 931 :pqlogetici
770 804 825 854 et
876 801 1129 863 liborum
1181 815 1255 866 ad
1298 816 1558 873 Nationes
1605 824 1884 889 materia;
1917 842 2054 897 ergo
2164 839 2253 889 ter
2311 839 2443 894 CLX
2500 844 2732 915 elapsos
2788 849 2974 903 esse?
3032 852 3138 905 Sed
3196 871 3299 909 nos
3356 873 3509 912 sana:
3570 861 3814 931 puderet

446 878 625 931 ί
662 901 772 931 nnn
810 905 837 931 Ω
875 891 1231 931 ἿἾΑΜΙιΙΙίοηη
1295 904 1392 931 nar:
1429 907 1495 931 -L
1536 909 1658 931 ηε..-
1710 912 1909 931 .._._-,I-
1960 930 1969 931 κ
2036 918 2045 931 ι
2167 926 2175 931 .
2255 926 2268 931 -

401 878 460 933 hi
495 878 626 937 libri
661 901 774 940 non
810 905 843 943 a
875 891 1253 967 Tertulliano,
1294 904 1394 957 sed
1427 907 1498 960 ab
1532 909 1660 977 ejus
1708 878 2054 969 aemulovaijit

401 971 668 1029 studioso
699 982 1010 1051 compositi
1043 992 1201 1043 sunt.
1237 992 1405 1060 Quid,
1441 996 1490 1050 si
1540 996 1673 1054 inde
1704 1017 1810 1056 nos
1842 1002 2050 1058 simili-

399 1062 489 1157 ter
518 1062 942 1159 concludamus
976 1074 1382 1146 Apotogeticum
1422 1101 1533 1140 non
1567 1088 1637 1142 ab
1689 1088 1811 1159 illo,
1842 1092 1943 1146 sed
1976 1094 2047 1148 ab

397 1146 527 1216 ejus
559 1152 769 1252 eamqu
790 1162 891 1212 aut
911 1164 1172 1221 studioso
1196 1185 1324 1225 esse
1351 1175 1675 1233 confectum
1700 1177 1728 1232 ?
1747 1146 2045 1252 mequid

397 1241 774 1308 respondebit
806 1245 965 1305 hunc
996 1251 1212 1313 librum
1243 1259 1600 1320 Tertulliano
1631 1267 1704 1322 ab
1746 1267 1877 1325 aliis
1899 1241 2044 1325 scri-

394 1327 664 1417 ptoribus
692 1334 1019 1405 adjudicari
1044 1344 1072 1399 ?
1098 1347 1170 1400 At
1191 1363 1298 1404 nos
1328 1352 1501 1409 etiam
1525 1370 1656 1410 mox
1678 1360 2044 1417 ostendimus

392 1410 507 1484 ipsi
538 1434 771 1493 quoque
802 1428 873 1483 ab
896 1430 1028 1488 aliis
1058 1438 1270 1494 ascribi
1293 1441 1425 1499 illos
1454 1444 1525 1499 ad
1554 1410 2040 1506 Nationes—libros:

459 1523 675 1625 De‘inde
705 1546 839 1588 vero
888 1541 1157 1597 eruditus
1210 1546 1305 1602 ille
1352 1550 1439 1603 vir
1470 1552 1773 1609 nobiscum
1807 1555 2038 1625 fatetur,

390 1613 545 1701 quod
601 1632 814 1688 negare
871 1642 987 1682 non
1058 1637 1275 1701 potest,
1321 1642 1591 1696 eumdem
1651 1660 1776 1698 esse
1827 1644 2038 1701 horum

389 1697 673 1800 librorum
725 1714 780 1765 et
827 1697 1163 1788 Apologetici
1208 1697 1443 1798 stylum.
1504 1733 1596 1797 At,
1649 1697 2037 1800 necille,_ne_o

391 1786 543 1894 alius
578 1809 837 1869 unquam
889 1786 1128 1879 negabit
1172 1786 1514 1874 Tertulliani
1567 1786 1781 1894 stylurn
1833 1786 2037 1880 dicen-

388 1875 567 1948 dique
613 1888 854 1984 modum
912 1875 993 1950 ita
1047 1898 1157 1970 ipsi
1220 1907 1515 1977 prOprium
1577 1875 2033 1984 etpeculiarem

389 1978 541 2033 esse,
577 1977 640 2027 ut
670 1975 762 2033 vix
793 1996 858 2035 ac
908 2001 978 2039 ne
1025 1988 1116 2044 vix
1163 1994 1399 2063 quidem
1435 1998 1592 2055 ullus
1642 2020 1899 2075 unquam
1936 2021 2036 2075 p0-

386 2056 766 2162 tueribillum
802 2067 1039 2164 imitari.
1087 2056 1290 2137 Nonne
1330 2101 1468 2159 ergo
1517 2087 1673 2157 hinc,
1707 2056 2035 2164 cipe—ritib-

391 2161 483 2201 res
515 2148 698 2205 critici
730 2155 939 2229 solent,
974 2162 1143 2238 longe
1165 2172 1374 2240 potiori
1395 2148 1534 2245 iure
1565 2180 2033 2239 concludendum

388 2236 479 2287 est
506 2240 777 2299 eumdem
812 2236 1238 2315 Tertullianum
1294 2236 1503 2322 bonum
1536 2268 1712 2324 trium
1748 2236 2033 2326 librorum

386 2336 516 2376 esse
550 2341 746 2385 revera
778 2346 1077 2404 parentem
1102 2345 1129 2399 ?

458 2411 642 2468 Instat
678 2420 1109 2514 iloornbeckius
1141 2440 1404 2496 eamdem
1440 2449 1712 2514 presteres
1746 2464 1875 2503 esse
1904 2447 2031 2504 illo-

382 2512 513 2609 rum
540 2509 855 2609 ‘rnateriam
915 2516 1189 2594 idemque
1246 2539 1683 2601 argumentum.
1735 2537 1848 2592 Sed
1889 2538 2029 2609 quid

382 2588 516 2643 inde
540 2590 567 2645 ?
598 2593 895 2671 Numquid
931 2588 1490 2679 idem-Christianus
1520 2588 2028 2683 auct—ordiu—osjdi-

382 2684 679 2786 ir/‘qrsosde
736 2692 940 2786 eodem
998 2713 1368 2777 argumento,
1419 2729 1483 2767 ac
1548 2716 1923 2786 potissimum
1967 2717 2027 2773 in

383 3124 501 3241 hisee
532 3135 701 3193 nobis
724 3124 1143 3241 obje.ctat,illud
1173 3124 1699 3223 inﬁciabitiirﬁam
1720 3124 2029 3241 ipse,si;ut

380 3216 477 3316 alii
511 3237 738 3316 omnes,
770 3216 1926 3315 palam—conﬁtetur.Tertullianumrlibri
1957 3261 2026 3316 ad

380 3306 671 3416 imputem
700 3336 900 3416 verum
933 3345 1063 3388 esse
1093 3306 1410 3396 auctorem.
1649 3347 1707 3402 in
1738 3348 1845 3405 hoc
1877 3350 2023 3406 libro
2055 3324 2098 3391 θ

378 3394 531 3497 idem
565 3410 739 3477 atque
771 3411 827 3466 in
880 3416 1236 3493 Apologetico,
1272 3394 1617 3490 etduoiius
1665 3438 1734 3491 ad
1762 3440 2023 3497 Nationes

378 3483 544 3584 libris
567 3508 1753 3581 argumentum,videlicetChristfanorum
1782 3528 2023 3600 iniquis-

378 3589 526 3689 sime
556 3592 886 3689 vexa‘torum
912 3613 1111 3671 causa,
1142 3606 1243 3660 sed
1268 3624 1395 3679 quae
1429 3611 1658 3670 brevius
1691 3617 1901 3689 agitur.
1935 3620 2019 3675 Ad

378 3660 500 3779 hinc
530 3685 667 3779 verq
687 3675 818 3734 libri
851 3684 921 3738 ad
950 3688 1225 3761 Nationes,
1259 3698 1329 3752 ad
1364 3699 1508 3757 alios
1538 3660 2018 3779 quamDApologe-

374 3754 535 3858 ticus,
568 3765 623 3816 et
652 3762 802 3858 liber
827 3772 899 3826 ad
930 3754 1222 3850 Scapulam
1273 3754 2017 3858 directivsbnti-buid'vzro

376 3845 530 3957 qugd
546 3853 718 3919 paulo
741 3845 1423 3957 postdemonstrabimus
1438 3845 1743 3953 aliapi-ura

446 4308 618 4420 Ulrget
647 4320 840 4420 tamen
874 4324 1313 4391 Hoornbeckius
1343 4343 1641 4398 auctorem
1670 4344 1804 4401 libri
1838 4350 2013 4420 primi

368 4395 440 4451 ad
468 4399 727 4500 Nationes
757 4410 973 4471 dixisse
1005 4423 1265 4480 nondum
1298 4426 1529 4500 elapsns
1557 4395 1594 4488 a
1623 4395 2011 4494 Christornato

370 4501 554 4587 annos
602 4494 924 4560 ducentos:
983 4507 1039 4564 in
1089 4510 1238 4569 libro
1287 4523 1483 4574 autem
1533 4522 1602 4576 de
1644 4527 2013 4598 Monogamia

369 4576 590 4637 circiter
618 4597 838 4647 centum
886 4602 941 4651 et
968 4604 1262 4673 sexaginta
1306 4608 1575 4676 (Tertull.
1610 4576 2013 4673 libjdeollio—no:

2161 926 2510 1000 taederelque
2540 936 2660 987 tam
2706 951 2914 991 vanam
2950 937 3429 1017 singularemque
3476 926 3810 1020 opinionem

2161 1014 2440 1087 refellere,
2488 1020 2601 1075 nisi
2653 1023 2891 1093 quidam
2948 1032 3147 1098 postea
3192 1014 3349 1099 huic,
3401 1014 3573 1107 quem
3620 1039 3809 1111 magis

2157 1100 2431 1161 laudibus
2490 1111 2808 1181 extollunt,
2887 1132 3032 1172 novo
3102 1122 3325 1177 auctori
3382 1100 3810 1200 subscripsisse

2156 1190 2513 1251 viderentur.

2757 1354 2963 1394 ARTICU
2972 1357 3039 1396 [ου
3048 1358 3076 1397 Β
3118 1360 3190 1398 ιν.

2151 1443 2272 1510 Quo
2299 1447 2429 1518 tem}
2446 1462 2538 1505 ore
2566 1449 2626 1506 hi
2659 1452 2795 1508 libri
2820 1456 3101 1525 publicam
3132 1461 3194 1513 in
3227 1462 3399 1519 lucem
3427 1468 3791 1536 prodierunt.

2222 1585 2344 1649 Quo
2378 1588 2505 1660 ipso
2538 1596 2800 1666 tempore
2849 1598 3245 1658 Tertullianus
3289 1604 3383 1662 his
3427 1608 3499 1663 ad
3541 1611 3799 1670 Nationes

2149 1670 2317 1730 libris
2377 1685 2800 1752 componendis
2857 1705 3092 1758 operam
3151 1693 3409 1766 dederit,
3472 1698 3632 1755 dictu
3688 1719 3760 1759 ne

2150 1772 2482 1837 promptum
2518 1788 2619 1827 nec
2680 1774 2846 1831 facile
2895 1784 3004 1833 est.
3057 1782 3327 1846 Quaedam
3373 1790 3567 1843 tamen
3620 1789 3677 1845 in
3709 1792 3792 1847 eis

2069 1952 2116 2016 Β
2149 1941 2340 2000 Primo
2372 1951 2585 2005 etenim
2614 1951 2673 2008 in
2704 1953 2853 2011 libro
2880 1957 3132 2029 legimus
3156 1960 3335 2019 latam
3367 1965 3543 2035 paulo
3565 1972 3736 2025 antea
3758 1986 3794 2026 ει

2150 2032 2451 2108 Fusciano,
2486 2040 2657 2097 Urbis
2680 2045 2964 2115 praefecto,
3001 2051 3353 2108 sententiam
3385 2054 3445 2109 in
3476 2058 3788 2126 quemdam

2144 2127 2393 2193 patrem,
2426 2128 2523 2198 qui
2556 2146 2688 2186 cum
2720 2133 2909 2190 ﬁlium
2941 2153 3115 2193 suum
3149 2157 3353 2198 recens
3378 2149 3583 2201 natum
3614 2164 3788 2220 expo-

2144 2212 2383 2283 suisset,
2414 2216 2611 2289 elapso
2637 2221 2849 2279 dehinc
2896 2229 3179 2299 tempore,
3220 2231 3333 2285 sibi
3383 2234 3641 2305 amplius
3670 2212 3786 2292 non

2144 2303 2466 2373 cognitum,
2502 2324 2535 2363 a
2567 2326 2745 2381 seque
2775 2319 3065 2385 emptum,
3089 2303 3596 2391 construpraverat
3627 2325 3790 2395 (Ter-

2142 2391 2271 2445 tull.
2322 2391 2477 2450 lib.1
2533 2397 2603 2453 ad
2658 2400 2806 2468 Nat.,
2859 2419 2986 2475 cap.
3038 2406 3148 2477 16).
3209 2410 3387 2479 Atqui
3428 2391 3788 2483 Capitolinus

2141 2481 2411 2539 meminit
2456 2485 2751 2554 Fusciani,
2804 2491 2974 2547 Urbis
3032 2495 3308 2566 praefecti,
3368 2499 3461 2554 cui
3508 2481 3791 2559 'Pertinax

2140 2571 2404 2640 proxime
2455 2579 2741 2634 successit
2787 2581 3115 2653 (Capitolin.
3170 2585 3229 2641 in
3289 2589 3404 2644 vita
3455 2593 3786 2661 Pertinacis,

2140 2665 2272 2729 post
2299 2660 2476 2735 init.).
2511 2665 2681 2723 Initio
2736 2675 2934 2727 autem
2984 2675 3122 2729 anni
3168 2676 3291 2746 193,
3342 2678 3436 2734 hic
3466 2660 3789 2752 imperator

2140 2754 2393 2816 creatus,
2425 2759 2557 2823 post
2582 2758 2701 2812 tres
2732 2756 2961 2814 circiter
2991 2778 3222 2819 menses
3244 2766 3475 2822 occisus
3504 2768 3635 2824 fuit.
3659 2768 3783 2825 Non

2138 2837 2236 2892 diu
2270 2855 2407 2911 ergo
2441 2848 2572 2913 post
2606 2846 2921 2904 Pertinacis
2953 2856 3203 2908 mortem
3253 2855 3651 2913 Tertullianus
3676 2857 3784 2914 hos

2137 2922 2317 2982 libros
2350 2930 2605 2988 edidisse
2636 2934 2919 2994 dicendus
2951 2944 3057 2995 est.

2207 3018 2405 3087 Neque
2435 3021 2680 3091 objicias
2711 3023 2877 3080 illum
2909 3028 2966 3082 in
3001 3030 3203 3086 eodem
3247 3031 3396 3089 libro
3428 3034 3777 3106 scripsisse:

2136 3106 2311 3159 Ai'tati
2337 3118 2535 3165 nostrae
2558 3112 2800 3169 nondum
2829 3119 2969 3172 anni
2993 3119 3120 3185 250,
3143 3120 3198 3174 id
3233 3120 3342 3194 est)
3371 3139 3405 3177 a
3434 3122 3778 3181 Christiana:

2137 3372 2325 3429 aetatis
2348 3380 2557 3432 nostra:
2582 3381 2844 3436 nondum
2873 3385 3009 3439 anni
3032 3388 3296 3443 trecenti.
3321 3410 3349 3438 ››
3375 3388 3531 3460 (Ibid.
3548 3406 3674 3462 cap.
3698 3390 3778 3462 5.)

2131 3461 2286 3517 Nihil
2321 3480 2455 3537 ergo
2486 3468 2724 3537 penitus
2754 3479 2976 3528 certum
3008 3478 3066 3530 et
3097 3476 3461 3547 exploratum
3485 3461 3779 3535 indecon-

2132 3551 2286 3607 cludi
2321 3560 2527 3624 potest.
2562 3557 2839 3629 Majorem
2888 3563 3180 3620 enimvero
3231 3584 3519 3623 annorum
3571 3585 3777 3625 nume-

2131 3658 2261 3696 rum
2286 3644 2591 3715 assignare
2611 3647 2709 3703 ille
2732 3651 2933 3719 procul
2963 3652 3139 3710 dubio
3171 3656 3401 3725 maluit,
3432 3673 3502 3712 ne
3523 3657 3775 3715 ethnicis

2130 3729 2317 3787 ullum
2350 3733 2659 3791 cavillandi
2679 3737 2872 3794 locum
2897 3743 3197 3812 praeberet.
3226 3749 3511 3802 Praaterea
3531 3763 3598 3802 ex
3625 3748 3775 3803 duo-

2130 3821 2239 3876 bus
2271 3820 2389 3877 illis
2446 3826 2727 3891 numeris,
2785 3829 3029 3885 nondum
3074 3835 3212 3887 anni
3264 3834 3369 3889 250
3417 3839 3475 3890 et
3515 3836 3623 3889 300
3650 3840 3771 3890 tam

2128 3909 2487 3981 disparibus,
2528 3913 2667 3985 quid
2718 3922 2942 3973 certum
2993 3921 3186 3993 colligi
3242 3922 3475 3993 potest?
3525 3923 3583 3979 Si
3628 3925 3770 3994 quid

1996 4008 2018 4018 '
2125 4002 2321 4054 autem
2354 4000 2490 4057 inde
2520 4002 2791 4075 colligere
2820 4006 2983 4077 velis,
3034 4009 3200 4080 prius
3240 4012 3633 4067 definiendum
3663 4012 3771 4068 tibi

2125 4087 2255 4153 erit,
2287 4106 2402 4159 quo
2436 4091 2827 4150 Tertullianus
2859 4113 3012 4152 anno
3043 4099 3433 4170 assignaverit
3459 4117 3583 4156 serie
3612 4100 3771 4156 Chri-

1972 4153 2016 4209 ί⁹
2125 4175 2329 4231 stianze
2360 4177 2616 4235 initium.

2194 4266 2473 4321 Nonnulli
2494 4268 2692 4341 itaque
2723 4272 3060 4331 existimant
3081 4275 3290 4332 horum
3323 4276 3608 4333 librorum
3630 4282 3772 4335 aeta-

2124 4355 2243 4408 tem
2275 4354 2487 4412 certius
2537 4361 2774 4431 agnosci
2825 4379 2996 4433 posse
3044 4381 3113 4421 ex
3161 4364 3293 4423 aliis
3352 4365 3512 4422 illius
3553 4367 3768 4436 verbis,

2124 4441 2339 4512 quibus
2370 4444 2633 4503 ethnicos
2662 4449 2745 4504 sic
2795 4450 3154 4524 alloquitur:
3191 4478 3218 4504 «
3253 4456 3329 4511 Ex
3380 4456 3549 4511 vobis
3580 4458 3770 4512 natio-

2124 4530 2299 4587 nibus
2326 4534 2583 4603 quotidie
2625 4537 2901 4609 Cmsares,
2933 4546 2989 4597 et
3038 4543 3312 4616 Parthici,
3367 4549 3424 4601 et
3452 4546 3678 4613 Medici,
3711 4549 3770 4602 et

2120 4622 2449 4679 Germanici
2473 4630 2635 4683 sunt.
2677 4650 2704 4676 »
2729 4629 2893 4696 (Ibid.
2919 4647 3044 4703 cap.
3078 4634 3185 4704 l7.)
3218 4638 3290 4690 At
3318 4635 3762 4706 haec,inquiunt,

366 4679 811 4796 lg‘act'rnn.,.cap.rt.3).
844 4683 953 4740 Sed
1004 4686 1335 4796 levissimas
1364 4698 1641 4796 .rationes
1690 4701 1805 4759 alia
1842 4704 2013 4777 longe
2043 4694 2089 4759 D
2119 4679 2493 4766 Caracailam'
2515 4679 2800 4785 spectant
2852 4718 2949 4789 qui
2977 4679 3019 4787 ,Γ
3041 4679 3345 4779 Germanis
3410 4679 3764 4796 P’art‘bisque

1626 4754 1636 4756 -
1694 4754 1805 4759 in-
1842 4754 2007 4777 --κεν

366 4754 562 4816 leviori
609 4768 954 4831 conﬁrmare
1002 4778 1223 4837 frustra
1270 4784 1499 4841 nititur.
1560 4793 1707 4845 Nam
1766 4797 1822 4847 et
1872 4811 2007 4851 con—

368 4850 549 4906 staret
580 4854 809 4916 nullum
833 4861 1203 4926 librariorum
1227 4871 1289 4929 in
1314 4878 1575 4933 numeris
1607 4879 2008 4939 describendis

368 4938 609 5000 subesse
638 4962 914 5021 errorem,
958 4974 1024 5013 ac
1074 4966 1295 5018 certum
1330 4965 1475 5022 foret
1520 4966 1755 5025 initium
1796 4971 2007 5030 horum

368 5043 654 5092 annorum
702 5041 773 5097 ab
823 5043 950 5117 ipso
999 5049 1226 5107 Christo
1276 5054 1431 5123 duci,
1480 5074 1594 5113 non
1645 5060 1779 5118 inde
1810 5067 2007 5121 tamen

367 5120 636 5211 concludi
666 5134 857 5199 potest
885 5135 1063 5195 libros
1093 5141 1171 5197 ad
1201 5120 1460 5201 Nationes
1491 5148 1855 5208 Tertulliano
1879 5120 2009 5211 esse

364 5208 807 5281 abjudicandos.
844 5226 905 5280 In
938 5227 1064 5299 ipso
1098 5231 1385 5304 siquidem
1408 5236 1615 5293 horum
1649 5241 1835 5312 primo
1864 5208 2005 5317 legi;

362 5317 534 5406 mus:
573 5310 800 5406 s/Etati
850 5324 1059 5376 nostrae
1091 5327 1351 5381 nondum
1403 5330 1540 5384 anni
1574 5310 1703 5387 CC'L
1739 5356 1765 5381 »
1796 5310 2002 5406 (Idem,

359 5389 462 5446 lib.
497 5411 515 5449 ι
545 5397 891 5494 ad__Nation.
955 5425 1079 5483 cap.
1112 5414 1188 5485 7).
1220 5416 1299 5470 Ac
1348 5434 1462 5473 non
1496 5419 1678 5477 multo

357 5498 529 5552 supra
558 5488 837 5549 edidimus
866 5500 1043 5553 :etatis
1082 5508 1293 5561 nostra:
1321 5507 1563 5563 nomium
1609 5488 1757 5567 anni
1777 5519 2005 5571 trecenti

358 5571 515 5642 (Ibid.
552 5594 678 5651 cap.
712 5584 784 5654 9).
820 5589 1118 5661 Numquid
1172 5610 1308 5666 ergo
1342 5594 1499 5652 hunc
1538 5598 1749 5657 librum
1784 5620 1897 5659 non
1930 5606 2002 5661 ab

359 5678 476 5718 uno
506 5670 830 5743 eodemque
862 5683 1096 5736 auctore
1142 5681 1365 5738 editum
1416 5702 1543 5743 esse
1575 5688 1835 5748 dixeris?
1862 5694 2003 5759 Quis

365 5750 511 5809 768
543 5774 695 5816 sanae
719 5766 937 5823 mentis
964 5768 1141 5825 homo
1163 5770 1249 5828 ita
1271 5788 1531 5846 unquam
1554 5750 2004 5851 argumentatus

2119 4798 2389 4867 devictis,
2452 4802 2780 4860 Germanici
2835 4808 3210 4882 Parthicique
3265 4814 3578 4883 agnomine
3607 4829 3761 4869 anno

2116 4888 2224 4941 216
2271 4888 2591 4963 insignitus
2640 4900 2748 4951 est.
2802 4896 2927 4952 Non
2987 4899 3136 4955 male
3184 4901 3443 4973 quidem,
3479 4903 3528 4959 si
3586 4904 3759 4961 Cara-

2120 4978 2277 5032 callaa
2310 4979 2420 5035 soli
2451 4981 2571 5038 haec
2600 4984 2839 5042 honoris
2871 4990 3221 5059 cognomina
3251 4993 3386 5048 data
3413 4992 3685 5050 fuissent.

2188 5068 2415 5127 Clarius
2458 5088 2594 5145 ergo
2641 5074 2850 5132 horum
2902 5077 3184 5135 librorum
3233 5085 3459 5138 aetatem
3498 5083 3764 5138 indicant

2118 5157 2236 5213 haec
2271 5160 2690 5232 subsequentia
2742 5167 2994 5222 auctoris
3024 5168 3207 5224 nostri
3257 5171 3465 5227 verba:
3502 5194 3529 5221 «
3563 5172 3762 5227 Adhuc

2118 5248 2290 5319 Syria:
2327 5252 2667 5307 cadaverum
2722 5255 2997 5311 odoribus
3045 5258 3309 5329 spirant;
3343 5260 3534 5316 adhuc
3565 5259 3764 5316 Galliae

2118 5336 2400 5394 Rhodano
2434 5357 2539 5396 suo
2572 5342 2784 5399 lavant.
2827 5366 2847 5393 ι
2886 5345 3074 5417 (lbid.)
3114 5347 3261 5402 Nam
3308 5346 3386 5403 ibi
3422 5348 3621 5419 procul
3654 5349 3765 5404 du-

2118 5426 2213 5481 bio
2248 5428 2630 5499 designantur
2659 5432 3014 5489 Pescennius
3045 5435 3221 5506 Niger
3251 5440 3307 5492 et
3336 5436 3572 5493 Clodius
3601 5437 3766 5492 Albi-

2116 5533 2249 5581 nus,
2285 5518 2379 5588 qui
2414 5536 2547 5575 cum
2582 5538 2613 5575 a
2646 5522 2849 5578 Severo
2881 5522 3230 5595 imperatore
3262 5527 3633 5598 defecissent,
3667 5528 3767 5585 ille

2114 5607 2171 5661 in
2204 5610 2386 5681 Syria,
2422 5611 2515 5666 hic
2544 5612 2598 5667 in
2648 5612 2853 5681 Gallia,
2904 5630 3037 5669 cum
3076 5615 3202 5670 suis
3255 5617 3437 5689 copiis
3467 5618 3767 5691 proﬂigati

2115 5698 2364 5768 caesique
2396 5700 2654 5756 fuerunt.
2689 5704 2868 5774 Atqui
2897 5702 3035 5773 haec,
3069 5720 3195 5775 quis
3242 5706 3300 5760 in
3332 5708 3596 5778 ejusdem
3626 5712 3764 5764 Ter-

2113 5784 2344 5843 tulliani
2373 5789 2712 5863 Apologetico
2742 5796 3168 5862 memorantur,
3205 5794 3578 5869 contigerunt
3607 5811 3758 5855 anno
