4262 6378
561 444 676 505 851

1083 441 1608 505 TERTULLIANI
1655 442 1978 504 OPEHUM
2025 442 2226 502 PARS
2273 442 2419 502 l.-—
2457 441 2727 504 SERIES
2769 442 2816 516 Ι,
2865 442 3431 504 APOLOGETICA.

3835 439 3958 500 852

569 576 694 643 194,
724 574 809 631 vel
871 575 991 644 195,
1047 579 1147 629 aut
1204 573 1398 646 potius
1452 590 1604 629 anno
1666 573 1788 640 197,
1820 574 1993 630 sicuti
2024 589 2204 645 supra
2234 579 2285 645 Α
2316 577 2433 628 tam
2466 574 2658 630 valida
2689 575 2856 631 nobis
2905 575 3178 630 videntur
3207 573 3341 641 alia,
3374 589 3502 646 quas
3548 589 3618 629 ex
3669 572 3762 628 his
3810 571 3962 645 ipsis

569 664 760 720 fusius
807 663 1222 736 explicavimus
1278 663 1425 718 769
1477 668 1664 735 (supr.
1711 681 1838 735 cap.
1887 664 1941 728 3,
1990 667 2096 717 art.
2129 663 2205 733 2).

569 752 744 808 Paulo
777 751 960 824 igitur
989 756 1121 823 post
1141 752 1298 807 hunc
1330 769 1549 807 annum
1580 753 1684 808 hos
1716 751 2109 808 Tertullianus
2143 750 2210 804 ad

566 841 822 897 Nationes
852 839 1052 909 libros,
1103 840 1257 895 sicut
1305 841 1708 912 Apotogeticum
1757 840 2088 912 divulgasse
2119 841 2209 894 di-

569 929 791 986 cendus
827 931 936 984 est.

643 1017 890 1082 Quidam
926 1033 1055 1073 vero
1107 1033 1174 1072 ex
1223 1018 1722 1089 subsequentibus
1771 1017 1930 1074 illius
1978 1017 2209 1088 verbis:

571 1129 601 1158 «
631 1107 986 1179 Temporum
1013 1105 1271 1178 qualitas
1303 1108 1517 1162 robu...
1569 1107 1651 1163 ris
1681 1107 2050 1178 antiquitatis
2081 1122 2211 1162 exe-

573 1194 722 1268 gerit
751 1193 987 1266 ingenia
1029 1194 1300 1251 duriora:
1336 1199 1395 1250 at
1443 1212 1599 1251 nunc
1651 1194 2023 1266 tranquilitas
2055 1194 2214 1266 pacis

575 1288 635 1340 et
691 1283 927 1354 ingenia
981 1283 1235 1353 mitiora,
1287 1306 1314 1334 »
1373 1284 1558 1356 (Ibid.,
1616 1301 1744 1356 cap.
1779 1285 1865 1352 18)
1927 1285 2210 1338 arbitran-

575 1375 674 1427 tur
701 1371 907 1427 confici
956 1388 1126 1444 posse
1169 1372 1289 1427 haec
1346 1373 1419 1428 ab
1473 1373 1572 1428 illo
1603 1373 1838 1440 tradita,
1889 1389 2019 1428 cum
2054 1371 2214 1425 Chri-

578 1459 754 1517 stiani
784 1461 893 1515 σιὼ
925 1459 1089 1516 initio
1116 1460 1348 1531 imperii
1379 1461 1570 1517 Severi
1614 1466 1810 1533 Optata
1841 1461 1998 1533 pacis
2029 1465 2086 1516 et
2113 1460 2215 1516 otii

576 1548 998 1620 tranquillitate
1025 1551 1376 1606 fruerentur.
1409 1553 1481 1605 At
1528 1555 1772 1606 Severus
1821 1549 1917 1604 ille
1951 1565 2215 1621 persecu-

575 1637 796 1693 tionem
855 1637 913 1692 in
960 1655 1060 1694 eos
1117 1638 1385 1695 excitavit
1434 1639 1588 1694 datis
1642 1655 1794 1694 anno
1839 1640 1946 1692 202
1989 1638 2215 1694 edictis.

578 1727 765 1782 Antea
819 1725 1000 1798 igitur
1043 1727 1438 1783 Tertullianus
1495 1727 1625 1794 bos,
1682 1727 1976 1798 inquiunt,
2039 1727 2219 1782 libros

582 1813 930 1872 confecerat.

657 1903 770 1959 Sed
801 1903 1385 1960 animadvertendum
1435 1909 1525 1961 est
1566 1905 1731 1961 illum
1783 1906 1874 1961 his
1912 1907 2101 1961 verbis
2133 1905 2222 1961 in-

589 1991 828 2048 duxisse
886 1993 1178 2061 ethnicos,
1237 2009 1541 2066 perperam
1590 1994 1932 2066 objicientes
1989 1995 2226 2050 duriora

590 2079 773 2136 fuisse
802 2097 1041 2136 suorum
1076 2081 1307 2154 ingenia
1355 2083 1665 2155 majorum,
1699 2084 1797 2155 qui
1831 2084 1902 2138 ad
1935 2083 2228 2155 quoslibet

590 2169 765 2224 etiam
819 2169 1227 2226 acerbissimos
1269 2171 1562 2227 cruciatus
1620 2171 1907 2241 patienter
1962 2172 2226 2226 ferendos

589 2257 906 2330 comparati
939 2259 1126 2331 magis
1148 2264 1333 2330 erant,
1367 2276 1541 2332 quam
1571 2260 1667 2315 alii
1699 2260 1882 2316 (statis
1905 2277 2021 2316 suae
2043 2259 2226 2316 homi-

589 2362 715 2416 nes,
748 2363 996 2420 quorum
1030 2347 1264 2420 ingenia
1292 2349 1690 2421 tranquillitas
1707 2350 1866 2423 pacis
1897 2355 1954 2405 et
1984 2349 2082 2404 otii
2116 2349 2226 2403 mi-

585 2438 735 2494 tiora
790 2437 1138 2492 reddiderat.
1222 2438 1282 2494 Si
1337 2441 1533 2494 tamen
1606 2439 1727 2494 haec
1781 2439 1910 2511 ipsa
1976 2439 2229 2494 auctoris

586 2526 770 2582 nostri
824 2526 1001 2581 verba
1051 2526 1122 2581 de
1173 2542 1310 2581 vera
1364 2527 1703 2582 Christiana;
1762 2527 2030 2584 Ecclesia:
2090 2544 2228 2598 pace

585 2613 965 2686 intelligenda
1012 2629 1140 2669 esse
1197 2616 1517 2670 contendas
1565 2632 1632 2670 ac
1688 2615 2041 2687 probaveris,
2075 2615 2227 2670 ultro

587 2701 694 2760 tibi
726 2701 1136 2757 assentiamur.
1170 2702 1402 2757 Inficias
1446 2720 1614 2759 nemo
1646 2707 1840 2759 tamen
1893 2703 2000 2760 ibit
2028 2719 2094 2759 ex
2126 2721 2228 2760 su-

589 2789 789 2862 perius
817 2789 988 2845 dictis
1019 2788 1232 2845 certius
1267 2790 1462 2864 colligi
1507 2792 1616 2848 hos
1647 2792 1715 2847 ad
1762 2794 2018 2849 Nationes
2048 2793 2229 2848 libros

591 2886 649 2937 et
697 2880 1101 2955 Apotogeticum
1147 2897 1260 2936 non
1313 2881 1495 2939 multo
1545 2889 1677 2955 post
1727 2901 1945 2939 annum
1991 2884 2089 2939 197
2122 2901 2225 2956 pu-

592 2969 804 3025 blicam
857 2969 1083 3025 venisse
1138 2969 1199 3025 in
1248 2969 1459 3026 lucem.
1515 2972 1762 3036 Quinam
1813 2979 2002 3028 autem
2047 2989 2112 3027 ex
2156 2971 2230 3027 iis

592 3059 848 3132 primum
881 3059 1222 3132 prodierint,
1257 3059 1372 3115 alia
1401 3067 1489 3116 est
1517 3062 1670 3118 inter
1712 3063 1970 3119 eruditos
2002 3066 2229 3118 contro-

591 3148 801 3218 versia,
826 3149 954 3220 jam
987 3165 1019 3204 a
1049 3148 1219 3204 nobis
1251 3150 1620 3207 excutienda.

1206 3335 1522 3376 ARTICULUS
1558 3337 1614 3376 V.

599 3429 785 3484 Utrum
817 3425 876 3480 hi
908 3423 1028 3499 duo
1059 3425 1128 3499 art
1178 3427 1433 3499 Nationes
1490 3428 1623 3483 libri
1656 3431 1784 3483 ante
1813 3429 1898 3483 vel
1939 3437 2055 3499 post
2111 3429 2232 3484 Ter-

834 3497 1068 3552 tulliani
1093 3497 1503 3569 Apotogeticum
1531 3501 1728 3572 scripti
1755 3497 1991 3571 fuerint.

670 3629 776 3694 Qui
806 3629 954 3685 duos
982 3629 1053 3684 ad
1096 3631 1354 3686 Nationes
1407 3630 1588 3687 libros
1629 3638 1759 3704 post
1818 3631 2234 3704 lpologeticum

600 3717 851 3790 scriptos
882 3717 1064 3773 fuisse
1111 3726 1443 3790 autumant,
1493 3721 1549 3775 hi
1592 3722 1815 3777 ratione
1863 3721 2075 3794 triplici
2105 3721 2216 3792 opi-

601 3807 838 3866 nionem
867 3823 1034 3863 suam
1065 3807 1325 3864 stabilire
1351 3814 1654 3865 conantur.
1684 3811 1877 3866 Primo
1900 3811 2055 3865 enim
2090 3817 2236 3881 Apo-

605 3896 896 3967 logeticum
925 3913 1078 3952 anno
1123 3897 1353 3953 circiter
1396 3898 1815 3964 ducentesimo,
1869 3904 2042 3970 atque
2072 3898 2238 3954 initio

603 3989 908 4042 commotae
964 3985 1036 4041 ab
1086 3984 1433 4056 imperatore
1486 3989 1690 4043 Severo
1747 3989 2024 4044 adversus
2074 3987 2239 4042 Chri-

603 4075 829 4131 stianos
859 4073 1302 4145 persecutionis,
1345 4077 1565 4130 editum
1611 4077 2024 4148 suspicantur;
2061 4077 2241 4132 libros

603 4168 800 4220 autem
830 4164 901 4219 ad
941 4164 1206 4220 Nationes
1246 4165 1371 4236 jam
1405 4171 1672 4235 provecto
1721 4165 2024 4222 Caracallae
2057 4167 2239 4238 impe-

603 4252 712 4320 rio,
744 4256 800 4308 et
827 4256 1140 4324 postquam
1171 4253 1266 4308 hic
1298 4254 1614 4324 imperator
1663 4253 1914 4309 Parthici
1940 4254 2240 4310 Germani-

604 4341 773 4412 cique
802 4357 1014 4396 nomen
1060 4341 1400 4411 accepisset.
1455 4342 1663 4397 Verum
1703 4344 1827 4412 jam
1879 4344 2244 4398 Ostendimus

2313 665 2389 718 ad
2417 665 2674 720 Nationes
2722 664 2890 719 libris
2935 663 3058 719 erui
3108 666 3372 734 possunt.
3406 664 3468 717 In
3518 661 3610 716 his
3662 660 3958 732 siquidem

2317 769 2430 807 non
2464 753 2643 809 semel
2689 754 3089 809 Tertullianus
3139 752 3428 824 promittit
3476 750 3661 806 multa
3710 767 3771 805 se
3820 749 3962 805 alibi

2317 841 2742 912 explicaturum
2827 843 2906 896 Nc
2965 859 3096 896 vero
3158 840 3377 911 aliquid
3437 840 3596 894 dubii
3655 844 3713 892 ct
3757 839 3963 894 incerti

2320 931 2561 1002 proferri
2612 932 2849 1002 quidam
2910 935 3244 997 causentur,
3295 946 3362 984 ea
3418 945 3531 983 non
3593 928 3964 1000 urgebimus,

2319 1035 2449 1089 qua:
2475 1019 2890 1085 Tertullianus,
2926 1025 3238 1090 postquam
3291 1017 3558 1089 probavit
3594 1016 3965 1072 Christianos

2319 1107 2392 1161 ob
2423 1124 2599 1163 suum
2624 1109 2907 1162 duntaxat
2931 1124 3140 1163 nomen
3162 1108 3375 1172 vexari,
3404 1106 3768 1161 continenter
3795 1104 3964 1159 addi-

2321 1196 2407 1251 dit
2431 1213 2443 1252 :
2481 1217 2508 1246 κ
2537 1198 2642 1252 Sed
2676 1197 2816 1252 dum
2838 1196 2959 1252 haec
2982 1197 3128 1252 ratio
3150 1213 3256 1251 suo
3279 1195 3402 1251 loco
3425 1193 3771 1250 ostenditur.
3809 1193 3962 1248 770

2320 1302 2443 1352 vos,
2475 1302 2649 1356 quam
2673 1284 3048 1356 insequimini
3069 1286 3136 1340 ad
3159 1284 3642 1356 expugnationem
3681 1282 3964 1346 nominis,

2321 1374 2474 1429 edite
2527 1374 2832 1430 rationem.
2869 1396 2899 1425 ιο
2956 1373 3223 1442 (Tertull.
3258 1373 3360 1429 lib.
3414 1390 3433 1427 1
3464 1373 3537 1428 ad
3565 1373 3688 1428 Nat.
3724 1388 3851 1442 cap.
3883 1372 3963 1443 3).

2323 1462 2476 1518 Nihil
2508 1463 2664 1518 enim
2723 1463 2800 1518 ibi
2857 1463 3071 1518 diserte
3125 1462 3432 1534 pollicetur
3485 1478 3520 1515 a
3575 1477 3636 1516 se
3687 1459 3965 1530 deinceps

2324 1553 2638 1621 agendum,
2700 1553 2798 1608 sed
2831 1569 2952 1608 rem
3011 1553 3199 1624 ipsam
3248 1570 3281 1606 a
3329 1569 3390 1606 se
3446 1549 3587 1606 satis
3616 1548 3960 1621 explicatam

2326 1640 2692 1712 significasse
2722 1641 2890 1697 nobis
2920 1641 3169 1696 videtur.

2399 1750 2466 1802 At
2509 1746 2853 1804 clarioribus
2902 1748 3151 1820 profecto
3209 1745 3400 1802 verbis
3449 1746 3699 1817 spondet
3754 1745 3873 1800 fore
3904 1749 3973 1800 ut

2329 1835 2467 1892 alibi
2497 1835 2818 1908 longiorem
2868 1836 3139 1891 instituat
3186 1835 3256 1890 de
3287 1835 3484 1890 futura
3536 1850 3849 1906 corporum
3881 1851 3970 1890 re-

2255 1925 2706 2022 Bsurrectione,
2764 1925 3113 1994 internisque
3168 1923 3474 1979 hominum
3534 1928 3666 1995 post
3723 1927 3969 1979 mortem

2335 2019 2436 2070 aut
2466 2015 2719 2085 praemiis
2749 2018 2848 2069 aut
2877 2017 3062 2086 pmnis
3111 2013 3588 2084 disputationem.
3619 2013 3781 2068 Hunc
3810 2014 3970 2067 enim

2334 2103 2431 2158 ille
2462 2103 2725 2173 loquitur
2753 2103 2811 2157 in
2846 2103 3081 2157 modum
3110 2119 3122 2156 :
3157 2125 3183 2150 ‹‹
3218 2101 3552 2156 Viderimus
3583 2101 3654 2155 de
3687 2101 3798 2155 fide
3827 2100 3971 2156 isto-

2335 2209 2491 2260 rum,
2525 2193 2663 2246 dum
2723 2207 2830 2247 suo
2877 2189 3002 2246 loco
3055 2191 3424 2262 digeruntur,
3457 2212 3480 2242 ι
3541 2189 3700 2261 (Ibid.
3755 2205 3880 2260 cap.
3912 2189 3972 2258 7)

2336 2281 2392 2336 id
2425 2289 2534 2344 est,
2583 2281 2819 2351 scriptis
2876 2280 3161 2334 tradenda
3216 2280 3611 2350 disponuntur
3665 2284 3723 2333 et
3751 2294 3971 2350 praepa-

2335 2376 2561 2425 rantur.
2595 2369 2844 2424 Ubinam
2876 2385 3007 2424 vero
3041 2367 3147 2424 hoc
3180 2367 3276 2422 ille
3307 2369 3585 2422 adversus
3608 2365 3974 2421 ethnicorum

2337 2459 2587 2530 ineptias
2619 2458 2859 2529 digessit
2903 2475 2966 2512 ao
3015 2456 3304 2512 tradidit?
3335 2462 3455 2511 Non
3505 2455 3562 2510 in
3597 2454 3688 2511 bis
3738 2454 3978 2526 quidem

2335 2549 2409 2603 ad
2438 2550 2696 2602 Nationes
2741 2546 2930 2611 libris,
2984 2545 3084 2601 sed
3121 2547 3229 2601 sub
3281 2545 3454 2600 ﬁnem
3505 2544 3831 2615 Apologetici
3859 2542 3977 2610 sui,

2337 2653 2511 2708 quem
2543 2635 2740 2707 potius
2764 2652 2936 2706 quam
2971 2634 3150 2690 alium
3183 2633 3393 2688 librum
3445 2633 3788 2706 designasse
3819 2631 3977 2687 haud

2336 2723 2631 2780 immerito
2680 2722 2894 2778 dixeris
2928 2724 3130 2792 (Idem,
3180 2722 3458 2794 Apotoget.
3508 2738 3633 2793 cap.
3678 2721 3746 2776 48
3777 2725 3834 2777 et
3863 2721 3978 2792 49).

2410 2833 2560 2886 Tum
2591 2831 2826 2896 deinde,
2857 2829 2954 2884 ubi
2996 2829 3142 2884 alias
3191 2829 3580 2894 ethnicorum,
3614 2827 3980 2884 Christianos

2338 2921 2531 2976 omnis
2563 2920 2807 2992 publica:
2850 2919 3034 2974 cladis
3076 2935 3312 2974 causam
3349 2934 3478 2973 esse
3523 2916 3978 2982 clamitantium,

2339 3010 2662 3066 calumnias
2711 3007 2956 3063 refellit:
2999 3028 3021 3055 ι
3073 3007 3477 3076 Postmodum,
3509 3007 3611 3072 ait,
3643 3005 3980 3061 obtunden-

2339 3103 2433 3156 tur
2461 3097 2818 3170 expositione
2852 3097 3034 3152 totius
3074 3103 3284 3152 nostrae
3331 3093 3672 3167 disciplinae.
3708 3116 3738 3145 »
3768 3095 3979 3166 (Idem,

2345 3188 2518 3256 tib.1,
2549 3187 2618 3242 ad
2671 3187 2891 3242 Nation.
2950 3202 3076 3256 cap.
3139 3186 3248 3256 10.)
3292 3185 3389 3240 Dic
3445 3189 3664 3252 autem,
3713 3184 3980 3254 obsecro,

2344 3277 2581 3332 ubinam
2617 3275 2712 3330 ille
2742 3275 2815 3330 ad
2836 3274 3144 3330 diluendas
3173 3274 3346 3330 hasce
3366 3273 3672 3345 gentilium
3702 3273 3982 3328 crimina-

2341 3367 2533 3424 tiones
2562 3365 2711 3420 hanc
2741 3363 3129 3418 Christianam
3163 3362 3486 3417 doctrinam
3529 3363 3818 3434 exposuit.
3852 3361 3978 3416 Non

2344 3455 2404 3511 in
2435 3454 2527 3509 his
2557 3459 2711 3508 certe
2740 3452 2810 3507 ad
2829 3454 3092 3508 Nationes
3120 3451 3309 3516 libris,
3334 3451 3432 3505 sed
3468 3451 3525 3505 in
3559 3450 3824 3522 pluribus
3844 3450 3984 3520 Apo-

2345 3544 2559 3612 toyetici
2588 3541 2884 3612 capitulis,
2917 3541 3002 3596 uti
3050 3539 3139 3598 vel
3188 3557 3254 3594 ex
3285 3539 3410 3596 sola
3457 3543 3638 3611 patet,
3671 3555 3846 3610 quam
3879 3555 3982 3594 su-

2343 3648 2451 3704 pra
2480 3630 2768 3697 dedimus,
2800 3629 2980 3699 bujus
3027 3627 3160 3682 libri
3209 3627 3430 3699 analysi
3459 3627 3663 3698 (Idem.
3698 3627 3983 3700 Apologet.

2345 3737 2473 3792 cap.
2505 3718 2592 3787 17,
2629 3718 2694 3772 18
2725 3723 2781 3773 et
2811 3718 3020 3788 seqq.).

2416 3812 2698 3862 Prmterca
2745 3805 3050 3877 pollicetur
3106 3820 3169 3860 se
3227 3803 3542 3876 aliquando
3601 3803 3986 3875 probaturum

2347 3896 2494 3953 falsa
2522 3911 2650 3950 esse
2682 3895 2752 3950 de
2786 3895 2896 3949 Deo
2919 3910 3030 3948 non
3057 3893 3227 3948 modo
3258 3893 3624 3949 ethnicorum
3659 3899 3988 3965 poetarum,

2348 3986 2446 4042 sed
2509 3983 2810 4039 divinandi
2869 3981 3042 4037 etiam
3117 3987 3300 4038 artem
3359 3981 3754 4053 profitentium
3805 3983 3988 4037 docu-

2349 4080 2580 4130 menta:
2618 4094 2647 4123 ‹‹
2696 4070 3015 4126 Delibanda
3071 4070 3252 4135 enim,
3302 4070 3494 4142 inquit
3542 4069 3657 4140 ille,
3713 4087 3869 4125 nunc
3899 4073 3994 4125 est

2350 4163 2573 4236 species
2626 4161 2773 4227 ista,
2833 4161 3003 4231 cujus
3062 4175 3168 4214 suo
3223 4159 3346 4215 loco
3407 4159 3550 4214 ratio
3606 4160 3902 4214 reddetur.
3967 4181 3990 4208 ο

2350 4255 2552 4324 (Idem,
2578 4250 2681 4305 lib.
2715 4267 2777 4317 ιι,
2823 4249 2891 4304 ad
2937 4250 3066 4304 Nat.
3125 4264 3251 4319 cap.
3294 4249 3376 4320 5.)
3427 4249 3550 4312 Quo
3579 4265 3715 4321 ergo
3756 4249 3815 4303 in
3847 4247 3999 4302 libro

2350 4341 2534 4407 illam,
2583 4355 2701 4410 qua
2741 4337 3047 4414 gentilium
3091 4337 3300 4408 ineptae
3357 4337 3764 4394 accusationes
3797 4337 4000 4392 redar-

606 4436 816 4486 nutare
863 4429 1100 4501 penitus
1146 4429 1392 4500 hujusce
1449 4431 1784 4501 posterioris
1833 4433 1904 4487 de
1956 4431 2247 4488 Caracalla
2353 4435 2610 4504 guantur
2641 4427 2896 4483 reddidit
2926 4426 3258 4482 rationem?
3291 4426 3495 4483 Nonne
3539 4428 3597 4481 in
3626 4425 4001 4499 Apologetico,

607 4517 951 4575 assertionis
981 4516 1456 4572 fundamentum.
2359 4519 2456 4575 ubi
2485 4535 2614 4573 eam
2647 4516 2774 4572 fuse
2802 4513 3145 4586 explicatam
3173 4514 3425 4586 legimus
3457 4515 3662 4587 (Idem,
3689 4515 4000 4587 Apotoget.,

679 4604 1202 4662 Secundaillorum
1233 4606 1378 4662 ratio
1409 4611 1517 4676 est,
1550 4607 2015 4665 Christianorum
2046 4610 2248 4665 defen-
2359 4626 2486 4680 cap.
2518 4608 2582 4661 21
2615 4611 2672 4661 et
2703 4605 2841 4672 22)?

611 4696 860 4763 sionem,
888 4711 1015 4765 quae
1064 4699 1251 4749 totum
1311 4701 1367 4750 et
1395 4696 1731 4767 Apotoyctici
1777 4705 1833 4754 et
1866 4698 2151 4754 librorum
2179 4697 2253 4754 ad
2277 4682 2324 4748 Π
2427 4695 2574 4761 Quid
2606 4693 2820 4766 plura?
2859 4691 2964 4748 Ubi
3014 4692 3112 4748 ille
3158 4710 3367 4748 rursus
3411 4692 3742 4765 gentilium,
3776 4695 3877 4766 qui
3906 4693 4002 4749 in-

610 4783 869 4842 Nationes
899 4780 1302 4854 complectitur
1341 4791 1770 4856 argumentum,
1804 4787 2034 4858 plenius
2062 4787 2122 4842 in
2153 4787 2248 4844 his
2356 4783 2637 4843 fanticidii
2670 4781 3028 4838 Christianos
3051 4782 3567 4853 impudentissime
3594 4783 3998 4854 postulabant,

613 4889 787 4944 quam
818 4871 877 4926 in
927 4871 1027 4927 illo
1074 4874 1434 4942 pertractari.
1485 4875 1597 4947 Se.d
1642 4893 1675 4931 ο.
1722 4876 1889 4932 nobis
1921 4881 2120 4948 postea
2148 4877 2247 4932 de-

611 4959 1036 5018 monstrabitur
1089 4977 1265 5032 quam
1314 4979 1448 5018 vero
1502 4980 1711 5035 parum
1761 4965 1974 5021 similis
2021 4965 2247 5021 sithasc

609 5049 965 5120 conjectura.

678 5137 930 5194 Tertiam
961 5137 1244 5194 rationem
1277 5143 1520 5195 sumunt
1550 5156 1618 5195 ex
1648 5140 1837 5197 verbis
1885 5147 1941 5198 et
1970 5141 2246 5213 periodis,

607 5227 710 5300 qui
755 5227 886 5284 aliis
931 5233 1250 5282 occurrunt
1299 5229 1359 5284 in
1410 5229 1599 5298 libris,
1649 5246 1797 5301 quos
1853 5229 2248 5286 Tertullianus

605 5319 740 5389 post
769 5332 936 5371 suam
969 5315 1042 5370 ad
1076 5315 1465 5372 Montanistas
1496 5317 1877 5374 defectionem
1909 5317 2242 5390 divulgavit.

608 5405 782 5470 Quasi
815 5421 946 5460 vero
979 5421 1084 5460 nec
1129 5403 1242 5460 alia
1271 5404 1364 5462 bis
1413 5423 1645 5479 quoque
1690 5407 1904 5462 similia
1952 5407 2244 5479 reperian-

610 5497 708 5549 tur
736 5493 796 5548 in
826 5492 958 5550 aliis
987 5493 1115 5564 ejus
1170 5493 1358 5561 libris,
1408 5512 1475 5550 ac
1520 5495 1841 5566 praesertim
1885 5497 2246 5566 Apotogetiro,

611 5581 712 5638 ubi
743 5581 911 5654 longe
939 5580 1107 5653 plura
1137 5584 1339 5638 eadem
1375 5589 1549 5656 atque
1583 5585 1641 5639 in
1670 5583 1837 5640 libris
1867 5586 1948 5641 ad
1987 5587 2248 5642 Nationes

614 5686 916 5725 occurrere
944 5671 1214 5726 fatentur.

687 5759 872 5823 Quam
903 5758 1136 5815 infirma
1176 5765 1371 5817 autem
1421 5761 1539 5818 haec
1581 5763 1877 5821 rationum
1927 5767 2248 5833 momenta,

2357 4876 2660 4932 audaciam
2719 4871 3005 4940 retundit,
3065 4871 3197 4926 illos
3255 4871 3346 4927 his
3405 4872 3716 4945 compellat
3764 4873 3998 4928 verbis:

2361 4988 2390 5016 α
2422 4965 2528 5021 Vos
2562 4961 2610 5017 si
2641 4962 2712 5016 de
2745 4959 3023 5015 memoria
3060 4959 3329 5016 abierunt
3357 4979 3485 5032 quas
3532 4963 3687 5018 crede
3717 4961 4000 5030 hominis,

2357 5069 2598 5126 quaeque
2628 5049 3014 5106 infanticidiis
3038 5052 3414 5122 transegisse,
3437 5053 3867 5126 recognoscetis
3892 5068 4002 5107 suo

2356 5144 2578 5201 ordine.
2613 5145 2774 5195 Nunc
2806 5139 2959 5196 enim
2992 5139 3319 5196 differimus
3366 5140 3665 5213 pleraque,
3694 5157 3766 5196 ne
3795 5142 4002 5196 eadem

2355 5235 2658 5289 videamur
2688 5229 2904 5301 ubique
2951 5232 3282 5285 retractare.
3313 5250 3341 5279 »
3386 5229 3536 5301 (Lib.
3576 5231 3646 5298 II,
3674 5231 3750 5286 ad
3777 5231 4001 5286 Nation.

2358 5339 2482 5394 cap.
2519 5322 2625 5388 15.)
2657 5319 2832 5374 Vides
2865 5319 3122 5390 profecto
3153 5319 3232 5373 ibi
3266 5320 3380 5374 duo
3412 5319 3484 5374 ab
3535 5324 3770 5376 auctore
3800 5323 4005 5374 nostro

2357 5412 2571 5468 diserte
2600 5406 2915 5465 enuntiari.
2942 5407 3135 5463 Primo
3165 5407 3405 5479 quidem
3453 5409 3686 5480 plenius
3717 5427 3750 5464 a
3781 5424 3843 5464 se
3873 5407 4004 5478 ipso

2357 5498 2882 5556 demonstrandum
2918 5495 3164 5566 gentiles
3210 5497 3510 5553 homicidii
3562 5502 3737 5569 atque
3767 5497 4010 5552 infanti-

2358 5589 2490 5644 cidii
2524 5603 2650 5643 esse
2683 5601 2830 5641 reos.
2864 5584 3042 5654 Atqui
3095 5585 3151 5638 id
3201 5584 3294 5641 ille
3350 5585 3558 5641 nullibi
3607 5587 3797 5642 fusius
3827 5600 4008 5655 quam

2357 5679 2416 5734 in
2447 5675 2792 5748 Apologetico
2838 5673 3217 5728 demonstrat.
3266 5674 3529 5730 Secundo
3572 5675 3765 5745 palam
3807 5671 4008 5728 decla-

2359 5772 2448 5824 rat
2477 5764 2666 5822 multa
2695 5779 2756 5820 se
2778 5761 3102 5833 distulisse,
3127 5762 3269 5820 alibi
3290 5780 3323 5820 a
3343 5779 3407 5821 se
3429 5763 3622 5821 fusius
3643 5761 4008 5822 enucleanda
