4262 6354
398 429 514 489 853

395 578 465 616 ne
497 563 698 617 eadem
733 561 862 617 aliis
913 562 964 616 in
1015 561 1182 618 libris
1244 568 1528 634 repeteret
1575 579 1640 618 ac
1682 566 2040 617 retractaret.
2072 563 2340 634 ACaput
2366 563 2420 617 9.
2503 606 2516 619 .
2600 605 2612 620 .
2694 603 2706 618 .
2786 605 2798 617 .
2881 601 2893 616 .
2974 604 2986 617 .

394 653 502 706 Sed
538 651 659 718 ubi,
695 668 911 722 quaeso,
962 651 1081 705 hinc
1143 653 1420 706 adversus
1480 651 1725 723 gentiles
1782 651 2044 720 uberius,

397 758 571 811 quam
604 740 659 794 in
697 741 1032 811 Apologetieo
1064 739 1435 811 disputavit?

468 831 607 894 Quis
635 847 791 901 ergo,
826 831 898 884 iis
929 831 1227 898 omnibus,
1255 847 1382 901 quae
1417 830 1749 895 retulimus,
1783 832 2046 884 accurate

395 918 686 989 expensis,
722 935 836 973 non
870 918 1146 973 fatebitur
1174 918 1623 987 Tertullianum,
1660 935 1792 973 cum
1828 918 1935 972 bos
1973 916 2046 972 ad

395 1008 653 1063 Nationes
710 1006 889 1062 libros
948 1008 1243 1078 exarabat,
1307 1025 1412 1064 nos
1446 1009 1514 1063 ad
1577 1025 1751 1063 suum
1815 1006 2047 1062 misisse

391 1098 798 1169 Apotogetieum
856 1113 1029 1167 quem
1091 1102 1215 1152 tum
1296 1098 1580 1153 conficere
1654 1097 2049 1152 meditabatur

389 1187 580 1258 (Supr.
617 1203 743 1257 cap.
778 1186 830 1254 3,
861 1190 970 1240 art.
1009 1187 1057 1256 1)
1091 1189 1115 1242 τ
1148 1186 1316 1242 Prius
1347 1186 1525 1256 igitur
1557 1185 1690 1240 libri
1751 1185 1820 1240 ad
1853 1185 2046 1240 Natio-

395 1293 514 1343 nes,
568 1291 746 1346 quam
799 1276 1172 1346 Apotogetieus
1220 1276 1292 1330 ab
1337 1274 1435 1329 illo
1492 1275 1630 1330 editi
1681 1279 1841 1331 sunt.
1879 1279 1951 1328 At
1982 1290 2047 1327 ex

394 1365 694 1436 assignata
725 1383 757 1418 a
791 1363 956 1419 nobis
991 1365 1166 1434 hujus
1213 1369 1378 1419 estate
1411 1365 1559 1419 satis
1606 1368 1803 1435 aperte
1854 1361 2047 1432 colligi

397 1457 587 1525 potest
616 1452 807 1517 illum,
841 1454 911 1507 ad
944 1452 1140 1507 datam
1177 1453 1469 1508 scribendi
1504 1454 1840 1524 Apotogetiei
1873 1452 2046 1506 fidem

398 1541 784 1606 liberandam,
816 1558 931 1596 non
971 1544 1111 1596 77l
1150 1542 1389 1613 longum
1443 1543 1866 1613 interposuisse
1898 1545 2045 1595 tem-

393 1632 550 1703 poris
581 1632 857 1702 spatium,
888 1647 991 1685 nec
1021 1648 1240 1685 moram
1279 1632 1406 1702 pati
1431 1630 1859 1701 potuisse,quin
1885 1628 2048 1684 Chri-

395 1721 724 1776 stianorum
748 1737 924 1775 causa
947 1721 1119 1775 sicuti
1144 1721 1297 1791 apud
1335 1721 1638 1774 universas
1670 1717 2050 1784 nationes,ita

409 1810 563 1881 apud
596 1825 796 1864 eorum
831 1809 1131 1880 prmsides,
1158 1810 1389 1879 judiccs
1422 1825 1486 1863 ac
1511 1809 1887 1880 magistratus
1921 1823 2046 1878 per-

405 1905 591 1967 orata,
651 1898 883 1953 illorum
917 1899 1309 1953 innocentiam
1345 1897 1618 1952 omnibus
1679 1898 2047 1969 patefaceret.
2083 1933 2128 1998 Β

412 1988 469 2045 Si
503 2004 638 2058 ergo
664 1988 1035 2058 Apologetieus
1067 1986 1214 2042 liber
1252 1988 1404 2042 circa
1435 2003 1653 2042 annum
1686 1986 1901 2042 Christi
1922 1985 2048 2054 200,

396 2077 896 2149 quemadmodum
931 2075 1210 2143 diximus,
1247 2075 1542 2147 publicam
1574 2076 1632 2130 in
1666 2075 1852 2130 lucem
1873 2073 2050 2129 emis-

394 2185 498 2223 sus
528 2172 636 2232 est,
672 2165 731 2220 hi
764 2167 879 2220 duo
910 2166 989 2221 ad
1019 2167 1278 2222 Nationes
1309 2165 1442 2220 libri
1479 2163 1650 2235 paulo
1705 2168 1838 2219 ante
1873 2161 2054 2216 divul-

396 2257 515 2329 gati
549 2257 779 2312 fuerant
811 2255 1016 2325 (lbid.).

1016 2404 1323 2444 ARTICULUS
1355 2404 1430 2442 νι.

403 2481 475 2535 De
507 2479 702 2532 horum
750 2479 1020 2533 librorum
1068 2485 1418 2545 argumento,
1453 2483 1501 2532 et
1551 2481 1737 2531 utrum
1768 2475 1907 2530 illud
1935 2474 2050 2545 ple-

475 2552 1025 2675 niustpterfectiusque
1055 2554 1111 2605 in
1145 2551 1244 2618 eis,
1278 2566 1443 2619 quam
1476 2551 1535 2603 in
1561 2550 1899 2619 Apotogetico
1929 2562 2052 2615 per-

484 2640 594 2676 .rac
619 2637 647 2676 e
675 2639 758 2676 ur.

484 2754 653 2809 Plura
684 2753 922 2824 quidem
984 2753 1039 2807 in
1103 2753 1389 2825 superiori
1447 2753 1694 2808 articulo
1745 2752 2054 2808 retulimus

409 2843 751 2899 Tertulliani
785 2843 978 2909 verba,
1016 2843 1232 2912 quibus
1267 2847 1517 2898 testatur
1551 2859 1610 2897 se
1644 2843 1814 2914 plura
1869 2842 1925 2896 in
1966 2841 2057 2896 his

406 2933 476 2987 ad
509 2934 769 2989 Nationes
810 2931 977 2986 libris
1010 2933 1607 3002 prmtermisisse,quae
1633 2932 1690 2986 in
1719 2932 2057 3002 Apologetiro

408 3022 597 3077 fusius
647 3022 935 3093 explicare
972 3021 1322 3076 decreverat.
1368 3025 1436 3074 At
1496 3021 1615 3075 haec
1666 3021 1836 3092 plane
1887 3037 2058 3093 repu-

407 3116 589 3182 gnant
617 3109 849 3164 illorum
883 3109 1169 3181 opinioni,
1219 3111 1317 3180 qui
1368 3111 1730 3165 contendunt
1779 3110 2058 3165 harumce

406 3199 964 3254 commentationum
999 3204 1413 3269 argumentum
1465 3199 1521 3252 in
1557 3199 1719 3254 libris
1751 3199 1820 3254 ad
1868 3198 2054 3254 Natio-

989 429 1064 488 lN
1109 430 1406 491 LIBRUM
1457 431 1558 490 AD
1607 429 1999 489 NATIONES
2043 429 2114 487 D.
2164 430 2259 488 LE
2305 431 2631 491 NOURRY
2680 429 3216 491 DISSERTATIO.

3691 426 3812 491 8M

3065 565 3199 634 Cap.
3232 562 3301 616 40
3331 565 3387 617 et
3418 560 3509 618 41.

2153 653 2338 724 Caput
2371 653 2455 708 10.
2503 696 2515 708 .
2597 696 2608 708 .
2690 694 2702 706 .
2784 693 2796 706 .
2880 695 2892 707 .
2974 695 2986 707 .
3066 651 3203 723 Cap.
3250 652 3335 717 12,
3385 651 3473 722 13,
3527 650 3592 706 14
3624 654 3681 706 et
3712 651 3799 710 15.

2153 745 2338 812 Caput
2371 743 2456 809 11,
2492 744 2577 810 1‘3,
2615 742 2679 796 13
2709 747 2766 796 et
2797 743 2892 796 14.
2973 782 2986 794 .
3066 741 3200 812 Cap.
3238 741 3320 796 16.

2155 832 2340 902 Caput
2375 832 2458 900 14,
2503 832 2568 884 15
2616 835 2671 884 et
2720 831 2804 886 16.
2884 872 2897 883 .
2978 870 2992 884 .
3069 835 3201 901 Cap.
3234 830 3287 884 9.

2154 922 2341 992 Caput
2371 920 2514 973 17.‘
2597 959 2612 973 .
2689 961 2702 975 .
2784 959 2796 972 .
2876 959 2890 973 .
2972 958 2985 973 .
3063 917 3199 988 Cap.
3233 917 3322 973 35.

2155 1009 2341 1080 Caput
2373 1009 2456 1064 18.
2507 1051 2520 1064 .
2601 1049 2612 1063 .
2695 1049 2708 1063 .
2788 1048 2801 1062 .
2883 1050 2896 1061 .
2980 1050 2991 1061 .
3071 1007 3210 1078 Cap.
3242 1007 3333 1062 50.

2154 1098 2344 1168 Caput
2378 1098 2460 1151 19.
2508 1138 2520 1150 .
2602 1139 2614 1153 .
2698 1138 2711 1151 .
2793 1138 2804 1150 .
2887 1091 2903 1150 .’
2982 1135 2994 1149 .
3074 1095 3213 1166 Cap.
3250 1095 3338 1165 47,
3372 1095 3462 1166 48,
3493 1095 3582 1152 49.

2157 1187 2326 1242 Liber
2347 1187 2643 1241 secundus
2662 1184 2730 1240 ad
2746 1186 3023 1240 Nationes.
3066 1184 3458 1255 Apologeticus.

2156 1279 2344 1348 Caput
2375 1277 2460 1330 12.
2580 1316 2592 1329 .
2674 1315 2687 1328 .
2770 1315 2782 1328 .
2865 1315 2877 1328 .
2959 1315 2972 1328 .
3049 1276 3184 1345 Cap.
3220 1273 3308 1328 10.

2158 1365 2341 1436 Caput
2376 1366 2516 1420 17..
2600 1405 2611 1417 .
2696 1406 2707 1418 .
2789 1403 2802 1417 .
2882 1405 2894 1418 .
2977 1404 2990 1416 .
3069 1362 3206 1434 Cap.
3238 1363 3328 1416 25.

2229 1454 2404 1510 Vides
2437 1471 2575 1509 sane
2606 1470 2673 1508 ex
2722 1452 2830 1507 hoc
2875 1452 3065 1506 indice
3114 1469 3249 1506 cum
3284 1452 3628 1524 Apologetico
3659 1468 3801 1506 con-

2158 1545 2398 1600 cordare
2431 1544 2578 1598 772
2615 1543 2868 1614 primum
2901 1540 2976 1596 ad
2996 1542 3256 1596 Nationes
3285 1540 3524 1609 librum,
3546 1541 3592 1596 si
3621 1540 3801 1611 huius

2158 1633 2409 1704 excipias
2440 1637 2616 1703 caput
2646 1630 2940 1702 quintum,
2975 1629 3031 1684 in
3066 1647 3182 1701 quo
3216 1629 3396 1701 petita
3428 1630 3499 1684 ab
3548 1628 3800 1684 ethnicis

2158 1738 2225 1777 ex
2259 1721 2428 1776 malis
2460 1720 2814 1792 quibusdam
2856 1719 3199 1774 Christianis
3253 1719 3679 1789 argumentatio
3713 1717 3802 1772 di-

2159 1809 2340 1864 luitur
2373 1827 2386 1876 ;
2421 1813 2476 1863 et
2506 1812 2682 1880 caput
2709 1807 3166 1878 ultimum,quod
3189 1807 3368 1862 totius
3400 1807 3532 1862 libri
3566 1805 3799 1862 conclu-

2160 1899 2246 1954 sio
2270 1897 2687 1954 est.Secundus
2709 1902 2904 1952 autem
2927 1896 3072 1951 liber
3094 1899 3164 1951 ad
3189 1896 3447 1952 sationes
3472 1896 3528 1951 in
3549 1900 3800 1968 septem-

2159 1987 2347 2043 decim
2380 1986 2635 2058 capitula
2667 1986 2889 2041 divisus
2923 1991 3032 2053 est,
3065 2002 3317 2057 quorum
3348 1985 3685 2058 quindecim
3717 1983 3804 2039 ni-

2161 2077 2245 2132 hil
2277 2093 2409 2132 cum
2442 2077 2788 2146 Apotogeticu
2822 2092 3134 2130 commune
3169 2076 3400 2131 habent.
3439 2076 3502 2130 In
3535 2079 3662 2132 octo
3701 2091 3804 2129 au-

2161 2170 2278 2222 tem
2313 2165 2606 2237 prioribus
2637 2183 2704 2220 ex
2734 2165 2826 2219 his
2858 2165 3190 2233 quindecim
3251 2165 3527 2236 capitulis
3582 2163 3808 2220 Tertul-

2162 2255 2356 2310 lianus
2406 2256 2606 2310 fictum
2667 2271 2700 2308 ο.
2753 2253 3006 2308 Varrone
3054 2253 3266 2324 triplex
3323 2254 3565 2309 deorum
3622 2267 3809 2323 genus

2163 2343 2494 2416 physicum,
2545 2341 2891 2413 mythicam,
2933 2341 3253 2412 plebeium,
3309 2342 3368 2396 in
3417 2345 3643 2412 septem
3675 2355 3808 2395 vero

2164 2432 2584 2505 posterioribus
2610 2430 2939 2487 venditatos
2964 2434 3361 2486 Romanorum
3391 2431 3530 2486 deos
3557 2428 3812 2501 exagitat

2164 2527 2222 2579 et
2251 2521 2526 2592 explodit.

2235 2613 2316 2666 Ex
2371 2609 2802 2681 quinquaginta
2859 2625 2990 2664 vero
3050 2609 3378 2680 Apologetici
3434 2607 3706 2680 capitulis
3736 2624 3809 2664 ne

2165 2701 2358 2756 media
2392 2699 2628 2771 quidem
2660 2716 2795 2770 pars
2825 2715 2958 2754 cum
2991 2699 3220 2754 duobus
3251 2700 3322 2754 ad
3351 2699 3618 2754 Nationes
3643 2697 3809 2753 libris

2165 2789 2455 2860 congruit.
2489 2789 2630 2844 Cum
2685 2788 2906 2843 caateris
2955 2792 3148 2843 autem
3200 2787 3465 2854 dissidet,
3500 2786 3558 2842 in
3593 2787 3811 2858 quibus

2165 2877 2561 2934 Tertullianus
2608 2879 2861 2948 explicat
2919 2877 3249 2948 asseritque
3305 2894 3478 2946 quam
3527 2893 3662 2932 vera
3694 2876 3815 2932 sint

2166 2968 2632 3023 Christianorum
2666 2967 3036 3032 documenta,
3090 2983 3265 3037 quam
3314 2966 3458 3022 casti
3506 2970 3562 3022 et
3619 2965 3814 3020 incor-

2167 3057 2324 3130 rupti
2357 3055 2590 3111 illorum
2624 3071 2840 3122 mores,
2873 3073 3050 3126 quam
3084 3055 3163 3126 pii
3206 3061 3262 3110 et
3292 3053 3478 3110 sancti
3522 3053 3816 3110 solemnes

2167 3162 2370 3202 eorum
2398 3150 2605 3212 cintus,
2639 3161 2704 3198 ac
2751 3161 2928 3215 quam
2988 3143 3270 3215 religiosas
3314 3160 3583 3216 synaxes.
3645 3145 3716 3197 At
3746 3143 3818 3197 de

2167 3235 2261 3290 his
2295 3234 2438 3288 nihil
2471 3235 2530 3287 in
2563 3233 2729 3288 libris
2760 3233 2829 3288 ad
2858 3235 3140 3288 Nationes.
3172 3233 3294 3289 Uno
3341 3233 3516 3288 verbo
3563 3233 3620 3287 in
3654 3232 3816 3287 hisce

406 3305 498 3380 "es
531 3287 800 3380 gbeFius’.
825 3287 1159 3358 permotius’
1194 3286 1538 3380 "1.8”quun
1588 3289 1811 3380 ordirle’
1873 3305 2048 3380 quam
2087 3294 2128 3361 Ο
2166 3325 2333 3380 libris
2359 3325 2798 3378 demonstratur
2829 3286 3298 3378 Christianorum
3331 3286 3813 3380 invnocentiaiini-

409 3378 465 3430 in
519 3377 858 3447 Apologetico
914 3377 1274 3448 pertractari.
1331 3376 1603 3431 Animum
1657 3377 1811 3432 enim
1860 3377 2056 3431 nescio

412 3483 530 3537 qua
559 3466 782 3520 ratione
833 3465 1182 3520 induxerant
1231 3482 1380 3534 acre,
1432 3465 1766 3535 vehemens,
1823 3471 2058 3522 acutum

415 3556 670 3610 auctoris
700 3555 1025 3626 ingenium,
1067 3555 1422 3627 igneumque
1455 3554 1613 3610 illius
1655 3572 1898 3610 acumen
1936 3573 2061 3627 pas-

416 3645 524 3700 sim
563 3645 781 3715 ubique
813 3645 870 3699 in
900 3644 991 3698 his
1025 3645 1241 3700 micare
1272 3645 1459 3712 libris,
1504 3645 1604 3700 sed
1639 3661 1767 3700 eum
1806 3644 2060 3699 violento

415 3733 576 3788 illius
615 3733 834 3806 impetu
879 3738 1132 3805 raptum,
1189 3733 1356 3805 plura
1405 3734 1734 3805 scripsisse,
1785 3751 1911 3805 quae
1945 3751 2057 3788 non

419 3822 561 3877 satis
595 3822 892 3886 meditate,
929 3822 1107 3892 polita
1138 3821 1454 3894 limataque
1494 3827 1650 3878 sunt.
1704 3824 1912 3878 Verum
1949 3823 2064 3877 ruit

418 3912 590 3983 plane
623 3912 739 3965 hinc
771 3911 989 3982 opinio,
1051 3911 1099 3964 si
1142 3912 1527 3982 Apotogetieus
1586 3915 1718 3983 post
1763 3911 1945 3968 libros
1992 3911 2065 3966 ad

418 4002 679 4055 Nationes
728 3998 798 4053 ab
849 4014 934 4068 eo,
987 3998 1158 4053 sicuti
1218 3999 1486 4064 vidimus,
1541 4001 1833 4071 profectus
1870 4000 2060 4056 fuerit.

491 4092 773 4141 Praeterea
802 4090 1032 4141 constat
1067 4087 1234 4157 plura
1273 4088 1471 4159 magni
1504 4105 1640 4144 sane
1671 4090 1950 4144 momenti
2002 4090 2064 4144 in

419 4175 763 4249 Apologetico
819 4177 1134 4246 disputari,
1197 4195 1323 4248 quae
1383 4177 1638 4232 inlibris
1697 4179 1764 4232 ad
1815 4179 2068 4234 Nationes

423 4267 638 4323 omissa
672 4269 831 4335 sunt,
874 4265 1105 4320 tametsi
1141 4265 1423 4320 nonnulla
1477 4266 1530 4320 in
1566 4267 1658 4322 his
1710 4268 1970 4323 vicissim
2005 4267 2071 4320 li-

424 4358 566 4421 bris,
599 4361 654 4410 et
686 4354 1026 4426 neutiquam
1059 4356 1115 4409 in
1151 4355 1248 4410 illo
1278 4354 1567 4425 legantur.
1603 4356 1840 4411 Cunctis
1872 4361 2067 4411 autem

427 4450 490 4499 ut
523 4445 640 4499 haec
674 4443 863 4516 magis
896 4442 1070 4514 plana
1099 4459 1163 4498 ac
1221 4442 1527 4514 perspicua
1576 4444 1739 4512 ﬁant,
1770 4445 2071 4513 fexbiben-

428 4535 566 4589 dum
601 4532 940 4588 censuimus
971 4532 1224 4586 indicem
1257 4531 1600 4604 capitum,in
1627 4533 1841 4603 quibus
1868 4533 2071 4588 eadem

429 4629 702 4695 aguntur.
739 4621 877 4676 inde
907 4621 1058 4676 enim
1093 4621 1506 4692 unusquisque
1553 4620 1716 4675 facile
1757 4621 2072 4693 judicabit,

427 4714 489 4767 in
513 4713 729 4785 quibus
759 4710 818 4766 hi
850 4710 981 4765 libri
1024 4727 1056 4766 a
1087 4727 1146 4766 se
1179 4709 1424 4765 invicem
1459 4710 1814 4784 discrepant.

969 4857 1183 4913 INDEX
1225 4857 1308 4911 CA
1321 4855 1543 4910 PITUM

432 4949 492 5002 ln
522 4947 714 5018 quibus
742 4946 1150 5019 Apologeticus
1175 4955 1226 5000 et
1259 4945 1494 5027 tibrirad
1527 4945 1826 5015 Nationes,
1859 4945 2005 5000 inter
2024 4960 2080 4999 se

1079 5026 1430 5072 conveniunt.

435 5144 604 5198 Liber
633 5142 861 5214 primus
890 5143 959 5198 ad
989 5144 1266 5198 Nationes.
1346 5143 1749 5212 Apotogeticus.

436 5233 700 5303 Caputl.
781 5249 793 5263 ·
875 5275 888 5286 .
968 5273 980 5287 .
1065 5276 1076 5287 .
1161 5275 1172 5286 .
1256 5273 1268 5286 .
1348 5232 1575 5302 Cap.1.

437 5322 706 5394 Caput2.
790 5363 802 5374 .
884 5363 896 5376 .
982 5361 996 5377 .
1076 5365 1088 5377 .
1171 5363 1185 5376 .
1269 5363 1280 5375 .
1361 5321 1586 5392 Cap.2.

438 5412 704 5483 Caput3.
785 5451 798 5463 .
881 5451 894 5464 .
977 5451 988 5463 .
1072 5453 1084 5465 .
1167 5453 1180 5465 .
1263 5451 1274 5464 .
1353 5410 1725 5480 Cap.2et3.

440 5501 709 5573 Caput/1.
791 5542 802 5554 .
887 5544 897 5555 .
981 5541 992 5553 .
1078 5540 1089 5552 .
1172 5540 1183 5552 .
1267 5542 1279 5554 .
1358 5498 1764 5569 Cap.36t46.

442 5591 712 5661 Caput6.
795 5631 806 5643 .
888 5630 900 5642 .
985 5631 996 5643 .
1079 5630 1091 5643 .
1172 5630 1184 5642 .
1267 5630 1280 5642 .
1362 5588 1500 5659 Cap.
1537 5588 1587 5643 4.

443 5679 711 5749 Caput7.
794 5720 804 5732 .
887 5721 899 5734 .
982 5717 993 5731 .
1077 5718 1089 5731 .
1174 5718 1185 5732 .
1270 5716 1282 5729 .
1360 5677 1733 5747 Cap.7et8.

446 5769 635 5842 Caput
663 5773 716 5826 8.
797 5807 810 5823 .
891 5805 905 5823 .
986 5807 1000 5826 .
1083 5806 1096 5822 .
1176 5805 1189 5822 .
1273 5804 1286 5820 .
1363 5763 1502 5839 Cap.
1534 5770 1587 5840 8,
1622 5783 1737 5823 non
1769 5771 1980 5825 totum.

2170 3413 2455 3485 quissime
2488 3411 3082 3478 vexata,etbnicorum
3115 3429 3246 3467 vero
3275 3411 3812 3484 injustitia,depra-

2167 3504 2343 3567 vatio,
2390 3501 2720 3572 corruptela
2765 3506 2820 3556 et
2867 3500 3169 3572 religionis
3221 3501 3495 3572 pravitas,
3546 3499 3815 3571 nihilque

2172 3591 2447 3664 amplius.
2481 3594 2696 3646 Verum
2747 3590 2806 3644 in
2840 3591 3178 3660 Apologetico
3235 3590 3354 3645 haec
3414 3590 3650 3662 quidem
3683 3606 3812 3644 om-

2171 3682 2288 3746 nia,
2322 3685 2377 3735 et
2405 3680 2647 3750 insuper
2676 3679 3008 3734 Christianae
3041 3678 3339 3751 religionis
3389 3677 3716 3735 sanctitatis
3748 3695 3814 3756 ac

2170 3771 2404 3827 veritas.
2439 3769 2581 3835 Quis
2633 3785 2768 3841 ergo
2804 3785 2870 3822 ex
2902 3768 3009 3823 hac
3041 3769 3322 3824 horumce
3379 3768 3662 3824 librorum
3695 3767 3820 3823 col-

2172 3861 2388 3915 latione
2421 3874 2631 3930 negare
2664 3858 2875 3929 poterit
2914 3857 3150 3912 illorum
3205 3862 3617 3929 argumentum
3648 3855 3818 3925 longe

2174 3949 2404 4021 plenius
2446 3965 2511 4002 ac
2543 3946 2854 4018 perfectius
2883 3946 2942 4000 in
2965 3947 3320 4018 Apotogetico,
3346 3962 3525 4017 quam
3556 3945 3615 4000 in
3648 3943 3816 4001 libris

2174 4039 2245 4094 ad
2275 4038 2533 4092 Nationes
2563 4035 2842 4107 explicari
2875 4051 2940 4091 ac
2971 4035 3414 4092 demonstrari?

2769 4185 3084 4225 ARTICULUB
3121 4186 3222 4224 νη.

2177 4280 2252 4335 De
2292 4277 2560 4331 librorum
2591 4276 2659 4330 ad
2703 4277 2959 4331 Nationes
3010 4276 3213 4337 titulo;
3243 4291 3348 4330 cur
3389 4291 3423 4331 a
3478 4274 3819 4331 Tertulliano

2249 4349 2458 4418 scripti,
2491 4365 2522 4402 a
2553 4349 2746 4417 quibus
2778 4347 2972 4403 directi
2999 4350 3214 4416 fuerint
3245 4365 3256 4414 ;
3288 4347 3351 4402 de
3379 4349 3541 4402 unico
3594 4348 3823 4402 illorum

2251 4422 2627 4489 manuscripto
2659 4419 2858 4487 codice,
2890 4421 3063 4474 variis
3088 4420 3438 4490 edition-ibus,
3470 4435 3534 4473 ac
3561 4434 3821 4490 quarum-

2251 4493 2379 4547 dam
2406 4494 2462 4545 in
2488 4508 2578 4546 eos
2607 4493 2750 4547 notis
2777 4495 2827 4546 et
2855 4492 3344 4546 observationibus.

2254 4607 2633 4664 Observatum
2668 4625 2700 4663 a
2733 4607 2901 4662 nobis
2933 4606 3043 4662 fuit
3073 4607 3178 4660 bos
3208 4604 3388 4661 libros
3419 4607 3478 4662 in
3533 4605 3826 4679 Agobardi

2184 4698 2382 4754 codice
2412 4697 2650 4752 inscribi
2684 4697 2753 4752 ad
2784 4697 3041 4751 Nationes
3073 4696 3258 4766 (Supr.
3291 4695 3399 4751 hoc
3431 4712 3556 4768 cap.
3590 4700 3698 4752 art.
3731 4697 3825 4768 3);

2187 4789 2257 4842 ab
2291 4786 2639 4858 Hieronymo
2672 4791 2865 4841 autem
2900 4784 3180 4840 librorum
3213 4785 3288 4840 ad
3345 4783 3535 4842 Gentes
3589 4786 3829 4842 nomine

2189 4876 2375 4940 citari,
2408 4877 2508 4931 sed
2543 4876 2855 4947 utriusque
2885 4874 3044 4930 tituli
3075 4875 3340 4930 eamdem
3373 4891 3500 4931 esse
3531 4874 3832 4947 significa-

2187 4967 2430 5022 tionem.
2474 4965 2619 5030 Quia
2649 4970 2842 5021 tamen
2897 4963 2981 5018 illi
3030 4965 3100 5019 ad
3133 4981 3282 5035 quos
3340 4964 3401 5019 hi
3460 4965 3592 5020 libri
3625 4966 3830 5020 directi

2190 5059 2332 5110 sunt
2363 5054 2433 5108 ab
2465 5053 2592 5125 ipso
2623 5053 2985 5110 Tertulliano
3017 5054 3276 5108 Nationes
3325 5058 3426 5108 aut
3481 5055 3704 5111 misera
3731 5060 3833 5109 aut

2189 5143 2516 5198 miseranda:
2555 5147 2804 5198 nationes
2835 5142 3227 5215 appellantur,
3279 5143 3412 5197 hinc
3462 5149 3612 5197 certe
3645 5143 3836 5213 potior

2190 5233 2418 5288 videtur
2469 5233 2704 5303 praefixa
2769 5237 2825 5287 in
2888 5232 3179 5304 Agobardi
3259 5233 3456 5286 codice
3528 5231 3833 5302 inscriptio

2193 5321 2459 5394 (Tertull.
2492 5321 2594 5377 lib.
2627 5339 2666 5392 1,
2698 5323 2780 5377 ad
2811 5325 2934 5379 Nat.
2966 5337 3093 5392 cap.
3148 5321 3198 5388 1,
3233 5325 3288 5375 et
3336 5319 3436 5374 lib.
3485 5336 3548 5386 11,
3598 5335 3722 5390 cap.
3761 5320 3834 5390 1).

2266 5411 2513 5476 Quidam
2547 5416 2742 5466 autem
2777 5427 2845 5465 ex
2900 5410 3009 5463 hac
3065 5408 3384 5479 epigraphe
3440 5407 3632 5479 colligi
3665 5425 3838 5480 posse

2198 5506 2505 5557 autumant
2535 5501 2641 5555 hos
2667 5501 2848 5555 libros
2882 5499 2952 5553 ad
2986 5498 3350 5552 ethnicorum
3384 5497 3666 5569 populum
3716 5497 3836 5568 ple-

2198 5592 2448 5660 bemque
2489 5590 2761 5655 directos,
2823 5587 3228 5659 Apotogetieum
3279 5602 3413 5642 vero
3462 5586 3532 5641 ad
3574 5585 3837 5657 ipsorum

2199 5680 2605 5750 magistratus,
2632 5679 2862 5750 judices
2894 5691 2958 5731 ac
3009 5674 3323 5747 principes.
3368 5678 3441 5731 At
3471 5675 3542 5731 de
3570 5675 3680 5731 hoc
3711 5675 3842 5748 qui-

2202 5768 2335 5826 dem
2363 5770 2705 5842 Apotogetico
2753 5770 2911 5825 certa
2961 5780 3054 5823 res
3085 5769 3140 5823 et
3169 5769 3332 5825 extra
3385 5765 3842 5825 controversiam
