4262 6392
549 443 666 504 855

1068 449 1587 526 TERTULLIANI
1631 455 1955 516 OPERUM
2002 455 2196 515 PARS
2240 456 2289 516 l.
2323 486 2399 497 —
2437 453 2706 514 SERIES
2751 453 2797 526 l,
2852 453 3416 515 APOLOGETICA.

3820 448 3946 508 856

553 576 744 644 posita
773 580 879 632 est.
939 579 1085 643 Quid
1142 584 1337 636 tamen
1393 584 1539 639 vetai
1598 586 1915 656 quominus
1972 587 2087 640 duo
2116 585 2186 639 ad
2213 589 2266 654 Α
2299 584 2378 640 sit
2406 584 2863 650 emendationes,
2891 599 3107 656 easque
3136 588 3192 640 et
3237 583 3382 638 alias
3425 582 3619 653 plures
3668 597 3702 635 a
3730 597 3814 648 se,
3845 579 3945 634 vel

553 664 808 750 Nationes
839 665 971 720 libri
1003 669 1277 725 omnibus
1321 673 1558 728 omnino
1617 673 1885 740 ethnicis,
1923 691 2054 729 cum
2088 691 2185 745 po-

555 751 728 821 pulis,
760 757 885 808 tum
910 757 1212 824 judicibus
1243 765 1300 813 et
1331 761 1905 834 prmsidibus,scripti
1931 763 2197 817 fuerint?

554 839 755 894 Nonne
793 842 853 896 in
903 843 986 898 eis
1034 845 1428 903 Tertullianus
1479 865 1593 904 non
1643 851 1834 905 solum
1869 852 1925 905 in
1960 849 2188 921 plebem

553 928 857 997 gentilium
892 931 1321 1010 invehitur,sed
1349 938 1524 1008 etiam
1557 938 1614 992 in
1639 939 1892 1009 judices,
1926 940 2023 1011 qui
2055 955 2188 993 con-

554 1021 648 1071 tra
696 1020 1094 1092 praescriptam
1155 1025 1446 1095 aequitatis
1504 1026 1817 1099 legumque
1847 1033 2190 1083 cunctarum

558 1105 805 1162 formam
847 1106 1210 1167 Christianos
1258 1113 1592 1170 indefensos
1640 1120 1696 1170 et
1728 1117 2024 1172 inauditos
2055 1133 2192 1171 con-

557 1191 917 1251 demnabant
941 1198 968 1252 ?
997 1203 1198 1256 Nonne
1216 1217 1351 1274 ergo
1374 1202 1484 1258 dici
1519 1208 1708 1276 potest
1739 1204 2190 1270 Tertullianum,

557 1294 690 1335 cum
710 1282 859 1339 hanc
881 1285 1245 1344 ethnicorum
1265 1289 1616 1360 injustitiam
1636 1309 2047 1364 summamque
2068 1309 2194 1348 cru-

561 1369 860 1427 delitatem
893 1382 1172 1446 cerneret,
1217 1379 1325 1434 hos
1383 1379 1638 1451 primum
1675 1381 1744 1436 ad
1797 1383 2075 1446 Nationes,
2133 1380 2192 1436 id

559 1462 669 1529 est,
695 1475 1078 1536 quoscunque
1107 1466 1352 1537 gentiles
1386 1468 1664 1524 direxisse
1695 1469 1896 1538 libros,
1915 1475 1978 1524 ut
2006 1487 2105 1525 eos
2120 1471 2189 1524 ad

557 1547 873 1621 saniorem,
903 1553 952 1608 si
986 1553 1108 1609 ﬁeri
1139 1561 1359 1626 posset,
1393 1563 1682 1613 revocaret
1710 1564 1960 1614 mentem
1985 1559 2012 1614 ?
2044 1561 2194 1614 773

559 1635 667 1690 Sed
700 1637 841 1708 quia
871 1639 1014 1694 nihil
1049 1646 1152 1698 aut
1185 1660 1389 1715 parum
1418 1649 1570 1700 certe
1590 1645 1927 1711 profecerat,
1960 1651 2085 1700 tum
2121 1646 2193 1699 ad

555 1723 785 1792 judices
843 1730 1192 1786 nominatim
1268 1732 1663 1804 praesidesque
1726 1750 1900 1788 suum
1962 1733 2196 1788 misisse

561 1814 980 1886 Apologeticum,
1017 1835 1130 1890 quo
1163 1819 1292 1876 illos
1325 1821 1697 1892 compelleret
1729 1823 1798 1876 ad
1852 1823 2192 1876 examinan-

565 1900 698 1956 dam
730 1903 1190 1963 Christianorum
1223 1924 1484 1976 causam,
1517 1925 1587 1964 ne
1620 1926 1687 1965 ea
1739 1910 2006 1965 inaudita
2053 1926 2195 1964 con-

567 1988 912 2050 demnarent
958 1995 1318 2053 innocentes.
1371 1998 1582 2063 Quanti
1631 2015 1766 2055 vero
1808 1999 1892 2054 ha
1943 1999 2199 2054 rationes

569 2085 850 2140 momenti
883 2086 1357 2160 sint,expendant
1386 2087 1535 2159 aequi
1569 2105 1760 2143 rerum
1795 2089 2197 2154 estimatores,

563 2187 629 2228 ao
659 2175 1058 2246 pronuntient.

633 2279 817 2343 Quam
852 2281 1019 2336 multi
1044 2298 1110 2337 ac
1142 2283 1473 2356 frequentes
1512 2282 1644 2339 libri
1691 2284 2041 2355 Apologetici,
2076 2287 2195 2340 tam

557 2368 671 2423 rari
703 2374 842 2424 sunt
870 2371 1076 2426 horum
1109 2371 1184 2428 ad
1212 2373 1474 2428 Nationes
1496 2372 1775 2428 librorum
1808 2372 2035 2428 codices
2069 2389 2192 2427 ma-

557 2457 841 2530 nuscripti
870 2460 1064 2532 (Supr.
1101 2477 1226 2531 cap.
1259 2463 1317 2526 2,
1348 2462 1547 2532 ιιι-Μ).
1585 2461 1802 2516 Unicus
1833 2460 1989 2515 enim
2024 2460 2192 2516 nobis

554 2551 841 2618 superest,
894 2565 1066 2620 quem
1115 2550 1481 2621 Agobardus,
1533 2549 1615 2604 uti
1667 2549 1833 2605 aiunt
1863 2555 1920 2604 et
1958 2567 1991 2604 a
2021 2549 2190 2604 nobis

547 2634 672 2706 jam
704 2640 1046 2694 annotatum
1095 2643 1205 2704 est,
1256 2637 1730 2710 archiepisc0pus
1781 2638 2190 2711 Lugdunensis

555 2722 626 2776 ad
661 2724 849 2781 sancti
880 2725 1159 2796 Stephani
1189 2727 1368 2783 altare
1399 2727 1706 2784 obtulerat.
1747 2726 1962 2782 Verum
2013 2729 2191 2783 codex

552 2809 651 2866 ille
701 2812 758 2867 in
812 2813 1180 2885 marginibus
1227 2815 1523 2888 plerisque
1571 2815 1650 2872 ita
1699 2816 1837 2888 situ,
1896 2816 2185 2888 squalore,

559 2903 662 2955 aut
691 2917 845 2974 aqua
870 2901 1066 2973 pluvia
1097 2909 1406 2976 corruptus
1437 2910 1544 2972 est,
1587 2909 1649 2961 ut
1678 2911 1947 2961 extremae
2006 2905 2186 2961 linea-

553 3004 685 3044 rum
714 2988 917 3063 littera
949 2990 1060 3062 legi
1093 2993 1345 3065 amplius
1378 2999 1691 3065 nequeant.
1741 2993 1964 3064 Saepius
1995 2996 2188 3063 itaque

551 3076 876 3149 depravatis
919 3079 1083 3148 locis,
1116 3081 1229 3137 nisi
1287 3084 1650 3139 emendatior
1703 3083 1881 3139 codex
1934 3084 2186 3154 reperia-

550 3168 666 3234 tur,
698 3169 921 3225 medica
953 3186 1164 3226 manus
1195 3171 1384 3228 allerri
1419 3189 1532 3229 non
1565 3177 1775 3245 potest,
1803 3189 1907 3228 nec
1929 3173 2185 3230 auctoris

546 3271 760 3313 sensus
788 3257 960 3330 plane
989 3259 1227 3332 percipi.

617 3348 682 3399 In
728 3318 906 3402 veteri
965 3318 1167 3404 auten;
1219 3348 1317 3405 illo
1365 3350 1562 3405 codice
1618 3354 1804 3406 totum
1863 3367 2009 3423 opus
2066 3367 2180 3406 uno
2213 3318 2256 3386 θ

543 3435 764 3501 tenore,
791 3439 850 3490 et
877 3435 1100 3508 absque
1130 3436 1249 3493 ulla
1277 3439 1535 3509 capitum
1567 3438 1848 3494 divisione
1878 3444 2180 3495 exaratum

544 3526 651 3575 est.
685 3521 796 3577 Sed
827 3523 1084 3580 Jaeobus
1113 3525 1500 3582 Gothofredus
1534 3526 1679 3582 illud
1713 3527 1772 3583 in
1805 3527 1961 3584 varia
1990 3527 2182 3599 capita

544 3609 831 3678 distinxit,
864 3612 1479 3687 adjecitquelcapitum
1529 3622 1873 3688 argumenta
1919 3633 1984 3672 ac
2015 3632 2178 3672 sum-

547 3697 753 3753 maria.
785 3701 857 3755 At
905 3701 1210 3772 Rigaltius,
1244 3703 1334 3759 his
1392 3703 1650 3774 omissis,
1700 3705 1936 3761 retinuit
1993 3705 2177 3760 solam

547 3786 807 3858 capitum
841 3791 1297 3862 partitionem,in
1323 3794 1585 3865 margine
1611 3794 1734 3849 suis
1765 3795 2046 3850 duntaxat
2078 3811 2177 3848 nu-

547 3874 723 3930 meris
778 3875 1116 3934 indicatam.
1180 3879 1430 3935 Cuilibet
1490 3881 1688 3951 itaque
1740 3881 2031 3953 integrum
2091 3889 2179 3936 est

541 3961 714 4033 hanc,
747 3965 795 4021 si
846 3967 927 4022 ita
975 3967 1351 4038 judicaverit,
1399 3968 1835 4026 distinctionem
1895 3969 2175 4041 capitum,

539 4049 865 4126 horumque
886 4055 1200 4113 immutare
1229 4063 1596 4129 argumenta.

611 4159 889 4217 Omnium
945 4179 1078 4219 vero
1128 4163 1358 4236 primus
1420 4164 1575 4220 idem
1623 4164 2010 4221 Gothofredus
2068 4165 2175 4222 hos

537 4245 741 4319 libros,
774 4268 927 4308 anno
969 4253 1129 4319 1625,
1187 4252 1334 4309 tales
1392 4253 1707 4325 separatim
1765 4255 1917 4326 typis
1969 4255 2173 4310 excudi

535 4338 778 4408 curavit,
811 4340 1012 4413 quales
1042 4341 1100 4396 in
1135 4349 1453 4399 memorato
1499 4342 1789 4414 Agobardi
1825 4344 2022 4399 codice
2075 4345 2171 4400 de-

534 4425 734 4500 scripti
766 4433 925 4485 sunt.
958 4433 1169 4486 Postea
1196 4430 1478 4501 Rigaltius
1529 4431 1659 4486 illos
1707 4447 1839 4486 cum
1871 4431 2002 4488 aliis
2032 4433 2169 4488 Ter-

533 4513 766 4572 tulliani
806 4518 1077 4590 operibus
1108 4518 1599 4590 divulgavit,quos
1628 4523 1962 4593 septuagies
1991 4523 2170 4578 octies

535 4619 598 4660 se
628 4607 947 4664 correxisse
975 4613 1290 4664 asseverat.
1320 4610 1427 4664 Sed
1459 4614 1686 4680 gratum
1721 4612 1973 4682 profecto
2002 4612 2170 4667 nobis

534 4695 787 4766 fecisset,
820 4698 870 4754 si
901 4699 1176 4771 dignatus
1205 4700 1413 4756 fuisset
1440 4701 1628 4756 dicere
1653 4703 1807 4756 unde
1835 4701 1942 4757 has
1972 4718 2173 4758 omnes
2201 4685 2247 4751 Ι)

537 4785 921 4845 correctiones
951 4789 1256 4861 acceperit.
1289 4790 1538 4864 Etenim_
1566 4790 1697 4846 illas
1739 4808 1855 4846 non
1901 4791 2173 4847 delibavit

533 4890 606 4930 ex
634 4875 806 4931 unico
850 4877 1140 4950 Agobardi
1186 4880 1401 4947 codice,
1453 4896 1650 4951 quem,
1702 4879 1922 4952 Optima
1975 4881 2089 4936 {ide
2136 4896 2171 4936 a

534 4961 888 5021 Gothofredo
941 4965 1093 5039 typis
1149 4984 1450 5036 excusum,
1516 4970 1806 5041 Itigaltius
1864 4986 2166 5041 nunquam

531 5050 747 5124 legisse
775 5053 1018 5110 videtur.
1051 5055 1194 5112 Nam
1229 5065 1290 5113 ul
1321 5056 1489 5129 plura
1517 5063 1838 5124 taceamus,
1878 5057 2025 5114 inter
2047 5058 2167 5112 haec

529 5141 723 5211 verba,
753 5159 854 5199 suo
901 5146 1143 5201 amatori
1189 5145 1334 5217 apud
1366 5162 1473 5216 vos,
1530 5145 1626 5202 ille
1682 5162 1935 5202 vacuum
1994 5146 2164 5201 sicuti

527 5229 916 5290 Gothofredus
971 5233 1232 5307 spatium
1286 5234 1527 5306 reliquit
1601 5240 1882 5306 tanquam
1943 5234 2164 5305 aliquid

527 5317 758 5376 deesset
784 5322 1051 5390 (Tertull.
1111 5322 1211 5379 lib.
1273 5340 1314 5379 ιι
1368 5324 1442 5379 ad
1472 5325 1623 5392 Nat,
1658 5341 1782 5396 cap.
1820 5325 1923 5393 10).
1981 5325 2050 5378 At
2102 5322 2162 5376 in

523 5410 926 5484 manuscripto
957 5411 1154 5468 codice
1209 5411 1355 5468 nihil
1413 5414 1598 5480 deest,
1656 5418 1712 5468 et
1771 5413 1964 5468 omnia
2021 5427 2164 5467 sana

525 5498 700 5568 atque
731 5498 960 5573 integra
988 5507 1146 5558 sunt.
1180 5501 1304 5558 Non
1332 5503 1485 5558 hunc
1514 5501 1694 5573 igitur
1742 5501 2000 5558 codicem
2032 5517 2160 5572 per-

524 5581 814 5654 lustravit,
849 5591 950 5644 sed
981 5589 1168 5646 solam
1201 5591 1464 5662 ejusdem
1487 5589 1819 5646 Gothofredi
1850 5589 2162 5645 editionem

528 5671 612 5725 Ex
641 5673 817 5743 hujus
846 5677 1042 5748 itaque
1080 5679 1451 5750 conjecturis,
1507 5696 1681 5749 quam
1733 5679 1792 5734 in
1854 5679 2008 5735 notis
2037 5680 2163 5736 suis

532 5762 799 5819 consulto
829 5766 1139 5838 adjecerat,
1173 5768 1279 5824 has
1307 5767 1609 5840 Rigaltius,
1641 5785 1787 5841 quas
1816 5773 2000 5841 vocat,
2017 5768 2162 5826 hau-

2297 674 2462 738 bene,
2499 673 2582 726 vel
2616 673 2830 744 saepius
2863 672 3012 728 male
3044 673 3419 744 excogitatas,
3471 671 3528 724 in
3579 674 3799 724 textum
3833 668 3945 723 ho—

2300 778 2496 816 rumce
2522 762 2825 827 librorum,
2865 761 3100 832 perinde
3137 778 3202 816 ac
3249 761 3298 815 si
3349 760 3440 814 sui
3489 763 3707 827 essent,
3762 758 3953 812 auda-

2299 855 2420 904 cter
2447 851 2701 905 intrusit.
2744 850 3005 919 Longius
3053 866 3192 904 sane
3225 851 3369 904 foret
3401 848 3533 902 illas
3589 862 3793 901 omnes
3849 845 3952 899 hic

2300 938 2593 1004 exhibere,
2627 955 2775 1008 quas
2811 956 2962 992 unus
2990 955 3058 993 ex
3091 937 3305 993 nostris
3335 953 3468 991 cum
3500 951 3650 990 nova
3697 951 3948 1004 operum

2301 1026 2643 1082 Tertulliani
2678 1026 2931 1082 editione
2954 1030 3369 1098 repraesentare
3417 1023 3538 1079 scio
3598 1023 3949 1078 meditatur.

2301 1115 2505 1170 Plures
2533 1121 2751 1183 tamen,
2783 1131 2910 1186 qua
2945 1115 3184 1185 majoris
3215 1112 3499 1169 momenti
3537 1117 3698 1177 sunt,
3730 1127 3949 1182 oppor-

2302 1203 2519 1258 tuniori
2553 1203 2675 1258 loco
2707 1203 2860 1258 infra
2889 1202 3242 1258 notabimus.
3268 1201 3347 1257 De
3378 1205 3673 1272 postrema
3702 1199 3947 1254 tandem

2303 1292 2511 1347 horum
2546 1292 2824 1348 librorum
2860 1292 3138 1355 editione,
3171 1308 3205 1346 a
3234 1289 3414 1345 Priori
3458 1289 3758 1351 adornata,
3791 1287 3948 1341 nihil

2303 1381 2469 1436 nobis
2503 1381 2754 1452 amplius
2793 1381 3104 1435 dicendum
3137 1379 3434 1451 suppetit;
3469 1376 3950 1449 quandoquidem

2303 1469 2402 1524 ille
2434 1469 2821 1540 Rigaltianam
2855 1466 2990 1522 κατὰ
3017 1465 3187 1528 πόδας
3221 1471 3457 1523 secutus
3486 1471 3593 1522 est.

2372 1558 2457 1612 Ab
2490 1557 2578 1612 his
2609 1573 2801 1628 porro,
2835 1573 2984 1628 quos
3013 1556 3243 1612 illorum
3276 1556 3346 1610 ad
3377 1555 3630 1611 Nationes
3659 1553 3951 1609 librorum

2302 1645 2658 1701 editionibus
2689 1647 2990 1717 praefectos
3025 1644 3500 1707 memoravimus,
3534 1643 3765 1714 scriptas
3803 1648 3952 1698 sunt

2302 1733 2362 1788 in
2395 1733 2524 1790 illos
2555 1740 2701 1790 notua
2733 1738 2788 1790 et
2817 1733 3270 1790 observationes.
3314 1731 3706 1788 Gothofredus
3750 1735 3952 1785 autem

2305 1822 2501 1892 plures
2533 1839 2706 1892 quam
2743 1822 2841 1877 alii
2890 1823 3092 1887 edidit,
3140 1822 3352 1892 quibus
3396 1821 3609 1875 menda
3642 1818 3860 1874 librarii
3893 1825 3956 1874 et

2311 1911 2653 1966 Tertulliani
2698 1913 2890 1980 verba,
2938 1910 3172 1966 tametsi
3235 1910 3588 1981 quandoque
3636 1925 3747 1963 non
3805 1908 3956 1963 adeo

2308 2000 2576 2068 obscura,
2604 2000 3047 2071 explanare,aut
3079 1998 3373 2054 similibus
3395 1997 3582 2069 ipsius
3615 2001 3671 2052 et
3692 1996 3947 2052 aliorum

2309 2087 2478 2142 dictis
2510 2088 2853 2143 confirmare
2900 2089 3050 2141 774
3092 2087 3319 2142 nititur.
3369 2085 3678 2141 Pauciores
3720 2100 3856 2139 vero
3909 2101 3946 2140 a

2308 2175 2556 2246 Rigaltio
2589 2192 2748 2231 more
2787 2181 3076 2246 modoque
3117 2192 3246 2242 suo,
3294 2175 3364 2229 de
3413 2191 3525 2245 quo
3571 2172 3713 2229 satis
3759 2189 3946 2244 supra

2305 2265 2575 2332 diximus,
2607 2265 2834 2336 scripta:
2867 2269 3026 2331 sunt,
3059 2279 3208 2334 quas
3238 2261 3494 2318 Priorius
3537 2261 3761 2318 curavit
3788 2262 3946 2332 typis

2305 2353 2523 2418 recudi,
2556 2355 2756 2424 eisque
2782 2369 2958 2408 unam
2993 2369 3061 2407 ex
3099 2351 3381 2417 Pamelio,
3409 2355 3466 2407 et
3518 2350 3662 2405 alias
3711 2349 3946 2421 proprio

2300 2443 2535 2514 ingenio
2565 2442 2798 2513 adjecit.
2833 2441 3042 2508 Quanti
3073 2444 3268 2496 autem
3301 2441 3424 2495 sint
3468 2439 3771 2507 momenti,
3816 2455 3949 2494 eru-

2301 2531 2406 2586 diti
2440 2530 2545 2586 viri
2578 2548 2689 2586 non
2723 2530 2902 2586 semel
2937 2531 3419 2602 pronuntiarunt.

2955 2673 3182 2729 CAPUT
3218 2677 3281 2727 V.

2588 2766 2663 2820 De
2697 2765 3024 2821 Tertulliani
3054 2764 3196 2820 libro
3225 2763 3296 2818 ad
3326 2755 3638 2835 Scapulam.

2693 2895 3142 2935 ARTICULUS
3218 2895 3540 2934 PRIMUS.

2792 2969 3048 3040 Analysis
3088 2967 3252 3039 hujus
3286 2967 3436 3022 libri.

2368 3103 2605 3159 Librum
2638 3103 2794 3158 hunc
2851 3102 2970 3158 sive
3029 3101 3223 3171 potius
3281 3100 3608 3173 supplicem
3666 3097 3937 3155 libellum

2295 3191 2688 3247 Tertullianus
2716 3189 2786 3246 ad
2813 3189 3106 3262 Scapulam
3137 3188 3338 3244 Africae
3384 3186 3793 3260 proconsulem
3843 3187 3936 3243 di-

2295 3282 2460 3350 rexit,
2494 3296 2608 3351 quo
2639 3295 2796 3347 eum,
2824 3277 2872 3333 si
2904 3277 3028 3332 ﬁeri
3063 3293 3319 3347 unquam
3369 3280 3617 3348 poterat,
3674 3293 3707 3331 a
3763 3274 3935 3330 Chri-

2293 3367 2502 3423 stianis
2532 3372 2730 3422 contra
2751 3367 2853 3438 jus
2883 3382 3055 3421 omne
3103 3370 3158 3421 et
3186 3366 3273 3421 fas
3302 3363 3705 3419 excruciandis
3734 3380 3936 3419 excar-

2291 3457 2716 3527 niﬁcandisque
2752 3456 3070 3510 deterreret
3097 3453 3362 3526 (Tertull.
3418 3451 3522 3508 lib.
3580 3452 3650 3507 ad
3705 3451 3930 3524 Scaput.

2289 3563 2416 3618 cap.
2453 3547 2521 3617 1).
2558 3543 2818 3599 Primum
2850 3549 3047 3599 autem
3096 3543 3353 3598 declarat
3398 3541 3556 3597 hunc
3597 3541 3860 3596 libellum
3894 3560 3930 3598 a

2288 3652 2350 3691 se
2379 3638 2689 3705 scriptum,
2738 3650 2853 3688 non
2903 3633 3056 3704 quod
3103 3631 3471 3701 Christianis,
3521 3629 3810 3703 supplicia
3838 3630 3932 3686 lu-

2287 3725 2444 3780 benti
2478 3728 2533 3778 et
2563 3721 2739 3778 alacri
2779 3723 2971 3776 animo
3017 3720 3466 3793 perferentibus,
3517 3719 3772 3790 timeret,
3826 3721 3928 3775 sed

2285 3813 2607 3885 gentilibus
2659 3811 2894 3866 illorum
2938 3809 3212 3877 inimicis,
3273 3825 3419 3880 quos
3489 3806 3579 3863 vel
3636 3807 3746 3864 hoc
3799 3806 3927 3864 solo

2288 3901 2522 3956 nomine
2555 3900 2819 3972 diligere,
2878 3915 2944 3954 ac
2993 3915 3095 3970 pro
3149 3898 3233 3953 eis
3290 3901 3472 3954 Deum
3523 3913 3689 3953 orare
3740 3896 3921 3952 iidem

2285 3989 2598 4046 Christiani
2629 3988 2998 4044 tenebantur.
3027 3987 3415 4052 Quamobrem
3445 3985 3622 4042 officii
3668 3985 3759 4042 sui
3791 4001 3922 4041 esse

2285 4080 2450 4136 duxit
2481 4079 2672 4150 palam
2720 4078 2995 4133 omnibus
3045 4077 3233 4132 facere
3289 4076 3631 4131 innocentes
3679 4075 3920 4130 omnino

2284 4185 2412 4226 esse
2444 4167 2826 4234 Christianos,
2850 4183 2916 4222 ac
2945 4165 3194 4239 gentiles
3221 4165 3279 4220 in
3311 4164 3418 4221 hoc
3449 4164 3575 4237 ipso
3607 4163 3925 4220 criminum

2283 4273 2490 4331 genere
2523 4273 2722 4312 revera
2749 4255 3062 4322 oﬂ‘endere,
3111 4257 3169 4310 in
3213 4270 3328 4326 quo
3358 4252 3490 4310 illos
3541 4253 3689 4308 falso
3735 4267 3928 4324 repre-

2281 4347 2635 4403 hendebanh

2353 4436 2477 4492 Non
2508 4433 2743 4490 fictitios
2795 4433 3088 4504 siquidem
3121 4433 3283 4501 deos,
3334 4431 3485 4487 sicut
3533 4429 3644 4499 illi,
3697 4428 3921 4501 colunt,

2280 4526 2380 4582 sed
2409 4541 2609 4580 verum
2646 4523 3006 4594 unicumque
3035 4526 3240 4592 Deum,
3272 4537 3444 4593 quem
3489 4535 3694 4575 omnes
3752 4525 3924 4575 natu-

2278 4614 2476 4671 raliter
2505 4617 2958 4685 cognoscunt,ac
2989 4617 3278 4667 verentur.
3303 4608 3618 4666 Christiani
3643 4608 3821 4680 igitur
3848 4610 3924 4665 ad

2279 4704 2461 4760 alium
2494 4701 2796 4758 colendum
2829 4699 2958 4772 cogi
2990 4717 3105 4755 non
3149 4700 3395 4768 debent;
3444 4697 3924 4770 quandoquidem

2279 4792 2581 4864 religionis
2614 4807 2727 4846 non
2759 4793 2849 4844 est
2877 4805 3077 4858 cogere
3108 4788 3467 4859 religionem.
3512 4787 3712 4859 Neque
3744 4786 3920 4843 etiam

2278 4882 2613 4952 quicunque
2646 4879 2948 4950 ﬁnguntur
2978 4877 3078 4945 dii,
3112 4884 3359 4949 possunt
3385 4878 3454 4933 ab
3494 4875 3691 4932 invitis
3742 4875 3923 4931 sacri-

2277 4969 2408 5025 ﬁcia
2448 4968 2797 5023 desiderare.
2848 4966 3171 5037 lmpietatis
3219 4966 3415 5037 itaque
3462 4971 3567 5022 aut
3605 4963 3919 5036 sacrilegii,

2277 5063 2378 5114 aut
2427 5057 2583 5124 furti,
2635 5060 2737 5110 aut
2780 5054 3087 5110 seditionis
3137 5054 3472 5122 Christiani,
3522 5055 3660 5110 deos
3731 5052 3924 5108 colere

2275 5149 2632 5210 recusantes,
2683 5142 2855 5216 plane
2918 5143 3213 5198 immerito
3263 5146 3634 5199 accusantur.
3685 5140 3915 5197 Ethnici

2273 5251 2408 5290 vero
2456 5233 2696 5305 impune
2753 5231 3070 5304 spoliantes
3119 5233 3362 5289 deorum
3411 5247 3654 5288 suorum
3698 5229 3917 5302 templa

2272 5322 2406 5377 illos
2440 5327 2826 5378 contemnunt
2854 5337 2919 5376 ac
2951 5319 3236 5376 derident.

2345 5411 2489 5479 Quid
2523 5428 2674 5481 vero,
2711 5411 2866 5483 quod
2898 5410 2958 5465 hi
2990 5407 3099 5466 soli
3128 5409 3185 5464 in
3217 5409 3568 5478 Albinianis,
3618 5406 3916 5480 Nigrianis

2273 5507 2329 5559 et
2357 5501 2649 5558 Cassianis
2680 5499 3066 5556 seditionibus
3108 5514 3174 5554 eo
3215 5498 3345 5570 ipso
3395 5505 3659 5570 tempore
3700 5496 3918 5569 reperti

2271 5596 2430 5662 sunt,
2463 5590 2562 5663 qui
2580 5607 2681 5663 per
2710 5590 3127 5662 imperatorum
3151 5588 3435 5658 jurabant
3462 5587 3684 5658 genios,
3718 5589 3775 5642 et
3808 5602 3915 5656 pro

2270 5697 2472 5738 eorum
2505 5679 2694 5737 salute
2715 5676 3104 5734 immolabant
3133 5677 3381 5746 hostias,
3413 5681 3471 5733 et
3499 5674 3790 5732 sacriﬁcia
3833 5673 3916 5730 fa-

2271 5769 2522 5826 ciebant.
2550 5770 2623 5825 At
2650 5765 2966 5825 Christiani
3013 5763 3237 5823 nullius
3267 5765 3442 5840 plane
3497 5765 3698 5823 hostes
3745 5767 3911 5836 sunt,
