4262 6352
404 385 522 447 85Ἰ

967 383 1045 444 IN
1086 381 1388 446 LIBRUM
1432 384 1533 443 AD
1579 382 1992 446 SCAPULAM
2036 385 2107 443 D.
2156 382 2249 443 LE
2295 383 2619 446 NOUBRY
2667 383 3215 447 DISSERTATIO.

3698 377 3819 439 858

406 518 623 574 nodum
681 516 1092 588 imperatoris,
1167 533 1341 589 quem
1401 534 1433 571 a
1494 521 1605 573 Deo
1664 516 2340 586 constitutumArium,
2374 515 2709 586 impetravit
2738 518 3010 588 precibus
3075 514 3560 581 Christianorum,
3611 512 3710 583 qui
3762 514 3822 566 et

406 606 624 675 sciunt,
658 612 716 661 et
744 606 959 661 idcirco
992 605 1219 660 sincere
1254 604 1892 677 honorant,voluntque
1924 623 2058 661 cum

406 701 527 751 toto
558 696 820 751 Romano
855 694 1100 765 imperio
1133 693 1357 749 salvum
1396 711 1524 749 esse
1574 700 1631 749 et
1676 694 2055 750 incolumem.

408 786 531 841 Non
558 784 865 856 gentilium
891 788 1085 838 tamen
1120 800 1279 837 more
1311 781 1478 837 illum
1512 789 1877 851 venerantur,
1929 790 2062 838 tan-

410 891 585 945 quam
621 874 819 942 deum,
855 873 957 927 sed
990 871 1129 942 quia
1161 872 1326 927 falsis
1360 871 1639 927 omnibus
1671 873 1786 927 diis
1818 878 1906 928 est
1936 890 2060 927 ma-

400 964 516 1033 jar,
550 962 858 1033 minorque
889 960 1011 1016 solo
1042 977 1178 1016 vero
1238 960 1379 1027 Deo,
1444 977 1619 1031 quem
1682 961 1899 1016 idcirco
1956 978 2059 1032 pro

407 1050 569 1107 illius
592 1051 781 1107 salute
813 1050 1160 1123 quotidiana
1192 1066 1431 1120 precum
1465 1050 1752 1105 sacrificio
1796 1055 2057 1105 exorant.

408 1140 692 1195 Caeterum
729 1139 962 1195 tametsi
995 1138 1251 1194 maxima
1282 1139 1360 1193 sit
1387 1140 1727 1194 earumdem
1779 1139 2059 1195 Christia-

408 1247 619 1285 norum
680 1229 1018 1295 multitudo,
1077 1228 1295 1299 singuli
1347 1227 1737 1283 nihilominus
1768 1228 1863 1282 vix
1894 1228 2061 1283 aliter

405 1324 819 1389 agnoscuntur,
852 1334 1030 1389 quam
1063 1318 1372 1382 modestia,
1406 1317 1641 1373 silentio
1667 1334 1735 1373 ac
1777 1317 2059 1389 pristino-

411 1424 542 1462 rum
575 1407 855 1462 vitiorum
889 1405 1301 1462 emendatione
1332 1407 1479 1477 (cap.
1513 1405 1591 1476 2).

480 1536 595 1592 Nec
626 1536 885 1608 inquieto
927 1540 1026 1591 aut
1057 1536 1385 1607 impatienti
1419 1536 1614 1592 animo
1644 1536 1900 1609 irrogata
1950 1538 2059 1593 sibi

410 1628 481 1681 ab
543 1625 819 1695 ethnicis,
880 1625 961 1680 ait
1017 1624 1437 1692 Tertullianus,
1501 1626 1693 1681 ferunt
1750 1626 2056 1699 supplicia,

410 1732 655 1787 quorum
691 1716 872 1770 aDeo
932 1718 1272 1786 exspectant
1330 1715 1635 1770 ultionem.
1695 1715 1802 1770 Sed
1860 1716 2062 1772 dolent

410 1804 759 1876 utiquejam
797 1804 1100 1874 praemissa
1134 1803 1317 1859 fuisse
1353 1804 1510 1859 illius
1536 1805 1654 1873 jam
1694 1804 2059 1861 imminentis

402 1894 650 1964 judicia,
711 1910 934 1949 messes
992 1892 1293 1959 nimirum,
1347 1893 1641 1949 Hilariano
1701 1911 1887 1966 nuper
1918 1886 2139 1966 praa-B

411 1983 557 2052 side,
603 1985 877 2050 amissas,
937 1982 1151 2038 nimios
1212 1988 1268 2037 et
1327 1983 1763 2054 intempestivos
1819 1982 2057 2040 imbres.

411 2071 576 2144 ignes
609 2076 925 2128 nocturnos
958 2088 1136 2144 super
1165 2071 1533 2144 Carthaginis
1564 2073 1780 2127 mmnia
1811 2074 2062 2144 penden-

412 2164 521 2227 tes,
557 2160 821 2216 tonitrua
850 2160 1108 2228 insolita,
1143 2165 1317 2231 atque
1348 2160 1867 2216 extraordinariam
1900 2178 2059 2233 pror-

409 2266 511 2305 sus
543 2250 681 2306 salis
713 2249 1119 2305 defectionem.
1165 2248 1446 2321 Vigellius
1497 2266 1630 2305 vero
1680 2249 2056 2318 Saturninus,

408 2340 510 2409 qui
568 2340 795 2410 primus
854 2339 912 2393 in
973 2338 1160 2394 Africa
1216 2338 1580 2394 Christianos
1625 2340 1769 2395 775
1804 2338 2053 2393 interfici

397 2429 680 2498 jusserat,
713 2428 1015 2483 oculorum
1051 2428 1271 2481 lumine
1302 2428 1560 2499 privatus
1591 2432 1698 2483 est.
1734 2427 1796 2482 In
1831 2429 2053 2499 Cappa-

405 2518 572 2572 docia
604 2533 838 2589 quoque
869 2516 1229 2572 Claudianus
1261 2517 1677 2572 Herminianus
1718 2521 1877 2588 peste
1933 2534 2055 2571 ver-

408 2609 719 2680 mibusque
771 2606 1197 2663 ebullientibus
1256 2607 1417 2674 obiit,
1451 2606 1682 2662 etiamsi
1715 2623 1845 2661 sera
1874 2607 2051 2662 nimis

406 2697 747 2769 pcsnitentia
776 2696 1145 2752 Christianus
1178 2713 1324 2767 pene
1346 2697 1535 2751 factus
1561 2696 2054 2767 fuisset.Denique

407 2786 667 2842 Caecilius
698 2785 932 2858 Capella
962 2802 1091 2841 cum
1138 2788 1198 2840 in
1218 2788 1371 2840 exitu
1396 2786 1514 2841 sive
1537 2785 1711 2840 exitio
1734 2785 2051 2857 Byzantina

407 2875 754 2933 Christianis
786 2874 1123 2931 insultando
1174 2874 1557 2930 exclamasset
1590 2891 1602 2929 :
1639 2875 1892 2939 Gaudete,
1940 2873 2066 2928 imm

409 2965 701 3036 pudentius
759 2963 1237 3035 crudelitatisque
1268 2981 1385 3018 sua;
1414 2979 1615 3034 pmnas
1644 2963 1834 3018 solvit.
1868 2962 1921 3015 Si
1954 2961 2053 3032 qui

407 3070 541 3109 vero
575 3048 868 3123 ejusmodi
901 3052 1181 3124 praesides
1213 3053 1451 3123 impuue
1481 3056 1807 3120 evaserunt,
1846 3049 2051 3105 ultimo

405 3141 756 3213 Deijudicio
790 3142 1130 3213 punientur.
1164 3141 1424 3211 Scapulae
1483 3155 1641 3211 ergo,
1702 3139 1895 3211 inquit
1954 3155 2053 3193 au-

406 3236 528 3286 ctor
582 3235 801 3299 noster,
861 3231 989 3286 ideo
1028 3234 1152 3285 erat
1177 3229 1525 3296 timendum,
1560 3228 1699 3301 quia
1718 3227 2052 3284 Adrumeti-

404 3337 537 3375 cum
573 3320 871 3376 Mavillum
908 3320 1078 3391 paulo
1110 3323 1244 3374 ante
1287 3318 1430 3373 illud
1490 3316 1728 3373 exitium
1784 3316 2052 3389 Byzanti-

404 3427 545 3465 num
578 3410 648 3465 ad
685 3409 902 3465 bestias
932 3410 1315 3465 damnaxerat
1345 3409 1492 3479 (cap.
1525 3408 1602 3478 3).

472 3544 631 3600 Seria
661 3547 855 3598 tamen
890 3542 1055 3597 illum
1090 3543 1366 3597 admonet
1410 3540 1532 3595 hac
1590 3556 1623 3595 a
1681 3556 1743 3595 se
1792 3555 2052 3594 comme-

403 3633 618 3689 morari
678 3649 792 3688 non
852 3639 1159 3703 propterea
1217 3631 1454 3702 quidem
1487 3629 1642 3701 quod
1675 3629 1800 3700 ipse
1831 3627 2051 3699 aliquid

402 3722 698 3791 formidet,
731 3725 831 3775 aut
864 3724 927 3775 ut
967 3720 1241 3775 eumdem
1290 3717 1598 3790 Scapulam
1649 3722 1896 3785 terreat;
1947 3716 2049 3772 sed

403 3811 543 3882 quia
598 3810 721 3864 vult
779 3825 982 3864 omnes
1042 3808 1234 3863 salvos
1293 3807 1440 3862 ﬁeri.
1487 3807 1850 3877 Quapropter
1878 3804 2047 3860 illum

404 3900 770 3965 adhortatur,
805 3902 1116 3952 utmorem
1147 3901 1313 3968 gerat
1344 3895 1594 3969 legibus,
1640 3911 1766 3965 quas
1818 3893 2047 3950 nullum

404 4004 590 4058 reum,
652 3986 763 4040 nisi
821 3985 1070 4041 crimina
1102 3985 1459 4053 confessum,
1494 3987 1595 4038 aut
1623 3998 1824 4038 earum
1852 3982 2047 4038 convi-

401 4083 559 4132 ctum
594 4075 763 4148 plecti
794 4074 1156 4146 praecipiunt.
1207 4072 1485 4144 Exempla
1543 4071 1753 4127 deinde
1811 4072 1861 4126 ei
1920 4089 2048 4143 pro-

403 4166 568 4238 ponit
624 4163 805 4220 Cincii
865 4163 1080 4232 Severi,
1140 4162 1450 4234 Vespronii
1507 4160 1774 4225 Candidi,
1819 4160 2045 4232 Asperi,

398 4253 707 4326 Pudentis,
741 4252 840 4325 qui
871 4252 1212 4307 innocentes
1245 4249 1607 4306 Christianos
1660 4250 2049 4305 condemnare

398 4346 735 4402 noluerunt.
797 4342 1097 4407 Quomodo
1152 4344 1347 4397 autem
1382 4339 1487 4415 bas
1518 4339 1874 4407 imitaretur,
1909 4353 2047 4410 sug-

400 4451 600 4510 gerere
632 4434 682 4490 ei
715 4435 983 4505 poterant
1012 4430 1295 4500 advocati,
1329 4428 1546 4501 quibus
1578 4427 1896 4484 Christiani
1930 4443 2046 4481 non

400 4525 649 4581 minima
679 4540 819 4579 sane
873 4521 1157 4577 beneﬁcia
1214 4519 1605 4575 contulerant.
1666 4517 1792 4573 Non
1852 4515 2045 4571 solum

399 4614 555 4670 enim
614 4613 904 4684 ejecerant
964 4608 1252 4665 daemonia
1302 4625 1372 4662 ex
1429 4606 1662 4662 illorum
1709 4604 1959 4669 notario,
1992 4608 2124 4688 etD

401 4703 514 4758 alio
560 4718 761 4759 eorum
822 4700 1173 4773 propinqua,
1229 4698 1331 4754 sed
1389 4696 1533 4753 alios
1592 4697 1768 4752 etiam
1826 4693 2048 4750 morbis

400 4793 648 4849 afﬂictos
684 4788 1034 4847 mirabilitar
1066 4790 1433 4844 sanaverant.

472 4917 623 4981 Quin
655 4916 829 4972 etiam
876 4915 1122 4970 Severus
1169 4913 1506 4984 imperator,
1554 4908 1834 4965 Antonini
1882 4908 2046 4965 Chri-

400 5007 593 5062 stiana
686 5006 837 5061 lacte
894 5002 1123 5060 educati
1180 5006 1363 5074 pater,
1424 5017 1557 5055 cum
1606 4997 1747 5054 olim
1778 4996 2051 5053 similiter

402 5100 609 5151 sanatu
699 5094 910 5150 fuisset
963 5094 1118 5157 aleo,
1181 5092 1334 5163 quod
1394 5088 1673 5145 Proculus
1730 5088 2047 5158 ’l‘orpacien

398 5184 796 5252 Christianus,
854 5181 1128 5247 Euhodiaa
1188 5183 1551 5253 procurator,
1612 5178 1871 5244 dederat,
1930 5193 2046 5232 non

398 5274 570 5328 modo
628 5289 763 5327 eum
823 5270 894 5326 ad
936 5274 1183 5327 mortem
1219 5285 1406 5341 usque
1436 5268 1495 5323 in
1527 5266 1737 5340 palatio
1770 5283 1875 5322 suo
1908 5265 2047 5322 reti-

395 5364 545 5432 nuit,
603 5360 699 5417 sed
754 5361 1098 5414 clarissimas
1151 5360 1394 5429 feminas
1424 5365 1476 5414 et
1507 5356 1848 5412 clarissimos
1880 5358 2043 5426 viros,

395 5450 736 5509 Christianae
770 5447 1069 5521 religionis
1119 5448 1322 5503 itidem
1379 5450 1693 5502 sectatores
1744 5461 2044 5516 nunquam

394 5542 564 5607 laisit,
598 5538 928 5611 restititque
959 5535 1173 5611 populo
1202 5536 1260 5591 in
1295 5535 1661 5593 Christianas
1711 5533 1904 5605 palam
1957 5534 2045 5588 fu-

396 5632 568 5689 renti.
630 5630 862 5686 Marcus
922 5643 1155 5701 quoque
1187 5624 1455 5683 Aurelius
1480 5625 1541 5679 in
1572 5622 1919 5679 Germanica
1949 5638 2044 5678 ex-

399 5720 695 5795 peditione
724 5719 995 5788 imbrem,
1029 5714 1304 5773 exercitui
1334 5731 1441 5773 suo
1488 5712 1725 5786 penitus
1772 5726 2044 5769 necessa-

2171 604 2317 659 alios
2349 606 2407 658 in
2440 622 2579 660 casu
2611 606 2791 661 simili
2820 607 3216 661 obtinuerant.

2244 694 2389 757 Quid
2425 712 2560 766 ergo
2604 695 2890 766 iniquius,
2945 712 3119 764 quam
3166 694 3375 763 jubere
3433 690 3817 757 Christianos,

2169 784 2436 838 sedulam
2470 784 2767 839 virtitibus
2799 785 3079 841 omnibus
3117 798 3351 853 Operam
3385 784 3683 842 navantes,
3705 795 3820 833 non

2171 877 2402 926 tantum
2464 873 2679 943 gladio,
2716 874 3213 945 quemadmodum
3247 888 3280 925 a
3302 867 3548 941 legionis
3579 873 3636 922 et
3665 868 3821 922 Mau-

2170 960 2395 1016 ritania)
2429 964 2797 1033 praesidibus,
2831 979 2900 1018 ex
2939 967 3201 1017 veterum
3234 959 3431 1031 legum
3483 957 3820 1029 praescripta

2170 1050 2350 1116 feriri,
2385 1052 2487 1105 sed
2517 1051 2677 1107 vivos
2708 1052 2883 1107 etiam
2915 1049 3228 1107 comburi?
3259 1052 3473 1103 Verum
3504 1044 3822 1101 Tertullia-

2169 1157 2281 1195 nus
2340 1141 2533 1212 palam
2595 1143 2902 1213 proﬁtetur
2935 1141 3056 1197 haec
3087 1138 3381 1211 supplicia
3410 1155 3442 1192 a
3474 1135 3822 1191 Christianis

2172 1229 2361 1299 magis
2391 1231 2628 1301 (optari,
2690 1248 2866 1302 quam
2926 1230 3140 1285 timeri.
3200 1228 3342 1283 Cum
3403 1226 3559 1281 enim
3616 1224 3819 1280 Arrius

2168 1318 2497 1374 Antoninus
2555 1320 2612 1374 in
2670 1337 2770 1375 eos
2831 1318 3130 1374 crudelius
3178 1317 3423 1381 saeviret,
3456 1314 3819 1371 omnibusin

2168 1407 2316 1462 Asiae
2346 1408 2575 1463 civitate
2606 1426 2734 1465 sese
2761 1408 2842 1462 illi
2874 1408 3027 1463 ultro
3056 1406 3438 1463 offerentibus
3471 1404 3771 1475 respondit
3802 1418 3817 1458 :

2171 1517 2199 1546 «
2231 1496 2288 1550 Si
2318 1496 2491 1551 vultis
2514 1497 2723 1568 perire,
2760 1496 3080 1568 praecipitia
3112 1504 3213 1551 aut
3268 1496 3437 1549 funes
3497 1493 3750 1548 habetis.
3787 1512 3816 1539 »ι

2172 1586 2314 1650 Quid
2352 1586 2530 1657 igitur
2559 1584 2810 1655 Scapula
2842 1587 3011 1641 faciet
3042 1582 3367 1639 innumeris
3398 1582 3818 1653 propemedum

2170 1674 2519 1731 Christianis
2577 1674 3180 1746 Carthaginensibus,
3241 1673 3383 1743 quid
3450 1672 3540 1726 sui
3595 1670 3820 1725 ordinis

2170 1763 2530 1830 hominibus,
2564 1764 2702 1834 quid
2737 1763 3081 1834 prapinquis
3111 1767 3169 1817 et
3200 1761 3428 1829 amicis,
3461 1759 3561 1831 qui
3612 1764 3820 1829 sponte

2172 1869 2278 1907 sua
2308 1869 2437 1908 sese
2468 1852 2549 1907 illi
2583 1854 2874 1908 necandos
2907 1850 3193 1906 offerent?
3226 1850 3617 1916 Quamobrem
3649 1847 3819 1902 illum

2170 1940 2439 1996 hortatur
2462 1945 2525 1996 ut
2553 1947 2752 2013 pareat
2782 1941 3122 2011 Carthagini
3153 1945 3209 1994 et
3261 1936 3586 2012 provincias,
3641 1952 3818 2006 quam

2172 2029 2427 2084 militum
2461 2036 2519 2085 et
2549 2030 2923 2084 inimicorum
2974 2027 3466 2083 concussionibus
3510 2024 3820 2080 obnoxiam

2168 2114 2489 2174 fecit.Deus
2520 2120 2676 2174 enim
2705 2118 2865 2174 solus
2898 2122 2987 2173 est
3012 2116 3486 2173 Chriatianorum
3522 2112 3824 2184 magister,

2169 2207 2265 2279 qui
2294 2206 2646 2279 anteipsum
2678 2212 2822 2273 erat,
2858 2223 2961 2261 nec
2994 2207 3066 2261 ab
3120 2203 3460 2259 hominibus
3517 2202 3656 2256 mali
3714 2201 3819 2256 ali-

2167 2296 2304 2367 quid
2367 2296 2485 2368 pati
2546 2301 2772 2366 potest;
2835 2299 3039 2349 contra
3068 2309 3200 2349 vero
3231 2309 3377 2364 quos
3409 2289 3662 2361 Scapula
3695 2305 3819 2344 ma-

2164 2385 2380 2455 gistros
2413 2384 2608 2451 habet,
2641 2383 2909 2438 homines
2940 2388 3100 2447 sunt,
3155 2380 3474 2451 aliquando
3524 2376 3816 2433 morituri.

2163 2473 2445 2544 Denique,
2477 2473 2765 2544 quidquid
2798 2471 2895 2527 ille
2925 2475 3079 2544 agat,
3115 2487 3230 2526 non
3262 2468 3494 2524 deﬁciet
3523 2465 3803 2523 Christia-

2164 2579 2371 2616 norum
2406 2566 2585 2627 secta,
2614 2578 2740 2636 quae
2784 2566 2910 2616 tum
2971 2561 3145 2614 etiam
3203 2556 3431 2626 crescit,
3489 2572 3622 2611 cum
3664 2553 3805 2609 caedi

2163 2651 2411 2706 videtur.
2474 2650 2752 2721 Quisquis
2810 2666 3064 2720 namque
3121 2646 3509 2717 investigatet
3539 2642 3808 2717 agnoscit

2163 2757 2267 2795 cur
2298 2739 2383 2793 illi
2414 2744 2533 2795 tam
2579 2744 2918 2795 constanter
2975 2735 3250 2807 quaelibet
3306 2738 3598 2790 tormenta
3656 2733 3806 2787 770

2161 2829 2481 2901 patiantur,
2516 2828 2609 2882 hi".
2638 2834 2777 2883 tunc
2804 2827 3105 2882 veritatem
3136 2822 3456 2897 cognoscit,
3487 2827 3544 2878 et
3572 2820 3808 2878 illarum

2162 2915 2541 2989 amplectitur
2570 2916 2913 2989 religionem
2946 2915 3095 2987 (cap.
3128 2914 3202 2985 4).

2771 3073 2978 3112 ARTICU
2987 3073 3089 3113 LUS
3130 3074 3191 3111 II.

2162 3165 2480 3223 Ostenditur
2508 3164 2905 3220 Iertuttianum
2954 3164 3118 3233 hujus
3164 3163 3296 3218 libri
3322 3165 3603 3233 auctorem
3635 3177 3647 3216 :
3679 3160 3801 3230 qui-

2237 3239 2333 3291 bus
2376 3238 2684 3292 rationibus
2740 3236 2809 3290 ad
2869 3231 3032 3290 illum
3086 3244 3201 3306 post
3253 3231 3692 3306 Apolageticum
3750 3238 3804 3285 et

2239 3308 2410 3363 libros
2441 3310 2511 3363 ad
2544 3307 2822 3362 Nationes
2850 3305 3117 3362 edendum
3146 3306 3421 3375 impulsus
3447 3305 3658 3375 fuerit;
3692 3318 3804 3375 quo

2232 3386 2468 3451 tempore
2520 3379 2689 3451 illum
2745 3381 3046 3449 scripserit,
3096 3393 3160 3433 ac
3183 3374 3248 3433 de
3275 3374 3600 3448 quibusdam
3625 3374 3801 3451 ethni-

2232 3454 2309 3506 cis
2335 3445 2763 3523 proconsulibus
2792 3445 2864 3504 ac
2880 3451 3174 3521 praefectis,
3226 3445 3323 3519 qui
3378 3452 3475 3503 aut
3526 3445 3805 3501 crudelius

2233 3527 2328 3579 aut
2360 3525 2551 3578 mitius
2581 3538 2706 3577 cum
2740 3523 3077 3579 Christianis
3104 3524 3351 3592 egerunt.

2234 3665 2449 3722 Omnes
2480 3680 2693 3737 magna
2741 3680 2881 3719 sane
2933 3662 3319 3735 unanimique
3372 3676 3663 3717 consensu
3724 3658 3807 3712 fa-

2158 3758 2357 3810 tentur
2386 3752 2812 3810 Tertullianum
2847 3753 3025 3823 hujus
3055 3751 3186 3807 libri
3219 3767 3421 3806 verum
3452 3765 3580 3805 esse
3609 3763 3812 3820 paren-

2157 3848 2297 3900 tem.
2335 3844 2553 3914 Ecquis
2581 3842 2795 3897 veroid
2833 3858 3044 3914 negare
3075 3841 3305 3910 audeat,
3359 3838 3516 3909 quod
3565 3836 3811 3907 ipsemet

2157 3931 2324 4003 liber,
2378 3936 2535 3988 totus
2583 3935 2841 4003 quantus
2890 3936 3003 3996 est,
3059 3929 3251 4001 palam
3285 3924 3632 3984 attestatur?
3662 3925 3809 3979 Nam

2156 4021 2309 4077 idem
2345 4021 2401 4076 in
2437 4038 2504 4076 ea
2554 4025 2730 4093 atque
2789 4020 2848 4075 in
2904 4018 3260 4091 Apologetico
3316 4023 3373 4072 et
3419 4017 3494 4071 ad
3552 4014 3809 4069 Nationes

2155 4108 2324 4165 libris
2381 4109 2613 4165 dicendi
2669 4124 2879 4181 genus,
2933 4108 3146 4164 easdem
3194 4104 3520 4178 peculiares
3576 4119 3644 4159 ac
3670 4102 3809 4157 Ter-

2154 4197 2401 4254 tulliano
2432 4197 2680 4269 proprias
2712 4197 3019 4263 dictiones,
3050 4197 3255 4251 eadem
3315 4193 3490 4249 verba
3542 4190 3805 4263 singula-

2157 4286 2265 4357 ria,
2299 4287 2516 4342 eaedem
2549 4285 2896 4358 plerumque
2954 4285 3015 4339 in
3073 4282 3541 4339 Christianorum
3597 4280 3803 4336 adver-

2159 4392 2263 4431 sus
2293 4374 2560 4431 ethnicos
2591 4374 2989 4430 defensionem
3026 4370 3805 4444 argumentationes.0uem-

2157 4464 2477 4521 admodum
2510 4464 2687 4519 etiam
2720 4464 3095 4534 Apologeticus
3125 4466 3182 4516 et
3229 4448 3373 4515 libri
3420 4459 3491 4514 ad
3546 4458 3807 4513 Nationes

2158 4561 2259 4609 aut
2290 4553 2568 4609 omnibus
2598 4552 2849 4607 ethnicis
2882 4556 2981 4607 aut
3011 4567 3212 4607 eorum
3245 4547 3594 4621 praesidibus
3636 4544 3807 4601 missi

2156 4646 2315 4713 sunt,
2377 4642 2458 4695 ita
2521 4641 2693 4712 plane
2751 4646 2982 4697 constat
3038 4642 3191 4695 hunc
3246 4639 3464 4693 librum
3518 4637 3807 4692 directum

2157 4733 2340 4787 fuisse
2369 4729 2653 4802 Scapulae,
2687 4730 3059 4801 Carthaginis
3083 4728 3386 4799 totiusque
3413 4726 3617 4781 Africae
3666 4742 3809 4796 pras-

2156 4821 2326 4887 fecto,
2384 4835 2557 4892 quem
2614 4818 3011 4875 Tertullianus
3060 4836 3093 4873 a
3129 4816 3479 4873 Christianis
3511 4814 3682 4887 plane
3712 4813 3804 4868 in-

2156 4910 2506 4966 nocentibus
2533 4908 2873 4980 torquendis
2902 4913 2958 4965 et
3002 4906 3370 4964 trucidandis
3413 4920 3653 4962 avocare
3705 4919 3806 4961 co-

2155 5004 2330 5057 natus
2361 5003 2468 5056 est.

2226 5090 2335 5145 Sed
2368 5089 2511 5160 quid
2542 5086 2928 5155 Tertulliano,
2987 5086 3214 5160 inquiet
3271 5084 3509 5157 aliquis,
3568 5098 3806 5140 necesse

2155 5183 2279 5236 erat
2335 5177 2508 5234 aliam
2569 5178 2849 5233 adversus
2906 5176 3152 5250 gentiles
3215 5180 3274 5233 et
3326 5192 3430 5248 pro
3458 5172 3806 5229 Christianis

2155 5273 2365 5342 praeter
2400 5268 2799 5338 Apotogeticu-m
2857 5270 2913 5322 et
2969 5266 3150 5322 libras
3208 5266 3276 5321 ad
3330 5265 3588 5319 Nationes
3646 5275 3804 5316 com-
3890 5314 3897 5317 _

2154 5358 2577 5414 mentationem
2632 5361 2735 5412 aut
2782 5356 3001 5412 librum
3034 5353 3336 5412 scribere?
3370 5347 3675 5417 Immanis,
3707 5348 3802 5403 in-

2156 5447 2422 5519 quimus,
2456 5446 2738 5518 Scapulas,
2770 5445 2976 5501 Airicaa
3006 5443 3292 5516 prtesidis,
3326 5440 3385 5495 in
3435 5437 3801 5494 Christianos

2156 5536 2384 5593 saevitia
2416 5535 2583 5591 illum
2620 5536 2689 5591 ad
2721 5534 2879 5589 hunc
2938 5550 3053 5587 non
3112 5531 3347 5602 quidem
3401 5527 3643 5595 librum,
3699 5527 3802 5583 sed

2152 5623 2419 5682 libellum
2451 5623 2776 5697 supplicem
2807 5621 3168 5678 aifarendum
3200 5617 3503 5691 compulit.
3527 5616 3803 5680 Quamvis

2154 5715 2312 5773 enim
2345 5714 2613 5784 Severus,
2645 5728 2799 5770 anno
2829 5709 3045 5769 Christi
3087 5708 3191 5768 195
3245 5707 3564 5782 imperator
3612 5706 3802 5764 factus
