4262 6424
542 419 660 480 859

1061 414 1583 476 TERTULLIANI
1631 413 1952 476 OPERUM
2003 413 2199 473 PARS
2244 413 2292 473 Ι.
2325 444 2403 459 --
2434 414 2708 475 SEHIES
2754 416 2801 486 Ι,
2846 412 3414 475 APOLOGETICA.

3821 413 3951 473 860

542 565 648 621 per
705 549 923 621 primos
981 547 1209 618 imperii
1267 547 1357 600 sui
1415 562 1597 601 annos
1652 545 1917 618 impense
1981 545 2534 617 faveritAMartyr.
2567 562 2695 618 cap.
2725 547 2796 602 85
2820 550 2875 602 et
2923 546 3111 618 seqq.)
3169 544 3417 610 Quidam
3477 548 3672 599 autem
3725 547 3948 615 putant

545 637 911 705 Christianis,
949 641 1077 707 post
1107 634 1429 691 debellatos
1485 640 1681 690 tamen
1739 635 2028 704 Cassium,
2085 633 2183 687 Ni-

547 745 717 801 grum
777 734 832 783 et
889 727 1163 781 Albinum
1217 742 1282 779 ac
1315 731 1444 796 post
1475 742 1646 779 suum
1684 725 2000 779 solemnem
2033 739 2185 778 anno

546 818 650 871 197
681 816 736 871 in
790 817 991 871 urbem
1050 815 1291 869 Romam
1352 815 1708 885 ingressum,
1767 814 1962 867 animo
2017 813 2186 883 plane

546 910 813 961 mutatus
858 911 966 959 est.
1019 904 1167 958 Tum
1219 903 1373 957 enim
1426 903 1552 973 ipso
1585 903 1837 974 primum
1871 907 2186 965 annuente,

545 1003 643 1049 aut
671 993 880 1049 saltem
913 1010 1027 1048 non
1062 991 1830 1063 prohibente,recrudescere
1862 993 2032 1062 coepit
2061 990 2189 1044 dira

544 1081 604 1137 in
635 1081 998 1137 Christianos
1047 1081 1396 1152 persecutio.
1453 1080 1656 1134 Iratior
1712 1080 1923 1134 deinde
1979 1080 2186 1146 factus,

545 1187 746 1237 novas,
808 1187 960 1226 anno
1004 1170 1130 1235 202,
1184 1170 1240 1224 in
1291 1186 1389 1225 eos
1435 1169 1696 1224 condidit
1726 1169 1903 1240 leges,
1937 1183 2186 1239 quarum

544 1259 922 1324 auctoritate,
983 1259 1064 1314 ait
1115 1258 1442 1327 Eusebius,
1502 1257 1715 1327 ubique
1772 1257 2031 1312 locorum
2088 1271 2192 1326 per

541 1347 830 1403 Ecclesiae
861 1347 1012 1402 facta
1043 1351 1182 1401 sunt
1213 1346 1516 1418 martyris.
1558 1345 1811 1400 Africam
1844 1346 2040 1416 itaque
2073 1361 2185 1398 non

544 1453 715 1492 secus
746 1441 921 1506 atque
953 1435 1096 1490 alias
1128 1435 1456 1506 provincias
1487 1434 1535 1488 is
1569 1433 1986 1489 crudelissimae
2019 1449 2189 1488 vexa-

545 1524 727 1580 tionis
757 1531 933 1580 aastus
967 1525 1246 1594 depastus
1277 1528 1365 1579 est
1420 1524 1652 1595 (Euseb.
1717 1522 1818 1578 lib.
1876 1540 1927 1578 VI
1988 1525 2186 1580 Eccles.

547 1616 696 1670 Hist.
726 1630 852 1685 cap.
886 1615 941 1681 2,
975 1629 1104 1685 pag.
1136 1614 1274 1679 201;
1311 1613 1540 1668 llieron.
1574 1613 1826 1682 Catalog.
1858 1614 2192 1684 scriptorum

547 1703 743 1759 ecclcs.
779 1703 923 1770 §54,
958 1719 1089 1774 pag.
1127 1703 1270 1773 115).

618 1808 1016 1864 Tertullianus
1039 1825 1170 1864 vero
1204 1808 1273 1863 de
1297 1807 1764 1864 Christianorum
1796 1809 1984 1865 salute
2037 1828 2189 1868 sem-

2294 648 2393 688 eas
2452 634 2725 705 martyrio
2782 638 3088 689 coronatas
3134 648 3286 688 anno
3330 633 3474 698 202;
3507 631 3602 686 alii
3635 631 3782 699 203;
3816 630 3946 697 alii,

2293 724 2419 792 205,
2457 730 2587 794 post
2617 728 2972 778 commotam
3007 722 3207 793 procul
3237 721 3416 777 dubio
3449 738 3482 775 a
3513 721 3724 776 Severo
3756 721 3944 792 impe-

2297 818 2482 867 ratore
2515 812 2995 884 persecutionem.
3034 816 3108 866 De
3145 814 3430 882 Perpetua
3461 825 3630 881 porro
3662 808 3784 863 haec
3815 807 3946 879 ipse

2294 900 2690 956 Tertullianus
2745 899 2857 955 alio
2916 901 2974 954 in
3033 899 3180 954 libro
3241 899 3535 954 memoriae
3596 895 3945 952 mandavit:

2299 1011 2327 1040 «
2355 990 2653 1061 Perpetua,
2675 989 2996 1044 fortissima
3027 993 3264 1060 martyr,
3291 988 3400 1043 sub
3434 987 3528 1042 die
3559 985 3850 1058 passionis
3880 985 3948 1040 in

2298 1079 2647 1135 revelatione
2679 1079 2933 1151 paradisi
2964 1077 3120 1133 solos
3142 1076 3261 1132 illic
3292 1080 3712 1148 oommartyres
3740 1074 3949 1129 vidit.»

2300 1168 2474 1239 (Tert.
2508 1167 2572 1223 de
2605 1169 2813 1222 Anima
2843 1184 2969 1238 cap.
3002 1167 3115 1237 55.)
3140 1165 3430 1220 Discimus
3459 1179 3693 1236 quoque
3722 1164 3795 1220 ab
3825 1166 3950 1218 Au-

2299 1257 2555 1329 gustino,
2577 1257 2676 1329 qui
2712 1255 2872 1311 illius
2903 1261 2962 1310 et
2993 1254 3310 1310 Felicitatis
3341 1254 3555 1326 saepius
3589 1252 3953 1308 mentionem

2300 1346 2460 1412 facit,
2495 1347 2804 1416 utriusque
2835 1345 3046 1400 festum
3080 1343 3233 1398 diem
3285 1342 3600 1413 quotannis
3645 1342 3705 1396 in
3754 1340 3956 1396 Africa

2299 1435 2675 1490 celebratum.
2705 1434 2904 1489 Nonne
2936 1439 3129 1488 autem
3161 1432 3298 1486 inde
3327 1432 3470 1487 satis
3497 1430 3720 1502 liquido
3761 1429 3945 1485 confi-

2300 1524 2452 1579 citur
2481 1524 2587 1579 has
2627 1525 2683 1578 in
2716 1524 2907 1578 Africa
2937 1521 3191 1594 palmam
3228 1521 3430 1576 tulisse
3463 1519 3746 1591 martyrii,
3799 1534 3946 1574 cum

2299 1614 2377 1670 ibi
2413 1614 2747 1670 Hilarianus
2782 1612 3146 1685 proconsulis
3175 1613 3363 1667 officio
3399 1609 3784 1681 fungeretur?
3812 1611 3952 1681 (Au-

2301 1705 2521 1778 gustin.
2554 1720 2728 1760 serm.
2760 1704 2866 1756 280
2895 1708 2952 1757 et
2982 1717 3143 1772 seqq.
3178 1717 3310 1773 pag.
3348 1700 3480 1755 1134
3513 1705 3570 1755 et
3599 1699 3784 1771 seqq.)

2374 1815 2582 1866 Postea
2611 1807 3006 1864 Tertullianus
3039 1823 3052 1862 :
3086 1829 3112 1856 ‹‹
3148 1805 3429 1877 Virgilius
3458 1803 3954 1874 Saturninus,in-

547 1914 653 1970 per
707 1897 1016 1964 sollicitus,
1079 1903 1213 1952 ante
1269 1897 1434 1952 datas
1466 1896 1640 1952 hasce
1689 1897 1847 1969 leges
1899 1901 2202 1973 Apologezi-
2231 1909 2280 1976 Β
2310 1901 2458 1973 quit,
2490 1900 2589 1970 qui
2625 1897 2844 1967 primus
2870 1895 2965 1951 hic
2996 1895 3257 1967 gladium
3292 1895 3350 1950 in
3381 1911 3487 1949 nos
3535 1895 3676 1966 egit,
3728 1892 3955 1948 lumina

551 2002 679 2043 cum
706 1992 762 2042 et
786 1986 967 2042 libros
995 1987 1068 2040 ad
1098 1987 1370 2052 Nationes,
1401 1986 1554 2040 sicut
1600 1986 1876 2053 diximus,
1922 1990 2192 2062 divulga-

547 2081 735 2142 vorat,
795 2090 1045 2146 quorum
1104 2073 1347 2129 lectione
1401 2073 1562 2128 furor
1590 2075 1896 2144 gentilium
1931 2077 1987 2132 in
2020 2080 2192 2136 Chri-

553 2165 800 2231 stianos,
835 2162 1268 2234 quantumlibet
1299 2162 1720 2230 inﬂammatus,
1755 2165 2001 2222 debebat
2056 2186 2190 2240 pro-

552 2252 647 2308 cul
705 2251 882 2307 dubio
943 2253 1132 2306 sedari
1191 2253 1422 2320 (Euseb.
1465 2251 1597 2307 ibid.
1634 2268 1758 2322 cap.
1797 2255 1844 2323 1,
1879 2272 2010 2327 pag.
2041 2258 2190 2330 201).

549 2343 658 2398 Sed
691 2341 852 2396 nulla
884 2359 1124 2413 prorsus
1163 2339 1283 2395 sole
1341 2340 1516 2396 etiam
1573 2341 1895 2397 meridiano
1949 2344 2194 2400 clariora

551 2432 844 2486 rationum
900 2436 1192 2485 momenta
1239 2433 1553 2500 potuerunt
1591 2429 1758 2485 illum
1809 2431 2192 2503 restinguere,

552 2535 658 2574 nec
717 2519 1022 2590 prohibere
1081 2519 1395 2589 quominus
1455 2519 1843 2590 iniquissimis
1899 2519 2192 2591 legibusa

552 2607 761 2663 Severo
792 2608 926 2662 latis
955 2607 1268 2662 Christiani
1301 2607 1359 2660 in
1392 2606 1582 2662 Africa
1620 2609 2192 2666 excarnificarentur.

554 2695 944 2759 Quamobrem
984 2695 1379 2750 Tertullianus
1429 2695 1584 2750 hunc
1628 2697 1820 2752 adhuc
1870 2697 2193 2770 supplicem

555 2783 822 2840 libellum
868 2783 1150 2855 Scapulae,
1180 2783 1340 2839 illius
1371 2784 1674 2854 provinciae
1708 2787 2066 2857 proconsuli,
2095 2789 2195 2842 ob-

555 2872 715 2939 tulit,
747 2889 862 2944 quo
892 2889 1026 2926 eum
1059 2878 1114 2926 et
1145 2872 1490 2943 gravissimo
1520 2883 1995 2943 argumentorum
2049 2893 2197 2947 pon-

557 2961 714 3028 dere,
772 2965 828 3015 et
858 2960 1197 3016 domesticis
1227 2960 1669 3034 illustribusque
1696 2964 1941 3019 aliorum
1975 2981 2196 3035 praesu-

559 3048 708 3121 lum,
769 3054 944 3120 atque
1002 3050 1178 3104 etiam
1235 3049 1651 3121 imperatorum
1680 3053 1822 3107 777
1863 3052 2202 3124 exemplisa

562 3138 906 3195 divexandis
936 3138 1399 3211 torquendisque
1429 3139 1776 3196 Christianis
1807 3147 2091 3197 avocaret.

2305 1990 2520 2049 amisit.
2555 2012 2581 2037 ι(
2617 1986 2881 2058 (Tertull.
2915 1985 2983 2039 ad
3013 1985 3232 2055 Scapul.
3257 2000 3384 2055 cap.
3415 1983 3495 2054 3.)
3527 1989 3600 2038 At
3631 1982 3788 2038 hunc
3814 1997 3952 2037 esse

2301 2079 2643 2137 existimant
2673 2074 2878 2130 Africae
2910 2073 3334 2145 prsconsulem,
3367 2071 3470 2143 qui
3500 2089 3652 2127 anno
3681 2072 3808 2137 200,
3859 2069 3950 2125 vel

2303 2169 2457 2225 sicut
2485 2166 2616 2221 aliis
2648 2163 2855 2236 placet,
2887 2164 3016 2229 205,
3046 2160 3394 2232 Carthagine
3423 2164 3727 2232 Speratum
3771 2158 3950 2214 alios-

2300 2275 2412 2329 que
2443 2254 2751 2312 Scilitanos
2780 2256 3066 2324 martyres
3097 2250 3288 2322 capite
3319 2248 3790 2305 damnavit.Nam
3823 2247 3949 2303 haec

2302 2345 2510 2401 litteris
2541 2342 2883 2412 consignata
2913 2339 3164 2411 legimus
3191 2337 3250 2393 in
3281 2354 3485 2393 eorum
3515 2336 3774 2409 martyrii
3799 2336 3948 2391 actis

2301 2451 2425 2506 quae
2457 2438 2734 2502 tanquam
2764 2446 2894 2485 vera
2926 2433 2984 2484 et
3012 2429 3239 2483 sincera
3277 2445 3309 2481 a
3355 2425 3602 2482 Baronio
3662 2425 3944 2497 primum,

2303 2540 2369 2579 ac
2400 2527 2597 2577 nostro
2630 2518 2837 2574 deinde
2869 2517 3151 2572 Ruinarto
3183 2520 3353 2572 aucta
3385 2522 3442 2570 et
3471 2516 3800 2581 emendata,
3836 2531 3947 2586 pu-

2303 2611 2515 2667 blicam
2565 2608 2782 2664 emissa
2828 2611 2967 2662 sunt
3014 2605 3073 2660 in
3129 2605 3318 2661 lucem
3377 2605 3609 2676 (Baron.
3669 2603 3741 2659 ad
3801 2619 3942 2658 ann.

2305 2699 2521 2758 Christ.
2550 2699 2676 2762 202,
2709 2697 2800 2768 §2
2829 2703 2883 2751 et
2912 2711 3070 2765 seqq.
3104 2712 3117 2762 ;
3169 2693 3432 2750 Ruinart.
3490 2696 3605 2750 Act.
3663 2693 3823 2748 Mart.
3886 2709 3946 2763 p.

2302 2789 2374 2841 77
2431 2791 2488 2841 et
2543 2785 2752 2855 seqq.).
2805 2783 2966 2848 Quod
2999 2787 3190 2836 autem
3219 2780 3614 2837 Tertullianus
3643 2779 3954 2850 subjunxit

2306 2875 2688 2931 Saturninum
2725 2873 2979 2944 primum
3015 2871 3070 2925 in
3101 2871 3292 2926 Africa
3322 2871 3569 2942 gladium
3599 2871 3657 2925 in
3681 2868 3956 2924 Christia-

2309 2981 2416 3020 nos
2475 2965 2670 3032 egime,
2731 2961 2809 3015 ibi
2869 2959 3068 3030 procul
3129 2959 3305 3015 dubio
3335 2959 3956 3029 (,subintelligendum,

2312 3056 2513 3124 postea
2542 3067 2720 3122 quam
2752 3049 3001 3104 excitata
3030 3048 3239 3103 fuisset
3268 3064 3302 3103 a
3350 3049 3558 3104 Severo
3606 3047 3959 3119 imperatore

2312 3139 2661 3213 persecutio.
2698 3137 2942 3193 Omnem
2975 3135 3267 3192 enimvero
3297 3140 3459 3192 extra
3503 3134 3961 3192 controversiam

636 3244 1016 3338 ιέὲυναεξξξιθτη
1042 3244 2202 3338 “mh”“bi”Suppedi,*m“8“mf’"ia
2234 3270 2277 3338 α
2316 3231 2356 3338 Ζ
2367 3225 3320 3338 13-8.81?_"ffi‘3t‘3..’_31ﬁi?f’_?“fii
3337 3224 3957 3338 ἓῗῗῗῖἓῖδῗῗξτῗὲῗῗῗῗ

562 3335 778 3405 quibus
835 3333 1002 3388 illum
1074 3339 1206 3403 post
1229 3340 1485 3389 exortam
1518 3335 1709 3389 Severi
1743 3335 2113 3406 imperatoris
2145 3336 2201 3389 in

560 3421 926 3478 Christianos
959 3421 1414 3492 persecutionem
1477 3423 1761 3493 scriptum
1825 3424 2004 3479 fuisse
2061 3424 2206 3478 satis

565 3512 766 3579 aperte
796 3509 1123 3563 conﬁcitur.
1147 3507 1546 3571 Quorumdam
1581 3511 1737 3565 enim
1768 3511 1847 3565 ibi
1883 3528 2210 3582 proponun-

565 3600 664 3653 tur
693 3595 956 3666 exempla
981 3597 1423 3668 praesidum,qui
1445 3615 1576 3652 cum
1607 3617 1705 3669 per
1727 3600 1782 3654 id
1803 3600 2211 3671 tempusiChri-

569 3686 794 3741 stisnos
850 3683 1024 3739 variis
1078 3684 1384 3755 suppliciis
1437 3688 1786 3754 aifecissent,
1848 3687 2212 3743 crudelitatis

569 3789 692 3830 suae
719 3789 919 3844 poenas
940 3773 1065 3842 jam
1099 3773 1404 3828 dederant.
1437 3775 1523 3830 Ab
1554 3774 1847 3831 Hilariano
1878 3782 2071 3832 autem
2129 3777 2214 3831 sio

570 3859 974 3917 Tertullianus
1004 3861 1230 3915 orditur
1261 3863 1449 3917 :«Sub
1486 3864 1778 3919 Hilariano
1809 3865 2212 3936 praeside,cum

573 3952 644 4006 de
675 3949 825 4006 areis
859 3949 1294 4020 sepulturarum
1357 3956 1689 4006 nostrarum
1748 3955 2172 4009 acclamassent
2201 3969 2214 4008 :

573 4043 736 4094 Areas
769 4054 881 4092 non
915 4037 1054 4104 sint,
1089 4055 1234 4093 areae
1263 4038 1524 4111 ipsorum
1562 4057 1673 4096 non
1709 4042 1962 4110 fuerunt;
1996 4059 2217 4098 messes

576 4127 732 4183 enim
765 4142 904 4182 suas
935 4142 1048 4182 non
1079 4132 1342 4198 egerunt.
1379 4150 1406 4177 »
1439 4129 1681 4199 (Tertul.
1712 4130 1813 4186 lib.
1871 4132 1942 4186 ad
1996 4133 2216 4202 Scapul.

579 4231 707 4286 cap.
766 4215 857 4284 3.)
916 4214 999 4270 Ibi
1057 4232 1187 4270 vero
1245 4217 1392 4272 haud
1445 4234 1686 4289 prorsus
1715 4219 1914 4291 inepta
1942 4219 2222 4276 antithesi

581 4320 770 4360 arcam
798 4303 918 4359 sive
947 4303 1136 4360 locum
1168 4321 1439 4376 vacuum,
1473 4310 1574 4361 aut
1617 4323 1888 4378 campum
1939 4309 2220 4380 sterilem,

583 4393 643 4450 in
676 4409 792 4465 quo
823 4394 1034 4448 mortui
1068 4394 1520 4464 sepeliebantur,
1553 4397 1792 4467 opponit
1821 4415 1984 4463 areae,
2017 4399 2075 4452 in
2108 4413 2224 4468 qua

585 4483 784 4554 fruges
810 4485 1082 4537 teruntur
1118 4488 1175 4537 et
1199 4483 1595 4540 excutiuntur.
1625 4485 1781 4541 Dixit
1833 4488 2050 4558 itaque,
2108 4501 2224 4558 quo

583 4575 849 4642 tempore
906 4572 1098 4626 acrius
1153 4571 1371 4626 ethnici
1429 4573 1739 4628 saviebant
1775 4575 1836 4630 in
1861 4575 2224 4630 Christianos

2316 3315 2537 3374 Sensus
2585 3315 2784 3387 itaque
2834 3313 3174 3370 Tertulliani
3221 3319 3310 3370 est
3337 3313 3698 3370 Christianos
3731 3313 3892 3385 prius
3925 3329 3962 3367 a

2315 3404 2650 3470 Saturnino,
2682 3420 2855 3474 quam
2885 3402 3183 3458 Hilariano
3212 3402 3595 3468 excruciatos,
3617 3419 3684 3458 ac
3714 3401 3959 3474 proinde

2315 3493 2482 3550 illum
2515 3495 2594 3548 ibi
2627 3493 2980 3548 recensendo
3011 3491 3218 3546 Africae
3250 3492 3549 3564 prmieotos
3597 3491 3956 3546 Christiano-

2318 3601 2448 3640 rum
2487 3582 2810 3652 carnifices,
2845 3597 2960 3635 non
2990 3581 3150 3651 sequi
3181 3583 3511 3652 temporum
3542 3581 3828 3636 ordinem.

2388 3674 2580 3727 Minus
2612 3670 2792 3741 igitur
2821 3674 2978 3725 certa
3006 3670 3232 3724 videtur
3289 3669 3524 3725 illorum
3579 3669 3797 3742 opinio,
3857 3685 3957 3740 qui

2320 3761 2585 3819 arbitrati
2617 3763 2757 3814 sunt
2785 3758 3053 3813 Cincium
3081 3757 3774 3830 Severum,Vespronium
3804 3758 3959 3812 Can-

2321 3851 2548 3906 didum.
2605 3851 2885 3919 Asperum
2947 3864 3011 3900 ac
3063 3846 3382 3902 Pudentem
3417 3847 3633 3902 ibidem
3668 3864 3702 3902 a
3729 3845 3961 3902 Tertul-

2323 3938 2480 3993 lianc
2512 3941 2711 3992 nostro
2743 3940 2870 4007 post
2899 3935 3260 3990 Hilarianum
3279 3939 3335 3989 et
3351 3935 3733 3991 Saturninum
3757 3937 3962 3991 eodem

2325 4026 2527 4082 ordine
2556 4023 2978 4096 appellari,quo
3009 4024 3414 4096 unusquisque
3437 4023 3749 4095 proconsul
3769 4023 3966 4079 Africa:

2328 4115 2438 4171 fuit
2468 4112 2836 4186 (Tertullian.
2870 4129 2944 4168 an
2973 4112 3191 4184 Scapul.
3222 4129 3346 4184 cap.
3382 4113 3456 4183 Ιι).
3486 4113 3632 4169 Nam
3675 4113 3781 4169 hos
3838 4112 3970 4168 ideo

2328 4207 2766 4265 commemorat,
2801 4201 2899 4272 qui
2931 4204 3093 4256 tanto
3127 4201 3326 4256 mitius
3358 4202 3415 4256 in
3446 4201 3804 4258 Christianos
3833 4217 3970 4273 ege-

2328 4297 2486 4359 runt,
2521 4296 2736 4363 quanto
2768 4291 2852 4346 illi
2882 4291 3198 4346 crudelius.
3231 4292 3374 4346 Cum
3409 4295 3602 4346 autem
3636 4297 3969 4363 temporum

2329 4383 2593 4438 ordinem
2627 4397 2888 4436 servasse
2919 4379 3145 4435 dicetur
3174 4379 3281 4435 hos
3329 4380 3544 4452 potius,
3603 4397 3781 4452 quam
3838 4379 3973 4436 illos

2331 4471 2850 4528 nominando?Ad
2903 4469 3022 4524 haec
3079 4485 3236 4533 vero,
3297 4469 3605 4524 dubitandi
3657 4468 3822 4524 locus
3880 4473 3974 4525 est

2331 4566 2529 4616 utrum
2560 4559 2619 4614 hi
2651 4558 2853 4614 Africae
2887 4557 3100 4613 fuerint
3126 4557 3641 4629 praesideswtenim
3673 4557 3974 4614 Hilariano

587 4636 1108 4730 acclamabantque
1157 4661 1484 4731 negandam
1543 4663 1615 4717 ad
1671 4662 1804 4718 illos
1862 4664 2227 4736 sepeliendos
2258 4636 2302 4702 D
2334 4655 2392 4705 et
2417 4647 2752 4736 Saturnino,
2786 4646 3098 4736 dirissimis
3129 4645 3594 4701 Christianorum
3627 4646 3970 4713 tortoribus,

589 4750 942 4813 aream,tum
973 4747 1180 4802 iisdem
1214 4748 1462 4805 ethnicis
1493 4750 1748 4808 detuisse
1777 4768 2000 4809 messes
2028 4757 2085 4808 et
2107 4752 2227 4808 fru-

592 4840 809 4901 menta,
843 4851 970 4906 quas
1003 4835 1127 4891 suis
1157 4837 1217 4890 in
1248 4837 1400 4894 areis
1447 4843 1716 4896 tererent.
1773 4843 1974 4897 Palam
2033 4847 2227 4899 autem

593 4925 804 4980 asserit
850 4924 1020 4995 hanc)
1053 4923 1414 4982 sterilitatem
1449 4929 1788 5001 contigisse,
1817 4947 1950 4986 cum
1979 4930 2231 4986 Hilaria-

593 5031 706 5069 nus
735 5012 938 5069 Africae
971 5031 1184 5086 praises
1214 5020 1355 5071 erat.
1389 5017 1562 5089 Atqui
1593 5035 1660 5073 ex
1688 5019 1844 5075 Actis
1893 5024 2228 5076 sanctarum

593 5106 917 5176 martyrum
972 5105 1271 5174 Perpetua:
1321 5111 1378 5160 et
1426 5106 1756 5173 Felicitatis,
1792 5125 1917 5179 quae
1949 5113 2228 5179 tanquam

589 5207 726 5249 vera
783 5197 840 5248 et
869 5193 1125 5264 genuina
1155 5211 1188 5248 a
1217 5193 1506 5264 pluribus,
1541 5213 1607 5250 ac
1639 5198 1872 5252 tandem
1905 5214 1937 5252 a
1966 5197 2232 5252 Bollandi

592 5282 793 5348 sociis,
852 5288 909 5337 et
965 5287 1164 5338 nostro
1195 5282 1549 5340 Theoderico
1583 5284 1864 5341 Ruinarto
1893 5286 2046 5356 typis
2077 5285 2234 5340 edita

593 5376 754 5435 sunt,
785 5371 1069 5426 discimus
1099 5371 1206 5428 has
1235 5373 1642 5429 sanctissimas
1692 5380 1974 5446 martyres
2031 5374 2233 5429 bestiis

595 5460 890 5531 expositas
945 5460 1127 5515 fuisse
1175 5461 1348 5531 jussu
1406 5461 1687 5518 Hilariani
1760 5462 2156 5534 procuratoris
2215 5478 2229 5516 :

603 5569 625 5597 ε
655 5549 762 5613 Qui
791 5553 953 5618 tunc,
987 5549 1138 5604 sicut
1167 5549 1248 5604 ibi
1277 5549 1512 5622 legitur,
1543 5551 1667 5606 loco
1713 5550 2078 5623 proconsulis
2126 5552 2233 5607 Mi-

599 5638 746 5691 nutii
781 5637 1056 5691 Firmiani
1086 5637 1346 5693 defuncti
1369 5640 1470 5709 jus
1501 5639 1680 5711 gladii
1709 5640 2232 5713 acceperat.»(Bol-

599 5723 760 5779 land.
790 5725 825 5777 7
855 5727 1069 5797 Martis,
1097 5740 1230 5798 pag.
1259 5727 1366 5782 633
1413 5731 1471 5784 et
1524 5744 1731 5802 seqq.;
1787 5728 2054 5788 Ruinart.
2112 5732 2231 5790 Act.

2339 4736 2642 4808 subjunxit
2657 4735 2957 4791 Claudium
2975 4734 3413 4791 Hermimanum
3433 4735 3808 4807 Cappadociae
3829 4751 3974 4807 prae-

2338 4828 2576 4881 fectum.
2607 4824 2664 4878 Si
2697 4823 2830 4894 quis
2856 4829 3050 4878 tamen
3083 4824 3154 4880 ab
3186 4830 3421 4880 auctore
3452 4829 3650 4880 nostro
3680 4840 3874 4880 veram
3905 4822 3975 4878 il-

2339 4914 2530 4970 lorum
2563 4913 2620 4967 in
2650 4911 2852 4967 Africae
2884 4913 3330 4983 proconsulatus
3388 4915 3820 4970 successionem
3879 4928 3978 4969 ex-

2337 5001 2525 5058 hiberi
2558 5000 2906 5073 probaverit,
2937 5007 2995 5056 et
3025 5001 3180 5057 haud
3213 5001 3376 5058 inviti
3408 5003 3818 5058 assentiamur.

2410 5107 2691 5163 Caeterum
2725 5106 2821 5163 ille
2843 5107 2962 5163 haec
2983 5107 3425 5165 clementiorem
3449 5108 3765 5181 praesulum
3787 5125 3984 5166 exem-

2342 5196 2438 5270 pla
2468 5203 2598 5252 ante
2628 5196 2888 5268 Scapulae
2921 5196 3124 5254 oculoo
3156 5214 3270 5253 non
3304 5197 3477 5253 aliam
3501 5199 3572 5254 ob
3605 5215 3844 5255 causam
3879 5216 3985 5271 po-

2349 5284 2608 5355 suit,nisi
2636 5285 2774 5356 quia
2801 5285 3004 5342 Africae
3037 5286 3310 5358 praesides
3342 5292 3473 5359 post
3497 5287 3655 5359 leges
3705 5288 3986 5344 adversus

2342 5374 2706 5431 Christianos
2738 5393 2771 5431 a
2798 5379 3001 5432 Severo
3031 5375 3380 5446 imperatore
3424 5377 3680 5433 sancitas
3734 5377 3793 5432 in
3851 5377 3986 5433 illos

2343 5463 2612 5520 acerbius
2643 5463 2914 5520 furebant
2962 5468 3020 5519 et
3074 5463 3510 5521 bacchabantur
3538 5466 3702 5537 (Ibid.
3736 5482 3860 5537 cap.
3903 5467 3982 5536 3).

2342 5553 2557 5608 Praeter
2586 5553 2856 5621 praefatos
2887 5553 3176 5624 siquidem
3207 5554 3592 5610 Saturninum
3625 5560 3682 5610 et
3735 5554 3985 5610 Hilaria-

2343 5658 2507 5707 num,
2541 5640 2788 5712 ipsemet
2817 5640 3088 5714 Scapula,
3119 5642 3273 5699 sicut
3301 5648 3506 5701 auctor
3535 5647 3732 5700 noster
3761 5644 3983 5702 ibidem

2342 5729 2716 5804 testiﬂoatur,
2747 5747 2864 5789 non
2893 5730 3065 5789 modo
3093 5731 3534 5790 Adrumetioum
3561 5730 3860 5792 Mavillum
3907 5734 3985 5791 ad
