4262 6352
377 398 489 458 861

970 396 1049 455 IN
1092 396 1393 458 LIBRUM
1439 397 1541 456 AD
1589 396 2005 459 SCAPULAM
2053 397 2126 456 D.
2174 399 2270 457 LE
2316 399 2640 461 NOURRY
2685 398 3230 459 DISSERTATIO.

3675 395 3794 457 862

378 528 598 583 bestias
619 528 1022 592 damnaverat,
1067 527 1169 581 sed
1230 526 1419 581 Africa
1472 527 1647 582 etiam
1708 526 2036 582 Christiana
2065 533 2119 597 Α
2150 531 2409 599 regnavit
2436 530 2751 585 Macrinus.
2786 532 2996 585 Everso
3024 530 3314 602 siquidem
3357 529 3536 599 hujus
3567 528 3794 599 opinio-

379 616 508 688 ipso
542 634 658 671 non
691 616 1020 684 cohibente,
1050 616 1441 685 autjubente,
1477 638 1506 666 »
1540 616 2035 687 obnoxia,inquit,

386 706 537 760 facta
566 712 657 760 est
688 704 1200 768 concussionibus,
1260 710 1317 759 et
1349 704 1603 759 militum
1661 705 2034 760 inimicorum

384 812 627 851 suorum
661 796 1022 866 cujusque.»
1057 794 1243 861 (lbid.,
1276 811 1402 865 cap.
1439 795 1514 864 4.)
1539 795 1816 859 Quamvis
1841 800 2035 849 autem

385 884 628 939 deﬁnire
662 901 775 938 non
809 884 1254 955 possimus,quo
1284 883 1509 953 praelati
1533 883 1912 955 proconsules
1932 900 2037 936 an-

387 991 459 1028 no
494 973 748 1027 Africam
782 972 1058 1047 rexerint,
1082 989 1150 1027 ex
1175 972 1458 1027 hactenus
1492 978 1686 1027 tamen
1720 971 2038 1043 disputatis

385 1063 581 1135 colligi
641 1068 832 1136 potest
888 1062 1045 1119 hunc
1090 1062 1158 1117 ad
1205 1062 1501 1132 Scapulam
1546 1062 1762 1117 librum
1816 1062 2037 1116 editum

384 1153 565 1209 fuisse
623 1170 657 1207 a
709 1150 1071 1207 Tertulliano
1113 1157 1246 1223 post
1296 1157 1651 1207 commotam
1743 1167 1773 1205 a
1832 1155 2039 1205 Severo

382 1241 733 1315 imperatore
764 1242 1045 1297 adversus
1078 1240 1445 1296 Christianos
1478 1240 1966 1312 persecutionem.

460 1348 879 1420 lnquirendum
912 1348 1096 1420 igitur
1125 1355 1387 1419 superest
1424 1352 1622 1403 utrum
1674 1348 1873 1403 statim
1912 1351 2044 1419 post

386 1439 699 1494 excitatum
728 1442 831 1492 aut
860 1437 1215 1493 exstinctum
1246 1436 1408 1492 illius
1450 1435 1789 1491 incendium
1848 1436 2043 1490 editus

390 1527 584 1582 fuerit.
621 1526 868 1590 Quidam
911 1530 1103 1581 autem
1164 1526 1485 1597 cpinantur
1537 1524 1701 1580 illum
1739 1525 1796 1579 in
1830 1524 2039 1593 vulgus

389 1616 678 1688 prodiisse
711 1619 843 1687 post
873 1632 1093 1670 annum
1152 1616 1259 1669 210
1316 1619 1373 1670 et
1428 1614 1621 1670 Severi
1669 1613 2041 1685 imperatoris

394 1708 663 1760 mortem.
697 1703 1100 1759 Tertullianus
1130 1702 1347 1759 etenim
1381 1703 1459 1757 ibi
1506 1704 1576 1758 de
1636 1704 1914 1774 quadam,
1948 1702 2040 1756 in-

393 1794 628 1865 quiunt,
663 1793 805 1848 solis
838 1793 1038 1865 eclipsi
1099 1792 1258 1847 hunc
1315 1791 1580 1863 loquitur
1638 1792 1694 1846 in
1750 1792 2038 1847 modum:

400 1903 422 1932 ι
455 1883 543 1938 Sol
576 1884 631 1938 in
662 1886 959 1938 conventu
984 1882 1265 1947 Uticensi,
1301 1882 1585 1937 exstincto
1620 1899 1763 1954 pene
1796 1881 2039 1947 lumine,

394 1973 537 2028 adeo
568 1975 898 2043 portentum
937 1970 1067 2037 fuit,
1101 1975 1164 2026 ut
1196 1987 1309 2025 non
1356 1971 1607 2043 potuerit
1638 1989 1705 2026 ex
1746 1972 2040 2027 ordinario

393 2061 652 2133 deliquio
682 2059 789 2115 hoc
824 2059 963 2132 pati,
997 2060 1226 2131 positus
1259 2059 1317 2113 in
1353 2076 1458 2115 suo
1483 2060 1825 2132 hypsomate
1854 2065 1907 2114 et
1938 2060 2039 2114 do-

394 2150 638 2206 micitio.
672 2171 700 2200 ››
735 2148 898 2221 (Ibid.
934 2166 1060 2221 cap.
1090 2148 1169 2221 3.)
1201 2152 1275 2203 At
1306 2148 1448 2217 haec,
1483 2150 1647 2204 aiunt
1677 2148 1784 2219 illi,
1806 2148 2041 2219 eclipsis

390 2238 601 2295 accidit
631 2255 783 2293 anno
814 2237 1027 2292 Christi
1049 2238 1175 2305 210,
1210 2237 1523 2293 undecima
1552 2238 1754 2308 aprilis
1784 2237 1897 2303 die,
1932 2237 2041 2293 ho-

390 2345 571 2399 raque
604 2328 725 2400 ipsa
762 2326 1108 2383 meridiana.
1144 2326 1255 2381 Sed
1290 2325 1423 2381 aliis
1481 2326 1721 2382 omnino
1774 2326 2041 2382 vacillare

391 2418 621 2471 videtur
650 2420 837 2472 totum
873 2416 1052 2486 hujus
1084 2414 1379 2487 Opinionis
1437 2415 1893 2470 fundamentum.
1938 2416 2039 2471 So-

389 2504 556 2562 litam
586 2504 799 2576 quippe
822 2504 1124 2560 illinotant
1146 2503 1287 2559 solis
1311 2503 1572 2575 eclipsim
1601 2521 1615 2571 ;
1640 2503 2040 2559 Tertullianus

390 2610 526 2650 vero
552 2592 728 2649 aliam
760 2593 998 2649 omnino
1060 2591 1606 2663 extraordinariam,
1665 2610 1812 2665 quae,
1868 2593 2041 2649 sicuti

395 2684 496 2750 ait,
526 2690 841 2756 portentum
871 2682 1080 2738 fuerat.
1113 2683 1261 2737 Tum
1297 2698 1552 2753 namque
1584 2682 2042 2753 sol,inquit,erat

394 2772 456 2829 in
487 2788 591 2828 suo
620 2773 958 2843 hypsomate,
987 2771 1043 2825 id
1078 2775 1167 2826 est
1196 2770 1561 2839 summitate,
1626 2770 1936 2826 altitudine
1986 2776 2043 2827 et

394 2862 845 2919 cacumine.Hoc
865 2860 1019 2915 enim
1035 2860 1328 2931 signiﬁcat
1358 2860 1596 2915 verbum
1610 2862 1869 2914 Grrecum
1896 2856 2041 2931 ὕψω-

399 2972 493 3023 μα.
529 2949 704 3006 Nulla
752 2954 946 3005 autem
1001 2948 1159 3003 illius
1219 2948 1297 3003 ibi
1326 2948 1500 3019 positi
1546 2949 1666 3003 ﬁeri
1701 2953 1889 3018 potest
1918 2948 2045 3003 ecli-

400 3040 544 3113 psis,
579 3057 755 3112 quam
790 3044 932 3095 tunc
958 3042 1189 3093 tantum
1225 3036 1466 3108 patitur,
1492 3053 1624 3091 cum
1658 3038 1870 3093 transit
1893 3037 2046 3093 circa

402 3128 803 3200 nodos,quiin
826 3126 1106 3184 Draconis
1138 3126 1327 3197 capite
1368 3129 1420 3180 et
1463 3126 1649 3181 cauda
1708 3130 2043 3181 occurrunt.

399 3220 547 3273 779
582 3216 859 3284 Quamvis
889 3220 1083 3272 autem
1116 3214 1515 3270 Tertullianus
1547 3219 1744 3271 noster
1775 3216 1831 3270 in
1865 3220 2047 3271 astro-

395 3307 559 3379 logie:
591 3307 837 3364 scicntia
863 3307 1103 3362 omnino
1136 3304 1483 3377 peregrinus
1515 3304 1744 3372 fuisset,
1788 3322 1857 3360 ex
1887 3303 2046 3361 illius

402 3403 599 3455 tamen
645 3397 840 3453 verbis
890 3395 1087 3467 colligi
1147 3398 1341 3467 potest
1398 3392 1632 3449 solitam
1693 3412 1809 3449 non
1868 3394 2050 3450 fuisse

402 3488 550 3544 hanc
582 3485 720 3543 solis
742 3485 1142 3546 defectionem,
1203 3484 1302 3539 sed
1357 3482 1437 3539 ita
1495 3484 2048 3551 extraordinariam,

404 3582 471 3633 ut
499 3576 797 3647 astrologi,
830 3574 901 3629 ad
934 3590 1082 3645 quos
1142 3571 1237 3628 ille
1298 3587 1404 3627 nos
1451 3572 1649 3643 mittit,
1701 3572 1810 3628 hoc
1842 3588 2051 3645 negare

405 3682 521 3720 non
555 3663 874 3734 potuerint.

476 3770 864 3836 Quamobrem
925 3769 1205 3842 Scaliger,
1263 3768 1602 3842 posthabita
1661 3768 1760 3823 illa
1809 3769 2054 3837 ratione,

402 3860 699 3917 existimat
716 3860 791 3913 hu
804 3875 872 3913 nc
888 3857 1106 3913 librum
1128 3858 1309 3914 fuisse
1331 3859 1725 3930 compositum
1762 3862 1893 3928 post
1907 3874 2057 3912 mor-

404 3954 518 4004 tem
552 3945 879 4009 Caracallae,
905 3946 1151 4016 jamque
1200 3951 1483 4018 regnante
1513 3944 1914 4017 Heliogabalo,
1955 3944 2055 4016 qui

406 4026 608 4091 mense
637 4035 793 4089 maio
816 4034 1078 4088 anni218
1112 4035 1430 4105 imperator
1486 4038 1719 4089 creatus
1750 4040 1859 4089 est.
1915 4034 2057 4089 Ter-

405 4125 694 4180 tullianus
746 4123 903 4177 enim
963 4123 1034 4177 de
1080 4123 1285 4177 Severo
1346 4123 1490 4192 haec,
1553 4123 2055 4194 quemadmodum

405 4215 685 4275 vidimus,
717 4212 895 4267 verba
927 4211 1063 4266 facit
1091 4227 1103 4266 :
1141 4233 1169 4261 «
1204 4212 1511 4267 Proculum
1535 4211 1953 4267 Christianum.
1990 4255 2002 4267 .
2041 4253 2054 4267 .

407 4302 465 4358 in
499 4301 715 4374 palatio
747 4316 850 4354 suo
882 4298 1093 4353 habuit
1121 4315 1310 4371 usque
1344 4300 1414 4353 ad
1445 4305 1687 4355 mortem
1720 4301 2053 4370 ejus,quem

406 4390 739 4447 Antoninus
761 4386 1060 4443 Caracalla
1089 4386 1310 4458 optime
1343 4392 1601 4442 noverat.
1634 4408 1663 4435 »
1694 4386 1959 4458 (Tertull.
1988 4386 2057 4441 ad

404 4481 627 4553 Scapul.
658 4495 783 4549 cap.
814 4477 892 4547 4.)
923 4480 994 4530 At
1025 4492 1195 4531 nemo
1227 4493 1382 4531 sanae
1416 4476 1751 4545 mentis,ait
1778 4474 2053 4547 Scaliger,

408 4568 705 4643 putaverit
733 4566 880 4621 illud
909 4566 979 4620 de
1037 4564 1324 4620 Antonino
1382 4564 1609 4622 Caralla
1638 4564 1829 4620 adhuc
1858 4564 2055 4619 viven-

2149 618 2241 671 nis
2275 619 2677 686 fundamento,
2713 620 2841 690 ipsa
2872 620 3049 673 etiam
3073 618 3309 674 corruit.

2222 708 2461 779 Propius
2492 709 2688 779 itaque
2719 726 2751 763 a
2780 724 2912 763 vero
2944 710 3148 763 abesse
3204 708 3496 774 videntur,
3532 706 3631 779 qui
3682 724 3791 760 nu-

2147 796 2241 866 jus
2271 796 2401 850 libri
2435 802 2663 851 aetatem
2698 797 3004 868 assignant
3036 796 3207 867 paulo
3249 800 3381 868 post
3412 812 3629 850 annum
3662 796 3789 862 211,

2148 901 2262 957 quo
2287 890 2532 941 Severus
2563 886 2804 941 Eboraci
2848 886 2902 939 in
2940 885 3160 957 Anglia,
3223 902 3423 940 mense
3478 884 3791 949 februario,

2147 973 2324 1028 vitam
2354 974 2786 1047 imperiumque
2843 974 3114 1045 posuisse
3173 974 3533 1046 perhibetur.
3581 974 3661 1028 De
3692 972 3794 1027 illo

2148 1064 2364 1135 quippe
2395 1064 2503 1119 hoc
2532 1064 2591 1118 in
2624 1063 2775 1119 libro
2798 1063 2951 1118 haud
2984 1063 3160 1118 dubie
3192 1061 3795 1133 Tertullianusloqui-

2147 1151 2370 1220 tur,uhi
2402 1152 2585 1208 dixit:
2621 1176 2648 1201 ‹‹
2686 1154 2811 1222 Ipse
2841 1152 3013 1207 etiam
3049 1152 3293 1207 Severus
3327 1156 3491 1223 pater
3518 1150 3798 1205 Antonini

2149 1241 2453 1295 Caracallaa
2475 1241 2941 1296 Christianorum
2977 1257 3200 1295 memor
3233 1240 3357 1295 fuit.
3391 1261 3419 1291 »
3455 1238 3797 1305 (Tertullud

2148 1330 2371 1399 Scapul.
2406 1346 2534 1401 cap.
2568 1331 2645 1397 4.)
2698 1332 2811 1383 Cur
2876 1329 3055 1394 enim,
3110 1329 3408 1400 inquiunt,
3467 1328 3794 1400 appellatur

2147 1423 2309 1489 pater
2338 1419 2750 1483 Antonini,nisi
2782 1420 2913 1489 quia
2937 1421 3063 1490 jam
3097 1419 3446 1489 migraverat
3474 1434 3539 1472 ex
3574 1418 3684 1472 hac
3719 1417 3799 1470 vi-

2149 1510 2292 1573 ta,et
2324 1508 2381 1562 in
2409 1510 2535 1577 ejus
2564 1508 2754 1563 locum
2782 1508 2882 1562 ﬁlii
2915 1510 3043 1578 ejus
3065 1506 3363 1562 Caracalla
3392 1512 3449 1561 et
3468 1506 3609 1561 Geta
3654 1506 3796 1560 sub-

2151 1596 2341 1651 stituti
2375 1596 2607 1651 fuerant
2634 1596 2660 1649 ?
2688 1596 2890 1651 Nonne
2923 1597 3096 1650 etiam
3144 1600 3344 1667 postea
3374 1599 3578 1649 auctor
3598 1598 3797 1648 noster

2153 1686 2221 1740 ad
2264 1702 2363 1740 eos
2398 1686 2518 1756 jam
2552 1685 2910 1756 imperantes
2943 1685 3175 1754 alludit,
3225 1701 3355 1739 cum
3390 1683 3640 1738 asseruit
3667 1686 3799 1737 Sca-

2152 1773 2352 1844 pulam
2405 1773 2681 1829 habuisse
2740 1792 2859 1829 suae
2918 1775 2975 1828 in
3028 1773 3385 1829 Christianos
3434 1771 3795 1828 crudelitatis

2154 1862 2515 1934 magistros?
2548 1863 2681 1917 Post
2712 1863 2907 1918 Severi
2941 1868 3137 1917 autem
3187 1861 3437 1931 obitum,
3497 1866 3597 1916 aut
3644 1867 3799 1916 certe

2153 1968 2268 2007 non
2292 1952 2474 2006 multo
2507 1958 2727 2023 postea,
2763 1970 2894 2008 cum
2928 1957 3189 2007 cerneret
3217 1950 3614 2006 Tertullianus
3647 1950 3800 2004 miti-

2151 2047 2351 2113 gatum
2384 2042 2645 2113 Scapula:
2678 2047 2854 2112 atque
2887 2041 3135 2096 aliorum
3167 2042 3224 2095 in
3257 2040 3618 2096 Christianos
3640 2040 3799 2094 furo-

2152 2129 2386 2197 rem,illi
2420 2130 2916 2202 huncsupplicem
2953 2130 3214 2185 libellum
3248 2130 3533 2185 obtulisse
3553 2129 3805 2184 videtur.

2150 2219 2274 2274 Non
2309 2219 2465 2273 enim
2501 2219 2667 2273 illum
2703 2220 3060 2274 offerendum
3095 2235 3224 2274 esse
3256 2219 3506 2284 censuit,
3539 2234 3671 2272 cum
3696 2218 3794 2271 Se-

2148 2324 2342 2377 verus,
2375 2309 2546 2377 cujus
2597 2324 2890 2362 summam
2954 2308 3160 2379 primis
3220 2307 3449 2379 imperii
3509 2305 3681 2361 annis
3736 2307 3795 2362 in

2150 2397 2513 2453 Christianos
2560 2396 2953 2467 clementiam,
2998 2403 3062 2451 ut
3111 2397 3387 2461 vidimus,
3438 2396 3795 2463 laudavcrat,

2150 2485 2211 2539 in
2243 2503 2341 2540 eos
2372 2487 2440 2540 ad
2478 2492 2721 2542 mortem
2756 2503 2944 2557 usque
2975 2486 3248 2540 atrociter
3276 2484 3567 2540 saeviebat.
3596 2488 3669 2537 At
3696 2484 3794 2538 illo

2148 2574 2270 2629 vita
2300 2576 2520 2644 functo,
2552 2573 2802 2629 oblatam
2838 2574 2947 2629 sibi
2983 2575 3390 2646 proconsulem
3422 2573 3727 2644 Scapulam
3764 2588 3797 2626 a

2150 2664 2429 2719 vexandis
2477 2663 2823 2719 Christianis
2873 2663 3201 2718 deterrendi
3262 2663 3625 2718 occasionem
3658 2678 3809 2716 con--

2154 2753 2347 2808 festim
2375 2757 2643 2824 captasse
2675 2751 3056 2807 verisimilius
3087 2757 3195 2807 est.

2757 2903 2958 2941 ARTICU
2969 2902 3073 2942 LUS
3105 2902 3189 2939 III.

2156 2982 2233 3032 De
2258 2976 2424 3038 huius
2453 2975 2586 3029 libri
2613 2976 3004 3045 manuscriptis
3060 2985 3111 3030 et
3164 2976 3329 3032 editis
3380 2975 3676 3040 codicibus,
3737 2974 3801 3029 dc

2225 3049 2513 3103 variorum
2540 3049 2599 3100 in
2629 3063 2752 3101 eum
2781 3046 3274 3118 observationibus,
3316 3062 3379 3101 ac
3405 3047 3692 3102 nonnullis
3712 3046 3800 3101 di-

2224 3120 2399 3173 versis
2432 3119 2750 3173 lectionibus
2780 3122 2831 3173 et
2852 3120 3013 3173 notis.

2237 3233 2432 3290 Plures
2472 3233 2807 3289 indicantur
2837 3234 3014 3304 hujus
3058 3232 3239 3288 libelli
3289 3234 3535 3289 codices.
3570 3232 3804 3288 Primus

2161 3328 2248 3379 est
2280 3323 2635 3388 Gorziensis,
2697 3339 2812 3394 quo
2843 3324 2912 3376 ad
2948 3322 3106 3376 illius
3145 3322 3459 3377 editionem
3527 3338 3670 3375 usus
3718 3326 3809 3376 est

2161 3414 2501 3469 Rhenanus.
2538 3412 2696 3467 Alter
2726 3416 2921 3466 autem
2954 3415 3192 3466 vocatur
3222 3410 3558 3483 Angelicus,
3592 3426 3657 3464 ac
3688 3414 3805 3464 tres

2161 3503 2404 3573 insuper
2435 3500 2698 3556 Vaticani
2733 3500 2884 3555 180
2908 3504 3328 3555 memorantur.
3374 3498 3647 3554 Gelenius
3677 3515 3809 3554 vero

2163 3591 2231 3645 ad
2258 3588 2486 3661 prioris,
2520 3595 2576 3644 et
2604 3588 2901 3644 Pamelius
2932 3589 3001 3643 ad
3039 3588 3426 3659 posteriorum
3478 3588 3676 3653 ﬁdem,
3708 3604 3810 3642 eu-

2164 3678 2424 3750 periores
2481 3678 2656 3749 hujus
2688 3677 2870 3733 libelli
2916 3677 3203 3733 editiones
3255 3683 3718 3747 recognoverunt
3748 3692 3813 3731 ac

2165 3770 2550 3839 castigarunt,
2587 3767 2876 3839 Rigaltius
2934 3783 3105 3837 porro
3164 3765 3346 3821 alium
3381 3784 3442 3821 se
3481 3766 3699 3821 vidisse
3729 3770 3812 3820 te-

2164 3864 2355 3912 statur
2383 3873 2559 3928 penes
2602 3856 2835 3912 Petrum
2869 3856 3156 3910 Belinium
3186 3858 3244 3911 ὃ.
3296 3856 3337 3911 C
3388 3854 3815 3917 Divionensem,

2166 3946 2337 4016 cujus
2367 3946 2611 4001 diversae
2641 3947 2713 4000 ab
2739 3945 2915 4000 editis
2944 3943 3221 4000 lectiones
3280 3945 3338 3999 in
3392 3944 3545 3999 Petri
3608 3942 3818 3998 Pithoai

2167 4051 2380 4090 manus
2415 4034 2760 4089 inciderant.

2236 4123 2552 4194 Nunquam
2607 4126 2801 4178 autem
2837 4122 2930 4177 hic
2988 4122 3135 4177 liber
3190 4138 3258 4177 ex
3313 4121 3812 4194 typographorum

2165 4212 2418 4267 ofﬁcinis
2457 4210 2640 4275 solus,
2683 4211 2783 4266 sed
2819 4226 3053 4280 semper
3108 4227 3237 4265 cum
3288 4210 3419 4265 aliis
3469 4208 3821 4266 Tertulliani

2165 4300 2442 4372 operibus
2466 4298 2762 4371 publicam
2793 4299 2853 4353 in
2884 4298 3069 4353 lucem
3106 4299 3427 4368 prodivisse
3456 4298 3814 4371 perhibetur.

2165 4390 2490 4461 Totitaque
2526 4391 2687 4444 factae
2720 4393 2859 4443 sunt
2906 4388 3106 4457 hujus,
3140 4394 3281 4459 quot
3334 4388 3568 4444 illorum
3609 4386 3814 4444 editio-

2165 4496 2291 4535 nes.
2326 4479 2406 4534 De
2440 4478 2533 4533 bis
2555 4484 2750 4532 autem
2786 4493 2919 4531 cum
2941 4478 3066 4548 jam
3094 4477 3261 4548 plura
3294 4478 3817 4549 disputaverimus,

2165 4586 2233 4625 ea
2265 4585 2419 4623 nunc
2451 4574 2707 4637 repetere
2730 4566 2874 4621 nihil
2897 4582 3135 4622 necesse
3159 4566 3594 4623 est.Pamelium
3620 4571 3816 4621 autem

408 4642 466 4714 te
497 4659 719 4715 dictum
744 4652 981 4729 (Scalig.
1032 4653 1290 4709 Animad.
1325 4656 1385 4709 in
1437 4653 1640 4710 Chron.
1688 4653 1891 4709 Euseb.
1924 4670 2056 4726 pag.
2090 4642 2136 4707 Ι)
2170 4658 2269 4729 qui
2303 4661 2523 4713 veteres
2568 4672 2636 4711 ex
2666 4655 2882 4721 tribus,
2916 4655 3001 4709 uti
3039 4656 3137 4722 ait,
3166 4655 3466 4711 Vaticanis
3514 4654 3822 4711 codicibus

412 4748 556 4819 129).

481 4838 594 4893 Sed
626 4835 840 4907 quibus
872 4852 1017 4889 sana
1050 4840 1111 4890 et
1167 4833 1394 4906 integra
1443 4850 1613 4890 mens
1668 4838 1777 4901 est,
1838 4833 1948 4889 hac
1998 4832 2057 4888 in

415 4924 924 4999 argumentatione
943 4941 1149 4980 sanam
1175 4923 1452 4996 Scaligeri
1470 4930 1727 4980 mentem
1751 4941 1863 4979 non
1889 4940 2063 4994 agno-

416 5014 761 5077 scunt.Quid
795 5013 952 5069 enim
985 5017 1140 5069 vetat
1171 5013 1490 5085 quominus
1521 5013 2065 5084 Caracallajuvenis

419 5110 475 5159 et
518 5103 857 5159 adolescens
890 5103 1116 5157 noverit
1178 5102 1512 5170 Proculum,
1561 5109 1817 5174 tuncque
1874 5103 2065 5158 adhuc

416 5194 643 5256 vixerit,
675 5192 910 5263 quando
924 5191 1320 5248 Tertullianus
1344 5192 1465 5247 haec
1487 5192 1696 5248 litteris
1720 5192 2068 5248 mandabat?

417 5286 499 5340 Ad
535 5283 654 5337 haec
684 5298 840 5348 vero,
872 5281 1018 5336 illud
1050 5284 1292 5338 verbum
1324 5293 1553 5340 noverat
1595 5283 1721 5339 ideo
1771 5282 1869 5338 ille
1900 5282 2065 5338 adhi-

418 5377 535 5443 bet,
569 5372 708 5443 quia
738 5370 1046 5436 Proculus,
1078 5390 1192 5428 non
1225 5378 1421 5429 autem
1462 5372 1782 5443 Caracalla,
1818 5377 1943 5427 tum
1975 5389 2066 5427 re-

416 5479 553 5518 vera
582 5464 705 5517 erat
738 5462 1027 5514 mortuus.
1059 5458 1183 5514 Non
1215 5476 1351 5531 ergo
1401 5458 1440 5515 ii
1499 5458 1756 5530 amplius
1788 5457 2069 5513 audiendi

422 5556 584 5620 sunt,
610 5549 710 5622 qui
753 5564 821 5603 ea
878 5546 1137 5604 invalida
1188 5548 1467 5621 Scaligeri
1510 5548 1733 5604 ratione
1790 5548 1941 5613 freti,
1997 5548 2068 5602 ab

421 5643 551 5711 ejus
579 5644 777 5695 tamen
812 5636 1085 5709 Opinione
1118 5637 1426 5710 paululum
1484 5638 1842 5702 recedentes,
1876 5635 2068 5707 suspi-

427 5735 632 5786 cantur
660 5727 887 5784 editum
919 5727 1099 5784 fuisse
1155 5726 1314 5784 hunc
1344 5726 1562 5784 librum
1594 5743 1747 5783 anno
1775 5725 1904 5797 217,
1955 5739 2072 5796 quo

2168 4746 2456 4804 editiones
2488 4744 2841 4811 emendavit,
2867 4742 3156 4815 Rigaltius
3188 4744 3407 4817 ubique
3438 4750 3676 4802 secutus
3697 4749 3814 4801 est.

2168 4836 2445 4903 Quamvis
2463 4834 2621 4890 enim
2636 4833 3049 4888 Divionensem
3082 4834 3342 4889 codicem
3373 4835 3824 4905 venditet,unam

2171 4932 2369 4982 tamen
2401 4929 2627 4979 tantum
2664 4922 2889 4977 notavit
2919 4922 3210 4978 diversam
3270 4922 3602 4993 lectionem,
3643 4940 3823 4996 quam

2174 5016 2348 5088 plane
2380 5011 2725 5085 repudiavit.
2759 5010 2845 5066 Ibi
2875 5028 3010 5068 vero
3043 5013 3318 5078 occurrit,
3343 5013 3442 5070 ubi
3476 5014 3546 5071 de
3576 5013 3822 5070 Proculo

2175 5106 2297 5161 haac
2326 5100 2669 5159 Tertulliani
2696 5101 2756 5155 in
2798 5101 3154 5157 editionibus
3213 5104 3490 5159 omnibus
3543 5104 3717 5157 verba
3750 5103 3829 5158 le-

2176 5198 2403 5265 gimus:
2445 5218 2462 5241 α
2516 5194 2695 5257 Quem
2753 5196 2811 5245 et
2867 5194 3197 5247 Antoninus
3248 5192 3547 5248 Garacalla
3605 5194 3827 5261 optime

2177 5289 2434 5349 noverat,
2486 5281 2633 5336 lacte
2674 5280 3004 5335 Christiano
3065 5282 3366 5336 educatus.
3402 5300 3432 5333 ››
3462 5280 3723 5352 (Tertull.
3754 5281 3826 5334 ad

2181 5373 2402 5445 Scapul.
2435 5388 2563 5442 cap.
2597 5369 2674 5439 4.)
2710 5368 2771 5424 In
2805 5369 3003 5424 codice
3027 5374 3221 5425 autem
3283 5369 3622 5425 Divionensi
3680 5369 3825 5423 scri-

2180 5468 2345 5535 ptum
2374 5461 2625 5516 habetur
2650 5475 2661 5513 :
2696 5473 2853 5529 quem
2875 5466 2927 5512 et
2955 5458 3264 5513 Antoninus
3292 5468 3519 5514 noverat
3551 5458 3826 5513 Christia-

2179 5554 2268 5607 m's
2296 5552 2613 5607 educatum.
2647 5547 2872 5611 Quibus
2903 5545 3270 5617 signiﬁcatur
3301 5548 3459 5603 hunc
3492 5547 3827 5615 Proculum,

2182 5657 2297 5696 non
2329 5656 2461 5695 vero
2491 5635 2856 5692 Antoninum
2884 5632 3263 5701 Caracallam,
3324 5635 3473 5694 lacte
3509 5637 3827 5693 educatum

2183 5729 2367 5787 fuisse
2397 5726 2752 5784 Christiano.
