4262 6420
549 413 668 474 863

1069 410 1594 474 TERTULLIANI
1639 411 1962 472 OPERUM
2004 409 2205 470 PARS
2249 409 2296 472 l.
2327 439 2407 453 --
2437 408 2712 470 SERIES
2757 409 2802 482 Ι,
2849 406 3411 471 APOLOGETICA.

3824 404 3954 465 864

622 545 838 599 Verum
873 544 1022 598 hanc
1052 544 1419 600 Divionensis
1449 543 1667 599 codicis
1719 543 2028 599 lectionem
2062 543 2192 613 reji-
2216 551 2272 615 Α
2299 541 2515 612 inquit,
2548 541 2607 595 in
2665 538 3027 594 Christianos
3071 536 3352 592 saevitiam
3385 538 3576 594 denuo
3607 537 3951 608 vexabatur,

550 633 626 686 cit
661 632 966 704 Rigaltius,
1005 633 1142 704 quia
1171 631 1273 686 illa
1302 631 1638 687 Tertulliani
1671 633 1842 686 verba
1869 631 2066 686 referri
2091 631 2188 684 de-

550 721 688 775 bent
709 721 779 774 ad
813 721 1204 786 Antoninum,
1242 743 1261 769 α
1325 721 1423 791 qui
1457 721 1758 790 septennia
1818 737 1978 792 puer,
2038 720 2190 775 sicut

549 811 748 861 narrat
779 807 1144 877 Spartianus,
1200 821 1336 861 cum
1369 806 1714 862 collusorem
1748 823 1920 861 suum
1941 822 2188 876 puerum

549 895 622 949 ob
650 895 956 950 Judaicam
987 895 1327 966 religionem
1344 897 1580 966 gravius
1599 896 1962 950 verberatum
1991 894 2188 949 audis-

511 995 526 1009 '
549 988 657 1050 set,
692 999 884 1054 neque
911 989 1131 1054 patrem
1156 1001 1354 1053 suum,
1392 1001 1578 1049 neque
1600 989 1824 1056 patrem
1883 984 2067 1054 pueri,
2099 982 2188 1037 vel

552 1077 818 1128 auctores
841 1072 1148 1127 verberum
1182 1073 1280 1128 diu
1314 1074 1583 1143 respexit.
1631 1093 1659 1122 »
1720 1077 1928 1144 (Spart.
1972 1072 2030 1126 in
2086 1073 2186 1128 Vit.

549 1162 744 1216 Carae.
772 1178 906 1232 pap.
939 1162 1067 1226 331,
1100 1161 1210 1216 col.
1245 1164 1318 1230 1.)
1353 1167 1425 1216 At
1471 1161 1727 1216 Judaicaa
1761 1161 2058 1232 religionis
2094 1177 2190 1215 no-

550 1250 708 1304 mine
738 1249 1130 1304 Christianam
1158 1249 1954 1320 Spartianusintelligit,quia
1975 1254 2191 1303 utram-

549 1353 662 1408 que
688 1337 903 1392 ethnici
937 1337 1722 1400 confundebant.Addamus,
1755 1337 1804 1391 si
1836 1336 2017 1406 lubet,
2050 1336 2190 1391 Pro-

549 1425 748 1480 culum
771 1426 942 1496 paulo
972 1431 1107 1480 ante
1127 1427 1198 1480 ab
1233 1425 1361 1495 ipso
1390 1425 1747 1480 Tertulliano
1795 1424 2014 1480 dictum
2047 1425 2190 1479 fuis-

550 1529 612 1568 se
641 1513 1062 1568 Christianum.
1097 1514 1498 1584 Repetendum
1532 1512 1711 1584 igitur
1735 1512 1880 1568 illud
1934 1529 2047 1567 non
2069 1516 2194 1567 erat

549 1602 644 1657 his
666 1603 855 1657 verbis
885 1604 1217 1658 Christianis
1253 1601 1560 1669 educatum,
1595 1618 1720 1672 quae
1768 1602 1827 1656 in
1865 1599 2191 1656 Divionensi

549 1691 748 1745 codice
777 1696 1053 1762 corrupta
1085 1691 1232 1746 satis
1266 1696 1567 1761 apparent.

625 1797 809 1866 Hujus
868 1801 1144 1868 praeterea
1202 1796 1336 1851 libri
1383 1796 1549 1851 initio
1609 1797 1666 1851 in
1699 1797 1940 1852 Pamelii
1963 1799 2019 1852 et
2060 1796 2190 1852 aliis

551 1885 826 1955 deinceps
850 1885 1207 1983 editionibus
1241 1885 1357 1940 hzec
1410 1884 1658 1954 legimus
1684 1886 1905 1983 :.«.Nos
1952 1884 2187 1956 quidem
2220 1919 2267 1983 B

551 1988 739 2044 neque
795 1973 1233 2045 expavescimus
1263 2016 1275 2028 .
1321 2016 1332 2027 .
1380 2014 1392 2029 .
1437 2013 1451 2028 .
1485 1989 1616 2028 cum
1661 1974 1732 2029 ad
1765 1974 1915 2028 hanc
1971 1977 2187 2029 sectam

552 2060 753 2131 utique
784 2066 1055 2132 suscepta
1085 2063 1418 2118 conditione
1449 2064 1575 2132 ejus
1635 2063 1786 2133 pacti
1832 2063 2188 2129 venerimus,

551 2153 617 2204 ut
645 2149 820 2205 etiam
854 2151 1084 2206 animas
1115 2156 1345 2206 nostras
1387 2151 1669 2206 auotorati
1716 2151 1774 2206 in
1826 2152 1930 2207 bas
1963 2168 2190 2223 pugnas

551 2239 925 2294 accedamus.
960 2260 988 2288 »
1011 2238 1272 2307 (Tertull.
1305 2240 1375 2294 ad
1403 2239 1770 2311 Scapul.cap.
1798 2241 1874 2312 1.)
1902 2243 1972 2295 At
2000 2241 2057 2295 in
2081 2241 2191 2312 pri-

552 2327 665 2381 mis
694 2326 1047 2382 editionibus
1078 2329 1361 2398 scriptum
1386 2329 1608 2384 fuerat:
1642 2351 1669 2378 «
1690 2329 1804 2386 Nos
1837 2330 2070 2400 quidem
2091 2345 2190 2384 ne-

551 2431 664 2487 que
694 2417 1130 2486 expavescimus
1163 2459 1176 2471 .
1223 2459 1235 2471 .
1282 2459 1294 2471 .
1339 2459 1352 2472 .
1399 2459 1412 2472 .
1447 2433 1580 2472 cum
1635 2418 1704 2471 ad
1765 2417 1914 2473 hanc
1947 2423 2188 2488 sectam,

549 2505 754 2575 utique
785 2510 1059 2576 suscepta
1089 2507 1421 2562 conditione
1452 2508 1602 2576 ejus,
1659 2506 1815 2578 pacti
1863 2513 1996 2563 ante
2055 2523 2190 2562 cum

551 2593 749 2648 anima
780 2599 982 2648 nostra
1010 2599 1070 2649 et
1099 2597 1408 2662 auctorati,
1462 2596 1520 2649 in
1551 2596 1656 2651 has
1715 2613 1942 2667 pugnas
1975 2595 2193 2652 accedi-

552 2697 707 2735 mus.
741 2703 769 2731 »
797 2683 964 2738 Solus
995 2687 1190 2738 autem
1226 2684 1580 2739 Laurentius
1611 2685 1681 2740 de
1711 2684 1766 2739 la
1799 2690 1970 2740 Barre
1992 2702 2050 2740 se
2073 2685 2191 2742 haec

551 2771 726 2825 verba
755 2787 822 2826 ex
853 2771 1149 2828 Gorziensi
1185 2773 1380 2828 codice
1437 2775 1782 2829 emendasse
1820 2774 2188 2830 testiﬁcatur.

553 2859 661 2913 Sed
725 2863 980 2915 veterum
1024 2861 1343 2916 editionum
1404 2863 1580 2917 verba
1634 2863 1692 2916 in
1757 2863 1910 2918 notis
1968 2864 2194 2936 integra

554 2947 917 3005 conscribere
947 2949 1215 3018 debebat,
1249 2954 1312 3005 ut
1341 2951 1533 3007 cuncti
1552 2951 1778 3008 facilius
1811 2957 2194 3025 agnoscerent

555 3051 697 3091 num
729 3042 877 3092 recte
908 3037 1273 3111 corrigantur
1304 3056 1317 3094 :
1351 3056 1541 3111 neque
1587 3040 1740 3096 enim
1772 3057 1951 3096 sensu
1994 3041 2192 3113 aliquo

555 3127 788 3195 penitus
838 3142 1031 3182 carere
1083 3127 1374 3184 videntur.
1453 3128 1734 3184 Caeterum
1801 3130 2194 3188 Tertullianus

552 3213 634 3268 ibi
668 3215 854 3270 utitur
884 3217 1060 3271 verbo
1086 3217 1542 3283 auctorati,sicut
1562 3222 1620 3273 et
1647 3219 1808 3286 alibi,
1835 3241 1864 3270 «
1895 3221 1975 3274 Ad
2003 3221 2189 3292 ignes,

549 3301 650 3370 ait,
677 3303 917 3375 quidam
950 3321 1012 3360 se
1041 3310 1502 3362 auctoraverunt.
1531 3329 1557 3356 »
1590 3307 1932 3378 (Tertull.ad
1963 3310 2184 3381 Martyr.

550 3405 678 3462 cap.
709 3393 764 3458 5,
790 3409 845 3463 p.
873 3393 1017 3464 158.)
1043 3398 1115 3448 At
1138 3395 1377 3450 verbum
1402 3403 1692 3450 auctorare
1722 3396 2034 3468 signiﬁcat,
2068 3403 2191 3453 aut-

551 3479 816 3534 mercede
847 3496 908 3535 se
934 3480 1215 3552 obligare,
1249 3487 1350 3536 aut
1381 3489 1769 3539 sacramento.
1814 3485 2027 3540 Primis
2087 3503 2190 3540 au-

550 3569 667 3622 tem
699 3567 1041 3624 Tertulliani
1063 3570 1254 3624 verbis
1277 3570 1386 3626 hoc
1413 3572 1653 3626 verbum
1689 3575 1968 3641 secundo,
1994 3579 2191 3646 poste-

552 3654 806 3711 rioribus
845 3657 1034 3728 primo
1066 3673 1244 3713 sensu
1276 3659 1582 3730 accipitur.
1644 3662 1697 3715 Si
1754 3679 1886 3717 vero
1945 3663 2190 3734 scripto-

551 3759 683 3798 rum
715 3745 1106 3815 quorumdam
1139 3747 1473 3802 testimonio
1505 3747 1648 3804 illud
1683 3749 1787 3805 tibi
1834 3751 2066 3821 probari
2091 3769 2190 3823 po-

553 3833 885 3902 stulaveris,
919 3836 1175 3908 primum
1212 3838 1355 3892 781
1406 3839 1541 3892 audi
1574 3839 1941 3897 Ciceronem:
1977 3865 2004 3893 «
2039 3845 2189 3915 Ipsa,

551 3921 764 3994 inquit,
798 3941 1017 3980 merces
1049 3931 1555 3983 auctoramentum
1589 3929 1906 3986 servitutis.
1935 3952 1963 3980 »
1990 3932 2189 4003 (Cicer.

551 4010 654 4066 lib.
688 4029 729 4068 ιι
754 4015 821 4069 de
849 4014 992 4084 ofﬁc.
1027 4032 1083 4086 p.
1105 4015 1231 4080 274,
1264 4014 1367 4070 lin.
1399 4015 1474 4081 4.)
1498 4017 1812 4074 Suetonius
1847 4027 2040 4076 autem
2066 4037 2193 4076 nar-

552 4105 643 4156 rat
671 4101 966 4158 Tiberium
990 4103 1271 4160 Caasarem
1302 4104 1535 4160 dedisse
1553 4122 1770 4162 munus
1799 4107 2190 4178 gladiatorum

553 4195 963 4249 auctoramento
992 4201 1278 4249 centenum
1323 4195 1860 4268 millium.(Sueton,
1918 4197 2021 4253 lib.
2054 4201 2192 4267 m,§

549 4278 626 4348 7).
658 4278 814 4336 Dixit
852 4297 1083 4354 quoque
1134 4284 1353 4338 Seneca
1395 4300 1459 4338 τι
1513 4283 1658 4338 Eum
1718 4285 1846 4340 dedi
1905 4285 2082 4342 larvis
2136 4295 2193 4344 et

553 4367 814 4440 proximo
845 4387 1058 4442 ponere
1091 4372 1242 4427 inter
1285 4389 1463 4428 novos
1516 4377 1866 4431 auctoratos.
1898 4396 1925 4425 »
1968 4377 2188 4447 (Senec.

553 4457 688 4513 Lud.
711 4457 778 4515 de
807 4468 980 4516 morte
1013 4459 1204 4516 Claud.
1239 4479 1295 4533 p.
1329 4462 1480 4532 919.)
1535 4462 1744 4518 Milites
1793 4479 1925 4520 vero
1974 4465 2189 4521 addicti

553 4546 777 4603 militiae
807 4553 1174 4605 sacramento
1198 4549 1472 4620 autorati,
1506 4551 1737 4607 dimissi
1785 4557 1981 4609 autem
2013 4571 2186 4610 exau-

2297 635 2442 684 Nam
2474 627 2870 684 Tertullianus
2928 625 3293 681 continenter
3322 625 3588 682 addidit:
3625 647 3653 675 «
3685 625 3754 680 Et
3785 641 3952 680 nunc

2296 734 2363 771 ex
2394 719 2595 772 eadem
2628 733 2807 772 causa
2854 713 3246 786 interpellatio
3295 715 3625 785 sanguinis,
3664 735 3692 763 »
3738 714 3797 768 id
3829 720 3947 776 est,

2298 815 2362 861 ut
2386 808 2535 861 idem
2570 805 2855 876 Rigaltius
2887 804 3183 874 opinatur,
3205 802 3670 859 Christianorum
3694 803 3944 875 sanguis

2298 894 2649 950 clamaverat
2677 895 2748 949 ad
2782 896 2981 959 Deum,
3041 909 3108 946 ac
3165 892 3372 946 divinis
3428 892 3589 946 illius
3647 891 3947 962 patientia:

2298 1000 2491 1038 moras
2523 982 3009 1054 interpellaverat.
3051 981 3161 1036 Sed
3214 980 3444 1036 nullum
3479 981 3672 1052 plane,
3729 997 3799 1036 ne
3830 981 3947 1036 mi-

2298 1072 2524 1125 nimum
2555 1070 3025 1141 quidem,auotor
3045 1067 3241 1124 uester
3263 1069 3331 1123 de
3351 1068 3539 1138 primo
3559 1072 3658 1123 aut
3686 1069 3949 1124 secundo

2299 1158 2563 1229 Scapulae
2597 1158 2800 1213 morbo
2829 1157 3069 1212 verbum
3120 1157 3274 1212 fecit.
3309 1156 3380 1212 Et
3423 1172 3558 1212 vero
3589 1155 3640 1212 si
3680 1156 3952 1214 acutissi-

2299 1264 2595 1319 ma,quem
2605 1248 2674 1302 ad
2684 1248 2922 1302 modum
2939 1245 3740 1318 vultRigaltius,zngritudine
3760 1246 3947 1304 semel

2299 1343 2358 1392 et
2386 1337 2600 1392 iterum
2632 1337 3036 1397 laboravisset.
3069 1353 3202 1392 eum
3250 1335 3422 1407 longe
3452 1335 3644 1392 acrius
3676 1337 3809 1392 inde
3853 1354 3952 1392 ur-

2299 1431 2483 1497 geret,
2514 1431 2581 1480 ut
2611 1426 2682 1480 ad
2715 1425 3006 1481 saniorem
3064 1433 3318 1480 mentem
3350 1425 3580 1480 facilius
3638 1426 3948 1481 reducere-

2298 1520 2413 1569 tur.
2447 1514 2661 1570 Verum
2693 1515 2802 1569 hoc
2832 1515 3072 1582 omisso,
3132 1515 3316 1569 instat
3371 1518 3429 1569 et
3481 1520 3648 1586 urget
3687 1514 3939 1570 aliorum

2299 1604 2578 1676 exemplis
2609 1604 2925 1676 presidum
2956 1609 3013 1659 et
3066 1603 3506 1675 proconsulum,
3563 1603 3660 1673 qui
3703 1619 3824 1659 sua)
3877 1605 3942 1658 in

2299 1693 2657 1748 Christianos
2678 1693 3037 1749 crudelitatis
3071 1709 3270 1763 pmnas
3301 1692 3602 1748 dederant.
3635 1691 3813 1748 Nobis
3836 1692 3947 1747 ita-

2297 1797 2408 1852 que
2430 1781 2662 1836 facilius
2695 1782 3142 1852 persuadebitur
3173 1781 3475 1836 referenda
3505 1796 3633 1836 esse
3689 1779 3788 1834 illa
3806 1780 3946 1836 Ter-

2298 1869 2529 1925 tulliani
2562 1873 2736 1926 verba
2759 1873 2829 1925 ad
2881 1870 3287 1942 Byzantiuum,
3347 1869 3517 1939 cujus
3549 1868 3766 1924 ibidem
3818 1885 3948 1924 me-

2299 1959 2894 2030 minit,exitium,quo
2917 1958 3133 2014 ethnici
3165 1959 3236 2013 ob
3268 1957 3707 2029 iniquissimam
3739 1957 3796 2012 in
3819 1973 3951 2013 eos-

2298 2048 2427 2101 dem
2461 2047 2825 2103 Cbristianos
2856 2046 3260 2102 crudelitatem
3289 2063 3324 2101 a
3375 2047 3490 2102 Deo
3531 2062 3594 2100 se
3624 2046 3942 2103 mulctatos

2300 2136 2479 2190 fuisse
2502 2135 2694 2207 palam
2717 2136 2966 2190 confessi
2999 2139 3157 2190 sunt.

2369 2225 2564 2279 Minus
2596 2230 2790 2281 autem
2821 2243 2856 2280 a
2882 2241 3016 2280 vero
3042 2223 3327 2296 Rigaltius
3359 2224 3672 2280 recessisse
3690 2224 3942 2294 videtur,

2298 2309 2397 2367 ubi
2430 2311 2489 2366 in
2520 2312 2612 2367 bis
2657 2310 3000 2366 Tertulliani
3057 2310 3272 2379 verbis,
3321 2312 3624 2366 Proculum
3676 2311 3948 2368 Euhodiee

2295 2410 2711 2473 procuratorem
2768 2401 2972 2472 (Ibid),
3047 2399 3517 2456 emendationem
3594 2401 3944 2472 comprobat

2300 2489 2528 2554 Pithmi,
2561 2490 2662 2561 qui
2691 2487 2864 2545 Evodi
2893 2489 3207 2561 legendum
3239 2489 3579 2560 suspicatus
3600 2494 3709 2545 est.
3741 2493 3814 2544 At
3845 2491 3944 2544 fu-

2299 2578 2423 2634 sius
2455 2580 2525 2634 de
2555 2579 2646 2633 his
2669 2580 2788 2634 sive
2837 2578 3072 2651 Rigaltii
3103 2579 3223 2634 sive
3255 2579 3517 2646 ialiorum
3578 2577 3947 2635 observatio-

2299 2666 2470 2722 nibus
2492 2665 2646 2722 infra
2677 2667 3108 2722 disserendum.

2951 2779 3175 2835 CAPUT
3195 2780 3287 2836 VI.

2301 2869 2456 2924 Novae
2475 2868 2534 2922 in
2564 2870 2888 2925 Tertulliani
2915 2870 3336 2940 Apologeticam,
3377 2869 3510 2924 duos
3550 2868 3620 2924 ad
3676 2871 3940 2925 Nationes

2372 2940 2558 3005 libros,
2593 2946 2644 2994 et
2677 2958 2846 2996 unum
2872 2941 2942 2995 ad
2958 2939 3267 3010 Scapulam
3322 2943 3738 3006 observationes,
3807 2942 3940 3010 qui-

2373 3011 2468 3066 bus
2521 3014 2763 3082 primum
2821 3012 3128 3068 ostenditur
3185 3013 3558 3068 Christianam
3616 3013 3941 3083 religionem

2370 3084 2573 3153 [ullam
2602 3099 2712 3139 esse
2749 3087 2922 3139 sacris
2980 3085 3175 3139 Veteris
3237 3085 3561 3139 Testamenti
3611 3084 3939 3153 Scripturis,

2372 3157 2426 3209 et
2455 3155 2717 3225 quomodo
2745 3155 2827 3210 hx
2855 3155 3150 3227 Scriptum
3195 3153 3265 3209 ad
3323 3154 3680 3222 Christianos,
3711 3154 3936 3210 Judreo-

2373 3241 2498 3351 νειηέ
2525 3242 2877 3351 δᾳῗεεεδονεε,
2925 3228 3292 3298 pervenerint,
3353 3243 3417 3281 ac
3463 3233 3671 3298 quanta
3709 3227 3937 3282 illorum

2373 3313 2474 3351 auc
2498 3314 2580 3351 ori
2607 3315 2692 3351 as.

2372 3301 2692 3354 auctoritas.

2846 3419 3166 3461 ARTICULUS
3198 3421 3431 3460 PRIIUS.

2301 3493 2571 3561 Quomodo
2605 3491 2970 3548 Tertullianus
2999 3494 3241 3550 ostendat
3279 3493 3649 3548 Christianam
3703 3493 3933 3562 religio-

2369 3581 2515 3632 nem,
2544 3565 2757 3619 Tiberio
2787 3566 3110 3633 imperante,
3153 3567 3212 3621 in
3240 3565 3508 3620 mundum
3539 3565 3932 3629 introductam,

2366 3635 2756 3708 sacrisfulciri
2778 3637 3097 3708 Iudaeorum
3121 3637 3440 3708 Scripturis,
3471 3652 3534 3690 ac
3574 3637 3936 3708 Christianos,

2369 3708 2471 3760 etsi
2498 3706 2564 3761 ab
2622 3706 2818 3762 iisdem
2871 3707 3071 3763 Iudaeis
3126 3706 3369 3775 nomine,
3401 3707 3762 3778 quorumdam
3789 3706 3934 3761 cibo-

2371 3794 2496 3831 rum
2525 3794 2645 3845 usu,
2677 3780 2829 3849 festis
2858 3780 3047 3834 diebus
3077 3783 3127 3833 et
3152 3780 3571 3835 circumcisione
3598 3778 3934 3850 discrepent,

2371 3851 2427 3904 in
2459 3865 2646 3905 eorum
2676 3857 2878 3917 tamen,
2909 3867 2980 3905 ea:
3007 3852 3184 3922 patrio
3212 3852 3328 3907 solo
3359 3852 3422 3907 ob
3449 3867 3550 3906 sua
3578 3852 3786 3907 scelera
3813 3850 3934 3921 pul-

2370 3937 2572 3984 sorum.
2607 3922 2784 3977 locum
2809 3924 2984 3994 fuisse
3014 3939 3205 3978 revera
3233 3923 3573 3994 subrogalos.

2375 4037 2523 4093 782
2553 4037 2676 4093 Non
2710 4037 2866 4093 aliud
2899 4037 3241 4094 Tertulliani
3275 4039 3333 4094 in
3368 4039 3463 4107 iis,
3483 4039 3555 4094 de
3585 4037 3800 4110 quibus
3820 4037 3941 4109 agi-

2302 4125 2628 4192 mus,libris
2657 4127 3024 4198 propositum
3045 4127 3293 4195 fuit,nisi
3318 4132 3647 4195 ut,causam
3665 4124 3940 4182 Christia-

2300 4231 2509 4271 norum
2537 4216 2783 4288 agendo,
2818 4217 3246 4272 demonstraret
3274 4233 3469 4273 veram
3499 4231 3627 4272 esse
3677 4214 3936 4286 illorum,

2299 4305 2506 4361 falsam
2546 4322 2680 4362 vero
2712 4305 3022 4379 gentilium
3045 4306 3404 4380 religionem,
3427 4307 3652 4378 hosque
3672 4304 3938 4362 omnium

2297 4393 2489 4464 reipsa
2519 4410 2646 4450 reos
2677 4411 2805 4450 esse
2833 4394 3170 4465 criminum,
3205 4411 3455 4467 quorum
3509 4394 3744 4451 eosdem
3772 4393 3939 4450 Chri-

2299 4485 2521 4541 stianos
2551 4486 2696 4542 falso
2726 4486 3102 4542 accusabant.
3137 4487 3247 4542 Sed
3279 4487 3420 4558 quia
3447 4486 3569 4542 hac
3599 4487 3672 4542 ab
3693 4485 3793 4542 illo
3817 4500 3937 4541 non

2295 4575 2442 4630 satis
2464 4574 2741 4631 distincte
2795 4579 2852 4631 et
2907 4575 3218 4632 distribute
3272 4579 3621 4645 tractantur,
3672 4591 3737 4632 ac
3767 4573 3939 4648 plura

551 4636 776 4704 ctorati,
811 4654 844 4692 a
874 4637 1024 4694 Livio
1057 4638 1302 4710 aliisque
1334 4639 1720 4712 scriptoribus
1749 4643 1964 4715 saepius
1984 4643 2188 4700 dicun-

2297 4669 2353 4719 et
2381 4664 2641 4720 difﬁcilia
2668 4671 3003 4731 occurrunt,
3025 4682 3092 4722 ea
3124 4682 3226 4738 pro
3247 4665 3402 4721 virili
3433 4670 3636 4721 nostra
3665 4669 3826 4736 parte
3853 4663 3939 4718 in-

549 4727 665 4779 tur.
724 4725 972 4783 Caateras
1021 4744 1190 4798 porro
1241 4727 1420 4797 hujus
1452 4727 1586 4784 libri
1619 4729 1880 4788 diversas
1911 4732 2189 4791 lectiones

549 4810 723 4882 infra,
753 4831 887 4869 cum
919 4815 1146 4872 occasio
1177 4833 1238 4872 se
1261 4817 1444 4883 dabit,
1469 4819 1904 4878 annotabimus.

619 4920 798 4978 Notas
820 4925 1014 4978 autem
1047 4927 1104 4978 et
1151 4922 1584 4981 observationes
1641 4926 1699 4981 in
1757 4927 1915 4984 hunc
1969 4929 2186 4987 librum

546 5007 728 5064 iidem
761 5009 1084 5082 eodemque
1113 5011 1286 5067 modo
1316 5012 1700 5084 scripserunt,
1721 5016 1821 5088 qui
1851 5019 1908 5073 et
1945 5017 2005 5072 in
2033 5019 2184 5091 Apo-

546 5096 884 5169 logeticum.
918 5100 995 5156 De
1025 5099 1141 5158 illis
1163 5100 1361 5172 itaque
1392 5103 1667 5159 omnibus
1699 5104 1874 5176 idem,
1909 5109 2062 5178 quod
2087 5126 2184 5164 su-

548 5202 651 5257 pra
681 5187 1531 5260 animadvertimus,judicium
1559 5193 1861 5250 ferendum
1884 5201 1994 5251 est.
2029 5197 2185 5252 Nihil

544 5276 724 5347 igitur
745 5278 1140 5350 adjicendum,
1192 5278 1306 5334 nisi
1361 5281 1514 5351 quod
1575 5279 1668 5336 bis
1726 5283 2068 5340 Tertulliani
2116 5286 2186 5341 ad

543 5365 839 5437 Scapulam
870 5369 1096 5424 verbis:
1149 5392 1168 5419 α
1205 5371 1344 5425 Cum
1393 5369 1837 5428 Adrumeticum
1889 5373 2184 5430 Mavillum

545 5455 611 5509 ad
637 5455 855 5513 bestias
884 5457 1251 5528 damnasses,
1273 5461 1330 5513 et
1359 5457 1558 5514 statim
1601 5458 1722 5515 haec
1769 5461 1993 5518 vexatio
2042 5465 2186 5519 sub-

545 5547 745 5600 secuta
773 5551 880 5600 est.
918 5566 943 5597 v
974 5547 1235 5616 (Tertull.
1269 5548 1348 5603 ad
1396 5547 1617 5619 Scapul.
1652 5565 1780 5622 cap.
1814 5551 1870 5619 3)
1899 5550 2186 5622 Rigaltius

545 5631 865 5689 arbitratur
893 5635 1157 5692 denotari
1203 5637 1556 5692 acutissimis
1613 5638 1920 5708 cujusdam
1949 5642 2188 5713 aegritu-

545 5718 700 5775 dinis
756 5721 1099 5793 cruciatum,
1145 5741 1260 5796 quo
1319 5725 1443 5797 ipse
1497 5726 1748 5798 Scapula
1802 5727 1866 5785 ob
1908 5730 2184 5805 iteratam,

2296 4753 2595 4809 meliorem
2619 4754 2884 4810 ordinem
2917 4755 3169 4821 redacta,
3202 4754 3370 4810 solito
3403 4771 3562 4811 more
3577 4757 3777 4810 nostro
3797 4770 3937 4810 exa-

2295 4841 2521 4897 minare
2551 4845 2608 4898 et
2636 4841 2920 4914 explicare
2949 4843 3336 4899 connitemur.

2364 4930 3005 4988 FateturTertullianus
3028 4949 3141 4988 non
3158 4937 3447 4988 vetustam
3473 4932 3784 4988 admodum
3807 4946 3939 4987 esse

2293 5019 2689 5076 Christianam
2721 5019 3087 5092 religionem,
3122 5025 3320 5093 utpote
3354 5037 3480 5092 quin
3510 5020 3789 5078 aCbristo
3827 5024 3936 5076 Do-

2294 5109 2454 5164 mino
2477 5109 2837 5177 sitfundata,
2871 5116 3151 5182 regnante
3209 5111 3436 5167 Tiberio
3494 5111 3740 5180 Caesare,
3803 5113 3939 5166 ante

2293 5198 2465 5268 cujus
2522 5202 2756 5269 tempus
2787 5215 3093 5270 nunquam
3141 5200 3406 5255 auditum
3447 5200 3637 5256 fuerat
3662 5197 3938 5254 Christia-

2294 5302 2503 5340 norum
2536 5303 2768 5342 nomen.
2795 5309 2823 5337 ‹‹
2870 5290 3092 5344 Census
3119 5287 3298 5355 enim,
3339 5288 3534 5360 inquit
3558 5288 3674 5355 ille,
3709 5288 3817 5343 hoc
3846 5291 3936 5342 est

2294 5377 2454 5449 origo
2485 5381 2541 5433 et
2569 5378 3003 5447 initium,istius
3025 5378 3440 5451 dieciplinze,ut
3460 5381 3586 5451 jam
3614 5379 3935 5450 edidimus,

2295 5482 2329 5521 a
2358 5465 2590 5522 Tiberio
2611 5470 2719 5523 est.
2755 5489 2784 5518 »
2817 5467 3173 5537 (Tertullian.
3198 5469 3471 5540 Apologel.
3497 5485 3624 5539 cap.
3653 5469 3734 5540 7.)
3765 5468 3936 5523 Prius

2292 5571 2426 5610 vero
2455 5556 2680 5612 dixerat
2712 5574 2724 5612 :
2758 5579 2787 5607 «
2823 5558 3113 5624 Tiberius,
3173 5559 3343 5628 cujus
3401 5563 3660 5630 tempore
3718 5573 3934 5614 nomen

2293 5643 2691 5701 Christianum
2721 5645 2782 5701 in
2815 5647 3097 5703 saaculum
3130 5646 3413 5703 introivit.
3445 5668 3474 5698 »
3511 5647 3666 5718 (Ibid.
3701 5663 3829 5718 cap.
3851 5647 3930 5716 5.)

2293 5732 2404 5790 Ubi
2436 5738 2635 5792 autem
2664 5737 2724 5791 et
2751 5735 2988 5807 quando
3008 5735 3154 5793 illud
3184 5733 3789 5809 primointroductum
3810 5735 3930 5793 fue-
