4262 6390
304 348 425 409 865

1214 351 1286 410 D.
1337 348 1433 409 LE
1477 349 1810 410 NOURBY
1853 347 2502 409 OBSERVATIONES
2548 348 2815 410 NOVJE.

3562 404 3584 421 ,
3604 349 3725 411 866

306 482 381 536 rit
411 480 458 537 si
493 480 592 551 qui
623 481 773 536 scire
799 484 981 550 aveat,
1017 497 1085 536 ex
1118 478 1529 551 Apostolorum
1561 479 1801 535 Actibus
1833 479 1950 535 dis-
1982 480 2035 546 Α
2067 482 2123 533 et
2147 478 2368 534 Judaeis
2399 478 2691 534 debebant
2729 495 2859 535 esse
2906 480 3263 545 communia,
3298 480 3346 537 si
3380 480 3567 537 eidem
3601 486 3716 538 Deo

306 575 400 626 cet
441 570 691 625 Paulum
724 574 780 624 et
817 570 1146 625 Barnabam
1198 569 1256 623 in
1308 568 1673 623 Antiochena
1702 567 1959 624 Ecclesia

308 660 579 715 docuisse
612 661 844 714 turbam
881 658 1127 714 multam
1163 675 1174 712 :
1211 681 1237 708 ‹‹
1265 659 1349 712 Ita
1380 662 1446 713 ut
1477 658 1959 729 cognominaren-

305 757 403 807 tur
433 752 690 825 primum
716 749 1038 805 Antiochia;
1072 747 1349 819 discipuli
1382 748 1718 803 Christiani.
1746 771 1771 796 ››
1796 748 1958 819 (Act.,

307 858 433 912 cap.
473 842 559 910 11,
612 858 665 893 v.
714 840 827 907 25.)
875 838 1263 901 Quamobrem
1313 836 1708 892 Tertullianus
1759 842 1958 893 noster

307 932 418 987 alio
478 933 536 986 in
587 931 782 986 libro:
838 951 865 977 «
901 928 1120 996 IEtatis,
1173 927 1382 999 inquit,
1432 932 1642 983 nostras
1694 928 1955 984 nondum

306 1021 443 1076 anni
472 1020 705 1075 ducenti
739 1023 795 1074 et
823 1018 1276 1090 quinquaginta,
1304 1039 1331 1067 ››
1355 1034 1421 1073 ac
1452 1022 1651 1089 postea
1686 1034 1697 1071 :
1738 1040 1758 1066 α
1785 1017 1956 1073 ίΕιοῐί

306 1114 516 1165 nostris
550 1109 811 1165 nondum
845 1108 978 1163 anni
1014 1107 1275 1163 trecenti.
1330 1129 1358 1156 »
1410 1107 1652 1162 Tertull.
1710 1107 1780 1162 ad
1830 1108 1953 1163 Nat.

304 1215 431 1271 cap.
474 1199 527 1265 5,
580 1202 638 1253 et
682 1214 809 1268 cap.
861 1198 937 1267 9).
994 1196 1145 1262 Quin
1194 1196 1371 1251 etiam
1416 1196 1475 1250 in
1534 1196 1954 1268 Apologetico:

302 1289 568 1355 Hesterni,
602 1287 704 1353 ait,
735 1302 943 1354 sumus,
976 1285 1029 1340 id
1066 1289 1174 1350 est,
1209 1302 1325 1341 non
1375 1302 1408 1341 a
1458 1284 1631 1357 longo
1670 1290 1953 1357 tempore,

300 1377 401 1432 sed
434 1381 717 1448 tanquam
750 1375 1046 1443 hesterna,
1081 1374 1128 1429 si
1162 1389 1293 1429 cum
1351 1373 1482 1429 aliis
1522 1390 1954 1445 comparemur,

300 1465 392 1521 die
446 1464 589 1520 nati.
626 1465 707 1519 lbi
740 1468 938 1518 autem
991 1463 1243 1519 monitos
1276 1480 1383 1519 nos
1428 1479 1556 1519 esse
1603 1463 1808 1535 voluit,
1840 1481 1956 1520 non

299 1570 513 1627 magno
545 1554 673 1609 sine
706 1552 986 1609 miraculo
1013 1553 1254 1620 factum,
1279 1556 1344 1607 ut
1371 1552 1955 1616 Christiani,tametsi

300 1645 373 1699 ab
404 1644 572 1699 annis
603 1647 723 1698 tam
757 1643 959 1715 paucis
990 1641 1196 1709 exorti,
1219 1642 1418 1698 omnia
1449 1643 1608 1698 orbis
1638 1646 1954 1715 terrarum,

302 1732 555 1805 exceptis
586 1732 729 1787 solis
777 1731 1150 1787 ethnicorum
1203 1731 1464 1804 templis,
1497 1730 1624 1787 loca
1674 1732 1956 1805 impleve-

304 1822 422 1878 rint
450 1822 653 1895 (Idem,
686 1821 909 1893 Apolog.
942 1836 1070 1892 cap.
1103 1820 1215 1891 37).

371 1977 444 2029 At
473 1990 813 2045 quanquam
841 1971 1171 2028 Christiana
1196 1970 1416 2041 religio,
1440 1971 1755 2028 fatentibus
1776 1973 1955 2029 etiam

301 2065 429 2134 ejus
459 2064 869 2128 sectatoribus,
903 2062 1068 2127 adeo,
1099 2061 1251 2116 sicut
1280 2061 1361 2116 ait
1391 2061 1821 2131 Tertullianus,
1852 2080 1953 2118 no-

299 2151 449 2208 vella
480 2152 674 2219 fuerit,
708 2156 767 2207 ut
799 2151 1075 2207 Tiberiani
1105 2151 1388 2219 temporis,
1423 2150 1503 2205 ita
1554 2150 1649 2206 ille
1698 2150 1957 2221 loquitur

296 2244 460 2312 (Ibid.
496 2259 619 2314 cap.
654 2241 766 2311 2t),
801 2241 907 2296 hoc
938 2244 1046 2306 est,
1080 2239 1308 2295 Tiberio
1339 2239 1584 2311 Cmsare,
1618 2241 1769 2296 sicut
1822 2256 1955 2296 mox

299 2330 575 2397 diximus,
616 2330 939 2401 imperante
983 2329 1039 2383 in
1090 2328 1248 2384 hunc
1284 2329 1569 2383 mundum
1622 2330 1955 2385 introducta

299 2419 395 2486 sit,
429 2424 655 2474 certum
689 2423 882 2474 tamen
930 2422 1019 2473 est
1070 2418 1259 2489 ipsam
1307 2420 1730 2488 antiquissimis,
1764 2422 1829 2473 ut
1857 2418 1953 2473 ille

300 2508 491 2563 adhuc
540 2508 639 2575 ait,
688 2509 1008 2565 Judaforam
1054 2508 1457 2575 instrumentis,
1505 2508 1562 2561 id
1608 2512 1719 2574 est,
1772 2507 1953 2563 sacris

300 2598 524 2652 Veteris
553 2597 911 2653 Testamenti
964 2597 1284 2668 Scripturis
1317 2612 1445 2652 esse
1488 2598 1792 2669 suﬂultam.
1826 2596 1953 2652 Non

301 2685 375 2741 iis
407 2690 600 2740 autem
634 2690 867 2741 tantum
901 2686 1152 2740 subnixa
1181 2691 1289 2751 est,
1323 2685 1423 2740 sed
1462 2685 1570 2740 illae
1619 2686 1796 2740 etiam
1837 2703 1951 2741 non

304 2774 503 2830 minus
534 2775 605 2830 ad
645 2774 1011 2831 Christianos
1052 2791 1206 2829 nunc
1255 2774 1569 2845 pertinent,
1604 2791 1781 2846 quam
1813 2774 1952 2830 olim

304 2864 375 2919 ad
407 2864 662 2920 Judaeos.
685 2862 859 2918 Paulo
887 2863 1043 2917 enim
1073 2864 1345 2934 superius
1367 2867 1575 2918 auctor
1596 2867 1796 2918 noster
1817 2864 1955 2918 scri-

304 2958 501 3022 pserat
534 2968 548 3008 :
581 2974 609 3002 ‹‹
642 2951 828 3007 Unius
858 2950 1153 3023 prophetae
1196 2951 1506 3016 scrinium,
1533 2952 1587 3006 id
1624 2957 1709 3007 est
1738 2952 1954 3023 Moysis

302 3040 459 3107 libri,
485 3040 735 3097 aliorum
765 3040 1029 3096 omnium
1060 3038 1242 3095 libros
1274 3039 1541 3111 pluribus
1574 3040 1802 3095 saeculis
1833 3040 1955 3096 vin-

299 3129 399 3195 cit,
430 3129 489 3184 in
514 3146 629 3202 quo
660 3129 888 3185 videtur
919 3128 1233 3184 thesaurus
1276 3127 1589 3184 collocatus
1639 3128 1819 3185 totius
1849 3128 1951 3184 Ju-

297 3219 450 3274 daici
482 3218 851 3284 sacramenti,
883 3223 941 3274 et
968 3218 1103 3272 inde
1132 3217 1308 3274 etiam
1342 3218 1527 3272 nostri
1555 3242 1568 3283 ;
1602 3239 1630 3267 ››
1662 3218 1820 3290 (Ibid.
1843 3235 1947 3291 cap
1979 3224 2023 3292 α

302 3307 391 3377 19)
423 3308 482 3362 in
514 3308 730 3363 nostris
760 3323 894 3362 vero
924 3306 1225 3362 codicibus
1270 3305 1710 3375 manuscriptis,
1743 3311 1792 3362 et
1822 3308 1951 3363 inde

288 3398 411 3468 jam
441 3405 493 3452 et
522 3398 716 3452 nostri.
751 3396 973 3460 Quibus
1005 3411 1145 3450 sane
1175 3394 1367 3450 verbis
1412 3394 1813 3451 Tertullianus
1864 3397 1949 3452 si-

298 3485 539 3557 gnificat
568 3485 627 3540 in
660 3485 769 3540 hoc
790 3488 845 3540 et
867 3483 997 3540 aliis
1022 3483 1247 3539 Veteris
1278 3484 1638 3539 Testamenti
1670 3484 1837 3540 libris
1860 3485 1946 3540 di-

300 3573 501 3629 vinum
557 3574 763 3639 nostri,
813 3572 965 3628 sicut
1013 3572 1151 3627 olim
1192 3572 1553 3639 Judaaorum,
1602 3574 1950 3629 sacramenti

298 3662 643 3719 thesaurum
670 3679 869 3719 revera
899 3661 1199 3717 collocari.

369 3815 584 3870 Contra
648 3819 843 3870 tamen
901 3814 1185 3884 objiciant
1237 3813 1452 3868 ethnici
1511 3813 1663 3869 hanc
1723 3815 1949 3872 futilem

300 3921 428 3960 esse
460 3907 517 3958 et
545 3903 865 3958 absurdam
902 3901 1411 3972 praesumptionem
1447 3902 1951 3976 jactationemque

299 3992 786 4058 Christianorum,
853 3991 950 4062 qui
1006 3991 1105 4046 sub
1159 3991 1481 4065 umbraculo
1556 3992 1951 4061 insignissimae

299 4081 590 4151 religionis
617 4080 819 4150 (Idem,
853 4096 978 4151 cap.
1030 4080 1120 4150 31)
1169 4096 1231 4134 se
1281 4078 1553 4135 volebant
1595 4081 1954 4139 abscondere

302 4175 480 4241 atque
502 4168 774 4240 impium,
808 4185 980 4239 quem
1012 4167 1235 4223 homini
1269 4168 1547 4224 cruciﬁxo
1580 4169 1950 4239 exhibebant,

302 4258 525 4316 cultum
557 4258 759 4314 tutari.
792 4258 939 4313 Nam
970 4273 1205 4329 magna,
1238 4256 1606 4328 inquiebant,
1638 4257 1773 4315 illos
1804 4260 1956 4316 inter

301 4354 359 4405 et
386 4349 622 4405 Judaeos
658 4348 807 4404 783
838 4352 980 4415 erat,
1027 4365 1142 4403 non
1187 4346 1380 4403 solum
1422 4347 1677 4417 nomine,
1727 4350 1827 4406 sed
1861 4350 1955 4421 ip-

303 4439 386 4494 sis
434 4438 613 4494 etiam
663 4439 835 4494 rebus
881 4437 1293 4508 discrepantia.
1346 4436 1539 4492 Primo
1589 4437 1772 4506 enim,
1805 4438 1957 4494 sicut

303 4545 473 4584 nemo
501 4527 795 4583 nesciebat
816 4531 1034 4598 quanta
1057 4525 1229 4582 fuerit
1248 4526 1584 4582 Judaaorum
1609 4527 1952 4599 antiquitas,

302 4616 380 4672 ita
411 4616 609 4672 nullus
640 4616 810 4688 plane
830 4617 1139 4689 ignorabat
1158 4615 1455 4672 Christum
1485 4630 1612 4671 esse
1633 4616 1953 4685 hominem,

304 4723 475 4778 quem
508 4706 745 4779 ipsimet
772 4705 958 4761 Judaei
992 4723 1105 4761 non
1140 4723 1173 4760 a
1197 4704 1391 4777 longo,
1414 4705 1498 4760 uti
1532 4722 1665 4760 mox
1696 4706 1955 4761 animad-

301 4797 599 4867 vertimus,
630 4801 893 4868 tempore
933 4796 1364 4866 judicaverunt,
1399 4811 1464 4850 ac
1514 4795 1704 4850 crucis
1749 4797 1954 4851 affece-

301 4890 439 4939 runt
469 4885 775 4957 supplicio.
824 4884 1041 4939 Deinde
1070 4884 1153 4938 illi
1201 4884 1355 4939 inter
1384 4900 1445 4939 se
1475 4884 1844 4940 dissidebant
1872 4887 1953 4940 vi~

301 4982 414 5029 ctus
441 4974 870 5045 exceptionibus,
901 4973 1013 5029 hoc
1051 4976 1140 5029 est
1171 4974 1530 5043 quibusnam
1564 4974 1826 5028 ciborum
1858 4990 1954 5045 ge-

303 5063 562 5129 neribus,
586 5062 799 5133 quibus
828 5061 890 5116 hi
920 5062 1319 5132 abstinebant,
1343 5061 1426 5115 illi
1457 5078 1590 5117 vero
1618 5064 1951 5119 utebantur.

303 5154 515 5220 Tertio,
550 5170 748 5209 secum
780 5154 1191 5227 discrepabant
1220 5154 1660 5209 solemnitatibus
1714 5154 1951 5221 dierum,

306 5262 433 5315 quae
464 5244 616 5314 apud
650 5248 930 5313 utrosque
959 5249 1124 5298 erant
1146 5260 1388 5313 prorsus
1407 5243 1672 5298 diversae.
1696 5242 1955 5313 Denique

308 5334 656 5390 differebant
684 5334 803 5401 ipso
833 5333 1136 5402 signaculo,
1200 5333 1342 5397 sive,
1402 5336 1467 5387 ut
1522 5333 1603 5386 ait
1670 5332 1955 5387 Minutius

307 5424 483 5491 Felix,
544 5422 794 5478 notaculo
822 5428 1090 5491 corporis,
1124 5423 1277 5494 quod
1313 5423 1383 5478 ab
1416 5422 1701 5494 apostolo,
1732 5422 1952 5489 signum

306 5514 764 5578 circumsisionis,
784 5520 833 5567 et
851 5513 1202 5579 signaculum
1214 5512 1449 5583 justilize
1480 5512 1613 5583 ﬁdei
1645 5512 1701 5566 in
1729 5526 1950 5582 przepu-

308 5608 383 5661 tio
404 5609 641 5660 vocatur
672 5602 904 5675 (Minut.
931 5601 1105 5669 Felix,
1140 5619 1273 5675 pag.
1308 5603 1446 5668 376;
1493 5606 1551 5657 S.
1588 5599 1747 5656 Paul.
1781 5601 1950 5670 Epist.

306 5693 376 5749 ad
409 5694 560 5748 Rom.
594 5709 668 5761 iv,
696 5693 757 5747 11
784 5693 989 5764 seqq).
1016 5692 1191 5764 Atqui
1227 5692 1344 5747 haec
1375 5691 1574 5747 omnia
1604 5688 1952 5747 Christianis

2069 568 2507 637 manciparentu
2520 586 2564 622 r.

2138 676 2208 728 At
2241 690 2386 727 nova
2419 691 2532 729 non
2568 676 2675 729 fuit
2706 676 2826 731 haec
2877 693 2990 731 non
3025 678 3196 733 modo
3250 678 3583 750 gentilium,
3616 681 3716 736 sed

2067 764 2241 819 etiam
2275 764 2607 819 Judaaorum
2642 765 2921 820 adversus
2948 766 3311 823 Christianos
3336 775 3718 840 argumenta-

2066 853 2166 907 tio.
2199 852 2344 907 Nam
2374 853 2645 908 Justinus
2678 854 2896 927 Martyr
2926 854 2983 909 in
3017 872 3123 910 sua
3153 857 3223 911 ad
3258 856 3487 911 Graecos
3517 858 3721 914 cohor-

2067 942 2288 997 tatione
2320 941 2480 996 illam
2539 943 2844 1015 gentilium
2888 946 3125 1000 nomine
3171 945 3254 1000 sic
3304 956 3472 1019 urget
3508 964 3520 1003 :
3554 946 3614 1001 Et
3663 945 3720 1001 δέ
3762 951 3792 968 ⁴

2064 1050 2147 1091 τις
2203 1030 2397 1106 φάσκοι
2472 1034 2581 1084 τῶν
2657 1032 2973 1106 προχείρως
3029 1030 3328 1107 ἀντιλέγειε
3397 1034 3719 1107 εἰθισμένων

2071 1119 2145 1191 μὴ
2179 1121 2313 1191 ἡμῖν
2363 1118 2455 1180 τὰς
2507 1114 2737 1194 βίϐλους
2790 1120 3175 1185 ταύτας,άλλὰ
3217 1120 3501 1186 Ἰουδαίοις
3550 1145 3719 1199 προσ-

2066 1210 2238 1279 ήκειν,
2291 1204 2379 1261 διὰ
2432 1209 2494 1262 τὸ
2566 1206 2645 1264 ἔτι
2701 1213 2793 1263 νῦν
2845 1208 2898 1265 ἐν
2950 1217 3070 1274 ταῖς
3134 1218 3471 1288 συναγωγαῖς
3540 1211 3716 1268 αὒτῶν

2066 1296 2471 1364 σώζεσθαι,καί
2538 1298 2709 1369 μάτην
2761 1300 2907 1370 ἡμᾶς
2968 1298 3026 1353 ἐκ
3075 1298 3282 1354 τούτων
3343 1301 3560 1377 φάσκειν
3615 1303 3713 1370 τήν

2065 1380 2363 1438 θεοσέϐειαν
2428 1385 2796 1457 μεμαθηκέναι
2847 1385 2995 1461 λέγοι
3031 1405 3044 1420 ⁵
3098 1390 3163 1444 At
3219 1391 3273 1445 si
3325 1392 3448 1462 quis
3501 1407 3713 1459 eorum,

2066 1478 2162 1547 qui
2218 1483 2416 1531 temere
2471 1477 2846 1533 contradicere
2902 1483 3319 1549 consueverunt,
3361 1481 3519 1536 nobis
3576 1482 3715 1553 obji-

2064 1568 2173 1619 czat
2219 1580 2328 1619 non
2358 1568 2569 1620 nostros
2618 1567 2710 1622 hos
2758 1582 2890 1635 esse,
2924 1568 3014 1622 sed
3068 1567 3386 1624 Iudaeorum
3445 1570 3616 1625 libros
3666 1574 3719 1626 et

2058 1669 2163 1726 per
2190 1655 2487 1709 vanitatem
2518 1670 2615 1709 nos
2643 1656 2864 1726 jactare
2910 1657 3233 1726 religionem
3276 1674 3345 1713 ea:
3390 1660 3467 1713 eis
3497 1659 3713 1714 hausis-

2062 1759 2122 1798 se
2152 1744 2300 1799 dicat
2334 1743 2568 1814 (Justin.
2604 1744 2842 1817 Martyr.
2868 1745 3085 1800 Cohort.
3121 1746 3197 1801 ad
3229 1747 3401 1803 erc.
3438 1764 3569 1819 pag.
3605 1748 3714 1819 14).

1988 1857 2036 1923 Β
2062 1831 2186 1887 Alio
2217 1838 2412 1889 autem
2445 1834 2503 1887 in
2558 1833 2705 1889 libro
2749 1834 3042 1905 Judaeum,
3090 1835 3291 1890 eodem
3344 1852 3459 1907 quo
3490 1837 3717 1893 Tertul-

2065 1922 2260 1978 lianus
2283 1923 2476 1987 modo,
2500 1921 2849 1978 Christianis
2877 1922 3000 1978 hac
3022 1924 3408 1994 objectantem
3439 1925 3523 1981 sic
3543 1925 3718 1980 indu-

2065 2011 2145 2065 cit
2178 2030 2190 2067 :
2226 2010 2434 2066 Ἐκεῖνο
2467 2008 2523 2064 δὲ
2557 2008 2866 2085 ἀποροῦμεν
2905 2009 3162 2084 μάλιστα,
3194 2010 3238 2065 εἰ
3273 2013 3428 2085 ὑμεῖς
3481 2008 3718 2067 εὐσεϐεῖν

2066 2095 2337 2173 λέγοντες,
2386 2100 2475 2153 καὶ
2531 2103 2638 2153 τῶν
2699 2096 2886 2153 ἄλλων
2942 2098 3185 2173 οἰόμενοι
3249 2098 3541 2179 διαφέρειν,
3596 2104 3713 2157 κατ’

2065 2184 2215 2241 οὐδὲν
2298 2187 2473 2242 αὐτῶν
2534 2188 2936 2256 ἀπολείπεσθε,
2998 2186 3121 2243 οὐδὲ
3185 2186 3539 2245 διαλλάσσετε
3606 2191 3713 2245 ἀπὸ

2061 2280 2171 2330 τῶν
2203 2274 2366 2340 ἐθνῶν
2399 2278 2489 2331 τὸν
2527 2278 2784 2349 ὑμέτερον
2823 2278 2943 2341 βίον
2976 2277 3026 2331 ἂν
3059 2282 3140 2349 τῷ
3197 2280 3335 2350 μήτε
3376 2280 3470 2341 τὰς
3522 2280 3711 2353 ἑορτὰς

2068 2366 2206 2437 μήτε
2235 2366 2301 2418 τὰ
2356 2360 2596 2419 σάϐϐατα
2637 2369 2845 2439 τηρεῖν,
2887 2366 3022 2437 μήτε
3059 2367 3157 2433 τὴν
3204 2369 3508 2441 περιτομὴν
3567 2364 3711 2442 ἔχειν

2063 2453 2151 2508 καὶ
2208 2449 2283 2507 ἔτι
2357 2452 2439 2507 ἐπ’
2494 2452 2778 2527 ἅνθρωποῦ
2854 2453 3227 2527 σταυρωθέντα
3305 2456 3403 2516 τὰς
3485 2453 3715 2518 ἐλπίδας

2064 2541 2405 2614 ποιούμενοι.
2441 2544 2583 2599 Illud
2612 2551 2757 2599 certe
2814 2545 3033 2617 quidem
3089 2546 3411 2615 ambigendo
3468 2548 3715 2602 maxime

2063 2635 2339 2687 miramur
2368 2650 2480 2700 vos,
2513 2635 2609 2703 qui
2637 2648 2827 2689 veram
2869 2634 3094 2704 jactatis
3124 2636 3475 2705 religionem,
3504 2639 3556 2691 et
3583 2637 3715 2691 aliis

2063 2723 2378 2777 hominibus
2404 2732 2669 2794 praestare
2701 2724 2886 2791 vultis,
2920 2738 3043 2778 eum
3074 2723 3225 2778 nihil
3255 2726 3323 2778 ab
3352 2726 3430 2778 eis
3460 2726 3709 2795 varietis,

2063 2815 2115 2867 et
2138 2813 2254 2866 vita
2284 2812 2527 2882 degenda
2551 2812 2696 2867 nihil
2726 2829 2761 2866 a
2787 2812 3037 2882 gentibus
3069 2812 3338 2884 differatis
3359 2831 3379 2875 ;
3414 2816 3598 2884 utpote
3619 2815 3717 2884 qui

2062 2917 2239 2971 neque
2263 2904 2429 2971 festos
2474 2901 2605 2968 dies,
2636 2917 2809 2973 neque
2859 2901 3090 2958 sabbata
3138 2904 3379 2972 servetis,
3404 2918 3575 2973 neque
3602 2905 3710 2957 cir-

2061 2992 2449 3045 cumcisionem
2479 2990 2749 3056 habeatis,
2791 2998 2949 3061 atque
2994 2991 3223 3061 insuper
3252 2992 3307 3045 in
3342 2990 3558 3046 homine
3584 3008 3710 3046 cru-

2062 3079 2229 3148 ciﬁxo
2286 3095 2430 3149 spem
2476 3081 2744 3135 collocetis
2803 3080 3001 3147 (Idem.
3058 3081 3270 3150 Dialog.
3332 3096 3453 3135 cum
3513 3081 3709 3152 Tryph.

2067 3184 2195 3240 pag.
2227 3168 2378 3235 227).

2130 3274 2461 3346 Respondet
2508 3273 2705 3346 itaque
2751 3274 3151 3331 Tertullianus
3191 3274 3507 3330 maximam
3543 3275 3705 3330 olim.

2056 3363 2394 3419 Judazorrm
2421 3363 2600 3419 fuisse
2622 3365 2773 3435 apud
2795 3364 2976 3419 Deum
3002 3365 3308 3436 gratiam,«
3328 3364 3397 3419 ob
3419 3364 3712 3436 insignem

2053 3452 2347 3525 justitiam
2372 3458 2429 3508 et
2456 3452 2625 3507 fidem
2651 3452 3023 3524 originalium
3052 3457 3378 3520 auctorum,
3407 3476 3427 3504 κ
3462 3452 3712 3526 (Tertul-

2058 3542 2196 3598 lian.
2230 3541 2509 3613 Apologet.
2544 3558 2668 3614 cap.
2702 3544 2794 3611 21)
2829 3542 2884 3596 id
2918 3547 3026 3610 est,
3080 3540 3405 3613 primorum
3458 3541 3707 3614 patriar-

2059 3632 2325 3702 charum,
2350 3648 2417 3686 ex
2439 3631 2655 3702 quibus
2676 3630 2959 3703 originem
2983 3647 3152 3686 suam
3177 3631 3709 3696 ducebant.Quam-

2060 3722 2259 3777 obrem
2291 3725 2430 3776 tunc
2463 3720 2678 3787 felices,
2699 3725 2755 3775 et
2784 3720 3035 3792 generis,
3060 3725 3124 3775 ut
3152 3720 3250 3775 ille
3280 3721 3381 3790 ait,
3406 3720 3712 3793 magnitu-

2059 3811 2215 3881 dine,
2247 3813 2302 3865 et
2349 3810 2507 3881 regni
2557 3809 2917 3865 sublimitate
2978 3810 3320 3865 floruerunt.
3382 3812 3449 3865 At
3501 3826 3705 3865 eorum

2060 3900 2277 3973 posteri
2333 3900 2554 3969 fiducia,
2588 3899 2669 3954 ita
2700 3900 2825 3970 ipse
2865 3900 3257 3971 prosequitur,
3296 3921 3323 3949 «
3356 3904 3589 3971 patrum
3618 3898 3711 3953 in-

2061 3988 2203 4060 ﬂati,
2223 3989 2520 4044 deviantes
2542 4005 2575 4043 a
2608 3987 2919 4059 disciplina
2949 3988 3007 4042 in
3044 3989 3354 4060 profanum
3388 3988 3653 4053 modum,
3679 4007 3707 4035 »

2062 4082 2407 4151 spreverunt
2440 4079 2535 4133 Dei
2569 4078 2807 4144 monita,
2842 4093 2907 4133 ac
2937 4077 3293 4133 conculcatis
3324 4078 3452 4147 ejus
3482 4076 3712 4149 legibus

2061 4170 2122 4224 in
2173 4168 2446 4240 quaelibet
2492 4171 2736 4223 ruerunt
2780 4167 3056 4221 vitiorum
3102 4182 3330 4237 genera.
3379 4166 3486 4222 Sed
3533 4180 3710 4239 quem

2063 4258 2244 4313 Deum
2275 4258 2563 4329 optimum
2596 4260 3019 4328 contempsere,
3049 4256 3205 4311 hunc
3252 4271 3515 4311 severum
3543 4254 3710 4326 judi-

2064 4362 2189 4401 cem
2222 4346 2442 4417 experti
2473 4348 2630 4401 sunt.
2655 4345 2816 4411 Quod
2850 4343 3087 4415 quidem
3122 4343 3558 4399 evidentissima
3581 4359 3713 4414 pro-

2066 4434 2166 4489 bat
2198 4434 2390 4490 exitus
2422 4434 2743 4489 hodiernus
2774 4434 3062 4505 ipsorum,
3101 4449 3215 4505 quo
3266 4455 3292 4481 ‹‹
3329 4433 3603 4504 dispersi,
3633 4430 3714 4487 ait

2066 4528 2269 4578 auctor
2298 4527 2514 4591 noster,
2549 4521 2890 4593 palabundi,
2921 4526 2977 4576 et
3006 4521 3132 4576 coeli
3165 4526 3220 4577 et
3252 4520 3359 4577 soli
3397 4521 3486 4576 sui
3518 4524 3714 4575 extor-

1990 4600 2033 4664 D
2067 4629 2179 4677 res,
2230 4616 2516 4683 vagantur
2570 4627 2670 4681 per
2716 4611 2917 4665 orbem
2969 4610 3093 4665 sine
3139 4611 3391 4676 homine,
3427 4611 3548 4665 sine
3599 4614 3713 4663 Deo

2065 4718 2270 4773 rege.»
2306 4701 2504 4771 (Ibid.)
2540 4700 2752 4755 Totum
2804 4704 3001 4754 autem
3050 4699 3201 4755 hunc
3259 4699 3525 4771 magistri
3564 4698 3716 4753 784

2065 4792 2155 4847 sui
2190 4790 2378 4846 locum
2413 4789 2734 4862 Cyprianus
2784 4788 3093 4860 decerpsit,
3142 4806 3206 4843 ac
3242 4790 3504 4860 quaedam
3539 4787 3717 4843 etiam

2064 4882 2314 4952 ipsemet
2361 4880 2489 4950 ejus
2535 4879 2710 4934 verba
2764 4878 2988 4933 huncce
3021 4879 3080 4934 in
3134 4880 3372 4935 modum
3408 4881 3715 4933 mutuatus

2062 4975 2150 5025 est
2184 4989 2195 5025 :
2231 4992 2258 5019 «
2290 4969 2508 5025 Judaeis
2542 4968 2795 5039 primum
2825 4974 2950 5023 erat
2981 4969 3135 5039 apud
3174 4973 3352 5024 Deum
3385 4967 3591 5036 gratia.
3623 4966 3717 5022 Sic

2063 5059 2202 5114 olim
2226 5059 2372 5129 justi
2407 5062 2591 5125 erant,
2634 5057 2718 5111 sic
2767 5057 3021 5126 majores
3082 5073 3281 5112 eorum
3328 5055 3717 5127 religionibus

2063 5148 2430 5204 obediebant.
2485 5146 2621 5201 Inde
2667 5144 2788 5199 illis
2835 5149 2891 5200 et
2939 5144 3099 5216 regni
3133 5144 3468 5201 sublimitas
3494 5141 3714 5210 floruit,

2062 5243 2119 5294 et
2142 5236 2372 5309 generis
2406 5235 2749 5306 magnitudo
2782 5234 3062 5305 provenit.
3088 5234 3195 5289 Sed
3216 5232 3299 5288 illi
3324 5229 3710 5303 negligentes,

2062 5328 2488 5398 indisciplinati
2519 5330 2575 5379 et
2608 5325 2845 5395 superbi
2877 5325 3251 5395 postmodum
3286 5320 3440 5390 facti,
3470 5323 3525 5374 et
3555 5316 3711 5371 ﬁdu-

2062 5420 2153 5474 cia
2182 5422 2417 5489 patrum
2450 5414 2654 5479 inﬂati,
2688 5414 2831 5467 dum
2880 5414 3073 5467 divina
3119 5414 3409 5482 prmcepta
3446 5409 3709 5462 contem-

2064 5512 2233 5578 nunt,
2268 5507 2462 5561 datam
2494 5503 2606 5559 sibi
2637 5504 2885 5573 gratiam
2920 5501 3323 5570 perdiderunt.
3358 5499 3543 5562 Quam
3574 5510 3707 5549 vero

2063 5597 2235 5653 fuerit
2265 5596 2382 5652 illis
2405 5593 2648 5666 profana
2678 5590 2816 5658 vita,
2854 5605 2980 5660 quae
3033 5592 3334 5644 contracta
3377 5585 3455 5642 sit
3484 5581 3707 5639 violatae

2061 5686 2361 5770 religionis
2391 5685 2632 5750 oﬁ‘ensa,
2680 5678 2793 5751 ipsi
2850 5693 3083 5749 quoque
3113 5680 3429 5748 testantur,
3464 5672 3564 5746 qui
3597 5672 3709 5734 etsi
