  <div class='ocr_page' id='page_1' title='image "/cluster/home/n/w/nwhite01/storage/ocr_20150623/1/umn.31951002477295j/439.png"; bbox 0 0 4262 6408; ppageno 0'>
   <div class='ocr_carea' id='block_1_1' title="bbox 612 396 792 464">
    <p class='ocr_par' dir='ltr' id='par_1_1' title="bbox 612 396 792 464">
     <span class='ocr_line' id='line_1_1' title="bbox 612 396 792 464; baseline 0.05 -9"><span class='ocrx_word' id='word_1_1' title='bbox 612 396 733 457; x_wconf 80' lang='grc'>867</span> <span class='ocrx_word' id='word_1_2' title='bbox 776 448 792 464; x_wconf 93' lang='grc'><strong>.</strong></span> 
     </span>
    </p>
   </div>
   <div class='ocr_carea' id='block_1_2' title="bbox 1134 392 3489 467">
    <p class='ocr_par' dir='ltr' id='par_1_2' title="bbox 1134 392 3489 467">
     <span class='ocr_line' id='line_1_2' title="bbox 1134 392 3489 467; baseline 0 -10"><span class='ocrx_word' id='word_1_3' title='bbox 1134 393 1663 457; x_wconf 79' lang='lat' dir='ltr'>TERTULLIANI</span> <span class='ocrx_word' id='word_1_4' title='bbox 1706 392 2034 456; x_wconf 77' lang='lat' dir='ltr'>OPERUM</span> <span class='ocrx_word' id='word_1_5' title='bbox 2077 393 2280 455; x_wconf 77' lang='lat' dir='ltr'>PARS</span> <span class='ocrx_word' id='word_1_6' title='bbox 2323 393 2372 453; x_wconf 83' lang='lat' dir='ltr'>l.</span> <span class='ocrx_word' id='word_1_7' title='bbox 2398 395 2778 457; x_wconf 70' lang='lat' dir='ltr'>-,-SERIES</span> <span class='ocrx_word' id='word_1_8' title='bbox 2822 395 2872 467; x_wconf 81' lang='grc' dir='ltr'>Ι,</span> <span class='ocrx_word' id='word_1_9' title='bbox 2919 396 3489 458; x_wconf 83' lang='lat' dir='ltr'>APOLOGETICA.</span> 
     </span>
    </p>
   </div>
   <div class='ocr_carea' id='block_1_3' title="bbox 3899 397 4029 460">
    <p class='ocr_par' dir='ltr' id='par_1_3' title="bbox 3899 397 4029 460">
     <span class='ocr_line' id='line_1_3' title="bbox 3899 397 4029 460; baseline 0.031 -4"><span class='ocrx_word' id='word_1_10' title='bbox 3899 397 4029 460; x_wconf 83' lang='lat'>868</span> 
     </span>
    </p>
   </div>
   <div class='ocr_carea' id='block_1_4' title="bbox 609 525 4024 600">
    <p class='ocr_par' dir='ltr' id='par_1_4' title="bbox 609 525 4024 600">
     <span class='ocr_line' id='line_1_4' title="bbox 609 525 4024 600; baseline 0 -14"><span class='ocrx_word' id='word_1_11' title='bbox 609 545 748 586; x_wconf 89' lang='lat' dir='ltr'>voce</span> <span class='ocrx_word' id='word_1_12' title='bbox 777 528 1149 598; x_wconf 84' lang='lat' dir='ltr'>tacent,exitu</span> <span class='ocrx_word' id='word_1_13' title='bbox 1173 528 1542 583; x_wconf 84' lang='lat' dir='ltr'>conﬁtentur.</span> <span class='ocrx_word' id='word_1_14' title='bbox 1569 526 1825 597; x_wconf 80' lang='lat' dir='ltr'>Dispersi</span> <span class='ocrx_word' id='word_1_15' title='bbox 1857 529 1915 581; x_wconf 90' lang='lat' dir='ltr'>et</span> <span class='ocrx_word' id='word_1_16' title='bbox 1940 525 2259 598; x_wconf 82' lang='lat' dir='ltr'>palabundi</span> <span class='ocrx_word' id='word_1_17' title='bbox 2291 529 2339 593; x_wconf 80' lang='grc' dir='ltr'>Α</span> <span class='ocrx_word' id='word_1_18' title='bbox 2372 544 2498 582; x_wconf 91' lang='lat' dir='ltr'>rum</span> <span class='ocrx_word' id='word_1_19' title='bbox 2532 532 2747 584; x_wconf 87' lang='lat' dir='ltr'>terram</span> <span class='ocrx_word' id='word_1_20' title='bbox 2781 530 3075 600; x_wconf 89' lang='lat' dir='ltr'>quondam</span> <span class='ocrx_word' id='word_1_21' title='bbox 3126 533 3183 585; x_wconf 90' lang='lat' dir='ltr'>et</span> <span class='ocrx_word' id='word_1_22' title='bbox 3221 531 3422 586; x_wconf 80' lang='lat' dir='ltr'>urbem</span> <span class='ocrx_word' id='word_1_23' title='bbox 3471 533 3732 586; x_wconf 87' lang='lat' dir='ltr'>sanctam</span> <span class='ocrx_word' id='word_1_24' title='bbox 3785 530 4024 600; x_wconf 81' lang='lat' dir='ltr'>ingredi</span> 
     </span>
    </p>
   </div>
   <div class='ocr_carea' id='block_1_5' title="bbox 613 615 2254 690">
    <p class='ocr_par' dir='ltr' id='par_1_5' title="bbox 613 615 2254 690">
     <span class='ocr_line' id='line_1_5' title="bbox 613 615 2254 690; baseline -0.002 -17"><span class='ocrx_word' id='word_1_25' title='bbox 613 623 917 690; x_wconf 80' lang='lat' dir='ltr'>vagantur,</span> <span class='ocrx_word' id='word_1_26' title='bbox 967 616 1074 671; x_wconf 90' lang='lat' dir='ltr'>soli</span> <span class='ocrx_word' id='word_1_27' title='bbox 1121 622 1178 672; x_wconf 89' lang='lat' dir='ltr'>et</span> <span class='ocrx_word' id='word_1_28' title='bbox 1223 615 1349 671; x_wconf 79' lang='lat' dir='ltr'>cceli</span> <span class='ocrx_word' id='word_1_29' title='bbox 1399 615 1490 670; x_wconf 89' lang='lat' dir='ltr'>sui</span> <span class='ocrx_word' id='word_1_30' title='bbox 1545 615 1795 685; x_wconf 80' lang='lat' dir='ltr'>profugi,</span> <span class='ocrx_word' id='word_1_31' title='bbox 1841 631 1943 686; x_wconf 90' lang='lat' dir='ltr'>per</span> <span class='ocrx_word' id='word_1_32' title='bbox 2000 615 2254 686; x_wconf 89' lang='lat' dir='ltr'>hospitia</span> 
     </span>
    </p>
   </div>
   <div class='ocr_carea' id='block_1_6' title="bbox 611 703 2249 776">
    <p class='ocr_par' dir='ltr' id='par_1_6' title="bbox 611 703 2249 776">
     <span class='ocr_line' id='line_1_6' title="bbox 611 703 2249 776; baseline -0.002 -15"><span class='ocrx_word' id='word_1_33' title='bbox 611 708 802 761; x_wconf 88' lang='lat' dir='ltr'>aliena</span> <span class='ocrx_word' id='word_1_34' title='bbox 824 707 1144 776; x_wconf 78' lang='lat' dir='ltr'>jactentur.</span> <span class='ocrx_word' id='word_1_35' title='bbox 1179 726 1209 754; x_wconf 85' lang='lat'>»</span> <span class='ocrx_word' id='word_1_36' title='bbox 1241 704 1533 775; x_wconf 83' lang='lat' dir='ltr'>(Cyprian.</span> <span class='ocrx_word' id='word_1_37' title='bbox 1566 703 1631 758; x_wconf 88' lang='lat' dir='ltr'>de</span> <span class='ocrx_word' id='word_1_38' title='bbox 1671 703 1869 758; x_wconf 83' lang='lat' dir='ltr'>Idolor.</span> <span class='ocrx_word' id='word_1_39' title='bbox 1910 705 2084 758; x_wconf 83' lang='lat' dir='ltr'>Venit.</span> <span class='ocrx_word' id='word_1_40' title='bbox 2118 719 2249 773; x_wconf 89' lang='lat' dir='ltr'>pag.</span> 
     </span>
    </p>
   </div>
   <div class='ocr_carea' id='block_1_7' title="bbox 610 792 2253 866">
    <p class='ocr_par' dir='ltr' id='par_1_7' title="bbox 610 792 2253 866">
     <span class='ocr_line' id='line_1_7' title="bbox 610 792 2253 866; baseline -0.003 -16"><span class='ocrx_word' id='word_1_41' title='bbox 610 797 717 866; x_wconf 87' lang='grc'>15).</span> <span class='ocrx_word' id='word_1_42' title='bbox 751 795 856 849; x_wconf 91' lang='lat' dir='ltr'>Sed</span> <span class='ocrx_word' id='word_1_43' title='bbox 891 794 1011 848; x_wconf 75' lang='lat' dir='ltr'>htec</span> <span class='ocrx_word' id='word_1_44' title='bbox 1033 795 1158 865; x_wconf 89' lang='lat' dir='ltr'>jam</span> <span class='ocrx_word' id='word_1_45' title='bbox 1190 792 1498 847; x_wconf 85' lang='lat' dir='ltr'>retulimus</span> <span class='ocrx_word' id='word_1_46' title='bbox 1530 792 1587 846; x_wconf 94' lang='lat' dir='ltr'>in</span> <span class='ocrx_word' id='word_1_47' title='bbox 1613 792 2024 846; x_wconf 84' lang='lat' dir='ltr'>dissertatione</span> <span class='ocrx_word' id='word_1_48' title='bbox 2054 796 2253 846; x_wconf 87' lang='lat' dir='ltr'>nostra</span> 
     </span>
    </p>
   </div>
   <div class='ocr_carea' id='block_1_8' title="bbox 604 879 2242 950">
    <p class='ocr_par' dir='ltr' id='par_1_8' title="bbox 604 879 2242 950">
     <span class='ocr_line' id='line_1_8' title="bbox 604 879 2242 950; baseline -0.002 -12"><span class='ocrx_word' id='word_1_49' title='bbox 604 885 674 938; x_wconf 92' lang='lat' dir='ltr'>de</span> <span class='ocrx_word' id='word_1_50' title='bbox 721 884 868 937; x_wconf 90' lang='lat' dir='ltr'>libro</span> <span class='ocrx_word' id='word_1_51' title='bbox 925 881 1152 937; x_wconf 90' lang='lat' dir='ltr'>Minutii</span> <span class='ocrx_word' id='word_1_52' title='bbox 1188 880 1413 948; x_wconf 88' lang='lat' dir='ltr'>Felicis,</span> <span class='ocrx_word' id='word_1_53' title='bbox 1448 879 1549 950; x_wconf 88' lang='lat' dir='ltr'>qui</span> <span class='ocrx_word' id='word_1_54' title='bbox 1582 880 1712 935; x_wconf 89' lang='lat' dir='ltr'>inde</span> <span class='ocrx_word' id='word_1_55' title='bbox 1744 879 1958 934; x_wconf 76' lang='lat' dir='ltr'>Caacilii</span> <span class='ocrx_word' id='word_1_56' title='bbox 1991 880 2242 950; x_wconf 88' lang='lat' dir='ltr'>pervica-</span> 
     </span>
    </p>
   </div>
   <div class='ocr_carea' id='block_1_9' title="bbox 569 968 2246 1041">
    <p class='ocr_par' dir='ltr' id='par_1_9' title="bbox 569 968 2246 1041">
     <span class='ocr_line' id='line_1_9' title="bbox 569 968 2246 1041; baseline -0.004 -14"><span class='ocrx_word' id='word_1_57' title='bbox 569 972 755 1027; x_wconf 83' lang='lat' dir='ltr'>-ciam</span> <span class='ocrx_word' id='word_1_58' title='bbox 814 971 1075 1026; x_wconf 90' lang='lat' dir='ltr'>retundit</span> <span class='ocrx_word' id='word_1_59' title='bbox 1132 971 1458 1041; x_wconf 86' lang='lat' dir='ltr'>(Dissertat.</span> <span class='ocrx_word' id='word_1_60' title='bbox 1533 973 1594 1023; x_wconf 83' lang='lat' dir='ltr'>in</span> <span class='ocrx_word' id='word_1_61' title='bbox 1669 968 1881 1023; x_wconf 82' lang='lat' dir='ltr'>Minut.</span> <span class='ocrx_word' id='word_1_62' title='bbox 1955 985 2098 1039; x_wconf 80' lang='lat' dir='ltr'>cap.</span> <span class='ocrx_word' id='word_1_63' title='bbox 2170 969 2246 1036; x_wconf 91' lang='lat'>6,</span> 
     </span>
    </p>
   </div>
   <div class='ocr_carea' id='block_1_10' title="bbox 607 1061 827 1132">
    <p class='ocr_par' dir='ltr' id='par_1_10' title="bbox 607 1061 827 1132">
     <span class='ocr_line' id='line_1_10' title="bbox 607 1061 827 1132; baseline 0 -17"><span class='ocrx_word' id='word_1_64' title='bbox 607 1065 715 1116; x_wconf 87' lang='lat' dir='ltr'>art.</span> <span class='ocrx_word' id='word_1_65' title='bbox 748 1061 827 1132; x_wconf 88' lang='lat'>3).</span> 
     </span>
    </p>
   </div>
   <div class='ocr_carea' id='block_1_11' title="bbox 676 1145 2249 1217">
    <p class='ocr_par' dir='ltr' id='par_1_11' title="bbox 676 1145 2249 1217">
     <span class='ocr_line' id='line_1_11' title="bbox 676 1145 2249 1217; baseline -0.003 -13"><span class='ocrx_word' id='word_1_66' title='bbox 676 1151 749 1204; x_wconf 86' lang='lat' dir='ltr'>At</span> <span class='ocrx_word' id='word_1_67' title='bbox 779 1165 892 1204; x_wconf 88' lang='lat' dir='ltr'>non</span> <span class='ocrx_word' id='word_1_68' title='bbox 925 1147 1117 1203; x_wconf 90' lang='lat' dir='ltr'>solum</span> <span class='ocrx_word' id='word_1_69' title='bbox 1158 1147 1271 1202; x_wconf 91' lang='lat' dir='ltr'>huc</span> <span class='ocrx_word' id='word_1_70' title='bbox 1314 1151 1373 1202; x_wconf 86' lang='lat' dir='ltr'>et</span> <span class='ocrx_word' id='word_1_71' title='bbox 1418 1145 1556 1202; x_wconf 90' lang='lat' dir='ltr'>illuc</span> <span class='ocrx_word' id='word_1_72' title='bbox 1605 1163 1707 1217; x_wconf 89' lang='lat' dir='ltr'>per</span> <span class='ocrx_word' id='word_1_73' title='bbox 1734 1149 1920 1200; x_wconf 89' lang='lat' dir='ltr'>totum</span> <span class='ocrx_word' id='word_1_74' title='bbox 1959 1149 2249 1200; x_wconf 87' lang='lat' dir='ltr'>terrarum</span> 
     </span>
    </p>
   </div>
   <div class='ocr_carea' id='block_1_12' title="bbox 605 1233 2249 1306">
    <p class='ocr_par' dir='ltr' id='par_1_12' title="bbox 605 1233 2249 1306">
     <span class='ocr_line' id='line_1_12' title="bbox 605 1233 2249 1306; baseline -0.003 -14"><span class='ocrx_word' id='word_1_75' title='bbox 605 1239 804 1292; x_wconf 90' lang='lat' dir='ltr'>orbem</span> <span class='ocrx_word' id='word_1_76' title='bbox 852 1235 1038 1291; x_wconf 65' lang='lat' dir='ltr'>Judaei</span> <span class='ocrx_word' id='word_1_77' title='bbox 1091 1240 1258 1290; x_wconf 87' lang='lat' dir='ltr'>erant</span> <span class='ocrx_word' id='word_1_78' title='bbox 1307 1251 1373 1290; x_wconf 87' lang='lat' dir='ltr'>ac</span> <span class='ocrx_word' id='word_1_79' title='bbox 1421 1240 1752 1306; x_wconf 79' lang='lat' dir='ltr'>vagantur;</span> <span class='ocrx_word' id='word_1_80' title='bbox 1795 1234 1895 1288; x_wconf 90' lang='lat' dir='ltr'>sed</span> <span class='ocrx_word' id='word_1_81' title='bbox 1957 1247 2060 1288; x_wconf 89' lang='lat' dir='ltr'>nec</span> <span class='ocrx_word' id='word_1_82' title='bbox 2102 1233 2249 1303; x_wconf 81' lang='lat' dir='ltr'>ipsis</span> 
     </span>
    </p>
   </div>
   <div class='ocr_carea' id='block_1_13' title="bbox 605 1322 2247 1397">
    <p class='ocr_par' dir='ltr' id='par_1_13' title="bbox 605 1322 2247 1397">
     <span class='ocr_line' id='line_1_13' title="bbox 605 1322 2247 1397; baseline -0.005 -15"><span class='ocrx_word' id='word_1_83' title='bbox 605 1340 857 1397; x_wconf 90' lang='lat' dir='ltr'>quoque,</span> <span class='ocrx_word' id='word_1_84' title='bbox 888 1324 1073 1395; x_wconf 84' lang='lat' dir='ltr'>pergit</span> <span class='ocrx_word' id='word_1_85' title='bbox 1103 1322 1519 1389; x_wconf 86' lang='lat' dir='ltr'>Tertullianus,</span> <span class='ocrx_word' id='word_1_86' title='bbox 1542 1345 1568 1372; x_wconf 86' lang='lat'>«</span> <span class='ocrx_word' id='word_1_87' title='bbox 1596 1323 1950 1377; x_wconf 82' lang='lat' dir='ltr'>advenarum</span> <span class='ocrx_word' id='word_1_88' title='bbox 1978 1323 2110 1390; x_wconf 84' lang='lat' dir='ltr'>jure</span> <span class='ocrx_word' id='word_1_89' title='bbox 2132 1326 2247 1374; x_wconf 88' lang='lat' dir='ltr'>ter-</span> 
     </span>
    </p>
   </div>
   <div class='ocr_carea' id='block_1_14' title="bbox 604 1409 2248 1483">
    <p class='ocr_par' dir='ltr' id='par_1_14' title="bbox 604 1409 2248 1483">
     <span class='ocr_line' id='line_1_14' title="bbox 604 1409 2248 1483; baseline -0.005 -15"><span class='ocrx_word' id='word_1_90' title='bbox 604 1429 723 1468; x_wconf 87' lang='lat' dir='ltr'>ram</span> <span class='ocrx_word' id='word_1_91' title='bbox 755 1413 1002 1483; x_wconf 89' lang='lat' dir='ltr'>patriam</span> <span class='ocrx_word' id='word_1_92' title='bbox 1032 1411 1234 1467; x_wconf 83' lang='lat' dir='ltr'>saltem</span> <span class='ocrx_word' id='word_1_93' title='bbox 1263 1411 1504 1481; x_wconf 90' lang='lat' dir='ltr'>vestigio</span> <span class='ocrx_word' id='word_1_94' title='bbox 1534 1409 1786 1465; x_wconf 88' lang='lat' dir='ltr'>salutare</span> <span class='ocrx_word' id='word_1_95' title='bbox 1825 1409 2188 1464; x_wconf 87' lang='lat' dir='ltr'>conceditur.</span> <span class='ocrx_word' id='word_1_96' title='bbox 2219 1429 2248 1458; x_wconf 86' lang='grc'><strong>››</strong></span> 
     </span>
    </p>
   </div>
   <div class='ocr_carea' id='block_1_15' title="bbox 601 1497 2246 1573">
    <p class='ocr_par' dir='ltr' id='par_1_15' title="bbox 601 1497 2246 1573">
     <span class='ocr_line' id='line_1_15' title="bbox 601 1497 2246 1573; baseline -0.004 -16"><span class='ocrx_word' id='word_1_97' title='bbox 601 1500 972 1573; x_wconf 88' lang='lat' dir='ltr'>(Tertullian.</span> <span class='ocrx_word' id='word_1_98' title='bbox 1006 1500 1106 1555; x_wconf 80' lang='lat' dir='ltr'>loc.</span> <span class='ocrx_word' id='word_1_99' title='bbox 1138 1501 1279 1569; x_wconf 90' lang='lat' dir='ltr'>cit.).</span> <span class='ocrx_word' id='word_1_100' title='bbox 1319 1499 1436 1554; x_wconf 86' lang='lat' dir='ltr'>Ubi</span> <span class='ocrx_word' id='word_1_101' title='bbox 1465 1514 1598 1554; x_wconf 90' lang='lat' dir='ltr'>vero</span> <span class='ocrx_word' id='word_1_102' title='bbox 1643 1502 1845 1553; x_wconf 90' lang='lat' dir='ltr'>contra</span> <span class='ocrx_word' id='word_1_103' title='bbox 1876 1499 2111 1552; x_wconf 87' lang='lat' dir='ltr'>eosdem</span> <span class='ocrx_word' id='word_1_104' title='bbox 2143 1497 2246 1552; x_wconf 90' lang='lat' dir='ltr'>Ju-</span> 
     </span>
    </p>
   </div>
   <div class='ocr_carea' id='block_1_16' title="bbox 605 1585 2248 1658">
    <p class='ocr_par' dir='ltr' id='par_1_16' title="bbox 605 1585 2248 1658">
     <span class='ocr_line' id='line_1_16' title="bbox 605 1585 2248 1658; baseline -0.003 -14"><span class='ocrx_word' id='word_1_105' title='bbox 605 1591 758 1645; x_wconf 74' lang='lat' dir='ltr'>dzeos</span> <span class='ocrx_word' id='word_1_106' title='bbox 781 1588 1126 1644; x_wconf 85' lang='lat' dir='ltr'>nominatim</span> <span class='ocrx_word' id='word_1_107' title='bbox 1149 1587 1260 1643; x_wconf 89' lang='lat' dir='ltr'>alio</span> <span class='ocrx_word' id='word_1_108' title='bbox 1282 1587 1338 1640; x_wconf 92' lang='lat' dir='ltr'>in</span> <span class='ocrx_word' id='word_1_109' title='bbox 1363 1586 1510 1641; x_wconf 90' lang='lat' dir='ltr'>libro</span> <span class='ocrx_word' id='word_1_110' title='bbox 1534 1587 1817 1658; x_wconf 83' lang='lat' dir='ltr'>disputat,</span> <span class='ocrx_word' id='word_1_111' title='bbox 1844 1586 2032 1657; x_wconf 86' lang='lat' dir='ltr'>palam</span> <span class='ocrx_word' id='word_1_112' title='bbox 2057 1585 2248 1640; x_wconf 90' lang='lat' dir='ltr'>adhuc</span> 
     </span>
    </p>
   </div>
   <div class='ocr_carea' id='block_1_17' title="bbox 603 1675 2247 1745">
    <p class='ocr_par' dir='ltr' id='par_1_17' title="bbox 603 1675 2247 1745">
     <span class='ocr_line' id='line_1_17' title="bbox 603 1675 2247 1745; baseline -0.003 -11"><span class='ocrx_word' id='word_1_113' title='bbox 603 1677 814 1734; x_wconf 88' lang='lat' dir='ltr'>asserit</span> <span class='ocrx_word' id='word_1_114' title='bbox 842 1676 984 1732; x_wconf 91' lang='lat' dir='ltr'>illud</span> <span class='ocrx_word' id='word_1_115' title='bbox 1041 1693 1154 1732; x_wconf 89' lang='lat' dir='ltr'>non</span> <span class='ocrx_word' id='word_1_116' title='bbox 1206 1676 1378 1730; x_wconf 91' lang='lat' dir='ltr'>modo</span> <span class='ocrx_word' id='word_1_117' title='bbox 1426 1677 1510 1730; x_wconf 92' lang='lat' dir='ltr'>eis</span> <span class='ocrx_word' id='word_1_118' title='bbox 1559 1691 1673 1729; x_wconf 91' lang='lat' dir='ltr'>non</span> <span class='ocrx_word' id='word_1_119' title='bbox 1727 1675 2105 1745; x_wconf 87' lang='lat' dir='ltr'>permissum,</span> <span class='ocrx_word' id='word_1_120' title='bbox 2145 1675 2247 1730; x_wconf 92' lang='lat' dir='ltr'>sed</span> 
     </span>
    </p>
   </div>
   <div class='ocr_carea' id='block_1_18' title="bbox 603 1763 2244 1835">
    <p class='ocr_par' dir='ltr' id='par_1_18' title="bbox 603 1763 2244 1835">
     <span class='ocr_line' id='line_1_18' title="bbox 603 1763 2244 1835; baseline -0.004 -13"><span class='ocrx_word' id='word_1_121' title='bbox 603 1768 778 1822; x_wconf 88' lang='lat' dir='ltr'>etiam</span> <span class='ocrx_word' id='word_1_122' title='bbox 827 1766 1092 1833; x_wconf 89' lang='lat' dir='ltr'>vetitum,</span> <span class='ocrx_word' id='word_1_123' title='bbox 1143 1764 1639 1835; x_wconf 90' lang='lat' dir='ltr'>quemadmodum</span> <span class='ocrx_word' id='word_1_124' title='bbox 1674 1781 1706 1817; x_wconf 86' lang='lat' dir='ltr'>a</span> <span class='ocrx_word' id='word_1_125' title='bbox 1747 1779 1911 1819; x_wconf 90' lang='lat' dir='ltr'>sacro</span> <span class='ocrx_word' id='word_1_126' title='bbox 1943 1763 2244 1833; x_wconf 86' lang='lat' dir='ltr'>propheta,</span> 
     </span>
    </p>
   </div>
   <div class='ocr_carea' id='block_1_19' title="bbox 2361 616 4019 691">
    <p class='ocr_par' dir='ltr' id='par_1_19' title="bbox 2361 616 4019 691">
     <span class='ocr_line' id='line_1_19' title="bbox 2361 616 4019 691; baseline 0.002 -20"><span class='ocrx_word' id='word_1_127' title='bbox 2361 616 2485 689; x_wconf 91' lang='lat' dir='ltr'>lege</span> <span class='ocrx_word' id='word_1_128' title='bbox 2516 619 2890 687; x_wconf 89' lang='lat' dir='ltr'>permittitur.</span> <span class='ocrx_word' id='word_1_129' title='bbox 2929 639 2950 669; x_wconf 72' lang='grc' dir='ltr'><strong><em>ι</em></strong></span> <span class='ocrx_word' id='word_1_130' title='bbox 3008 621 3205 689; x_wconf 88' lang='lat' dir='ltr'>(Idem.</span> <span class='ocrx_word' id='word_1_131' title='bbox 3260 622 3320 673; x_wconf 86' lang='lat' dir='ltr'>in</span> <span class='ocrx_word' id='word_1_132' title='bbox 3366 635 3488 691; x_wconf 88' lang='lat' dir='ltr'>cap.</span> <span class='ocrx_word' id='word_1_133' title='bbox 3531 637 3669 675; x_wconf 80' lang='lat' dir='ltr'>xvm</span> <span class='ocrx_word' id='word_1_134' title='bbox 3719 621 3907 676; x_wconf 68' lang='lat' dir='ltr'>Ezech.</span> <span class='ocrx_word' id='word_1_135' title='bbox 3958 637 4019 686; x_wconf 92' lang='lat' dir='ltr'>v,</span> 
     </span>
    </p>
   </div>
   <div class='ocr_carea' id='block_1_20' title="bbox 2364 707 2720 777">
    <p class='ocr_par' dir='ltr' id='par_1_20' title="bbox 2364 707 2720 777">
     <span class='ocr_line' id='line_1_20' title="bbox 2364 707 2720 777; baseline 0 -19"><span class='ocrx_word' id='word_1_136' title='bbox 2364 707 2720 777; x_wconf 64' lang='lat' dir='ltr'>16,p.oi7)</span> 
     </span>
    </p>
   </div>
   <div class='ocr_carea' id='block_1_21' title="bbox 2431 812 4012 885">
    <p class='ocr_par' dir='ltr' id='par_1_21' title="bbox 2431 812 4012 885">
     <span class='ocr_line' id='line_1_21' title="bbox 2431 812 4012 885; baseline 0.004 -20"><span class='ocrx_word' id='word_1_137' title='bbox 2431 812 2552 876; x_wconf 87' lang='lat' dir='ltr'>Quo</span> <span class='ocrx_word' id='word_1_138' title='bbox 2584 818 2778 867; x_wconf 89' lang='lat' dir='ltr'>autem</span> <span class='ocrx_word' id='word_1_139' title='bbox 2810 817 3091 884; x_wconf 86' lang='lat' dir='ltr'>tempore,</span> <span class='ocrx_word' id='word_1_140' title='bbox 3125 819 3180 868; x_wconf 91' lang='lat' dir='ltr'>et</span> <span class='ocrx_word' id='word_1_141' title='bbox 3201 831 3233 868; x_wconf 91' lang='lat' dir='ltr'>a</span> <span class='ocrx_word' id='word_1_142' title='bbox 3259 830 3373 884; x_wconf 91' lang='lat' dir='ltr'>quo</span> <span class='ocrx_word' id='word_1_143' title='bbox 3403 814 3756 885; x_wconf 88' lang='lat' dir='ltr'>imperatore</span> <span class='ocrx_word' id='word_1_144' title='bbox 3788 814 3903 871; x_wconf 83' lang='lat' dir='ltr'>lata</span> <span class='ocrx_word' id='word_1_145' title='bbox 3928 816 4012 871; x_wconf 90' lang='lat' dir='ltr'>sit</span> 
     </span>
    </p>
   </div>
   <div class='ocr_carea' id='block_1_22' title="bbox 2361 901 4023 975">
    <p class='ocr_par' dir='ltr' id='par_1_22' title="bbox 2361 901 4023 975">
     <span class='ocr_line' id='line_1_22' title="bbox 2361 901 4023 975; baseline 0.002 -20"><span class='ocrx_word' id='word_1_146' title='bbox 2361 917 2429 955; x_wconf 91' lang='lat' dir='ltr'>ea</span> <span class='ocrx_word' id='word_1_147' title='bbox 2450 901 2560 969; x_wconf 85' lang='lat' dir='ltr'>lex,</span> <span class='ocrx_word' id='word_1_148' title='bbox 2582 901 2629 956; x_wconf 91' lang='lat' dir='ltr'>si</span> <span class='ocrx_word' id='word_1_149' title='bbox 2661 917 2850 972; x_wconf 84' lang='lat' dir='ltr'>roges,</span> <span class='ocrx_word' id='word_1_150' title='bbox 2877 918 2944 956; x_wconf 82' lang='lat' dir='ltr'>ex</span> <span class='ocrx_word' id='word_1_151' title='bbox 2977 903 3220 957; x_wconf 86' lang='lat' dir='ltr'>Eusebio</span> <span class='ocrx_word' id='word_1_152' title='bbox 3249 903 3470 958; x_wconf 88' lang='lat' dir='ltr'>discere</span> <span class='ocrx_word' id='word_1_153' title='bbox 3493 904 3730 972; x_wconf 88' lang='lat' dir='ltr'>poteris,</span> <span class='ocrx_word' id='word_1_154' title='bbox 3755 904 3854 975; x_wconf 88' lang='lat' dir='ltr'>qui</span> <span class='ocrx_word' id='word_1_155' title='bbox 3881 921 4023 958; x_wconf 86' lang='lat' dir='ltr'>nar-</span> 
     </span>
    </p>
   </div>
   <div class='ocr_carea' id='block_1_23' title="bbox 2361 989 4009 1060">
    <p class='ocr_par' dir='ltr' id='par_1_23' title="bbox 2361 989 4009 1060">
     <span class='ocr_line' id='line_1_23' title="bbox 2361 989 4009 1060; baseline 0.002 -18"><span class='ocrx_word' id='word_1_156' title='bbox 2361 993 2449 1044; x_wconf 89' lang='lat' dir='ltr'>rat</span> <span class='ocrx_word' id='word_1_157' title='bbox 2479 1005 2631 1044; x_wconf 91' lang='lat' dir='ltr'>anno</span> <span class='ocrx_word' id='word_1_158' title='bbox 2661 990 2727 1043; x_wconf 81' lang='lat'>12</span> <span class='ocrx_word' id='word_1_159' title='bbox 2760 989 2991 1044; x_wconf 84' lang='lat' dir='ltr'>Adriani</span> <span class='ocrx_word' id='word_1_160' title='bbox 3021 990 3413 1060; x_wconf 83' lang='lat' dir='ltr'>imperatoris,</span> <span class='ocrx_word' id='word_1_161' title='bbox 3446 995 3580 1060; x_wconf 85' lang='lat' dir='ltr'>post</span> <span class='ocrx_word' id='word_1_162' title='bbox 3613 1007 3873 1046; x_wconf 86' lang='lat' dir='ltr'>eversam</span> <span class='ocrx_word' id='word_1_163' title='bbox 3902 1009 4009 1046; x_wconf 85' lang='lat' dir='ltr'>ur-</span> 
     </span>
    </p>
   </div>
   <div class='ocr_carea' id='block_1_24' title="bbox 2361 1077 4008 1150">
    <p class='ocr_par' dir='ltr' id='par_1_24' title="bbox 2361 1077 4008 1150">
     <span class='ocr_line' id='line_1_24' title="bbox 2361 1077 4008 1150; baseline 0.003 -19"><span class='ocrx_word' id='word_1_164' title='bbox 2361 1078 2488 1132; x_wconf 92' lang='lat' dir='ltr'>bem</span> <span class='ocrx_word' id='word_1_165' title='bbox 2521 1077 2817 1143; x_wconf 88' lang='lat' dir='ltr'>Berthera,</span> <span class='ocrx_word' id='word_1_166' title='bbox 2847 1095 2958 1132; x_wconf 90' lang='lat' dir='ltr'>non</span> <span class='ocrx_word' id='word_1_167' title='bbox 2995 1079 3190 1149; x_wconf 89' lang='lat' dir='ltr'>procul</span> <span class='ocrx_word' id='word_1_168' title='bbox 3225 1079 3638 1150; x_wconf 82' lang='lat' dir='ltr'>Hierosolymis</span> <span class='ocrx_word' id='word_1_169' title='bbox 3681 1080 3958 1135; x_wconf 87' lang='lat' dir='ltr'>dissitam</span> <span class='ocrx_word' id='word_1_170' title='bbox 3993 1099 4008 1136; x_wconf 84' lang='lat'><strong>:</strong></span> 
     </span>
    </p>
   </div>
   <div class='ocr_carea' id='block_1_25' title="bbox 2358 1158 4012 1240">
    <p class='ocr_par' dir='ltr' id='par_1_25' title="bbox 2358 1158 4012 1240">
     <span class='ocr_line' id='line_1_25' title="bbox 2358 1158 4012 1240; baseline 0.002 -22"><span class='ocrx_word' id='word_1_171' title='bbox 2358 1164 2426 1218; x_wconf 90' lang='grc' dir='ltr'>Τὸ</span> <span class='ocrx_word' id='word_1_172' title='bbox 2458 1170 2560 1218; x_wconf 76' lang='grc' dir='ltr'>πᾶν</span> <span class='ocrx_word' id='word_1_173' title='bbox 2595 1158 2747 1227; x_wconf 73' lang='grc' dir='ltr'>ἔθνος</span> <span class='ocrx_word' id='word_1_174' title='bbox 2779 1163 2829 1233; x_wconf 75' lang='grc' dir='ltr'>ιε</span> <span class='ocrx_word' id='word_1_175' title='bbox 2864 1163 3068 1218; x_wconf 71' lang='grc' dir='ltr'>ἰκῑίνου</span> <span class='ocrx_word' id='word_1_176' title='bbox 3096 1167 3186 1218; x_wconf 82' lang='grc' dir='ltr'>καὶ</span> <span class='ocrx_word' id='word_1_177' title='bbox 3215 1172 3317 1234; x_wconf 81' lang='grc' dir='ltr'>τῆς</span> <span class='ocrx_word' id='word_1_178' title='bbox 3365 1165 3488 1239; x_wconf 78' lang='grc' dir='ltr'>περὶ</span> <span class='ocrx_word' id='word_1_179' title='bbox 3539 1165 3606 1219; x_wconf 77' lang='grc' dir='ltr'>τὰ</span> <span class='ocrx_word' id='word_1_180' title='bbox 3651 1165 4012 1240; x_wconf 76' lang='grc' dir='ltr'>Ἰεροσόλυμα</span> 
     </span>
    </p>
   </div>
   <div class='ocr_carea' id='block_1_26' title="bbox 2357 1247 4012 1328">
    <p class='ocr_par' dir='ltr' id='par_1_26' title="bbox 2357 1247 4012 1328">
     <span class='ocr_line' id='line_1_26' title="bbox 2357 1247 4012 1328; baseline 0.001 -22"><span class='ocrx_word' id='word_1_181' title='bbox 2357 1259 2462 1325; x_wconf 84' lang='grc' dir='ltr'>γῆς</span> <span class='ocrx_word' id='word_1_182' title='bbox 2487 1253 2714 1324; x_wconf 80' lang='grc' dir='ltr'>πάμπαν</span> <span class='ocrx_word' id='word_1_183' title='bbox 2749 1247 3037 1307; x_wconf 65' lang='grc' dir='ltr'>ἕπιϐαίνειν</span> <span class='ocrx_word' id='word_1_184' title='bbox 3088 1251 3358 1327; x_wconf 61' lang='grc' dir='ltr'>εἶ’ργιταιο</span> <span class='ocrx_word' id='word_1_185' title='bbox 3402 1253 3574 1324; x_wconf 83' lang='grc' dir='ltr'>νόμου</span> <span class='ocrx_word' id='word_1_186' title='bbox 3616 1251 3870 1328; x_wconf 81' lang='grc' dir='ltr'>’δόγματι</span> <span class='ocrx_word' id='word_1_187' title='bbox 3914 1257 4012 1310; x_wconf 75' lang='grc' dir='ltr'>καὶ</span> 
     </span>
    </p>
   </div>
   <div class='ocr_carea' id='block_1_27' title="bbox 2359 1339 4021 1414">
    <p class='ocr_par' dir='ltr' id='par_1_27' title="bbox 2359 1339 4021 1414">
     <span class='ocr_line' id='line_1_27' title="bbox 2359 1339 4021 1414; baseline 0.001 -19"><span class='ocrx_word' id='word_1_188' title='bbox 2359 1339 2652 1413; x_wconf 68' lang='grc' dir='ltr'>διατάξεων</span> <span class='ocrx_word' id='word_1_189' title='bbox 2715 1339 3022 1414; x_wconf 79' lang='grc' dir='ltr'>Ἀδριανοῦ,</span> <span class='ocrx_word' id='word_1_190' title='bbox 3053 1341 3126 1402; x_wconf 86' lang='grc' dir='ltr'>ὡς</span> <span class='ocrx_word' id='word_1_191' title='bbox 3185 1339 3247 1395; x_wconf 77' lang='grc' dir='ltr'>ἂν</span> <span class='ocrx_word' id='word_1_192' title='bbox 3301 1339 3429 1414; x_wconf 80' lang='grc' dir='ltr'>μηδ’</span> <span class='ocrx_word' id='word_1_193' title='bbox 3478 1341 3529 1411; x_wconf 74' lang='grc' dir='ltr'>ἒξ</span> <span class='ocrx_word' id='word_1_194' title='bbox 3581 1341 3826 1397; x_wconf 83' lang='grc' dir='ltr'>ἀπόπτου</span> <span class='ocrx_word' id='word_1_195' title='bbox 3879 1345 4021 1398; x_wconf 74' lang='grc' dir='ltr'><strong>θεω-</strong></span> 
     </span>
    </p>
   </div>
   <div class='ocr_carea' id='block_1_28' title="bbox 2359 1426 4009 1505">
    <p class='ocr_par' dir='ltr' id='par_1_28' title="bbox 2359 1426 4009 1505">
     <span class='ocr_line' id='line_1_28' title="bbox 2359 1426 4009 1505; baseline 0.001 -21"><span class='ocrx_word' id='word_1_196' title='bbox 2359 1434 2500 1504; x_wconf 83' lang='grc' dir='ltr'>ροῖεν</span> <span class='ocrx_word' id='word_1_197' title='bbox 2544 1429 2608 1484; x_wconf 87' lang='grc' dir='ltr'>τὸ</span> <span class='ocrx_word' id='word_1_198' title='bbox 2651 1434 2902 1504; x_wconf 83' lang='grc' dir='ltr'>πατρῷον</span> <span class='ocrx_word' id='word_1_199' title='bbox 2957 1426 3152 1504; x_wconf 71' lang='grc' dir='ltr'>ἔδαφος</span> <span class='ocrx_word' id='word_1_200' title='bbox 3201 1427 3680 1505; x_wconf 68' lang='grc' dir='ltr'>δγχελιυσαμένου,</span> <span class='ocrx_word' id='word_1_201' title='bbox 3735 1429 4009 1503; x_wconf 82' lang='grc' dir='ltr'>Ἀρίστων</span> 
     </span>
    </p>
   </div>
   <div class='ocr_carea' id='block_1_29' title="bbox 2358 1513 4010 1593">
    <p class='ocr_par' dir='ltr' id='par_1_29' title="bbox 2358 1513 4010 1593">
     <span class='ocr_line' id='line_1_29' title="bbox 2358 1513 4010 1593; baseline 0.002 -21"><span class='ocrx_word' id='word_1_202' title='bbox 2358 1520 2385 1572; x_wconf 85' lang='grc' dir='ltr'><strong>ὁ</strong></span> <span class='ocrx_word' id='word_1_203' title='bbox 2420 1513 2690 1580; x_wconf 75' lang='grc' dir='ltr'>Πελλαῖος</span> <span class='ocrx_word' id='word_1_204' title='bbox 2721 1519 2946 1593; x_wconf 78' lang='grc' dir='ltr'>ἱστορεῖ.</span> <span class='ocrx_word' id='word_1_205' title='bbox 2976 1520 3293 1576; x_wconf 66' lang='lat' dir='ltr'>Iudaeorum</span> <span class='ocrx_word' id='word_1_206' title='bbox 3323 1522 3582 1576; x_wconf 85' lang='lat' dir='ltr'>universa</span> <span class='ocrx_word' id='word_1_207' title='bbox 3621 1537 3751 1592; x_wconf 86' lang='lat' dir='ltr'>gens</span> <span class='ocrx_word' id='word_1_208' title='bbox 3800 1523 3864 1576; x_wconf 83' lang='lat' dir='ltr'>in</span> <span class='ocrx_word' id='word_1_209' title='bbox 3914 1539 4010 1576; x_wconf 84' lang='lat' dir='ltr'>re-</span> 
     </span>
    </p>
   </div>
   <div class='ocr_carea' id='block_1_30' title="bbox 2355 1609 4016 1681">
    <p class='ocr_par' dir='ltr' id='par_1_30' title="bbox 2355 1609 4016 1681">
     <span class='ocr_line' id='line_1_30' title="bbox 2355 1609 4016 1681; baseline 0.001 -17"><span class='ocrx_word' id='word_1_210' title='bbox 2355 1612 2570 1681; x_wconf 86' lang='lat' dir='ltr'>gionem</span> <span class='ocrx_word' id='word_1_211' title='bbox 2627 1611 2834 1664; x_wconf 81' lang='lat' dir='ltr'>circum</span> <span class='ocrx_word' id='word_1_212' title='bbox 2905 1609 3281 1680; x_wconf 82' lang='lat' dir='ltr'>Hierosolyma</span> <span class='ocrx_word' id='word_1_213' title='bbox 3328 1611 3499 1664; x_wconf 88' lang='lat' dir='ltr'>situm</span> <span class='ocrx_word' id='word_1_214' title='bbox 3554 1610 3746 1681; x_wconf 79' lang='lat' dir='ltr'>pedem</span> <span class='ocrx_word' id='word_1_215' title='bbox 3800 1612 4016 1681; x_wconf 79' lang='lat' dir='ltr'>inferre</span> 
     </span>
    </p>
   </div>
   <div class='ocr_carea' id='block_1_31' title="bbox 2357 1697 4009 1769">
    <p class='ocr_par' dir='ltr' id='par_1_31' title="bbox 2357 1697 4009 1769">
     <span class='ocr_line' id='line_1_31' title="bbox 2357 1697 4009 1769; baseline 0.001 -17"><span class='ocrx_word' id='word_1_216' title='bbox 2357 1698 2631 1769; x_wconf 86' lang='lat' dir='ltr'>prohibita</span> <span class='ocrx_word' id='word_1_217' title='bbox 2659 1708 2740 1753; x_wconf 86' lang='lat' dir='ltr'>est</span> <span class='ocrx_word' id='word_1_218' title='bbox 2761 1714 2781 1759; x_wconf 84' lang='lat'><strong><em>;</em></strong></span> <span class='ocrx_word' id='word_1_219' title='bbox 2811 1697 2943 1753; x_wconf 85' lang='lat' dir='ltr'>adeo</span> <span class='ocrx_word' id='word_1_220' title='bbox 2990 1701 3050 1752; x_wconf 83' lang='lat' dir='ltr'>ut</span> <span class='ocrx_word' id='word_1_221' title='bbox 3093 1713 3162 1751; x_wconf 88' lang='lat' dir='ltr'>ne</span> <span class='ocrx_word' id='word_1_222' title='bbox 3208 1699 3516 1768; x_wconf 77' lang='lat' dir='ltr'>prospicere</span> <span class='ocrx_word' id='word_1_223' title='bbox 3563 1699 3779 1768; x_wconf 86' lang='lat' dir='ltr'>quidem</span> <span class='ocrx_word' id='word_1_224' title='bbox 3825 1715 3854 1754; x_wconf 76' lang='grc' dir='ltr'>ο</span> <span class='ocrx_word' id='word_1_225' title='bbox 3885 1699 4009 1754; x_wconf 83' lang='lat' dir='ltr'>lon-</span> 
     </span>
    </p>
   </div>
   <div class='ocr_carea' id='block_1_32' title="bbox 2354 1787 4014 1859">
    <p class='ocr_par' dir='ltr' id='par_1_32' title="bbox 2354 1787 4014 1859">
     <span class='ocr_line' id='line_1_32' title="bbox 2354 1787 4014 1859; baseline 0 -17"><span class='ocrx_word' id='word_1_226' title='bbox 2354 1790 2556 1859; x_wconf 88' lang='lat' dir='ltr'>ginquo</span> <span class='ocrx_word' id='word_1_227' title='bbox 2585 1788 2828 1857; x_wconf 81' lang='lat' dir='ltr'>patrium</span> <span class='ocrx_word' id='word_1_228' title='bbox 2867 1787 3044 1840; x_wconf 85' lang='lat' dir='ltr'>solum</span> <span class='ocrx_word' id='word_1_229' title='bbox 3085 1788 3219 1856; x_wconf 89' lang='lat' dir='ltr'>ipsis</span> <span class='ocrx_word' id='word_1_230' title='bbox 3270 1787 3476 1855; x_wconf 78' lang='lat' dir='ltr'>liceret,</span> <span class='ocrx_word' id='word_1_231' title='bbox 3507 1795 3567 1842; x_wconf 85' lang='lat' dir='ltr'>ut</span> <span class='ocrx_word' id='word_1_232' title='bbox 3599 1788 3788 1842; x_wconf 80' lang='lat' dir='ltr'>scribit</span> <span class='ocrx_word' id='word_1_233' title='bbox 3823 1791 4014 1842; x_wconf 81' lang='lat' dir='ltr'>Aristo</span> 
     </span>
    </p>
   </div>
   <div class='ocr_carea' id='block_1_33' title="bbox 601 1851 4009 1955">
    <p class='ocr_par' dir='ltr' id='par_1_33' title="bbox 601 1851 4009 1955">
     <span class='ocr_line' id='line_1_33' title="bbox 601 1851 4009 1955; baseline -0 -24"><span class='ocrx_word' id='word_1_234' title='bbox 601 1855 870 1955; x_wconf 46' lang='grc' dir='ltr'>νίάεξξίοθτ</span> <span class='ocrx_word' id='word_1_235' title='bbox 912 1852 1565 1955; x_wconf 40' lang='grc' dir='ltr'>Ῑδθιίδνορτωηυτξίίδίυπξ</span> <span class='ocrx_word' id='word_1_236' title='bbox 1616 1851 1783 1955; x_wconf 39' lang='lat' dir='ltr'>PDS?</span> <span class='ocrx_word' id='word_1_237' title='bbox 1823 1856 1995 1955; x_wconf 35' lang='lat' dir='ltr'>ann?“</span> <span class='ocrx_word' id='word_1_238' title='bbox 2036 1852 2243 1905; x_wconf 42' lang='lat' dir='ltr'>fuerat</span> <span class='ocrx_word' id='word_1_239' title='bbox 2278 1891 2323 1955; x_wconf 75' lang='grc' dir='ltr'>Β</span> <span class='ocrx_word' id='word_1_240' title='bbox 2354 1851 2593 1930; x_wconf 41' lang='lat' dir='ltr'>bell-aius</span> <span class='ocrx_word' id='word_1_241' title='bbox 2620 1875 2851 1946; x_wconf 88' lang='lat' dir='ltr'>(Euseb.</span> <span class='ocrx_word' id='word_1_242' title='bbox 2902 1873 2939 1928; x_wconf 87' lang='lat' dir='ltr'>l.</span> <span class='ocrx_word' id='word_1_243' title='bbox 2997 1891 3053 1928; x_wconf 83' lang='lat' dir='ltr'>IV</span> <span class='ocrx_word' id='word_1_244' title='bbox 3101 1851 3302 1930; x_wconf 64' lang='lat' dir='ltr'>Hister.</span> <span class='ocrx_word' id='word_1_245' title='bbox 3353 1851 3550 1930; x_wconf 76' lang='lat' dir='ltr'>Ecctes.</span> <span class='ocrx_word' id='word_1_246' title='bbox 3599 1891 3728 1946; x_wconf 85' lang='lat' dir='ltr'>cap.</span> <span class='ocrx_word' id='word_1_247' title='bbox 3779 1877 3834 1942; x_wconf 92' lang='lat'>6,</span> <span class='ocrx_word' id='word_1_248' title='bbox 3871 1893 4009 1948; x_wconf 85' lang='lat' dir='ltr'>pag.</span> 
     </span>
    </p>
   </div>
   <div class='ocr_carea' id='block_1_34' title="bbox 602 1939 2243 2012">
    <p class='ocr_par' dir='ltr' id='par_1_34' title="bbox 602 1939 2243 2012">
     <span class='ocr_line' id='line_1_34' title="bbox 602 1939 2243 2012; baseline -0.002 -16"><span class='ocrx_word' id='word_1_249' title='bbox 602 1943 778 2011; x_wconf 86' lang='lat' dir='ltr'>Audi,</span> <span class='ocrx_word' id='word_1_250' title='bbox 812 1957 1029 2012; x_wconf 57' lang='lat' dir='ltr'>quasso,</span> <span class='ocrx_word' id='word_1_251' title='bbox 1062 1941 1189 2011; x_wconf 86' lang='lat' dir='ltr'>ejus</span> <span class='ocrx_word' id='word_1_252' title='bbox 1243 1940 1419 1994; x_wconf 90' lang='lat' dir='ltr'>verba</span> <span class='ocrx_word' id='word_1_253' title='bbox 1443 1956 1455 1994; x_wconf 89' lang='lat'><strong>:</strong></span> <span class='ocrx_word' id='word_1_254' title='bbox 1480 1939 2060 1994; x_wconf 82' lang='lat' dir='ltr'>«Animadvertimus</span> <span class='ocrx_word' id='word_1_255' title='bbox 2089 1956 2243 1994; x_wconf 89' lang='lat' dir='ltr'>nunc</span> 
     </span>
    </p>
   </div>
   <div class='ocr_carea' id='block_1_35' title="bbox 601 2027 2241 2101">
    <p class='ocr_par' dir='ltr' id='par_1_35' title="bbox 601 2027 2241 2101">
     <span class='ocr_line' id='line_1_35' title="bbox 601 2027 2241 2101; baseline -0.003 -15"><span class='ocrx_word' id='word_1_256' title='bbox 601 2030 893 2086; x_wconf 89' lang='lat' dir='ltr'>neminem</span> <span class='ocrx_word' id='word_1_257' title='bbox 942 2031 1012 2084; x_wconf 91' lang='lat' dir='ltr'>de</span> <span class='ocrx_word' id='word_1_258' title='bbox 1069 2045 1279 2101; x_wconf 85' lang='lat' dir='ltr'>genere</span> <span class='ocrx_word' id='word_1_259' title='bbox 1332 2028 1507 2083; x_wconf 88' lang='lat' dir='ltr'>Israel</span> <span class='ocrx_word' id='word_1_260' title='bbox 1558 2028 1614 2082; x_wconf 90' lang='lat' dir='ltr'>in</span> <span class='ocrx_word' id='word_1_261' title='bbox 1648 2027 1876 2083; x_wconf 85' lang='lat' dir='ltr'>civitate</span> <span class='ocrx_word' id='word_1_262' title='bbox 1907 2027 2241 2082; x_wconf 87' lang='lat' dir='ltr'>Bethlehem</span> 
     </span>
    </p>
   </div>
   <div class='ocr_carea' id='block_1_36' title="bbox 602 2115 2244 2187">
    <p class='ocr_par' dir='ltr' id='par_1_36' title="bbox 602 2115 2244 2187">
     <span class='ocr_line' id='line_1_36' title="bbox 602 2115 2244 2187; baseline -0.002 -13"><span class='ocrx_word' id='word_1_263' title='bbox 602 2118 978 2185; x_wconf 89' lang='lat' dir='ltr'>remansisse,</span> <span class='ocrx_word' id='word_1_264' title='bbox 1010 2123 1067 2173; x_wconf 89' lang='lat' dir='ltr'>et</span> <span class='ocrx_word' id='word_1_265' title='bbox 1102 2118 1308 2172; x_wconf 84' lang='lat' dir='ltr'>exinde</span> <span class='ocrx_word' id='word_1_266' title='bbox 1337 2117 1490 2187; x_wconf 83' lang='lat' dir='ltr'>quod</span> <span class='ocrx_word' id='word_1_267' title='bbox 1525 2116 1900 2171; x_wconf 84' lang='lat' dir='ltr'>interdictum</span> <span class='ocrx_word' id='word_1_268' title='bbox 1941 2122 2048 2186; x_wconf 88' lang='lat' dir='ltr'>est,</span> <span class='ocrx_word' id='word_1_269' title='bbox 2081 2132 2154 2171; x_wconf 86' lang='lat' dir='ltr'>ne</span> <span class='ocrx_word' id='word_1_270' title='bbox 2183 2115 2244 2171; x_wconf 88' lang='lat' dir='ltr'>in</span> 
     </span>
    </p>
   </div>
   <div class='ocr_carea' id='block_1_37' title="bbox 600 2204 2242 2278">
    <p class='ocr_par' dir='ltr' id='par_1_37' title="bbox 600 2204 2242 2278">
     <span class='ocr_line' id='line_1_37' title="bbox 600 2204 2242 2278; baseline -0.004 -14"><span class='ocrx_word' id='word_1_271' title='bbox 600 2208 850 2264; x_wconf 83' lang='lat' dir='ltr'>conﬁnio</span> <span class='ocrx_word' id='word_1_272' title='bbox 881 2207 1067 2278; x_wconf 90' lang='lat' dir='ltr'>ipsius</span> <span class='ocrx_word' id='word_1_273' title='bbox 1112 2205 1366 2277; x_wconf 88' lang='lat' dir='ltr'>regionis</span> <span class='ocrx_word' id='word_1_274' title='bbox 1414 2206 1748 2260; x_wconf 85' lang='lat' dir='ltr'>demoretur</span> <span class='ocrx_word' id='word_1_275' title='bbox 1793 2205 2110 2275; x_wconf 86' lang='lat' dir='ltr'>quisquam</span> <span class='ocrx_word' id='word_1_276' title='bbox 2139 2204 2242 2259; x_wconf 87' lang='lat' dir='ltr'>Ju-</span> 
     </span>
    </p>
   </div>
   <div class='ocr_carea' id='block_1_38' title="bbox 604 2293 2242 2364">
    <p class='ocr_par' dir='ltr' id='par_1_38' title="bbox 604 2293 2242 2364">
     <span class='ocr_line' id='line_1_38' title="bbox 604 2293 2242 2364; baseline -0.003 -13"><span class='ocrx_word' id='word_1_277' title='bbox 604 2297 886 2362; x_wconf 69' lang='lat' dir='ltr'>deorum,</span> <span class='ocrx_word' id='word_1_278' title='bbox 919 2295 1002 2350; x_wconf 87' lang='lat' dir='ltr'>vel</span> <span class='ocrx_word' id='word_1_279' title='bbox 1054 2295 1162 2349; x_wconf 92' lang='lat' dir='ltr'>hoc</span> <span class='ocrx_word' id='word_1_280' title='bbox 1215 2310 1445 2364; x_wconf 91' lang='lat' dir='ltr'>quoque</span> <span class='ocrx_word' id='word_1_281' title='bbox 1492 2298 1648 2349; x_wconf 89' lang='lat' dir='ltr'>esset</span> <span class='ocrx_word' id='word_1_282' title='bbox 1699 2293 2086 2364; x_wconf 87' lang='lat' dir='ltr'>adimpletum</span> <span class='ocrx_word' id='word_1_283' title='bbox 2141 2309 2242 2364; x_wconf 90' lang='lat' dir='ltr'>per</span> 
     </span>
    </p>
   </div>
   <div class='ocr_carea' id='block_1_39' title="bbox 601 2382 2242 2458">
    <p class='ocr_par' dir='ltr' id='par_1_39' title="bbox 601 2382 2242 2458">
     <span class='ocr_line' id='line_1_39' title="bbox 601 2382 2242 2458; baseline -0.002 -17"><span class='ocrx_word' id='word_1_284' title='bbox 601 2385 946 2458; x_wconf 87' lang='lat' dir='ltr'>prophetam</span> <span class='ocrx_word' id='word_1_285' title='bbox 988 2400 1002 2437; x_wconf 91' lang='lat'>:</span> <span class='ocrx_word' id='word_1_286' title='bbox 1045 2385 1205 2438; x_wconf 84' lang='lat' dir='ltr'>Terra</span> <span class='ocrx_word' id='word_1_287' title='bbox 1259 2392 1438 2438; x_wconf 85' lang='lat' dir='ltr'>vestra</span> <span class='ocrx_word' id='word_1_288' title='bbox 1473 2382 1705 2449; x_wconf 77' lang='lat' dir='ltr'>deserta,</span> <span class='ocrx_word' id='word_1_289' title='bbox 1755 2383 2000 2437; x_wconf 75' lang='lat' dir='ltr'>civitates</span> <span class='ocrx_word' id='word_1_290' title='bbox 2043 2392 2242 2438; x_wconf 68' lang='lat' dir='ltr'>vestra?</span> 
     </span>
    </p>
   </div>
   <div class='ocr_carea' id='block_1_40' title="bbox 597 2469 2242 2544">
    <p class='ocr_par' dir='ltr' id='par_1_40' title="bbox 597 2469 2242 2544">
     <span class='ocr_line' id='line_1_40' title="bbox 597 2469 2242 2544; baseline -0.001 -16"><span class='ocrx_word' id='word_1_291' title='bbox 597 2475 715 2544; x_wconf 89' lang='lat' dir='ltr'>igni</span> <span class='ocrx_word' id='word_1_292' title='bbox 743 2479 968 2538; x_wconf 56' lang='lat' dir='ltr'>exusta,</span> <span class='ocrx_word' id='word_1_293' title='bbox 1001 2470 1058 2526; x_wconf 91' lang='lat' dir='ltr'>id</span> <span class='ocrx_word' id='word_1_294' title='bbox 1092 2475 1199 2538; x_wconf 88' lang='lat' dir='ltr'>est,</span> <span class='ocrx_word' id='word_1_295' title='bbox 1233 2471 1383 2541; x_wconf 93' lang='lat' dir='ltr'>quod</span> <span class='ocrx_word' id='word_1_296' title='bbox 1417 2469 1552 2525; x_wconf 82' lang='lat' dir='ltr'>belli</span> <span class='ocrx_word' id='word_1_297' title='bbox 1584 2475 1844 2542; x_wconf 89' lang='lat' dir='ltr'>tempore</span> <span class='ocrx_word' id='word_1_298' title='bbox 1872 2469 1957 2524; x_wconf 87' lang='lat' dir='ltr'>eis</span> <span class='ocrx_word' id='word_1_299' title='bbox 1989 2470 2242 2526; x_wconf 87' lang='lat' dir='ltr'>evenerit</span> 
     </span>
    </p>
   </div>
   <div class='ocr_carea' id='block_1_41' title="bbox 595 2561 2237 2631">
    <p class='ocr_par' dir='ltr' id='par_1_41' title="bbox 595 2561 2237 2631">
     <span class='ocr_line' id='line_1_41' title="bbox 595 2561 2237 2631; baseline -0.001 -15"><span class='ocrx_word' id='word_1_300' title='bbox 595 2563 721 2631; x_wconf 83' lang='lat' dir='ltr'>(Isa.</span> <span class='ocrx_word' id='word_1_301' title='bbox 777 2578 815 2628; x_wconf 80' lang='grc' dir='ltr'>ι,</span> <span class='ocrx_word' id='word_1_302' title='bbox 873 2561 952 2627; x_wconf 86' lang='grc'>7),</span> <span class='ocrx_word' id='word_1_303' title='bbox 1002 2561 1280 2630; x_wconf 82' lang='lat' dir='ltr'>regionem</span> <span class='ocrx_word' id='word_1_304' title='bbox 1338 2564 1570 2614; x_wconf 76' lang='lat' dir='ltr'>vestram</span> <span class='ocrx_word' id='word_1_305' title='bbox 1613 2561 1673 2614; x_wconf 84' lang='lat' dir='ltr'>in</span> <span class='ocrx_word' id='word_1_306' title='bbox 1726 2562 2010 2630; x_wconf 84' lang='lat' dir='ltr'>conspectu</span> <span class='ocrx_word' id='word_1_307' title='bbox 2067 2562 2237 2614; x_wconf 87' lang='lat' dir='ltr'>vestro</span> 
     </span>
    </p>
   </div>
   <div class='ocr_carea' id='block_1_42' title="bbox 593 2647 2241 2718">
    <p class='ocr_par' dir='ltr' id='par_1_42' title="bbox 593 2647 2241 2718">
     <span class='ocr_line' id='line_1_42' title="bbox 593 2647 2241 2718; baseline -0.001 -15"><span class='ocrx_word' id='word_1_308' title='bbox 593 2651 770 2704; x_wconf 77' lang='lat' dir='ltr'>exteri</span> <span class='ocrx_word' id='word_1_309' title='bbox 797 2648 1074 2704; x_wconf 84' lang='lat' dir='ltr'>comedent</span> <span class='ocrx_word' id='word_1_310' title='bbox 1119 2654 1172 2702; x_wconf 85' lang='lat' dir='ltr'>et</span> <span class='ocrx_word' id='word_1_311' title='bbox 1214 2647 1446 2714; x_wconf 84' lang='lat' dir='ltr'>deserta,</span> <span class='ocrx_word' id='word_1_312' title='bbox 1478 2658 1529 2702; x_wconf 85' lang='lat' dir='ltr'>et</span> <span class='ocrx_word' id='word_1_313' title='bbox 1570 2649 1828 2701; x_wconf 84' lang='lat' dir='ltr'>subversa</span> <span class='ocrx_word' id='word_1_314' title='bbox 1856 2648 1961 2702; x_wconf 87' lang='lat' dir='ltr'>erit</span> <span class='ocrx_word' id='word_1_315' title='bbox 2000 2664 2036 2701; x_wconf 90' lang='lat' dir='ltr'>a</span> <span class='ocrx_word' id='word_1_316' title='bbox 2059 2663 2241 2718; x_wconf 85' lang='lat' dir='ltr'>popu-</span> 
     </span>
    </p>
   </div>
   <div class='ocr_carea' id='block_1_43' title="bbox 599 2734 2236 2806">
    <p class='ocr_par' dir='ltr' id='par_1_43' title="bbox 599 2734 2236 2806">
     <span class='ocr_line' id='line_1_43' title="bbox 599 2734 2236 2806; baseline 0 -16"><span class='ocrx_word' id='word_1_317' title='bbox 599 2737 665 2791; x_wconf 84' lang='lat' dir='ltr'>lis</span> <span class='ocrx_word' id='word_1_318' title='bbox 695 2737 920 2792; x_wconf 80' lang='lat' dir='ltr'>alienis.</span> <span class='ocrx_word' id='word_1_319' title='bbox 955 2735 1020 2788; x_wconf 88' lang='lat' dir='ltr'>Et</span> <span class='ocrx_word' id='word_1_320' title='bbox 1051 2734 1165 2790; x_wconf 91' lang='lat' dir='ltr'>alio</span> <span class='ocrx_word' id='word_1_321' title='bbox 1197 2734 1321 2790; x_wconf 92' lang='lat' dir='ltr'>loco</span> <span class='ocrx_word' id='word_1_322' title='bbox 1354 2735 1437 2789; x_wconf 90' lang='lat' dir='ltr'>sic</span> <span class='ocrx_word' id='word_1_323' title='bbox 1468 2752 1570 2806; x_wconf 91' lang='lat' dir='ltr'>per</span> <span class='ocrx_word' id='word_1_324' title='bbox 1594 2735 1938 2806; x_wconf 87' lang='lat' dir='ltr'>prophetam</span> <span class='ocrx_word' id='word_1_325' title='bbox 1972 2735 2190 2789; x_wconf 86' lang='lat' dir='ltr'>dicitur</span> <span class='ocrx_word' id='word_1_326' title='bbox 2223 2752 2236 2790; x_wconf 89' lang='lat'><strong>:</strong></span> 
     </span>
    </p>
   </div>
   <div class='ocr_carea' id='block_1_44' title="bbox 593 2823 2238 2896">
    <p class='ocr_par' dir='ltr' id='par_1_44' title="bbox 593 2823 2238 2896">
     <span class='ocr_line' id='line_1_44' title="bbox 593 2823 2238 2896; baseline -0.001 -16"><span class='ocrx_word' id='word_1_327' title='bbox 593 2827 791 2894; x_wconf 80' lang='lat' dir='ltr'>Regem</span> <span class='ocrx_word' id='word_1_328' title='bbox 838 2841 962 2879; x_wconf 87' lang='lat' dir='ltr'>cum</span> <span class='ocrx_word' id='word_1_329' title='bbox 1009 2824 1261 2896; x_wconf 65' lang='lat' dir='ltr'>claritate</span> <span class='ocrx_word' id='word_1_330' title='bbox 1291 2823 1561 2888; x_wconf 73' lang='lat' dir='ltr'>videbitis,</span> <span class='ocrx_word' id='word_1_331' title='bbox 1594 2823 1651 2878; x_wconf 90' lang='lat' dir='ltr'>id</span> <span class='ocrx_word' id='word_1_332' title='bbox 1683 2830 1790 2892; x_wconf 87' lang='lat' dir='ltr'>est,</span> <span class='ocrx_word' id='word_1_333' title='bbox 1823 2823 2119 2880; x_wconf 88' lang='lat' dir='ltr'>Christum</span> <span class='ocrx_word' id='word_1_334' title='bbox 2152 2825 2238 2878; x_wconf 83' lang='lat' dir='ltr'>fa~</span> 
     </span>
    </p>
   </div>
   <div class='ocr_carea' id='block_1_45' title="bbox 598 2911 2243 2983">
    <p class='ocr_par' dir='ltr' id='par_1_45' title="bbox 598 2911 2243 2983">
     <span class='ocr_line' id='line_1_45' title="bbox 598 2911 2243 2983; baseline -0.001 -15"><span class='ocrx_word' id='word_1_335' title='bbox 598 2913 843 2968; x_wconf 89' lang='lat' dir='ltr'>cientem</span> <span class='ocrx_word' id='word_1_336' title='bbox 874 2913 1114 2968; x_wconf 89' lang='lat' dir='ltr'>virtutes</span> <span class='ocrx_word' id='word_1_337' title='bbox 1144 2911 1202 2966; x_wconf 89' lang='lat' dir='ltr'>in</span> <span class='ocrx_word' id='word_1_338' title='bbox 1233 2911 1418 2983; x_wconf 89' lang='lat' dir='ltr'>gloria</span> <span class='ocrx_word' id='word_1_339' title='bbox 1452 2911 1547 2967; x_wconf 88' lang='lat' dir='ltr'>Dei</span> <span class='ocrx_word' id='word_1_340' title='bbox 1589 2913 1799 2979; x_wconf 85' lang='lat' dir='ltr'>Patris,</span> <span class='ocrx_word' id='word_1_341' title='bbox 1833 2915 1882 2967; x_wconf 86' lang='lat' dir='ltr'>et</span> <span class='ocrx_word' id='word_1_342' title='bbox 1908 2913 2054 2967; x_wconf 82' lang='lat' dir='ltr'>oculi</span> <span class='ocrx_word' id='word_1_343' title='bbox 2077 2914 2243 2968; x_wconf 82' lang='lat' dir='ltr'>vestri</span> 
     </span>
    </p>
   </div>
   <div class='ocr_carea' id='block_1_46' title="bbox 595 3000 2234 3071">
    <p class='ocr_par' dir='ltr' id='par_1_46' title="bbox 595 3000 2234 3071">
     <span class='ocr_line' id='line_1_46' title="bbox 595 3000 2234 3071; baseline -0.002 -14"><span class='ocrx_word' id='word_1_344' title='bbox 595 3002 848 3058; x_wconf 83' lang='lat' dir='ltr'>videbunt</span> <span class='ocrx_word' id='word_1_345' title='bbox 921 3009 1136 3056; x_wconf 80' lang='lat' dir='ltr'>terram</span> <span class='ocrx_word' id='word_1_346' title='bbox 1205 3000 1271 3054; x_wconf 85' lang='lat' dir='ltr'>de</span> <span class='ocrx_word' id='word_1_347' title='bbox 1330 3001 1625 3070; x_wconf 76' lang='lat' dir='ltr'>longinquo</span> <span class='ocrx_word' id='word_1_348' title='bbox 1681 3002 1808 3070; x_wconf 86' lang='lat' dir='ltr'>(Isa.</span> <span class='ocrx_word' id='word_1_349' title='bbox 1867 3017 2069 3068; x_wconf 83' lang='lat' dir='ltr'>xxxm,</span> <span class='ocrx_word' id='word_1_350' title='bbox 2126 3001 2234 3071; x_wconf 88' lang='lat'>17).</span> 
     </span>
    </p>
   </div>
   <div class='ocr_carea' id='block_1_47' title="bbox 589 3088 2234 3161">
    <p class='ocr_par' dir='ltr' id='par_1_47' title="bbox 589 3088 2234 3161">
     <span class='ocr_line' id='line_1_47' title="bbox 589 3088 2234 3161; baseline -0.001 -15"><span class='ocrx_word' id='word_1_351' title='bbox 589 3091 750 3156; x_wconf 88' lang='lat' dir='ltr'>Quod</span> <span class='ocrx_word' id='word_1_352' title='bbox 782 3089 950 3145; x_wconf 90' lang='lat' dir='ltr'>vobis</span> <span class='ocrx_word' id='word_1_353' title='bbox 981 3105 1083 3159; x_wconf 89' lang='lat' dir='ltr'>pro</span> <span class='ocrx_word' id='word_1_354' title='bbox 1115 3088 1341 3143; x_wconf 90' lang='lat' dir='ltr'>meritis</span> <span class='ocrx_word' id='word_1_355' title='bbox 1364 3089 1572 3143; x_wconf 89' lang='lat' dir='ltr'>vestris</span> <span class='ocrx_word' id='word_1_356' title='bbox 1595 3093 1727 3159; x_wconf 87' lang='lat' dir='ltr'>post</span> <span class='ocrx_word' id='word_1_357' title='bbox 1746 3089 2234 3161; x_wconf 80' lang='lat' dir='ltr'>expugnationem</span> 
     </span>
    </p>
   </div>
   <div class='ocr_carea' id='block_1_48' title="bbox 585 3177 2234 3248">
    <p class='ocr_par' dir='ltr' id='par_1_48' title="bbox 585 3177 2234 3248">
     <span class='ocr_line' id='line_1_48' title="bbox 585 3177 2234 3248; baseline -0.002 -13"><span class='ocrx_word' id='word_1_358' title='bbox 585 3179 914 3235; x_wconf 87' lang='lat' dir='ltr'>Jerusalem</span> <span class='ocrx_word' id='word_1_359' title='bbox 947 3177 1256 3248; x_wconf 89' lang='lat' dir='ltr'>prohibitis</span> <span class='ocrx_word' id='word_1_360' title='bbox 1287 3177 1512 3248; x_wconf 90' lang='lat' dir='ltr'>ingredi</span> <span class='ocrx_word' id='word_1_361' title='bbox 1544 3177 1602 3232; x_wconf 89' lang='lat' dir='ltr'>in</span> <span class='ocrx_word' id='word_1_362' title='bbox 1635 3185 1848 3232; x_wconf 87' lang='lat' dir='ltr'>terram</span> <span class='ocrx_word' id='word_1_363' title='bbox 1881 3177 2234 3241; x_wconf 90' lang='lat' dir='ltr'>vestram,de</span> 
     </span>
    </p>
   </div>
   <div class='ocr_carea' id='block_1_49' title="bbox 582 3244 2304 3340">
    <p class='ocr_par' dir='ltr' id='par_1_49' title="bbox 582 3244 2304 3340">
     <span class='ocr_line' id='line_1_49' title="bbox 582 3244 2304 3340; baseline -0.002 -17"><span class='ocrx_word' id='word_1_364' title='bbox 582 3267 901 3340; x_wconf 88' lang='lat' dir='ltr'>longinquo</span> <span class='ocrx_word' id='word_1_365' title='bbox 949 3283 1078 3322; x_wconf 86' lang='lat' dir='ltr'>eam</span> <span class='ocrx_word' id='word_1_366' title='bbox 1106 3265 1308 3334; x_wconf 57' lang='lat' dir='ltr'>(oculis</span> <span class='ocrx_word' id='word_1_367' title='bbox 1356 3271 1592 3321; x_wconf 88' lang='lat' dir='ltr'>tantum</span> <span class='ocrx_word' id='word_1_368' title='bbox 1653 3267 1842 3321; x_wconf 91' lang='lat' dir='ltr'>videre</span> <span class='ocrx_word' id='word_1_369' title='bbox 1873 3266 2227 3336; x_wconf 88' lang='lat' dir='ltr'>permissum</span> <span class='ocrx_word' id='word_1_370' title='bbox 2260 3244 2304 3308; x_wconf 67' lang='grc' dir='ltr'>Ο</span> 
     </span>
    </p>
   </div>
   <div class='ocr_carea' id='block_1_50' title="bbox 585 3353 2232 3427">
    <p class='ocr_par' dir='ltr' id='par_1_50' title="bbox 585 3353 2232 3427">
     <span class='ocr_line' id='line_1_50' title="bbox 585 3353 2232 3427; baseline -0.002 -15"><span class='ocrx_word' id='word_1_371' title='bbox 585 3363 677 3413; x_wconf 92' lang='lat' dir='ltr'>est</span> <span class='ocrx_word' id='word_1_372' title='bbox 706 3356 909 3427; x_wconf 77' lang='lat' dir='ltr'>(idem,</span> <span class='ocrx_word' id='word_1_373' title='bbox 953 3355 1089 3427; x_wconf 80' lang='lat' dir='ltr'>Adv.</span> <span class='ocrx_word' id='word_1_374' title='bbox 1139 3353 1263 3409; x_wconf 74' lang='lat' dir='ltr'>Iud.</span> <span class='ocrx_word' id='word_1_375' title='bbox 1315 3370 1440 3426; x_wconf 90' lang='lat' dir='ltr'>cap.</span> <span class='ocrx_word' id='word_1_376' title='bbox 1495 3355 1604 3425; x_wconf 88' lang='grc'>13).</span> <span class='ocrx_word' id='word_1_377' title='bbox 1666 3353 1824 3409; x_wconf 90' lang='lat' dir='ltr'>Prior</span> <span class='ocrx_word' id='word_1_378' title='bbox 1870 3371 2100 3425; x_wconf 91' lang='lat' dir='ltr'>quoque</span> <span class='ocrx_word' id='word_1_379' title='bbox 2135 3353 2232 3408; x_wconf 89' lang='lat' dir='ltr'>ille</span> 
     </span>
    </p>
   </div>
   <div class='ocr_carea' id='block_1_51' title="bbox 588 3442 2232 3514">
    <p class='ocr_par' dir='ltr' id='par_1_51' title="bbox 588 3442 2232 3514">
     <span class='ocr_line' id='line_1_51' title="bbox 588 3442 2232 3514; baseline -0.003 -14"><span class='ocrx_word' id='word_1_380' title='bbox 588 3445 750 3500; x_wconf 70' lang='lat' dir='ltr'>Isaiae</span> <span class='ocrx_word' id='word_1_381' title='bbox 781 3443 944 3498; x_wconf 89' lang='lat' dir='ltr'>locus</span> <span class='ocrx_word' id='word_1_382' title='bbox 973 3461 1005 3496; x_wconf 90' lang='lat' dir='ltr'>a</span> <span class='ocrx_word' id='word_1_383' title='bbox 1043 3442 1327 3514; x_wconf 89' lang='lat' dir='ltr'>Cypriano</span> <span class='ocrx_word' id='word_1_384' title='bbox 1354 3447 1618 3497; x_wconf 88' lang='lat' dir='ltr'>eamdem</span> <span class='ocrx_word' id='word_1_385' title='bbox 1649 3443 1721 3497; x_wconf 91' lang='lat' dir='ltr'>ob</span> <span class='ocrx_word' id='word_1_386' title='bbox 1751 3458 1985 3498; x_wconf 85' lang='lat' dir='ltr'>causam</span> <span class='ocrx_word' id='word_1_387' title='bbox 2013 3443 2232 3497; x_wconf 90' lang='lat' dir='ltr'>citatur</span> 
     </span>
    </p>
   </div>
   <div class='ocr_carea' id='block_1_52' title="bbox 589 3529 1756 3602">
    <p class='ocr_par' dir='ltr' id='par_1_52' title="bbox 589 3529 1756 3602">
     <span class='ocr_line' id='line_1_52' title="bbox 589 3529 1756 3602; baseline -0.003 -14"><span class='ocrx_word' id='word_1_388' title='bbox 589 3532 781 3602; x_wconf 82' lang='lat' dir='ltr'>(Cypr.</span> <span class='ocrx_word' id='word_1_389' title='bbox 814 3529 914 3585; x_wconf 92' lang='lat' dir='ltr'>lib.</span> <span class='ocrx_word' id='word_1_390' title='bbox 951 3548 989 3598; x_wconf 83' lang='lat'>1,</span> <span class='ocrx_word' id='word_1_391' title='bbox 1015 3530 1139 3585; x_wconf 87' lang='lat' dir='ltr'>adv.</span> <span class='ocrx_word' id='word_1_392' title='bbox 1171 3530 1304 3587; x_wconf 84' lang='lat' dir='ltr'>Jud.</span> <span class='ocrx_word' id='word_1_393' title='bbox 1335 3533 1364 3598; x_wconf 87' lang='lat'>§</span> <span class='ocrx_word' id='word_1_394' title='bbox 1390 3531 1444 3597; x_wconf 87' lang='lat'>6,</span> <span class='ocrx_word' id='word_1_395' title='bbox 1479 3547 1612 3602; x_wconf 89' lang='lat' dir='ltr'>pag.</span> <span class='ocrx_word' id='word_1_396' title='bbox 1644 3532 1756 3598; x_wconf 81' lang='lat'>22).</span> 
     </span>
    </p>
   </div>
   <div class='ocr_carea' id='block_1_53' title="bbox 655 3635 2231 3708">
    <p class='ocr_par' dir='ltr' id='par_1_53' title="bbox 655 3635 2231 3708">
     <span class='ocr_line' id='line_1_53' title="bbox 655 3635 2231 3708; baseline -0.002 -16"><span class='ocrx_word' id='word_1_397' title='bbox 655 3641 735 3692; x_wconf 85' lang='lat' dir='ltr'>Ba</span> <span class='ocrx_word' id='word_1_398' title='bbox 754 3652 926 3708; x_wconf 89' lang='lat' dir='ltr'>porro</span> <span class='ocrx_word' id='word_1_399' title='bbox 949 3635 1346 3708; x_wconf 70' lang='lat' dir='ltr'>prmdictio,ac</span> <span class='ocrx_word' id='word_1_400' title='bbox 1368 3636 1750 3690; x_wconf 88' lang='lat' dir='ltr'>subsecutum</span> <span class='ocrx_word' id='word_1_401' title='bbox 1778 3635 1978 3707; x_wconf 70' lang='lat' dir='ltr'>patrias</span> <span class='ocrx_word' id='word_1_402' title='bbox 2009 3636 2231 3706; x_wconf 90' lang='lat' dir='ltr'>ingres-</span> 
     </span>
    </p>
   </div>
   <div class='ocr_carea' id='block_1_54' title="bbox 587 3723 2232 3781">
    <p class='ocr_par' dir='ltr' id='par_1_54' title="bbox 587 3723 2232 3781">
     <span class='ocr_line' id='line_1_54' title="bbox 587 3723 2232 3781; baseline -0.001 -1"><span class='ocrx_word' id='word_1_403' title='bbox 587 3743 655 3781; x_wconf 94' lang='lat' dir='ltr'>su</span> <span class='ocrx_word' id='word_1_404' title='bbox 689 3724 1065 3779; x_wconf 89' lang='lat' dir='ltr'>interdictum</span> <span class='ocrx_word' id='word_1_405' title='bbox 1092 3724 1164 3777; x_wconf 88' lang='lat' dir='ltr'>ab</span> <span class='ocrx_word' id='word_1_406' title='bbox 1184 3728 1420 3778; x_wconf 89' lang='lat' dir='ltr'>auctore</span> <span class='ocrx_word' id='word_1_407' title='bbox 1442 3723 1753 3779; x_wconf 84' lang='lat' dir='ltr'>Eusebiani</span> <span class='ocrx_word' id='word_1_408' title='bbox 1775 3723 2038 3778; x_wconf 87' lang='lat' dir='ltr'>Chronici</span> <span class='ocrx_word' id='word_1_409' title='bbox 2072 3723 2232 3778; x_wconf 91' lang='lat' dir='ltr'>hisce</span> 
     </span>
    </p>
   </div>
   <div class='ocr_carea' id='block_1_55' title="bbox 585 3810 2227 3881">
    <p class='ocr_par' dir='ltr' id='par_1_55' title="bbox 585 3810 2227 3881">
     <span class='ocr_line' id='line_1_55' title="bbox 585 3810 2227 3881; baseline 0 -15"><span class='ocrx_word' id='word_1_410' title='bbox 585 3814 780 3870; x_wconf 87' lang='lat' dir='ltr'>verbis</span> <span class='ocrx_word' id='word_1_411' title='bbox 819 3812 1203 3867; x_wconf 85' lang='lat' dir='ltr'>conﬁrmatur</span> <span class='ocrx_word' id='word_1_412' title='bbox 1234 3827 1247 3864; x_wconf 88' lang='lat'><strong>:</strong></span> <span class='ocrx_word' id='word_1_413' title='bbox 1283 3833 1312 3861; x_wconf 83' lang='lat'><strong><em>«</em></strong></span> <span class='ocrx_word' id='word_1_414' title='bbox 1348 3810 1566 3865; x_wconf 87' lang='lat' dir='ltr'>Bellum</span> <span class='ocrx_word' id='word_1_415' title='bbox 1612 3812 1950 3879; x_wconf 87' lang='lat' dir='ltr'>Judaicum,</span> <span class='ocrx_word' id='word_1_416' title='bbox 1983 3813 2136 3881; x_wconf 90' lang='lat' dir='ltr'>quod</span> <span class='ocrx_word' id='word_1_417' title='bbox 2171 3813 2227 3866; x_wconf 88' lang='lat' dir='ltr'>in</span> 
     </span>
    </p>
   </div>
   <div class='ocr_carea' id='block_1_56' title="bbox 593 3899 2229 3973">
    <p class='ocr_par' dir='ltr' id='par_1_56' title="bbox 593 3899 2229 3973">
     <span class='ocr_line' id='line_1_56' title="bbox 593 3899 2229 3973; baseline -0.002 -16"><span class='ocrx_word' id='word_1_418' title='bbox 593 3901 894 3958; x_wconf 63' lang='lat' dir='ltr'>Palestina</span> <span class='ocrx_word' id='word_1_419' title='bbox 922 3901 1256 3973; x_wconf 88' lang='lat' dir='ltr'>gerebatur,</span> <span class='ocrx_word' id='word_1_420' title='bbox 1291 3900 1464 3954; x_wconf 81' lang='lat' dir='ltr'>finem</span> <span class='ocrx_word' id='word_1_421' title='bbox 1517 3900 1760 3972; x_wconf 90' lang='lat' dir='ltr'>accepit,</span> <span class='ocrx_word' id='word_1_422' title='bbox 1794 3901 1970 3955; x_wconf 91' lang='lat' dir='ltr'>rebus</span> <span class='ocrx_word' id='word_1_423' title='bbox 1999 3899 2229 3955; x_wconf 72' lang='lat' dir='ltr'>Judaao-</span> 
     </span>
    </p>
   </div>
   <div class='ocr_carea' id='block_1_57' title="bbox 588 3988 2229 4061">
    <p class='ocr_par' dir='ltr' id='par_1_57' title="bbox 588 3988 2229 4061">
     <span class='ocr_line' id='line_1_57' title="bbox 588 3988 2229 4061; baseline -0.001 -16"><span class='ocrx_word' id='word_1_424' title='bbox 588 4007 716 4046; x_wconf 90' lang='lat' dir='ltr'>rum</span> <span class='ocrx_word' id='word_1_425' title='bbox 752 3988 987 4061; x_wconf 89' lang='lat' dir='ltr'>penitus</span> <span class='ocrx_word' id='word_1_426' title='bbox 1017 3988 1313 4058; x_wconf 89' lang='lat' dir='ltr'>oppressis</span> <span class='ocrx_word' id='word_1_427' title='bbox 1348 4004 1362 4042; x_wconf 87' lang='lat'><strong>:</strong></span> <span class='ocrx_word' id='word_1_428' title='bbox 1393 4004 1462 4042; x_wconf 83' lang='lat' dir='ltr'>ex</span> <span class='ocrx_word' id='word_1_429' title='bbox 1493 4005 1609 4058; x_wconf 90' lang='lat' dir='ltr'>quo</span> <span class='ocrx_word' id='word_1_430' title='bbox 1643 3994 1902 4059; x_wconf 87' lang='lat' dir='ltr'>tempore</span> <span class='ocrx_word' id='word_1_431' title='bbox 1931 3989 2106 4043; x_wconf 88' lang='lat' dir='ltr'>etiam</span> <span class='ocrx_word' id='word_1_432' title='bbox 2141 3989 2229 4043; x_wconf 88' lang='lat' dir='ltr'>in-</span> 
     </span>
    </p>
   </div>
   <div class='ocr_carea' id='block_1_58' title="bbox 588 4074 2229 4147">
    <p class='ocr_par' dir='ltr' id='par_1_58' title="bbox 588 4074 2229 4147">
     <span class='ocr_line' id='line_1_58' title="bbox 588 4074 2229 4147; baseline -0.001 -15"><span class='ocrx_word' id='word_1_433' title='bbox 588 4077 856 4133; x_wconf 86' lang='lat' dir='ltr'>troeundi</span> <span class='ocrx_word' id='word_1_434' title='bbox 907 4077 991 4131; x_wconf 92' lang='lat' dir='ltr'>eis</span> <span class='ocrx_word' id='word_1_435' title='bbox 1036 4074 1399 4147; x_wconf 86' lang='lat' dir='ltr'>Jerosolyma</span> <span class='ocrx_word' id='word_1_436' title='bbox 1445 4075 1678 4132; x_wconf 88' lang='lat' dir='ltr'>licentia</span> <span class='ocrx_word' id='word_1_437' title='bbox 1725 4076 1938 4144; x_wconf 88' lang='lat' dir='ltr'>ablata,</span> <span class='ocrx_word' id='word_1_438' title='bbox 1973 4076 2229 4147; x_wconf 88' lang='lat' dir='ltr'>primum</span> 
     </span>
    </p>
   </div>
   <div class='ocr_carea' id='block_1_59' title="bbox 590 4164 2228 4235">
    <p class='ocr_par' dir='ltr' id='par_1_59' title="bbox 590 4164 2228 4235">
     <span class='ocr_line' id='line_1_59' title="bbox 590 4164 2228 4235; baseline -0.001 -13"><span class='ocrx_word' id='word_1_439' title='bbox 590 4167 690 4222; x_wconf 89' lang='lat' dir='ltr'>Dei</span> <span class='ocrx_word' id='word_1_440' title='bbox 742 4171 909 4230; x_wconf 91' lang='lat' dir='ltr'>nutu,</span> <span class='ocrx_word' id='word_1_441' title='bbox 943 4165 1099 4222; x_wconf 90' lang='lat' dir='ltr'>sicut</span> <span class='ocrx_word' id='word_1_442' title='bbox 1149 4164 1441 4235; x_wconf 71' lang='lat' dir='ltr'>prophetas</span> <span class='ocrx_word' id='word_1_443' title='bbox 1491 4165 1788 4220; x_wconf 88' lang='lat' dir='ltr'>vaticinati</span> <span class='ocrx_word' id='word_1_444' title='bbox 1829 4172 1986 4234; x_wconf 88' lang='lat' dir='ltr'>sunt,</span> <span class='ocrx_word' id='word_1_445' title='bbox 2018 4165 2228 4220; x_wconf 88' lang='lat' dir='ltr'>deinde</span> 
     </span>
    </p>
   </div>
   <div class='ocr_carea' id='block_1_60' title="bbox 583 4253 2226 4324">
    <p class='ocr_par' dir='ltr' id='par_1_60' title="bbox 583 4253 2226 4324">
     <span class='ocr_line' id='line_1_60' title="bbox 583 4253 2226 4324; baseline -0.002 -15"><span class='ocrx_word' id='word_1_446' title='bbox 583 4254 861 4309; x_wconf 80' lang='lat' dir='ltr'>Romanis</span> <span class='ocrx_word' id='word_1_447' title='bbox 886 4253 1416 4309; x_wconf 89' lang='lat' dir='ltr'>interdictionibus.</span> <span class='ocrx_word' id='word_1_448' title='bbox 1453 4273 1477 4304; x_wconf 76' lang='grc' dir='ltr'><strong>ι</strong></span> <span class='ocrx_word' id='word_1_449' title='bbox 1514 4255 1744 4324; x_wconf 83' lang='lat' dir='ltr'>(Euseb.</span> <span class='ocrx_word' id='word_1_450' title='bbox 1779 4253 1952 4310; x_wconf 84' lang='lat' dir='ltr'>Chon.</span> <span class='ocrx_word' id='word_1_451' title='bbox 1985 4255 2054 4310; x_wconf 91' lang='lat' dir='ltr'>ad</span> <span class='ocrx_word' id='word_1_452' title='bbox 2087 4271 2226 4310; x_wconf 90' lang='lat' dir='ltr'>ann.</span> 
     </span>
    </p>
   </div>
   <div class='ocr_carea' id='block_1_61' title="bbox 583 4343 979 4413">
    <p class='ocr_par' dir='ltr' id='par_1_61' title="bbox 583 4343 979 4413">
     <span class='ocr_line' id='line_1_61' title="bbox 583 4343 979 4413; baseline -0.003 -14"><span class='ocrx_word' id='word_1_453' title='bbox 583 4343 798 4399; x_wconf 85' lang='lat' dir='ltr'>Christ.</span> <span class='ocrx_word' id='word_1_454' title='bbox 836 4344 979 4413; x_wconf 86' lang='lat'>135.)</span> 
     </span>
    </p>
   </div>
   <div class='ocr_carea' id='block_1_62' title="bbox 651 4450 2227 4521">
    <p class='ocr_par' dir='ltr' id='par_1_62' title="bbox 651 4450 2227 4521">
     <span class='ocr_line' id='line_1_62' title="bbox 651 4450 2227 4521; baseline -0.001 -17"><span class='ocrx_word' id='word_1_455' title='bbox 651 4452 833 4504; x_wconf 88' lang='lat' dir='ltr'>Antea</span> <span class='ocrx_word' id='word_1_456' title='bbox 862 4465 996 4504; x_wconf 91' lang='lat' dir='ltr'>vero</span> <span class='ocrx_word' id='word_1_457' title='bbox 1025 4451 1293 4506; x_wconf 83' lang='lat' dir='ltr'>Justinus</span> <span class='ocrx_word' id='word_1_458' title='bbox 1324 4450 1541 4521; x_wconf 83' lang='lat' dir='ltr'>Martyr</span> <span class='ocrx_word' id='word_1_459' title='bbox 1572 4452 1718 4504; x_wconf 89' lang='lat' dir='ltr'>citat</span> <span class='ocrx_word' id='word_1_460' title='bbox 1740 4451 2006 4504; x_wconf 89' lang='lat' dir='ltr'>eamdem</span> <span class='ocrx_word' id='word_1_461' title='bbox 2051 4454 2227 4520; x_wconf 85' lang='lat' dir='ltr'>atque</span> 
     </span>
    </p>
   </div>
   <div class='ocr_carea' id='block_1_63' title="bbox 578 4538 2225 4609">
    <p class='ocr_par' dir='ltr' id='par_1_63' title="bbox 578 4538 2225 4609">
     <span class='ocr_line' id='line_1_63' title="bbox 578 4538 2225 4609; baseline -0.001 -16"><span class='ocrx_word' id='word_1_462' title='bbox 578 4538 994 4608; x_wconf 83' lang='lat' dir='ltr'>Tertullianus,</span> <span class='ocrx_word' id='word_1_463' title='bbox 1028 4539 1272 4609; x_wconf 88' lang='lat' dir='ltr'>priorem</span> <span class='ocrx_word' id='word_1_464' title='bbox 1306 4539 1466 4594; x_wconf 63' lang='lat' dir='ltr'>Isaia;</span> <span class='ocrx_word' id='word_1_465' title='bbox 1501 4539 1570 4593; x_wconf 93' lang='lat' dir='ltr'>de</span> <span class='ocrx_word' id='word_1_466' title='bbox 1600 4538 1904 4607; x_wconf 91' lang='lat' dir='ltr'>ejiciendis</span> <span class='ocrx_word' id='word_1_467' title='bbox 1936 4555 2004 4592; x_wconf 80' lang='lat' dir='ltr'>ex</span> <span class='ocrx_word' id='word_1_468' title='bbox 2037 4538 2225 4608; x_wconf 88' lang='lat' dir='ltr'>patria</span> 
     </span>
    </p>
   </div>
   <div class='ocr_carea' id='block_1_64' title="bbox 2355 1961 4016 2035">
    <p class='ocr_par' dir='ltr' id='par_1_64' title="bbox 2355 1961 4016 2035">
     <span class='ocr_line' id='line_1_64' title="bbox 2355 1961 4016 2035; baseline 0.001 -17"><span class='ocrx_word' id='word_1_469' title='bbox 2355 1966 2496 2035; x_wconf 88' lang='grc'>118).</span> <span class='ocrx_word' id='word_1_470' title='bbox 2551 1968 2764 2018; x_wconf 77' lang='lat' dir='ltr'>Verum</span> <span class='ocrx_word' id='word_1_471' title='bbox 2831 1961 3025 2016; x_wconf 86' lang='lat' dir='ltr'>llilarii</span> <span class='ocrx_word' id='word_1_472' title='bbox 3071 1969 3238 2018; x_wconf 71' lang='lat' dir='ltr'>astate</span> <span class='ocrx_word' id='word_1_473' title='bbox 3296 1963 3564 2018; x_wconf 89' lang='lat' dir='ltr'>nonnihil</span> <span class='ocrx_word' id='word_1_474' title='bbox 3632 1964 3703 2017; x_wconf 92' lang='lat' dir='ltr'>de</span> <span class='ocrx_word' id='word_1_475' title='bbox 3757 1963 4016 2034; x_wconf 80' lang='lat' dir='ltr'>hujusce</span> 
     </span>
    </p>
   </div>
   <div class='ocr_carea' id='block_1_65' title="bbox 2351 2050 4015 2125">
    <p class='ocr_par' dir='ltr' id='par_1_65' title="bbox 2351 2050 4015 2125">
     <span class='ocr_line' id='line_1_65' title="bbox 2351 2050 4015 2125; baseline 0.001 -18"><span class='ocrx_word' id='word_1_476' title='bbox 2351 2053 2496 2125; x_wconf 83' lang='lat' dir='ltr'>legis</span> <span class='ocrx_word' id='word_1_477' title='bbox 2529 2053 2831 2107; x_wconf 86' lang='lat' dir='ltr'>severitate</span> <span class='ocrx_word' id='word_1_478' title='bbox 2863 2050 3182 2106; x_wconf 87' lang='lat' dir='ltr'>relaxatum</span> <span class='ocrx_word' id='word_1_479' title='bbox 3232 2055 3342 2117; x_wconf 90' lang='lat' dir='ltr'>est,</span> <span class='ocrx_word' id='word_1_480' title='bbox 3377 2051 3873 2122; x_wconf 84' lang='lat' dir='ltr'>quemadmodum</span> <span class='ocrx_word' id='word_1_481' title='bbox 3910 2052 4015 2108; x_wconf 90' lang='lat' dir='ltr'>his</span> 
     </span>
    </p>
   </div>
   <div class='ocr_carea' id='block_1_66' title="bbox 2353 2139 4010 2210">
    <p class='ocr_par' dir='ltr' id='par_1_66' title="bbox 2353 2139 4010 2210">
     <span class='ocr_line' id='line_1_66' title="bbox 2353 2139 4010 2210; baseline -0.001 -14"><span class='ocrx_word' id='word_1_482' title='bbox 2353 2141 2591 2196; x_wconf 90' lang='lat' dir='ltr'>totidem</span> <span class='ocrx_word' id='word_1_483' title='bbox 2650 2140 2843 2195; x_wconf 89' lang='lat' dir='ltr'>verbis</span> <span class='ocrx_word' id='word_1_484' title='bbox 2901 2139 3193 2210; x_wconf 86' lang='lat' dir='ltr'>signiﬁcat</span> <span class='ocrx_word' id='word_1_485' title='bbox 3254 2157 3267 2194; x_wconf 92' lang='lat'><strong>:</strong></span> <span class='ocrx_word' id='word_1_486' title='bbox 3326 2159 3349 2186; x_wconf 72' lang='grc' dir='ltr'><strong><em>α</em></strong></span> <span class='ocrx_word' id='word_1_487' title='bbox 3404 2141 3552 2205; x_wconf 89' lang='lat' dir='ltr'>Quin</span> <span class='ocrx_word' id='word_1_488' title='bbox 3613 2139 3787 2195; x_wconf 90' lang='lat' dir='ltr'>etiam</span> <span class='ocrx_word' id='word_1_489' title='bbox 3849 2157 4010 2196; x_wconf 91' lang='lat' dir='ltr'>nunc</span> 
     </span>
    </p>
   </div>
   <div class='ocr_carea' id='block_1_67' title="bbox 2351 2227 4006 2302">
    <p class='ocr_par' dir='ltr' id='par_1_67' title="bbox 2351 2227 4006 2302">
     <span class='ocr_line' id='line_1_67' title="bbox 2351 2227 4006 2302; baseline 0 -18"><span class='ocrx_word' id='word_1_490' title='bbox 2351 2231 2618 2302; x_wconf 89' lang='lat' dir='ltr'>ingressu</span> <span class='ocrx_word' id='word_1_491' title='bbox 2671 2228 2924 2283; x_wconf 89' lang='lat' dir='ltr'>civitatis</span> <span class='ocrx_word' id='word_1_492' title='bbox 2974 2229 3238 2296; x_wconf 86' lang='lat' dir='ltr'>ejusdem</span> <span class='ocrx_word' id='word_1_493' title='bbox 3297 2227 3485 2283; x_wconf 85' lang='lat' dir='ltr'>edicto</span> <span class='ocrx_word' id='word_1_494' title='bbox 3542 2229 3788 2284; x_wconf 86' lang='lat' dir='ltr'>Romani</span> <span class='ocrx_word' id='word_1_495' title='bbox 3846 2231 4006 2301; x_wconf 89' lang='lat' dir='ltr'>regis</span> 
     </span>
    </p>
   </div>
   <div class='ocr_carea' id='block_1_68' title="bbox 2351 2317 4005 2384">
    <p class='ocr_par' dir='ltr' id='par_1_68' title="bbox 2351 2317 4005 2384">
     <span class='ocr_line' id='line_1_68' title="bbox 2351 2317 4005 2384; baseline 0.001 -12"><span class='ocrx_word' id='word_1_496' title='bbox 2351 2319 2711 2373; x_wconf 88' lang='lat' dir='ltr'>inhibentur.</span> <span class='ocrx_word' id='word_1_497' title='bbox 2759 2318 2827 2371; x_wconf 85' lang='lat' dir='ltr'>Et</span> <span class='ocrx_word' id='word_1_498' title='bbox 2867 2332 3000 2370; x_wconf 90' lang='lat' dir='ltr'>cum</span> <span class='ocrx_word' id='word_1_499' title='bbox 3049 2317 3278 2371; x_wconf 85' lang='lat' dir='ltr'>deserta</span> <span class='ocrx_word' id='word_1_500' title='bbox 3319 2322 3651 2371; x_wconf 90' lang='lat' dir='ltr'>sanctorum</span> <span class='ocrx_word' id='word_1_501' title='bbox 3686 2323 3908 2384; x_wconf 80' lang='lat' dir='ltr'>sancta,</span> <span class='ocrx_word' id='word_1_502' title='bbox 3945 2324 4005 2374; x_wconf 89' lang='lat' dir='ltr'>et</span> 
     </span>
    </p>
   </div>
   <div class='ocr_carea' id='block_1_69' title="bbox 2351 2403 3999 2478">
    <p class='ocr_par' dir='ltr' id='par_1_69' title="bbox 2351 2403 3999 2478">
     <span class='ocr_line' id='line_1_69' title="bbox 2351 2403 3999 2478; baseline -0.001 -18"><span class='ocrx_word' id='word_1_503' title='bbox 2351 2406 2685 2478; x_wconf 86' lang='lat' dir='ltr'>prophetiae</span> <span class='ocrx_word' id='word_1_504' title='bbox 2731 2404 2921 2468; x_wconf 90' lang='lat' dir='ltr'>silere,</span> <span class='ocrx_word' id='word_1_505' title='bbox 2953 2408 3010 2459; x_wconf 91' lang='lat' dir='ltr'>et</span> <span class='ocrx_word' id='word_1_506' title='bbox 3058 2403 3452 2474; x_wconf 89' lang='lat' dir='ltr'>placationum</span> <span class='ocrx_word' id='word_1_507' title='bbox 3493 2404 3717 2460; x_wconf 90' lang='lat' dir='ltr'>hostias</span> <span class='ocrx_word' id='word_1_508' title='bbox 3766 2407 3999 2476; x_wconf 82' lang='lat' dir='ltr'>deesse,</span> 
     </span>
    </p>
   </div>
   <div class='ocr_carea' id='block_1_70' title="bbox 2349 2493 3999 2566">
    <p class='ocr_par' dir='ltr' id='par_1_70' title="bbox 2349 2493 3999 2566">
     <span class='ocr_line' id='line_1_70' title="bbox 2349 2493 3999 2566; baseline -0.001 -15"><span class='ocrx_word' id='word_1_509' title='bbox 2349 2502 2407 2551; x_wconf 91' lang='lat' dir='ltr'>et</span> <span class='ocrx_word' id='word_1_510' title='bbox 2437 2494 2777 2566; x_wconf 79' lang='lat' dir='ltr'>dignitatem</span> <span class='ocrx_word' id='word_1_511' title='bbox 2810 2509 3040 2548; x_wconf 89' lang='lat' dir='ltr'>omnem</span> <span class='ocrx_word' id='word_1_512' title='bbox 3072 2493 3452 2547; x_wconf 80' lang='lat' dir='ltr'>deformatam</span> <span class='ocrx_word' id='word_1_513' title='bbox 3497 2493 3805 2548; x_wconf 88' lang='lat' dir='ltr'>ministerii</span> <span class='ocrx_word' id='word_1_514' title='bbox 3840 2495 3999 2550; x_wconf 87' lang='lat' dir='ltr'>Levi-</span> 
     </span>
    </p>
   </div>
   <div class='ocr_carea' id='block_1_71' title="bbox 2349 2580 3991 2650">
    <p class='ocr_par' dir='ltr' id='par_1_71' title="bbox 2349 2580 3991 2650">
     <span class='ocr_line' id='line_1_71' title="bbox 2349 2580 3991 2650; baseline -0.001 -11"><span class='ocrx_word' id='word_1_515' title='bbox 2349 2584 2447 2639; x_wconf 89' lang='lat' dir='ltr'>tici</span> <span class='ocrx_word' id='word_1_516' title='bbox 2499 2583 2900 2647; x_wconf 81' lang='lat' dir='ltr'>recordentur,</span> <span class='ocrx_word' id='word_1_517' title='bbox 2963 2580 3224 2635; x_wconf 88' lang='lat' dir='ltr'>conversi</span> <span class='ocrx_word' id='word_1_518' title='bbox 3270 2597 3447 2650; x_wconf 91' lang='lat' dir='ltr'>nunc,</span> <span class='ocrx_word' id='word_1_519' title='bbox 3505 2588 3563 2635; x_wconf 87' lang='lat' dir='ltr'>et</span> <span class='ocrx_word' id='word_1_520' title='bbox 3619 2583 3769 2637; x_wconf 89' lang='lat' dir='ltr'>fame</span> <span class='ocrx_word' id='word_1_521' title='bbox 3824 2583 3991 2638; x_wconf 89' lang='lat' dir='ltr'>verbi</span> 
     </span>
    </p>
   </div>
   <div class='ocr_carea' id='block_1_72' title="bbox 2350 2670 3993 2744">
    <p class='ocr_par' dir='ltr' id='par_1_72' title="bbox 2350 2670 3993 2744">
     <span class='ocr_line' id='line_1_72' title="bbox 2350 2670 3993 2744; baseline -0.001 -15"><span class='ocrx_word' id='word_1_522' title='bbox 2350 2675 2446 2729; x_wconf 91' lang='lat' dir='ltr'>Dei</span> <span class='ocrx_word' id='word_1_523' title='bbox 2481 2680 2537 2728; x_wconf 91' lang='lat' dir='ltr'>et</span> <span class='ocrx_word' id='word_1_524' title='bbox 2567 2673 2679 2728; x_wconf 88' lang='lat' dir='ltr'>cibi</span> <span class='ocrx_word' id='word_1_525' title='bbox 2729 2671 3006 2727; x_wconf 78' lang='lat' dir='ltr'>salutaris</span> <span class='ocrx_word' id='word_1_526' title='bbox 3055 2670 3265 2739; x_wconf 82' lang='lat' dir='ltr'>atfecti,</span> <span class='ocrx_word' id='word_1_527' title='bbox 3296 2671 3365 2726; x_wconf 88' lang='lat' dir='ltr'>ad</span> <span class='ocrx_word' id='word_1_528' title='bbox 3418 2671 3692 2729; x_wconf 89' lang='lat' dir='ltr'>solatium</span> <span class='ocrx_word' id='word_1_529' title='bbox 3736 2690 3993 2744; x_wconf 68' lang='lat' dir='ltr'>praesen-</span> 
     </span>
    </p>
   </div>
   <div class='ocr_carea' id='block_1_73' title="bbox 2349 2760 3992 2819">
    <p class='ocr_par' dir='ltr' id='par_1_73' title="bbox 2349 2760 3992 2819">
     <span class='ocr_line' id='line_1_73' title="bbox 2349 2760 3992 2819; baseline -0.003 -1"><span class='ocrx_word' id='word_1_530' title='bbox 2349 2763 2496 2819; x_wconf 89' lang='lat' dir='ltr'>tium</span> <span class='ocrx_word' id='word_1_531' title='bbox 2533 2762 2901 2817; x_wconf 89' lang='lat' dir='ltr'>miseriarum</span> <span class='ocrx_word' id='word_1_532' title='bbox 2933 2760 3238 2815; x_wconf 90' lang='lat' dir='ltr'>circumire</span> <span class='ocrx_word' id='word_1_533' title='bbox 3259 2765 3400 2815; x_wconf 93' lang='lat' dir='ltr'>sunt</span> <span class='ocrx_word' id='word_1_534' title='bbox 3423 2760 3581 2816; x_wconf 92' lang='lat' dir='ltr'>soliti</span> <span class='ocrx_word' id='word_1_535' title='bbox 3628 2762 3992 2818; x_wconf 68' lang='lat' dir='ltr'>civitatem.»</span> 
     </span>
    </p>
   </div>
   <div class='ocr_carea' id='block_1_74' title="bbox 2347 2849 3992 2922">
    <p class='ocr_par' dir='ltr' id='par_1_74' title="bbox 2347 2849 3992 2922">
     <span class='ocr_line' id='line_1_74' title="bbox 2347 2849 3992 2922; baseline 0.001 -16"><span class='ocrx_word' id='word_1_536' title='bbox 2347 2852 2549 2919; x_wconf 86' lang='lat' dir='ltr'>(Hilar.</span> <span class='ocrx_word' id='word_1_537' title='bbox 2587 2853 2757 2906; x_wconf 71' lang='lat' dir='ltr'>Tract.</span> <span class='ocrx_word' id='word_1_538' title='bbox 2793 2851 2849 2904; x_wconf 88' lang='lat' dir='ltr'>in</span> <span class='ocrx_word' id='word_1_539' title='bbox 2895 2849 3042 2905; x_wconf 81' lang='lat' dir='ltr'>Psal.</span> <span class='ocrx_word' id='word_1_540' title='bbox 3096 2865 3250 2917; x_wconf 87' lang='lat' dir='ltr'>Lvm,</span> <span class='ocrx_word' id='word_1_541' title='bbox 3282 2849 3392 2922; x_wconf 67' lang='lat' dir='ltr'>g7,</span> <span class='ocrx_word' id='word_1_542' title='bbox 3426 2865 3556 2922; x_wconf 89' lang='lat' dir='ltr'>pag.</span> <span class='ocrx_word' id='word_1_543' title='bbox 3595 2851 3741 2921; x_wconf 88' lang='lat'>130.)</span> <span class='ocrx_word' id='word_1_544' title='bbox 3772 2851 3992 2907; x_wconf 89' lang='lat' dir='ltr'>Verum</span> 
     </span>
    </p>
   </div>
   <div class='ocr_carea' id='block_1_75' title="bbox 2346 2939 3990 3012">
    <p class='ocr_par' dir='ltr' id='par_1_75' title="bbox 2346 2939 3990 3012">
     <span class='ocr_line' id='line_1_75' title="bbox 2346 2939 3990 3012; baseline 0.001 -17"><span class='ocrx_word' id='word_1_545' title='bbox 2346 2941 2544 2996; x_wconf 82' lang='lat' dir='ltr'>infelix</span> <span class='ocrx_word' id='word_1_546' title='bbox 2585 2939 2681 2995; x_wconf 89' lang='lat' dir='ltr'>ille</span> <span class='ocrx_word' id='word_1_547' title='bbox 2713 2939 2962 3012; x_wconf 89' lang='lat' dir='ltr'>populus</span> <span class='ocrx_word' id='word_1_548' title='bbox 3012 2939 3120 2993; x_wconf 88' lang='lat' dir='ltr'>hoc</span> <span class='ocrx_word' id='word_1_549' title='bbox 3169 2939 3565 3010; x_wconf 89' lang='lat' dir='ltr'>qualicunque</span> <span class='ocrx_word' id='word_1_550' title='bbox 3616 2940 3990 2996; x_wconf 89' lang='lat' dir='ltr'>miseriarum</span> 
     </span>
    </p>
   </div>
   <div class='ocr_carea' id='block_1_76' title="bbox 2347 3027 3997 3100">
    <p class='ocr_par' dir='ltr' id='par_1_76' title="bbox 2347 3027 3997 3100">
     <span class='ocr_line' id='line_1_76' title="bbox 2347 3027 3997 3100; baseline 0 -15"><span class='ocrx_word' id='word_1_551' title='bbox 2347 3046 2587 3085; x_wconf 87' lang='lat' dir='ltr'>suarum</span> <span class='ocrx_word' id='word_1_552' title='bbox 2621 3027 2827 3084; x_wconf 81' lang='lat' dir='ltr'>solatio</span> <span class='ocrx_word' id='word_1_553' title='bbox 2877 3043 2992 3081; x_wconf 90' lang='lat' dir='ltr'>non</span> <span class='ocrx_word' id='word_1_554' title='bbox 3032 3027 3214 3099; x_wconf 85' lang='lat' dir='ltr'>gratis</span> <span class='ocrx_word' id='word_1_555' title='bbox 3249 3027 3357 3081; x_wconf 82' lang='lat' dir='ltr'>frui</span> <span class='ocrx_word' id='word_1_556' title='bbox 3394 3033 3642 3099; x_wconf 87' lang='lat' dir='ltr'>poterat,</span> <span class='ocrx_word' id='word_1_557' title='bbox 3675 3029 3772 3083; x_wconf 89' lang='lat' dir='ltr'>sed</span> <span class='ocrx_word' id='word_1_558' title='bbox 3808 3029 3997 3100; x_wconf 86' lang='lat' dir='ltr'>pretio</span> 
     </span>
    </p>
   </div>
   <div class='ocr_carea' id='block_1_77' title="bbox 2345 3115 3996 3188">
    <p class='ocr_par' dir='ltr' id='par_1_77' title="bbox 2345 3115 3996 3188">
     <span class='ocr_line' id='line_1_77' title="bbox 2345 3115 3996 3188; baseline -0.001 -15"><span class='ocrx_word' id='word_1_559' title='bbox 2345 3119 2630 3174; x_wconf 90' lang='lat' dir='ltr'>redimere</span> <span class='ocrx_word' id='word_1_560' title='bbox 2669 3117 3005 3188; x_wconf 85' lang='lat' dir='ltr'>cogebatur.</span> <span class='ocrx_word' id='word_1_561' title='bbox 3039 3115 3256 3170; x_wconf 89' lang='lat' dir='ltr'>Audias</span> <span class='ocrx_word' id='word_1_562' title='bbox 3289 3116 3457 3171; x_wconf 88' lang='lat' dir='ltr'>velim</span> <span class='ocrx_word' id='word_1_563' title='bbox 3498 3121 3706 3172; x_wconf 90' lang='lat' dir='ltr'>testem</span> <span class='ocrx_word' id='word_1_564' title='bbox 3739 3117 3996 3188; x_wconf 85' lang='lat' dir='ltr'>hujusce</span> 
     </span>
    </p>
   </div>
   <div class='ocr_carea' id='block_1_78' title="bbox 2346 3205 3995 3278">
    <p class='ocr_par' dir='ltr' id='par_1_78' title="bbox 2346 3205 3995 3278">
     <span class='ocr_line' id='line_1_78' title="bbox 2346 3205 3995 3278; baseline 0 -16"><span class='ocrx_word' id='word_1_565' title='bbox 2346 3209 2426 3263; x_wconf 93' lang='lat' dir='ltr'>rei</span> <span class='ocrx_word' id='word_1_566' title='bbox 2477 3205 3004 3278; x_wconf 89' lang='lat' dir='ltr'>locupletissimum</span> <span class='ocrx_word' id='word_1_567' title='bbox 3056 3205 3466 3276; x_wconf 85' lang='lat' dir='ltr'>Hieronymum</span> <span class='ocrx_word' id='word_1_568' title='bbox 3517 3223 3530 3261; x_wconf 87' lang='lat'><strong>:</strong></span> <span class='ocrx_word' id='word_1_569' title='bbox 3583 3229 3610 3255; x_wconf 82' lang='lat'><strong><em>«</em></strong></span> <span class='ocrx_word' id='word_1_570' title='bbox 3673 3205 3868 3277; x_wconf 88' lang='lat' dir='ltr'>Usque</span> <span class='ocrx_word' id='word_1_571' title='bbox 3921 3209 3995 3262; x_wconf 92' lang='lat' dir='ltr'>ad</span> 
     </span>
    </p>
   </div>
   <div class='ocr_carea' id='block_1_79' title="bbox 2345 3293 3998 3368">
    <p class='ocr_par' dir='ltr' id='par_1_79' title="bbox 2345 3293 3998 3368">
     <span class='ocr_line' id='line_1_79' title="bbox 2345 3293 3998 3368; baseline -0.001 -18"><span class='ocrx_word' id='word_1_572' title='bbox 2345 3301 2687 3368; x_wconf 64' lang='lat' dir='ltr'>praesentem</span> <span class='ocrx_word' id='word_1_573' title='bbox 2719 3295 2872 3349; x_wconf 79' lang='lat' dir='ltr'>diem</span> <span class='ocrx_word' id='word_1_574' title='bbox 2901 3293 3312 3364; x_wconf 84' lang='lat' dir='ltr'>perﬁdiccloni</span> <span class='ocrx_word' id='word_1_575' title='bbox 3356 3333 3368 3346; x_wconf 95' lang='lat'>.</span> <span class='ocrx_word' id='word_1_576' title='bbox 3415 3335 3426 3348; x_wconf 95' lang='lat'>.</span> <span class='ocrx_word' id='word_1_577' title='bbox 3481 3335 3493 3348; x_wconf 94' lang='lat'>.</span> <span class='ocrx_word' id='word_1_578' title='bbox 3551 3335 3564 3349; x_wconf 92' lang='lat'>.</span> <span class='ocrx_word' id='word_1_579' title='bbox 3619 3337 3632 3350; x_wconf 93' lang='lat'>.</span> <span class='ocrx_word' id='word_1_580' title='bbox 3674 3295 3998 3366; x_wconf 89' lang='lat' dir='ltr'>prohiben-</span> 
     </span>
    </p>
   </div>
   <div class='ocr_carea' id='block_1_80' title="bbox 2342 3381 3996 3453">
    <p class='ocr_par' dir='ltr' id='par_1_80' title="bbox 2342 3381 3996 3453">
     <span class='ocr_line' id='line_1_80' title="bbox 2342 3381 3996 3453; baseline 0.001 -14"><span class='ocrx_word' id='word_1_581' title='bbox 2342 3389 2438 3439; x_wconf 92' lang='lat' dir='ltr'>tur</span> <span class='ocrx_word' id='word_1_582' title='bbox 2467 3383 2693 3453; x_wconf 85' lang='lat' dir='ltr'>ingredi</span> <span class='ocrx_word' id='word_1_583' title='bbox 2719 3381 3042 3436; x_wconf 85' lang='lat' dir='ltr'>Jerusalem</span> <span class='ocrx_word' id='word_1_584' title='bbox 3078 3397 3090 3436; x_wconf 92' lang='lat'><strong>:</strong></span> <span class='ocrx_word' id='word_1_585' title='bbox 3124 3386 3181 3436; x_wconf 92' lang='lat' dir='ltr'>et</span> <span class='ocrx_word' id='word_1_586' title='bbox 3213 3386 3278 3436; x_wconf 91' lang='lat' dir='ltr'>ut</span> <span class='ocrx_word' id='word_1_587' title='bbox 3303 3383 3534 3437; x_wconf 91' lang='lat' dir='ltr'>ruinam</span> <span class='ocrx_word' id='word_1_588' title='bbox 3567 3400 3684 3438; x_wconf 72' lang='lat' dir='ltr'>sure</span> <span class='ocrx_word' id='word_1_589' title='bbox 3715 3384 3798 3438; x_wconf 90' lang='lat' dir='ltr'>eis</span> <span class='ocrx_word' id='word_1_590' title='bbox 3854 3383 3996 3440; x_wconf 83' lang='lat' dir='ltr'>ﬂere</span> 
     </span>
    </p>
   </div>
   <div class='ocr_carea' id='block_1_81' title="bbox 2342 3469 3989 3543">
    <p class='ocr_par' dir='ltr' id='par_1_81' title="bbox 2342 3469 3989 3543">
     <span class='ocr_line' id='line_1_81' title="bbox 2342 3469 3989 3543; baseline 0 -17"><span class='ocrx_word' id='word_1_591' title='bbox 2342 3471 2512 3528; x_wconf 90' lang='lat' dir='ltr'>liceat</span> <span class='ocrx_word' id='word_1_592' title='bbox 2557 3472 2827 3534; x_wconf 87' lang='lat' dir='ltr'>civitatis,</span> <span class='ocrx_word' id='word_1_593' title='bbox 2862 3469 3044 3540; x_wconf 90' lang='lat' dir='ltr'>pretio</span> <span class='ocrx_word' id='word_1_594' title='bbox 3075 3471 3408 3537; x_wconf 89' lang='lat' dir='ltr'>redimunt;</span> <span class='ocrx_word' id='word_1_595' title='bbox 3457 3476 3521 3526; x_wconf 92' lang='lat' dir='ltr'>ut</span> <span class='ocrx_word' id='word_1_596' title='bbox 3551 3472 3651 3542; x_wconf 86' lang='lat' dir='ltr'>qui</span> <span class='ocrx_word' id='word_1_597' title='bbox 3683 3473 3989 3543; x_wconf 88' lang='lat' dir='ltr'>quondam</span> 
     </span>
    </p>
   </div>
   <div class='ocr_carea' id='block_1_82' title="bbox 2340 3558 3990 3632">
    <p class='ocr_par' dir='ltr' id='par_1_82' title="bbox 2340 3558 3990 3632">
     <span class='ocr_line' id='line_1_82' title="bbox 2340 3558 3990 3632; baseline -0.001 -16"><span class='ocrx_word' id='word_1_598' title='bbox 2340 3565 2604 3616; x_wconf 87' lang='lat' dir='ltr'>emerant</span> <span class='ocrx_word' id='word_1_599' title='bbox 2625 3559 2969 3631; x_wconf 88' lang='lat' dir='ltr'>sanguinem</span> <span class='ocrx_word' id='word_1_600' title='bbox 2993 3558 3427 3623; x_wconf 87' lang='lat' dir='ltr'>Christi,emant</span> <span class='ocrx_word' id='word_1_601' title='bbox 3447 3559 3734 3632; x_wconf 88' lang='lat' dir='ltr'>lacrymas</span> <span class='ocrx_word' id='word_1_602' title='bbox 3777 3577 3990 3616; x_wconf 85' lang='lat' dir='ltr'>suas...</span> 
     </span>
    </p>
   </div>
   <div class='ocr_carea' id='block_1_83' title="bbox 2340 3647 3990 3720">
    <p class='ocr_par' dir='ltr' id='par_1_83' title="bbox 2340 3647 3990 3720">
     <span class='ocr_line' id='line_1_83' title="bbox 2340 3647 3990 3720; baseline 0.001 -16"><span class='ocrx_word' id='word_1_603' title='bbox 2340 3649 2531 3704; x_wconf 89' lang='lat' dir='ltr'>adhuc</span> <span class='ocrx_word' id='word_1_604' title='bbox 2563 3649 2734 3703; x_wconf 87' lang='lat' dir='ltr'>ﬂetus</span> <span class='ocrx_word' id='word_1_605' title='bbox 2766 3648 2824 3702; x_wconf 90' lang='lat' dir='ltr'>in</span> <span class='ocrx_word' id='word_1_606' title='bbox 2876 3647 3063 3718; x_wconf 88' lang='lat' dir='ltr'>genis,</span> <span class='ocrx_word' id='word_1_607' title='bbox 3113 3652 3170 3702; x_wconf 84' lang='lat' dir='ltr'>et</span> <span class='ocrx_word' id='word_1_608' title='bbox 3204 3647 3380 3703; x_wconf 89' lang='lat' dir='ltr'>livida</span> <span class='ocrx_word' id='word_1_609' title='bbox 3421 3648 3680 3716; x_wconf 87' lang='lat' dir='ltr'>brachia,</span> <span class='ocrx_word' id='word_1_610' title='bbox 3712 3653 3769 3704; x_wconf 88' lang='lat' dir='ltr'>et</span> <span class='ocrx_word' id='word_1_611' title='bbox 3797 3651 3990 3720; x_wconf 87' lang='lat' dir='ltr'>sparsi</span> 
     </span>
    </p>
   </div>
   <div class='ocr_carea' id='block_1_84' title="bbox 2339 3735 3989 3806">
    <p class='ocr_par' dir='ltr' id='par_1_84' title="bbox 2339 3735 3989 3806">
     <span class='ocr_line' id='line_1_84' title="bbox 2339 3735 3989 3806; baseline 0 -13"><span class='ocrx_word' id='word_1_612' title='bbox 2339 3739 2551 3801; x_wconf 84' lang='lat' dir='ltr'>crines,</span> <span class='ocrx_word' id='word_1_613' title='bbox 2586 3742 2643 3792; x_wconf 91' lang='lat' dir='ltr'>et</span> <span class='ocrx_word' id='word_1_614' title='bbox 2673 3735 2840 3790; x_wconf 88' lang='lat' dir='ltr'>miles</span> <span class='ocrx_word' id='word_1_615' title='bbox 2874 3738 3198 3791; x_wconf 89' lang='lat' dir='ltr'>mercedem</span> <span class='ocrx_word' id='word_1_616' title='bbox 3250 3736 3528 3806; x_wconf 83' lang='lat' dir='ltr'>postulat,</span> <span class='ocrx_word' id='word_1_617' title='bbox 3561 3743 3646 3805; x_wconf 90' lang='lat' dir='ltr'>ut,</span> <span class='ocrx_word' id='word_1_618' title='bbox 3678 3737 3797 3793; x_wconf 92' lang='lat' dir='ltr'>illis</span> <span class='ocrx_word' id='word_1_619' title='bbox 3847 3738 3989 3794; x_wconf 75' lang='lat' dir='ltr'>flere</span> 
     </span>
    </p>
   </div>
   <div class='ocr_carea' id='block_1_85' title="bbox 2342 3825 3988 3898">
    <p class='ocr_par' dir='ltr' id='par_1_85' title="bbox 2342 3825 3988 3898">
     <span class='ocr_line' id='line_1_85' title="bbox 2342 3825 3988 3898; baseline -0.001 -15"><span class='ocrx_word' id='word_1_620' title='bbox 2342 3827 2692 3897; x_wconf 86' lang='lat' dir='ltr'>plusliceat.</span> <span class='ocrx_word' id='word_1_621' title='bbox 2730 3847 2757 3875; x_wconf 88' lang='lat'>»</span> <span class='ocrx_word' id='word_1_622' title='bbox 2807 3825 3161 3897; x_wconf 89' lang='lat' dir='ltr'>(Hieronym.</span> <span class='ocrx_word' id='word_1_623' title='bbox 3213 3825 3273 3880; x_wconf 91' lang='lat' dir='ltr'>in</span> <span class='ocrx_word' id='word_1_624' title='bbox 3330 3843 3456 3896; x_wconf 89' lang='lat' dir='ltr'>cap.</span> <span class='ocrx_word' id='word_1_625' title='bbox 3507 3843 3526 3880; x_wconf 88' lang='grc' dir='ltr'>ῐ</span> <span class='ocrx_word' id='word_1_626' title='bbox 3577 3826 3739 3898; x_wconf 86' lang='lat' dir='ltr'>Soph.</span> <span class='ocrx_word' id='word_1_627' title='bbox 3789 3843 3845 3892; x_wconf 89' lang='lat' dir='ltr'>v,</span> <span class='ocrx_word' id='word_1_628' title='bbox 3899 3829 3988 3891; x_wconf 93' lang='lat'>15,</span> 
     </span>
    </p>
   </div>
   <div class='ocr_carea' id='block_1_86' title="bbox 2341 3915 2694 3988">
    <p class='ocr_par' dir='ltr' id='par_1_86' title="bbox 2341 3915 2694 3988">
     <span class='ocr_line' id='line_1_86' title="bbox 2341 3915 2694 3988; baseline -0.006 -19"><span class='ocrx_word' id='word_1_629' title='bbox 2341 3915 2694 3988; x_wconf 64' lang='lat' dir='ltr'>pag.1655)</span> 
     </span>
    </p>
   </div>
   <div class='ocr_carea' id='block_1_87' title="bbox 2414 4018 3993 4092">
    <p class='ocr_par' dir='ltr' id='par_1_87' title="bbox 2414 4018 3993 4092">
     <span class='ocr_line' id='line_1_87' title="bbox 2414 4018 3993 4092; baseline 0.001 -18"><span class='ocrx_word' id='word_1_630' title='bbox 2414 4021 2584 4092; x_wconf 83' lang='lat' dir='ltr'>Atqui</span> <span class='ocrx_word' id='word_1_631' title='bbox 2617 4037 2730 4075; x_wconf 91' lang='lat' dir='ltr'>non</span> <span class='ocrx_word' id='word_1_632' title='bbox 2763 4019 2883 4074; x_wconf 75' lang='lat' dir='ltr'>haec</span> <span class='ocrx_word' id='word_1_633' title='bbox 2913 4022 3141 4074; x_wconf 90' lang='lat' dir='ltr'>tantum</span> <span class='ocrx_word' id='word_1_634' title='bbox 3175 4018 3380 4088; x_wconf 88' lang='lat' dir='ltr'>sacris,</span> <span class='ocrx_word' id='word_1_635' title='bbox 3425 4019 3579 4074; x_wconf 86' lang='lat' dir='ltr'>sicut</span> <span class='ocrx_word' id='word_1_636' title='bbox 3629 4019 3850 4074; x_wconf 87' lang='lat' dir='ltr'>dictum</span> <span class='ocrx_word' id='word_1_637' title='bbox 3877 4027 3993 4086; x_wconf 88' lang='lat' dir='ltr'>est,</span> 
     </span>
    </p>
   </div>
   <div class='ocr_carea' id='block_1_88' title="bbox 2340 4107 3995 4183">
    <p class='ocr_par' dir='ltr' id='par_1_88' title="bbox 2340 4107 3995 4183">
     <span class='ocr_line' id='line_1_88' title="bbox 2340 4107 3995 4183; baseline -0.001 -18"><span class='ocrx_word' id='word_1_638' title='bbox 2340 4111 2755 4183; x_wconf 84' lang='lat' dir='ltr'>prophetarum</span> <span class='ocrx_word' id='word_1_639' title='bbox 2807 4107 3049 4163; x_wconf 90' lang='lat' dir='ltr'>vocibus</span> <span class='ocrx_word' id='word_1_640' title='bbox 3097 4109 3374 4180; x_wconf 53' lang='lat' dir='ltr'>praedicta</span> <span class='ocrx_word' id='word_1_641' title='bbox 3407 4107 3657 4178; x_wconf 87' lang='lat' dir='ltr'>fuerant,</span> <span class='ocrx_word' id='word_1_642' title='bbox 3688 4130 3712 4161; x_wconf 76' lang='grc' dir='ltr'><strong>α</strong></span> <span class='ocrx_word' id='word_1_643' title='bbox 3747 4109 3847 4164; x_wconf 90' lang='lat' dir='ltr'>sed</span> <span class='ocrx_word' id='word_1_644' title='bbox 3881 4125 3995 4164; x_wconf 78' lang='lat' dir='ltr'>eas-</span> 
     </span>
    </p>
   </div>
   <div class='ocr_carea' id='block_1_89' title="bbox 2338 4197 3999 4270">
    <p class='ocr_par' dir='ltr' id='par_1_89' title="bbox 2338 4197 3999 4270">
     <span class='ocr_line' id='line_1_89' title="bbox 2338 4197 3999 4270; baseline -0.002 -14"><span class='ocrx_word' id='word_1_645' title='bbox 2338 4201 2495 4270; x_wconf 89' lang='lat' dir='ltr'>dem,</span> <span class='ocrx_word' id='word_1_646' title='bbox 2528 4199 2608 4254; x_wconf 88' lang='lat' dir='ltr'>ait</span> <span class='ocrx_word' id='word_1_647' title='bbox 2635 4197 3062 4269; x_wconf 77' lang='lat' dir='ltr'>Tertulliames,</span> <span class='ocrx_word' id='word_1_648' title='bbox 3111 4213 3343 4269; x_wconf 88' lang='lat' dir='ltr'>semper</span> <span class='ocrx_word' id='word_1_649' title='bbox 3388 4214 3594 4254; x_wconf 88' lang='lat' dir='ltr'>omnes</span> <span class='ocrx_word' id='word_1_650' title='bbox 3641 4197 3999 4270; x_wconf 88' lang='lat' dir='ltr'>ingerebant</span> 
     </span>
    </p>
   </div>
   <div class='ocr_carea' id='block_1_90' title="bbox 2339 4285 3989 4354">
    <p class='ocr_par' dir='ltr' id='par_1_90' title="bbox 2339 4285 3989 4354">
     <span class='ocr_line' id='line_1_90' title="bbox 2339 4285 3989 4354; baseline -0.002 -10"><span class='ocrx_word' id='word_1_651' title='bbox 2339 4289 2479 4354; x_wconf 84' lang='lat' dir='ltr'>fore,</span> <span class='ocrx_word' id='word_1_652' title='bbox 2512 4288 2596 4342; x_wconf 91' lang='lat' dir='ltr'>uti</span> <span class='ocrx_word' id='word_1_653' title='bbox 2626 4287 2736 4342; x_wconf 91' lang='lat' dir='ltr'>sub</span> <span class='ocrx_word' id='word_1_654' title='bbox 2786 4286 3021 4342; x_wconf 75' lang='lat' dir='ltr'>extimis</span> <span class='ocrx_word' id='word_1_655' title='bbox 3071 4285 3380 4342; x_wconf 89' lang='lat' dir='ltr'>curriculis</span> <span class='ocrx_word' id='word_1_656' title='bbox 3429 4285 3662 4342; x_wconf 73' lang='lat' dir='ltr'>saeculis</span> <span class='ocrx_word' id='word_1_657' title='bbox 3707 4303 3776 4342; x_wconf 86' lang='lat' dir='ltr'>ex</span> <span class='ocrx_word' id='word_1_658' title='bbox 3824 4287 3989 4342; x_wconf 91' lang='lat' dir='ltr'>omni</span> 
     </span>
    </p>
   </div>
   <div class='ocr_carea' id='block_1_91' title="bbox 2328 4373 3991 4448">
    <p class='ocr_par' dir='ltr' id='par_1_91' title="bbox 2328 4373 3991 4448">
     <span class='ocr_line' id='line_1_91' title="bbox 2328 4373 3991 4448; baseline 0 -17"><span class='ocrx_word' id='word_1_659' title='bbox 2328 4379 2454 4448; x_wconf 88' lang='lat' dir='ltr'>jam</span> <span class='ocrx_word' id='word_1_660' title='bbox 2489 4381 2678 4448; x_wconf 89' lang='lat' dir='ltr'>gente,</span> <span class='ocrx_word' id='word_1_661' title='bbox 2713 4381 2768 4430; x_wconf 91' lang='lat' dir='ltr'>et</span> <span class='ocrx_word' id='word_1_662' title='bbox 2800 4373 3043 4445; x_wconf 90' lang='lat' dir='ltr'>populo,</span> <span class='ocrx_word' id='word_1_663' title='bbox 3094 4379 3152 4429; x_wconf 92' lang='lat' dir='ltr'>et</span> <span class='ocrx_word' id='word_1_664' title='bbox 3204 4374 3328 4430; x_wconf 91' lang='lat' dir='ltr'>loco</span> <span class='ocrx_word' id='word_1_665' title='bbox 3382 4376 3657 4430; x_wconf 89' lang='lat' dir='ltr'>custodes</span> <span class='ocrx_word' id='word_1_666' title='bbox 3705 4374 3816 4431; x_wconf 88' lang='lat' dir='ltr'>sibi</span> <span class='ocrx_word' id='word_1_667' title='bbox 3850 4374 3991 4431; x_wconf 87' lang='lat' dir='ltr'>alle-</span> 
     </span>
    </p>
   </div>
   <div class='ocr_carea' id='block_1_92' title="bbox 2336 4462 3991 4538">
    <p class='ocr_par' dir='ltr' id='par_1_92' title="bbox 2336 4462 3991 4538">
     <span class='ocr_line' id='line_1_92' title="bbox 2336 4462 3991 4538; baseline 0.001 -20"><span class='ocrx_word' id='word_1_668' title='bbox 2336 4469 2496 4538; x_wconf 87' lang='lat' dir='ltr'>geret</span> <span class='ocrx_word' id='word_1_669' title='bbox 2526 4465 2679 4519; x_wconf 92' lang='lat' dir='ltr'>Deus</span> <span class='ocrx_word' id='word_1_670' title='bbox 2711 4463 2898 4518; x_wconf 83' lang='lat' dir='ltr'>multo</span> <span class='ocrx_word' id='word_1_671' title='bbox 2931 4462 3240 4523; x_wconf 87' lang='lat' dir='ltr'>ﬁdeliores.</span> <span class='ocrx_word' id='word_1_672' title='bbox 3265 4463 3322 4518; x_wconf 92' lang='lat' dir='ltr'>in</span> <span class='ocrx_word' id='word_1_673' title='bbox 3345 4480 3491 4534; x_wconf 92' lang='lat' dir='ltr'>quos</span> <span class='ocrx_word' id='word_1_674' title='bbox 3519 4463 3766 4536; x_wconf 87' lang='lat' dir='ltr'>gratiam</span> <span class='ocrx_word' id='word_1_675' title='bbox 3798 4467 3991 4519; x_wconf 88' lang='lat' dir='ltr'>trans—</span> 
     </span>
    </p>
   </div>
   <div class='ocr_carea' id='block_1_93' title="bbox 2336 4551 3990 4624">
    <p class='ocr_par' dir='ltr' id='par_1_93' title="bbox 2336 4551 3990 4624">
     <span class='ocr_line' id='line_1_93' title="bbox 2336 4551 3990 4624; baseline 0.001 -16"><span class='ocrx_word' id='word_1_676' title='bbox 2336 4555 2511 4609; x_wconf 91' lang='lat' dir='ltr'>ferret</span> <span class='ocrx_word' id='word_1_677' title='bbox 2571 4553 2889 4624; x_wconf 88' lang='lat' dir='ltr'>pleniorem</span> <span class='ocrx_word' id='word_1_678' title='bbox 2940 4551 3173 4622; x_wconf 87' lang='lat' dir='ltr'>quidem</span> <span class='ocrx_word' id='word_1_679' title='bbox 3227 4553 3299 4607; x_wconf 92' lang='lat' dir='ltr'>ob</span> <span class='ocrx_word' id='word_1_680' title='bbox 3350 4552 3674 4622; x_wconf 68' lang='lat' dir='ltr'>disciplinae</span> <span class='ocrx_word' id='word_1_681' title='bbox 3731 4552 3990 4609; x_wconf 86' lang='lat' dir='ltr'>auctoris</span> 
     </span>
    </p>
   </div>
   <div class='ocr_carea' id='block_1_94' title="bbox 582 4601 3986 4714">
    <p class='ocr_par' dir='ltr' id='par_1_94' title="bbox 582 4601 3986 4714">
     <span class='ocr_line' id='line_1_94' title="bbox 582 4601 3986 4714; baseline 0.004 -34"><span class='ocrx_word' id='word_1_682' title='bbox 582 4643 690 4681; x_wconf 91' lang='lat' dir='ltr'>sua</span> <span class='ocrx_word' id='word_1_683' title='bbox 715 4627 936 4682; x_wconf 64' lang='lat' dir='ltr'>Judeis</span> <span class='ocrx_word' id='word_1_684' title='bbox 965 4601 1440 4683; x_wconf 67' lang='lat' dir='ltr'>vaticinationem</span> <span class='ocrx_word' id='word_1_685' title='bbox 1471 4601 1706 4698; x_wconf 79' lang='lat' dir='ltr'>(Justin.</span> <span class='ocrx_word' id='word_1_686' title='bbox 1750 4626 1965 4682; x_wconf 84' lang='lat' dir='ltr'>Cohort.</span> <span class='ocrx_word' id='word_1_687' title='bbox 1997 4601 2070 4680; x_wconf 68' lang='lat' dir='ltr'>ad</span> <span class='ocrx_word' id='word_1_688' title='bbox 2097 4630 2223 4697; x_wconf 82' lang='lat' dir='ltr'>gent</span> <span class='ocrx_word' id='word_1_689' title='bbox 2255 4601 2300 4665; x_wconf 82' lang='lat' dir='ltr'>D</span> <span class='ocrx_word' id='word_1_690' title='bbox 2331 4601 3207 4714; x_wconf 37' lang='lat' dir='ltr'>ggggitgtgrgf;ﬁcitas};</span> <span class='ocrx_word' id='word_1_691' title='bbox 3230 4601 3705 4712; x_wconf 34' lang='lat' dir='ltr'>&#39;jpoiebltilawp.</span> <span class='ocrx_word' id='word_1_692' title='bbox 3732 4601 3986 4713; x_wconf 27' lang='lat'>‘21)};</span> 
     </span>
    </p>
   </div>
   <div class='ocr_carea' id='block_1_95' title="bbox 582 4714 2218 4788">
    <p class='ocr_par' dir='ltr' id='par_1_95' title="bbox 582 4714 2218 4788">
     <span class='ocr_line' id='line_1_95' title="bbox 582 4714 2218 4788; baseline 0 -18"><span class='ocrx_word' id='word_1_693' title='bbox 582 4731 712 4786; x_wconf 78' lang='lat' dir='ltr'>pag.</span> <span class='ocrx_word' id='word_1_694' title='bbox 745 4716 854 4787; x_wconf 81' lang='grc'>14),</span> <span class='ocrx_word' id='word_1_695' title='bbox 885 4715 1183 4788; x_wconf 87' lang='lat' dir='ltr'>alteraque</span> <span class='ocrx_word' id='word_1_696' title='bbox 1213 4717 1405 4771; x_wconf 90' lang='lat' dir='ltr'>adhuc</span> <span class='ocrx_word' id='word_1_697' title='bbox 1437 4716 1495 4770; x_wconf 91' lang='lat' dir='ltr'>in</span> <span class='ocrx_word' id='word_1_698' title='bbox 1538 4716 1799 4770; x_wconf 90' lang='lat' dir='ltr'>medium</span> <span class='ocrx_word' id='word_1_699' title='bbox 1849 4714 2043 4785; x_wconf 89' lang='lat' dir='ltr'>allata,</span> <span class='ocrx_word' id='word_1_700' title='bbox 2083 4732 2218 4770; x_wconf 88' lang='lat' dir='ltr'>con-</span> 
     </span>
    </p>
   </div>
   <div class='ocr_carea' id='block_1_96' title="bbox 577 4815 2217 4895">
    <p class='ocr_par' dir='ltr' id='par_1_96' title="bbox 577 4815 2217 4895">
     <span class='ocr_line' id='line_1_96' title="bbox 577 4815 2217 4895; baseline -0.002 -22"><span class='ocrx_word' id='word_1_701' title='bbox 577 4817 834 4874; x_wconf 88' lang='lat' dir='ltr'>tinenter</span> <span class='ocrx_word' id='word_1_702' title='bbox 890 4820 1105 4890; x_wconf 82' lang='lat' dir='ltr'>adjecit</span> <span class='ocrx_word' id='word_1_703' title='bbox 1150 4837 1162 4875; x_wconf 91' lang='lat'>:</span> <span class='ocrx_word' id='word_1_704' title='bbox 1207 4820 1328 4875; x_wconf 87' lang='grc' dir='ltr'>’Ότι</span> <span class='ocrx_word' id='word_1_705' title='bbox 1389 4815 1445 4872; x_wconf 65' lang='grc' dir='ltr'>δὲ</span> <span class='ocrx_word' id='word_1_706' title='bbox 1517 4816 1844 4892; x_wconf 77' lang='grc' dir='ltr'>φυλάσσεται</span> <span class='ocrx_word' id='word_1_707' title='bbox 1904 4817 1990 4895; x_wconf 81' lang='grc' dir='ltr'>ὑφ’</span> <span class='ocrx_word' id='word_1_708' title='bbox 2043 4819 2217 4891; x_wconf 75' lang='grc' dir='ltr'>ὑμῶν,</span> 
     </span>
    </p>
   </div>
   <div class='ocr_carea' id='block_1_97' title="bbox 579 4902 2220 4981">
    <p class='ocr_par' dir='ltr' id='par_1_97' title="bbox 579 4902 2220 4981">
     <span class='ocr_line' id='line_1_97' title="bbox 579 4902 2220 4981; baseline 0.004 -24"><span class='ocrx_word' id='word_1_709' title='bbox 579 4902 728 4967; x_wconf 76' lang='grc' dir='ltr'>ὅπως</span> <span class='ocrx_word' id='word_1_710' title='bbox 784 4903 975 4976; x_wconf 86' lang='grc' dir='ltr'>μηδεὶς</span> <span class='ocrx_word' id='word_1_711' title='bbox 1034 4907 1086 4962; x_wconf 75' lang='grc' dir='ltr'>ἒν</span> <span class='ocrx_word' id='word_1_712' title='bbox 1148 4906 1282 4981; x_wconf 77' lang='grc' dir='ltr'>αὐτῇ</span> <span class='ocrx_word' id='word_1_713' title='bbox 1340 4907 1599 4981; x_wconf 72' lang='grc' dir='ltr'>γένηται,</span> <span class='ocrx_word' id='word_1_714' title='bbox 1656 4907 1747 4960; x_wconf 84' lang='grc' dir='ltr'>καὶ</span> <span class='ocrx_word' id='word_1_715' title='bbox 1811 4905 2036 4970; x_wconf 84' lang='grc' dir='ltr'>θάνατος</span> <span class='ocrx_word' id='word_1_716' title='bbox 2084 4909 2220 4963; x_wconf 81' lang='grc' dir='ltr'>κατά</span> 
     </span>
    </p>
   </div>
   <div class='ocr_carea' id='block_1_98' title="bbox 573 4989 2210 5071">
    <p class='ocr_par' dir='ltr' id='par_1_98' title="bbox 573 4989 2210 5071">
     <span class='ocr_line' id='line_1_98' title="bbox 573 4989 2210 5071; baseline 0.002 -23"><span class='ocrx_word' id='word_1_717' title='bbox 573 4997 669 5048; x_wconf 79' lang='grc' dir='ltr'>τοῦ</span> <span class='ocrx_word' id='word_1_718' title='bbox 720 4989 1277 5069; x_wconf 70' lang='grc' dir='ltr'>καταλαμϐανομενου</span> <span class='ocrx_word' id='word_1_719' title='bbox 1330 4993 1596 5052; x_wconf 82' lang='grc' dir='ltr'>Ἰουδαίου</span> <span class='ocrx_word' id='word_1_720' title='bbox 1653 4994 1912 5057; x_wconf 72' lang='grc' dir='ltr'>εἰσιόντος</span> <span class='ocrx_word' id='word_1_721' title='bbox 1966 4995 2210 5071; x_wconf 62' lang='grc' dir='ltr'>ὥρισταιζ</span> 
     </span>
    </p>
   </div>
   <div class='ocr_carea' id='block_1_99' title="bbox 577 5084 2217 5158">
    <p class='ocr_par' dir='ltr' id='par_1_99' title="bbox 577 5084 2217 5158">
     <span class='ocr_line' id='line_1_99' title="bbox 577 5084 2217 5158; baseline 0.001 -19"><span class='ocrx_word' id='word_1_722' title='bbox 577 5084 775 5141; x_wconf 83' lang='lat' dir='ltr'>Cavere</span> <span class='ocrx_word' id='word_1_723' title='bbox 829 5090 1020 5142; x_wconf 84' lang='lat' dir='ltr'>autem</span> <span class='ocrx_word' id='word_1_724' title='bbox 1075 5092 1128 5142; x_wconf 82' lang='lat' dir='ltr'>et</span> <span class='ocrx_word' id='word_1_725' title='bbox 1181 5101 1398 5141; x_wconf 83' lang='lat' dir='ltr'>servare</span> <span class='ocrx_word' id='word_1_726' title='bbox 1451 5102 1562 5151; x_wconf 85' lang='lat' dir='ltr'>vos,</span> <span class='ocrx_word' id='word_1_727' title='bbox 1618 5102 1688 5141; x_wconf 88' lang='lat' dir='ltr'>ne</span> <span class='ocrx_word' id='word_1_728' title='bbox 1745 5089 1865 5158; x_wconf 83' lang='lat' dir='ltr'>quis</span> <span class='ocrx_word' id='word_1_729' title='bbox 1918 5086 1999 5142; x_wconf 87' lang='lat' dir='ltr'>ibi</span> <span class='ocrx_word' id='word_1_730' title='bbox 2041 5089 2134 5151; x_wconf 89' lang='lat' dir='ltr'>sit,</span> <span class='ocrx_word' id='word_1_731' title='bbox 2165 5091 2217 5141; x_wconf 85' lang='lat' dir='ltr'>et</span> 
     </span>
    </p>
   </div>
   <div class='ocr_carea' id='block_1_100' title="bbox 566 5176 2216 5245">
    <p class='ocr_par' dir='ltr' id='par_1_100' title="bbox 566 5176 2216 5245">
     <span class='ocr_line' id='line_1_100' title="bbox 566 5176 2216 5245; baseline 0.001 -17"><span class='ocrx_word' id='word_1_732' title='bbox 566 5191 784 5245; x_wconf 61' lang='lat' dir='ltr'>pinnam</span> <span class='ocrx_word' id='word_1_733' title='bbox 821 5176 1114 5243; x_wconf 75' lang='lat' dir='ltr'>capitalem</span> <span class='ocrx_word' id='word_1_734' title='bbox 1158 5177 1510 5230; x_wconf 71' lang='lat' dir='ltr'>constitutam</span> <span class='ocrx_word' id='word_1_735' title='bbox 1537 5191 1648 5230; x_wconf 82' lang='lat' dir='ltr'>esse</span> <span class='ocrx_word' id='word_1_736' title='bbox 1677 5176 1933 5230; x_wconf 82' lang='lat' dir='ltr'>adversus</span> <span class='ocrx_word' id='word_1_737' title='bbox 1961 5176 2216 5231; x_wconf 70' lang='lat' dir='ltr'>Judaeum</span> 
     </span>
    </p>
   </div>
   <div class='ocr_carea' id='block_1_101' title="bbox 570 5263 2213 5337">
    <p class='ocr_par' dir='ltr' id='par_1_101' title="bbox 570 5263 2213 5337">
     <span class='ocr_line' id='line_1_101' title="bbox 570 5263 2213 5337; baseline -0.001 -19"><span class='ocrx_word' id='word_1_738' title='bbox 570 5279 630 5318; x_wconf 79' lang='lat' dir='ltr'>eo</span> <span class='ocrx_word' id='word_1_739' title='bbox 669 5264 1070 5332; x_wconf 77' lang='lat' dir='ltr'>ingredientem</span> <span class='ocrx_word' id='word_1_740' title='bbox 1104 5263 1248 5319; x_wconf 75' lang='lat'>785</span> <span class='ocrx_word' id='word_1_741' title='bbox 1283 5263 1444 5333; x_wconf 72' lang='lat' dir='ltr'>probe</span> <span class='ocrx_word' id='word_1_742' title='bbox 1472 5267 1628 5320; x_wconf 84' lang='lat' dir='ltr'>scitis</span> <span class='ocrx_word' id='word_1_743' title='bbox 1659 5265 1906 5337; x_wconf 83' lang='lat' dir='ltr'>(Justin.</span> <span class='ocrx_word' id='word_1_744' title='bbox 1942 5265 2158 5334; x_wconf 79' lang='lat' dir='ltr'>Apolog.</span> <span class='ocrx_word' id='word_1_745' title='bbox 2195 5281 2213 5317; x_wconf 86' lang='grc' dir='ltr'><strong>ι</strong></span> 
     </span>
    </p>
   </div>
   <div class='ocr_carea' id='block_1_102' title="bbox 566 5352 2214 5426">
    <p class='ocr_par' dir='ltr' id='par_1_102' title="bbox 566 5352 2214 5426">
     <span class='ocr_line' id='line_1_102' title="bbox 566 5352 2214 5426; baseline -0.001 -20"><span class='ocrx_word' id='word_1_746' title='bbox 566 5368 665 5424; x_wconf 88' lang='lat' dir='ltr'>pro</span> <span class='ocrx_word' id='word_1_747' title='bbox 695 5352 996 5408; x_wconf 84' lang='lat' dir='ltr'>Christian.</span> <span class='ocrx_word' id='word_1_748' title='bbox 1031 5369 1160 5424; x_wconf 87' lang='lat' dir='ltr'>pag.</span> <span class='ocrx_word' id='word_1_749' title='bbox 1197 5352 1309 5424; x_wconf 89' lang='grc'>84).</span> <span class='ocrx_word' id='word_1_750' title='bbox 1363 5353 1752 5426; x_wconf 87' lang='lat' dir='ltr'>Hieronymus</span> <span class='ocrx_word' id='word_1_751' title='bbox 1804 5368 1936 5406; x_wconf 89' lang='lat' dir='ltr'>vero</span> <span class='ocrx_word' id='word_1_752' title='bbox 1966 5367 1979 5408; x_wconf 88' lang='lat'><strong>:</strong></span> <span class='ocrx_word' id='word_1_753' title='bbox 2013 5375 2039 5401; x_wconf 84' lang='lat'><strong>«</strong></span> <span class='ocrx_word' id='word_1_754' title='bbox 2075 5355 2214 5405; x_wconf 85' lang='lat' dir='ltr'>Post</span> 
     </span>
    </p>
   </div>
   <div class='ocr_carea' id='block_1_103' title="bbox 567 5440 2210 5513">
    <p class='ocr_par' dir='ltr' id='par_1_103' title="bbox 567 5440 2210 5513">
     <span class='ocr_line' id='line_1_103' title="bbox 567 5440 2210 5513; baseline -0.001 -17"><span class='ocrx_word' id='word_1_755' title='bbox 567 5446 886 5497; x_wconf 86' lang='lat' dir='ltr'>extremam</span> <span class='ocrx_word' id='word_1_756' title='bbox 923 5442 1247 5497; x_wconf 84' lang='lat' dir='ltr'>vastitatem</span> <span class='ocrx_word' id='word_1_757' title='bbox 1289 5442 1464 5496; x_wconf 87' lang='lat' dir='ltr'>etiam</span> <span class='ocrx_word' id='word_1_758' title='bbox 1515 5441 1669 5513; x_wconf 90' lang='lat' dir='ltr'>leges</span> <span class='ocrx_word' id='word_1_759' title='bbox 1721 5440 1962 5512; x_wconf 68' lang='lat' dir='ltr'>publicas</span> <span class='ocrx_word' id='word_1_760' title='bbox 1996 5456 2210 5511; x_wconf 89' lang='lat' dir='ltr'>pepen-</span> 
     </span>
    </p>
   </div>
   <div class='ocr_carea' id='block_1_104' title="bbox 565 5529 2211 5602">
    <p class='ocr_par' dir='ltr' id='par_1_104' title="bbox 565 5529 2211 5602">
     <span class='ocr_line' id='line_1_104' title="bbox 565 5529 2211 5602; baseline 0 -19"><span class='ocrx_word' id='word_1_761' title='bbox 565 5530 796 5592; x_wconf 88' lang='lat' dir='ltr'>derunt,</span> <span class='ocrx_word' id='word_1_762' title='bbox 847 5536 905 5585; x_wconf 89' lang='lat' dir='ltr'>et</span> <span class='ocrx_word' id='word_1_763' title='bbox 953 5529 1224 5602; x_wconf 90' lang='lat' dir='ltr'>prohibiti</span> <span class='ocrx_word' id='word_1_764' title='bbox 1278 5537 1411 5586; x_wconf 88' lang='lat' dir='ltr'>sunt</span> <span class='ocrx_word' id='word_1_765' title='bbox 1461 5532 1641 5586; x_wconf 76' lang='lat' dir='ltr'>Judzei</span> <span class='ocrx_word' id='word_1_766' title='bbox 1694 5535 1935 5592; x_wconf 87' lang='lat' dir='ltr'>terram,</span> <span class='ocrx_word' id='word_1_767' title='bbox 1981 5530 2052 5584; x_wconf 87' lang='lat' dir='ltr'>de</span> <span class='ocrx_word' id='word_1_768' title='bbox 2099 5545 2211 5599; x_wconf 84' lang='lat' dir='ltr'>qua</span> 
     </span>
    </p>
   </div>
   <div class='ocr_carea' id='block_1_105' title="bbox 564 5616 2208 5692">
    <p class='ocr_par' dir='ltr' id='par_1_105' title="bbox 564 5616 2208 5692">
     <span class='ocr_line' id='line_1_105' title="bbox 564 5616 2208 5692; baseline 0 -21"><span class='ocrx_word' id='word_1_769' title='bbox 564 5616 730 5687; x_wconf 87' lang='lat' dir='ltr'>ejecti</span> <span class='ocrx_word' id='word_1_770' title='bbox 784 5619 1033 5689; x_wconf 88' lang='lat' dir='ltr'>fuerant,</span> <span class='ocrx_word' id='word_1_771' title='bbox 1084 5619 1332 5692; x_wconf 89' lang='lat' dir='ltr'>ingredi.</span> <span class='ocrx_word' id='word_1_772' title='bbox 1380 5641 1409 5670; x_wconf 86' lang='lat'>»</span> <span class='ocrx_word' id='word_1_773' title='bbox 1457 5620 1815 5691; x_wconf 86' lang='lat' dir='ltr'>(Hieronym.</span> <span class='ocrx_word' id='word_1_774' title='bbox 1868 5619 1932 5672; x_wconf 85' lang='lat' dir='ltr'>in</span> <span class='ocrx_word' id='word_1_775' title='bbox 1979 5634 2098 5689; x_wconf 87' lang='lat' dir='ltr'>cap.</span> <span class='ocrx_word' id='word_1_776' title='bbox 2132 5635 2208 5684; x_wconf 73' lang='lat' dir='ltr'>vr,</span> 
     </span>
    </p>
   </div>
   <div class='ocr_carea' id='block_1_106' title="bbox 564 5706 2208 5777">
    <p class='ocr_par' dir='ltr' id='par_1_106' title="bbox 564 5706 2208 5777">
     <span class='ocr_line' id='line_1_106' title="bbox 564 5706 2208 5777; baseline 0.002 -17"><span class='ocrx_word' id='word_1_777' title='bbox 564 5708 675 5760; x_wconf 84' lang='lat' dir='ltr'>Isa.</span> <span class='ocrx_word' id='word_1_778' title='bbox 710 5721 760 5774; x_wconf 77' lang='grc' dir='ltr'>ν,</span> <span class='ocrx_word' id='word_1_779' title='bbox 795 5708 884 5775; x_wconf 87' lang='grc'>11,</span> <span class='ocrx_word' id='word_1_780' title='bbox 911 5725 967 5777; x_wconf 91' lang='lat' dir='ltr'>p.</span> <span class='ocrx_word' id='word_1_781' title='bbox 997 5709 1109 5776; x_wconf 88' lang='lat'>65.)</span> <span class='ocrx_word' id='word_1_782' title='bbox 1141 5711 1208 5762; x_wconf 87' lang='lat' dir='ltr'>Et</span> <span class='ocrx_word' id='word_1_783' title='bbox 1237 5724 1444 5765; x_wconf 88' lang='lat' dir='ltr'>rursus</span> <span class='ocrx_word' id='word_1_784' title='bbox 1475 5708 1652 5766; x_wconf 90' lang='lat' dir='ltr'>alibi:</span> <span class='ocrx_word' id='word_1_785' title='bbox 1681 5731 1708 5757; x_wconf 85' lang='lat'><strong>«</strong></span> <span class='ocrx_word' id='word_1_786' title='bbox 1733 5706 1944 5763; x_wconf 90' lang='lat' dir='ltr'>Nullus</span> <span class='ocrx_word' id='word_1_787' title='bbox 1977 5707 2208 5763; x_wconf 68' lang='lat' dir='ltr'>Judaao-</span> 
     </span>
    </p>
   </div>
   <div class='ocr_carea' id='block_1_107' title="bbox 2333 4728 3983 4801">
    <p class='ocr_par' dir='ltr' id='par_1_107' title="bbox 2333 4728 3983 4801">
     <span class='ocr_line' id='line_1_107' title="bbox 2333 4728 3983 4801; baseline -0.002 -15"><span class='ocrx_word' id='word_1_788' title='bbox 2333 4731 2548 4786; x_wconf 89' lang='lat' dir='ltr'>nostris</span> <span class='ocrx_word' id='word_1_789' title='bbox 2578 4730 2880 4786; x_wconf 89' lang='lat' dir='ltr'>codicibus</span> <span class='ocrx_word' id='word_1_790' title='bbox 2912 4729 3333 4800; x_wconf 85' lang='lat' dir='ltr'>manuscriptis</span> <span class='ocrx_word' id='word_1_791' title='bbox 3375 4729 3625 4801; x_wconf 91' lang='lat' dir='ltr'>legimus</span> <span class='ocrx_word' id='word_1_792' title='bbox 3653 4728 3846 4784; x_wconf 83' lang='lat' dir='ltr'>eadem</span> <span class='ocrx_word' id='word_1_793' title='bbox 3878 4745 3983 4800; x_wconf 91' lang='lat' dir='ltr'>pro</span> 
     </span>
    </p>
   </div>
   <div class='ocr_carea' id='block_1_108' title="bbox 2327 4816 3974 4888">
    <p class='ocr_par' dir='ltr' id='par_1_108' title="bbox 2327 4816 3974 4888">
     <span class='ocr_line' id='line_1_108' title="bbox 2327 4816 3974 4888; baseline -0.002 -13"><span class='ocrx_word' id='word_1_794' title='bbox 2327 4820 2548 4887; x_wconf 77' lang='lat' dir='ltr'>ezrdem,</span> <span class='ocrx_word' id='word_1_795' title='bbox 2585 4824 2640 4874; x_wconf 88' lang='lat' dir='ltr'>et</span> <span class='ocrx_word' id='word_1_796' title='bbox 2672 4819 2936 4872; x_wconf 82' lang='lat' dir='ltr'>auctioris</span> <span class='ocrx_word' id='word_1_797' title='bbox 2965 4833 3068 4888; x_wconf 88' lang='lat' dir='ltr'>pro</span> <span class='ocrx_word' id='word_1_798' title='bbox 3097 4818 3364 4885; x_wconf 83' lang='lat' dir='ltr'>auctoris,</span> <span class='ocrx_word' id='word_1_799' title='bbox 3399 4833 3506 4872; x_wconf 90' lang='lat' dir='ltr'>nec</span> <span class='ocrx_word' id='word_1_800' title='bbox 3527 4816 3767 4872; x_wconf 90' lang='lat' dir='ltr'>omnino</span> <span class='ocrx_word' id='word_1_801' title='bbox 3795 4816 3974 4872; x_wconf 87' lang='lat' dir='ltr'>male.</span> 
     </span>
    </p>
   </div>
   <div class='ocr_carea' id='block_1_109' title="bbox 2328 4905 3984 4980">
    <p class='ocr_par' dir='ltr' id='par_1_109' title="bbox 2328 4905 3984 4980">
     <span class='ocr_line' id='line_1_109' title="bbox 2328 4905 3984 4980; baseline -0.001 -16"><span class='ocrx_word' id='word_1_802' title='bbox 2328 4907 2654 4980; x_wconf 87' lang='lat' dir='ltr'>Cyprianus</span> <span class='ocrx_word' id='word_1_803' title='bbox 2704 4922 2838 4961; x_wconf 91' lang='lat' dir='ltr'>vero</span> <span class='ocrx_word' id='word_1_804' title='bbox 2896 4906 3014 4960; x_wconf 76' lang='lat' dir='ltr'>haec</span> <span class='ocrx_word' id='word_1_805' title='bbox 3063 4905 3234 4961; x_wconf 89' lang='lat' dir='ltr'>sicuti</span> <span class='ocrx_word' id='word_1_806' title='bbox 3283 4907 3605 4978; x_wconf 90' lang='lat' dir='ltr'>superiora,</span> <span class='ocrx_word' id='word_1_807' title='bbox 3639 4905 3814 4978; x_wconf 89' lang='lat' dir='ltr'>paulo</span> <span class='ocrx_word' id='word_1_808' title='bbox 3846 4911 3984 4962; x_wconf 89' lang='lat' dir='ltr'>ante</span> 
     </span>
    </p>
   </div>
   <div class='ocr_carea' id='block_1_110' title="bbox 2329 4994 3984 5066">
    <p class='ocr_par' dir='ltr' id='par_1_110' title="bbox 2329 4994 3984 5066">
     <span class='ocr_line' id='line_1_110' title="bbox 2329 4994 3984 5066; baseline -0.001 -14"><span class='ocrx_word' id='word_1_809' title='bbox 2329 5015 2361 5053; x_wconf 87' lang='lat' dir='ltr'>a</span> <span class='ocrx_word' id='word_1_810' title='bbox 2393 4997 2564 5051; x_wconf 90' lang='lat' dir='ltr'>nobis</span> <span class='ocrx_word' id='word_1_811' title='bbox 2616 4999 2960 5063; x_wconf 82' lang='lat' dir='ltr'>memorata,</span> <span class='ocrx_word' id='word_1_812' title='bbox 2995 4995 3118 5066; x_wconf 88' lang='lat' dir='ltr'>pari</span> <span class='ocrx_word' id='word_1_813' title='bbox 3165 4996 3336 5051; x_wconf 89' lang='lat' dir='ltr'>modo</span> <span class='ocrx_word' id='word_1_814' title='bbox 3372 4994 3653 5051; x_wconf 89' lang='lat' dir='ltr'>delibavit</span> <span class='ocrx_word' id='word_1_815' title='bbox 3691 5013 3704 5051; x_wconf 88' lang='lat'><strong>:</strong></span> <span class='ocrx_word' id='word_1_816' title='bbox 3753 5017 3779 5044; x_wconf 87' lang='grc'>‹‹</span> <span class='ocrx_word' id='word_1_817' title='bbox 3827 4995 3984 5050; x_wconf 87' lang='lat' dir='ltr'>Deus</span> 
     </span>
    </p>
   </div>
   <div class='ocr_carea' id='block_1_111' title="bbox 2327 5083 3988 5155">
    <p class='ocr_par' dir='ltr' id='par_1_111' title="bbox 2327 5083 3988 5155">
     <span class='ocr_line' id='line_1_111' title="bbox 2327 5083 3988 5155; baseline -0.001 -15"><span class='ocrx_word' id='word_1_818' title='bbox 2327 5090 2461 5140; x_wconf 87' lang='lat' dir='ltr'>ante</span> <span class='ocrx_word' id='word_1_819' title='bbox 2495 5083 2838 5155; x_wconf 66' lang='lat' dir='ltr'>praedixerat</span> <span class='ocrx_word' id='word_1_820' title='bbox 2868 5084 2988 5139; x_wconf 86' lang='lat' dir='ltr'>fore</span> <span class='ocrx_word' id='word_1_821' title='bbox 3021 5089 3106 5153; x_wconf 88' lang='lat' dir='ltr'>ut,</span> <span class='ocrx_word' id='word_1_822' title='bbox 3139 5089 3412 5155; x_wconf 86' lang='lat' dir='ltr'>vergente</span> <span class='ocrx_word' id='word_1_823' title='bbox 3443 5084 3676 5152; x_wconf 65' lang='lat' dir='ltr'>seculo,</span> <span class='ocrx_word' id='word_1_824' title='bbox 3720 5087 3778 5140; x_wconf 90' lang='lat' dir='ltr'>et</span> <span class='ocrx_word' id='word_1_825' title='bbox 3807 5099 3988 5138; x_wconf 81' lang='lat' dir='ltr'>mun-</span> 
     </span>
    </p>
   </div>
   <div class='ocr_carea' id='block_1_112' title="bbox 2326 5172 3992 5246">
    <p class='ocr_par' dir='ltr' id='par_1_112' title="bbox 2326 5172 3992 5246">
     <span class='ocr_line' id='line_1_112' title="bbox 2326 5172 3992 5246; baseline -0.001 -17"><span class='ocrx_word' id='word_1_826' title='bbox 2326 5175 2380 5229; x_wconf 93' lang='lat' dir='ltr'>di</span> <span class='ocrx_word' id='word_1_827' title='bbox 2417 5174 2672 5244; x_wconf 85' lang='lat' dir='ltr'>ﬁnejam</span> <span class='ocrx_word' id='word_1_828' title='bbox 2703 5173 2986 5244; x_wconf 86' lang='lat' dir='ltr'>proximo,</span> <span class='ocrx_word' id='word_1_829' title='bbox 3023 5189 3090 5228; x_wconf 81' lang='lat' dir='ltr'>ex</span> <span class='ocrx_word' id='word_1_830' title='bbox 3141 5173 3302 5228; x_wconf 91' lang='lat' dir='ltr'>omni</span> <span class='ocrx_word' id='word_1_831' title='bbox 3354 5179 3528 5246; x_wconf 86' lang='lat' dir='ltr'>gente</span> <span class='ocrx_word' id='word_1_832' title='bbox 3577 5179 3634 5228; x_wconf 90' lang='lat' dir='ltr'>et</span> <span class='ocrx_word' id='word_1_833' title='bbox 3681 5172 3899 5244; x_wconf 88' lang='lat' dir='ltr'>populo</span> <span class='ocrx_word' id='word_1_834' title='bbox 3931 5176 3992 5228; x_wconf 90' lang='lat' dir='ltr'>et</span> 
     </span>
    </p>
   </div>
   <div class='ocr_carea' id='block_1_113' title="bbox 2326 5260 3989 5331">
    <p class='ocr_par' dir='ltr' id='par_1_113' title="bbox 2326 5260 3989 5331">
     <span class='ocr_line' id='line_1_113' title="bbox 2326 5260 3989 5331; baseline 0.001 -15"><span class='ocrx_word' id='word_1_835' title='bbox 2326 5262 2448 5317; x_wconf 90' lang='lat' dir='ltr'>loco</span> <span class='ocrx_word' id='word_1_836' title='bbox 2501 5261 2754 5317; x_wconf 90' lang='lat' dir='ltr'>cultores</span> <span class='ocrx_word' id='word_1_837' title='bbox 2807 5261 2916 5317; x_wconf 87' lang='lat' dir='ltr'>sibi</span> <span class='ocrx_word' id='word_1_838' title='bbox 2981 5260 3256 5331; x_wconf 81' lang='lat' dir='ltr'>allegeret</span> <span class='ocrx_word' id='word_1_839' title='bbox 3308 5261 3498 5317; x_wconf 90' lang='lat' dir='ltr'>multo</span> <span class='ocrx_word' id='word_1_840' title='bbox 3553 5261 3868 5328; x_wconf 83' lang='lat' dir='ltr'>fideliores,</span> <span class='ocrx_word' id='word_1_841' title='bbox 3929 5266 3989 5317; x_wconf 86' lang='lat' dir='ltr'>et</span> 
     </span>
    </p>
   </div>
   <div class='ocr_carea' id='block_1_114' title="bbox 2326 5349 3983 5423">
    <p class='ocr_par' dir='ltr' id='par_1_114' title="bbox 2326 5349 3983 5423">
     <span class='ocr_line' id='line_1_114' title="bbox 2326 5349 3983 5423; baseline -0.001 -17"><span class='ocrx_word' id='word_1_842' title='bbox 2326 5350 2582 5407; x_wconf 89' lang='lat' dir='ltr'>melioris</span> <span class='ocrx_word' id='word_1_843' title='bbox 2640 5351 2927 5422; x_wconf 91' lang='lat' dir='ltr'>obsequii,</span> <span class='ocrx_word' id='word_1_844' title='bbox 2982 5350 3084 5422; x_wconf 92' lang='lat' dir='ltr'>qui</span> <span class='ocrx_word' id='word_1_845' title='bbox 3144 5351 3571 5423; x_wconf 83' lang='lat' dir='ltr'>indulgentiam</span> <span class='ocrx_word' id='word_1_846' title='bbox 3636 5351 3709 5405; x_wconf 91' lang='lat' dir='ltr'>de</span> <span class='ocrx_word' id='word_1_847' title='bbox 3766 5349 3983 5405; x_wconf 89' lang='lat' dir='ltr'>divinis</span> 
     </span>
    </p>
   </div>
   <div class='ocr_carea' id='block_1_115' title="bbox 2324 5438 3982 5511">
    <p class='ocr_par' dir='ltr' id='par_1_115' title="bbox 2324 5438 3982 5511">
     <span class='ocr_line' id='line_1_115' title="bbox 2324 5438 3982 5511; baseline -0.001 -17"><span class='ocrx_word' id='word_1_848' title='bbox 2324 5440 2672 5496; x_wconf 82' lang='lat' dir='ltr'>muneribus</span> <span class='ocrx_word' id='word_1_849' title='bbox 2702 5439 3026 5508; x_wconf 88' lang='lat' dir='ltr'>haurirent,</span> <span class='ocrx_word' id='word_1_850' title='bbox 3060 5455 3237 5510; x_wconf 90' lang='lat' dir='ltr'>quam</span> <span class='ocrx_word' id='word_1_851' title='bbox 3270 5446 3566 5511; x_wconf 89' lang='lat' dir='ltr'>acceptam</span> <span class='ocrx_word' id='word_1_852' title='bbox 3597 5438 3806 5505; x_wconf 65' lang='lat' dir='ltr'>Judei,</span> <span class='ocrx_word' id='word_1_853' title='bbox 3843 5454 3982 5493; x_wconf 81' lang='lat' dir='ltr'>con-</span> 
     </span>
    </p>
   </div>
   <div class='ocr_carea' id='block_1_116' title="bbox 2321 5528 3978 5600">
    <p class='ocr_par' dir='ltr' id='par_1_116' title="bbox 2321 5528 3978 5600">
     <span class='ocr_line' id='line_1_116' title="bbox 2321 5528 3978 5600; baseline 0 -17"><span class='ocrx_word' id='word_1_854' title='bbox 2321 5529 2561 5600; x_wconf 79' lang='lat' dir='ltr'>temptis</span> <span class='ocrx_word' id='word_1_855' title='bbox 2608 5528 3012 5600; x_wconf 85' lang='lat' dir='ltr'>religionibus,</span> <span class='ocrx_word' id='word_1_856' title='bbox 3061 5529 3474 5599; x_wconf 84' lang='lat' dir='ltr'>perdidissent.</span> <span class='ocrx_word' id='word_1_857' title='bbox 3512 5550 3539 5579; x_wconf 84' lang='lat'>»</span> <span class='ocrx_word' id='word_1_858' title='bbox 3574 5528 3863 5600; x_wconf 76' lang='lat' dir='ltr'>(Cypriae.</span> <span class='ocrx_word' id='word_1_859' title='bbox 3912 5529 3978 5583; x_wconf 82' lang='lat' dir='ltr'>de</span> 
     </span>
    </p>
   </div>
   <div class='ocr_carea' id='block_1_117' title="bbox 2318 5616 3992 5689">
    <p class='ocr_par' dir='ltr' id='par_1_117' title="bbox 2318 5616 3992 5689">
     <span class='ocr_line' id='line_1_117' title="bbox 2318 5616 3992 5689; baseline -0.001 -15"><span class='ocrx_word' id='word_1_860' title='bbox 2318 5618 2513 5674; x_wconf 85' lang='lat' dir='ltr'>Idolor.</span> <span class='ocrx_word' id='word_1_861' title='bbox 2545 5619 2712 5674; x_wconf 83' lang='lat' dir='ltr'>venit.</span> <span class='ocrx_word' id='word_1_862' title='bbox 2751 5633 2881 5689; x_wconf 87' lang='lat' dir='ltr'>pag.</span> <span class='ocrx_word' id='word_1_863' title='bbox 2917 5618 3028 5686; x_wconf 87' lang='lat'>15.)</span> <span class='ocrx_word' id='word_1_864' title='bbox 3071 5619 3142 5672; x_wconf 83' lang='lat' dir='ltr'>At</span> <span class='ocrx_word' id='word_1_865' title='bbox 3197 5622 3402 5674; x_wconf 88' lang='lat' dir='ltr'>neuter</span> <span class='ocrx_word' id='word_1_866' title='bbox 3448 5617 3528 5672; x_wconf 91' lang='lat' dir='ltr'>ibi</span> <span class='ocrx_word' id='word_1_867' title='bbox 3587 5616 3807 5672; x_wconf 88' lang='lat' dir='ltr'>indicat</span> <span class='ocrx_word' id='word_1_868' title='bbox 3845 5631 3992 5686; x_wconf 69' lang='lat' dir='ltr'>quae.</span> 
     </span>
    </p>
   </div>
   <div class='ocr_carea' id='block_1_118' title="bbox 2319 5704 3970 5764">
    <p class='ocr_par' dir='ltr' id='par_1_118' title="bbox 2319 5704 3970 5764">
     <span class='ocr_line' id='line_1_118' title="bbox 2319 5704 3970 5764; baseline -0.001 -2"><span class='ocrx_word' id='word_1_869' title='bbox 2319 5707 2421 5762; x_wconf 89' lang='lat' dir='ltr'>illa</span> <span class='ocrx_word' id='word_1_870' title='bbox 2457 5706 2680 5762; x_wconf 85' lang='lat' dir='ltr'>fuerint</span> <span class='ocrx_word' id='word_1_871' title='bbox 2739 5706 2888 5762; x_wconf 77' lang='lat'>786</span> <span class='ocrx_word' id='word_1_872' title='bbox 2947 5723 3247 5764; x_wconf 88' lang='lat' dir='ltr'>sacrorum</span> <span class='ocrx_word' id='word_1_873' title='bbox 3305 5711 3502 5763; x_wconf 91' lang='lat' dir='ltr'>vatum</span> <span class='ocrx_word' id='word_1_874' title='bbox 3543 5704 3822 5762; x_wconf 85' lang='lat' dir='ltr'>oracula:</span> <span class='ocrx_word' id='word_1_875' title='bbox 3865 5706 3970 5761; x_wconf 89' lang='lat' dir='ltr'>sed</span> 
     </span>
    </p>
   </div>
  </div>
