4262 6372
331 341 451 402 869

1234 342 1308 402 D.
1354 341 1453 403 LE
1497 340 1827 403 NOURRY
1869 338 2527 403 OBSERVATIONES
2571 341 2836 401 NOV/E.

3620 339 3745 402 870

332 472 734 529 Tertullianus
765 473 1032 544 quaedam
1064 474 1176 529 alio
1206 474 1266 528 in
1298 472 1446 529 libro
1477 474 1696 541 citavit,
1729 478 1785 528 et
1811 473 1981 545 plura
2009 477 2059 541 Α
2092 476 2213 527 tam
2246 472 2508 527 omnium
2540 474 3078 544 manuscriptorum
3128 473 3539 544 editorumque
3579 473 3738 529 codi-

334 562 679 633 Cyprianus,
713 567 890 632 atque
920 564 1094 616 etiam
1130 567 1332 633 postea
1382 564 1740 632 Lactantius,
1782 568 1847 617 ut
1875 580 1983 617 suo

333 651 722 707 locoanobis
768 653 1232 705 demonstratum
1296 656 1384 707 est
1438 652 1643 721 (Idem,
1701 652 1826 707 adv.
1884 654 1982 707 Ju-

331 741 494 805 dseos,
526 758 651 812 cap.
686 741 790 809 12;
823 741 1094 812 Cyprian.
1130 740 1231 795 lib.
1267 757 1285 795 ι
1318 741 1440 796 adv.
1492 742 1619 797 Jud.
1657 744 1683 809 §
1717 743 1803 810 11,
1846 757 1978 812 pag.

333 833 404 887 23
433 850 446 899 ;
487 834 777 887 Dissertat.
814 833 873 886 in
902 833 1152 887 Lactant.
1189 848 1316 903 cap.
1352 832 1439 898 lO,
1474 836 1584 887 art.
1622 834 1693 903 1).

405 921 754 977 Christianis
794 921 993 991 itaque
1024 925 1304 991 tanquam
1350 922 1406 975 in
1452 922 1786 976 Judaaorum
1833 919 1979 991 olea,

334 1015 398 1066 ut
427 1012 617 1066 adhuc
657 1009 919 1080 loquitur
945 1009 1363 1076 Tertullianus,
1396 1024 1465 1065 ex
1501 1010 1744 1067 oleastro
1772 1012 1979 1075 insitis,

330 1099 597 1172 atquein
624 1115 826 1154 eorum
871 1099 1065 1153 locum
1121 1099 1404 1168 suffectis,
1463 1100 1796 1156 communis
1860 1098 1980 1154 illis

332 1190 520 1245 factus
560 1193 650 1244 est
680 1204 813 1243 eum
857 1187 1066 1242 iisdem
1119 1187 1337 1242 Judaais
1396 1203 1697 1242 sacrarum
1759 1187 1978 1243 Veteris

332 1277 690 1333 Testamenti
739 1277 1176 1347 Scripturarum
1235 1276 1551 1331 thesaurus
1609 1276 1870 1347 (Tertull.
1916 1276 1980 1332 de

336 1368 553 1423 Testim.
585 1367 762 1421 anim.
793 1382 920 1437 cap.
952 1367 1030 1432 5).
1065 1365 1236 1420 Prius
1259 1370 1453 1420 autem
1485 1372 1725 1421 sanctus
1758 1372 1982 1436 martyr

328 1456 605 1512 Justinus
644 1460 1049 1511 asseveranter
1098 1455 1492 1509 affirmaverat
1539 1455 1866 1510 doctrinam
1916 1456 1977 1511 in

332 1544 515 1600 sacris
545 1543 770 1599 Veteris
803 1544 1162 1599 Testamenti
1194 1543 1515 1613 Scripturis
1546 1544 1821 1599 traditam
1848 1561 1975 1615 per-

333 1632 521 1688 tinere
551 1633 623 1687 ad
663 1632 1048 1698 Christianos,
1093 1633 1160 1687 ad
1219 1649 1367 1703 quos
1424 1649 1540 1687 non
1597 1634 1725 1688 sine
1782 1634 1979 1689 divina

334 1721 697 1793 providentia
727 1722 797 1776 ab
858 1718 1097 1792 ipisme’t’
1144 1720 1365 1776 Judaeis
1419 1722 1779 1777 transmissis
1838 1726 1978 1777 sunt

330 1809 570 1882 (Justin.
608 1810 825 1866 Cohort.
858 1810 927 1865 ad
955 1819 1102 1880 gent.
1139 1826 1270 1880 pag.
1308 1811 1416 1878 14).

401 1900 679 1965 Quamvis
711 1904 903 1954 autem
935 1898 1153 1954 Judaais
1184 1904 1240 1954 et
1264 1898 1613 1955 Christianis
1634 1916 1977 1956 communes

330 1988 384 2043 bi
420 1988 553 2044 libri
590 1988 724 2044 facti
756 1988 898 2053 sint,
931 2004 1044 2043 non
1079 1988 1213 2043 inde
1240 1992 1436 2043 tamen
1462 1988 1727 2060 sequitur
1750 1990 1821 2044 ab
1846 1990 1977 2045 istis

328 2077 506 2149 recipi
541 2077 814 2133 debuisse
844 2094 1050 2132 omnes
1082 2076 1139 2131 in
1187 2076 1347 2133 hisee
1396 2076 1562 2132 libris
1607 2078 1975 2149 praescriptos

329 2167 500 2221 ritus.
534 2172 674 2221 Nam
710 2166 910 2238 plures
933 2168 1067 2238 jure
1097 2168 1305 2222 merito
1336 2166 1603 2221 Christus
1654 2167 1974 2243 abrogavit,

332 2256 830 2328 quemadmodum
864 2255 1134 2322 Sabbata,
1169 2255 1293 2310 dies
1329 2256 1527 2323 festos,
1577 2256 1974 2311 circumcisio-

332 2362 488 2411 nem,
521 2350 576 2400 et
606 2345 1040 2416 hujuscemodi,
1071 2362 1198 2415 quae
1231 2344 1565 2400 carnalibus
1586 2346 1804 2401 Judaeis
1833 2363 1974 2417 prte-

332 2434 554 2505 seripta
592 2434 850 2489 fuerunt.
882 2432 1027 2488 Nam
1061 2434 1181 2488 haec
1213 2433 1411 2489 omnia
1460 2434 1684 2489 umbra
1728 2439 1893 2489 erant
1922 2440 1979 2490 et

330 2524 553 2595 ﬁgurae,
588 2539 654 2578 ae
685 2523 742 2577 in
785 2526 1019 2595 signum
1081 2524 1233 2592 data,
1297 2539 1448 2595 quas,
1507 2523 1592 2578 uti
1652 2522 1980 2579 luculenter

331 2610 726 2667 Tertullianus
757 2611 870 2667 alio
902 2613 959 2666 in
992 2611 1141 2668 libro
1187 2613 1571 2682 demonstrat,
1604 2613 1885 2685 veritatis,
1917 2614 1975 2668 id

331 2706 421 2758 est
450 2699 664 2757 Christi
697 2701 949 2756 adventu
990 2702 1282 2756 debebant
1328 2717 1671 2756 evanescere
1719 2707 1775 2757 et
1822 2701 1976 2757 anti-

332 2790 501 2862 quari
534 2788 802 2862 (Tertull.
826 2789 947 2844 adv.
973 2788 1096 2846 Jud.
1122 2806 1246 2859 cap.
1281 2790 1315 2843 3
1346 2793 1404 2845 et
1436 2790 1511 2861 4).

402 2876 730 2933 Christiana
760 2877 956 2947 itaque
988 2876 1209 2947 religio,
1251 2878 1360 2933 etsi
1408 2882 1689 2949 regnante
1743 2878 1975 2935 Tiberio

330 2967 683 3038 imperatore
714 2966 771 3020 in
824 2966 1115 3021 mundum
1162 2982 1196 3021 a
1243 2965 1474 3021 Christo
1522 2966 1879 3033 introducta,
1914 2968 1972 3024 in

325 3057 581 3113 Judaiem
630 3060 825 3112 tamen
885 3056 1079 3112 locum
1140 3057 1482 3127 substitute,
1526 3056 1754 3113 divinas
1812 3058 1974 3113 illius

325 3146 662 3217 Scripturas
689 3145 1053 3201 besreditario
1086 3145 1253 3216 quasi
1279 3146 1412 3215 jure
1451 3147 1697 3217 accepit,
1742 3151 1798 3201 et
1830 3147 1970 3214 illis,

2093 578 2226 616 cum
2260 562 2435 616 ﬁdem
2472 562 2812 632 particulam
2844 564 2940 633 qui
2970 579 3073 634 pro
3104 580 3257 633 quas,
3284 580 3347 617 ae
3371 562 3577 617 deinde
3599 578 3735 634 quas

2091 667 2195 721 pro
2225 666 2350 723 qum
2382 650 2557 705 scribi
2592 650 2749 705 nulla
2782 656 2975 707 tamen
3009 652 3237 707 reddita
3276 651 3499 707 ratione
3531 650 3734 709 voluit.

2091 740 2377 795 Lubenter
2410 745 2605 794 tamen
2639 740 2956 795 fatebimur
2986 758 3099 796 non
3149 741 3387 797 omnino
3439 740 3732 797 infelicem

2089 828 2270 883 videri
2301 829 2451 883 bane
2487 831 2904 899 conjecturam,
2943 830 3045 885 sed
3098 830 3151 885 id
3204 830 3256 885 ei
3305 831 3526 896 deesse,
3579 832 3735 900 quod

2091 916 2315 972 nullius
2347 918 2517 988 plane
2550 919 2767 974 codicis
2810 920 3155 974 auctoritate
3205 920 3485 974 ﬁrmetur.
3526 922 3597 974 At
3628 920 3735 975 Hc-

2091 1006 2314 1077 raldus,
2344 1007 2625 1062 audacior
2655 1014 2858 1078 postea
2903 1009 3110 1077 factus,
3158 1009 3216 1063 in
3264 1008 3421 1064 verbi
3468 1009 3734 1079 producto

2089 1095 2282 1150 locum
2321 1096 2656 1168 suspicatur
2688 1098 3166 1154 substituendum
3205 1098 3480 1170 producto,
3536 1098 3592 1154 id
3623 1102 3734 1165 est,

2088 1193 2402 1254 consumpto
2432 1191 2484 1239 et
2536 1194 2777 1256 peracto.
2838 1187 3017 1242 Suam
3071 1204 3205 1244 vero
3265 1188 3733 1243 emendationem

2090 1273 2339 1344 probare
2369 1279 2614 1329 conatur
2643 1274 2772 1330 aliis
2802 1275 3149 1332 Tertulliani
3182 1276 3346 1343 locis,
3401 1277 3498 1332 ubi
3531 1277 3734 1332 eadem

2089 1361 2518 1431 signiﬁcatione
2553 1364 2880 1435 productum
2910 1364 3143 1437 legitur.
3176 1366 3283 1421 Sed
3316 1370 3543 1437 poterat
3574 1366 3733 1422 insu-

2090 1467 2191 1521 per
2220 1452 2497 1521 quintum
2528 1452 2876 1508 Tertulliani
2908 1455 3092 1509 nostri
3134 1459 3336 1510 contra
3381 1454 3732 1510 Marcionem

2086 1536 2303 1594 librum
2338 1539 2535 1606 citare,
2571 1541 2671 1596 ubi
2703 1542 2907 1597 eodem
2941 1544 3113 1599 verbo
3146 1543 3416 1600 similiter
3446 1562 3588 1600 usus
3620 1548 3729 1600 est.

2086 1623 2302 1679 Verum
2333 1627 2471 1697 quid
2508 1628 2687 1683 facias
2721 1634 2923 1684 contra
2952 1631 3218 1685 codicum
3252 1632 3516 1688 omnium
3548 1632 3729 1688 recla-

2088 1712 2431 1785 mationem,
2464 1722 2522 1771 et
2582 1717 2678 1771 ubi
2733 1723 2934 1773 auctor
2992 1719 3242 1775 barbara
3297 1724 3356 1776 et
3411 1721 3733 1793 impropria

2086 1803 2261 1857 verba
2290 1803 2572 1860 adhibet?
2614 1805 2959 1878 Quicunque
3010 1814 3204 1865 autem
3259 1810 3435 1866 fuerit
3483 1812 3609 1881 ejus
3644 1810 3733 1867 lo-

2087 1892 2303 1961 quendi
2337 1893 2569 1961 modus,
2604 1912 2670 1950 eo
2712 1902 2909 1967 aperte
2959 1897 3252 1970 signiﬁcat
3298 1900 3504 1954 mundi
3556 1901 3732 1956 ﬁnem

2087 1984 2144 2035 et
2174 1981 2392 2036 exitum
2426 1982 2608 2053 (Idem
2643 1984 2742 2039 lib.
2776 2003 2808 2039 v
2838 1987 3053 2042 advers.
3085 1988 3371 2059 Marcion,
3404 2006 3531 2059 cap.
3565 1991 3644 2061 6).

2154 2070 2227 2124 At
2258 2070 2532 2142 appellati
2565 2073 2637 2127 ab
2669 2090 2735 2128 eo
2768 2074 3028 2147 insignes
3062 2077 3272 2147 pietate
3294 2082 3349 2132 et
3365 2077 3601 2146 justitia
3618 2078 3731 2133 viri

2087 2175 2203 2213 non
2235 2158 2427 2214 solum
2455 2162 2863 2231 praedicatores,
2897 2165 3051 2219 sicut
3079 2165 3177 2220 ille
3208 2167 3308 2232 ait,
3343 2168 3603 2235 fuerunt,
3626 2168 3729 2223 sed

2086 2246 2265 2302 etiam
2295 2249 2568 2319 praphetae
2599 2252 2670 2305 de
2699 2253 2886 2323 ofﬁcio
2912 2255 3221 2323 praefandi,
3256 2254 3374 2309 sive
3404 2255 3601 2310 futura
3634 2273 3731 2311 an-

2086 2336 2423 2406 nuntiandi,
2494 2348 2757 2395 vocantur
2824 2343 3192 2412 (Tertullian.
3265 2344 3541 2414 Apolcget.
3599 2362 3726 2417 cap.

2091 2425 2195 2495 18).
2230 2428 2515 2481 Praeterea
2572 2430 2821 2496 virtutes,
2883 2431 3005 2485 sive
3065 2431 3367 2498 miracula,
3419 2434 3490 2487 ad
3552 2434 3728 2489 ﬁdem

2084 2512 2396 2569 divinitatis
2426 2516 2836 2573 stabiliendam
2872 2519 3199 2575 ediderunt.
3233 2522 3493 2593 Denique
3515 2522 3731 2594 Spiritu

2086 2612 2283 2667 divino
2320 2614 2598 2681 inundati,
2633 2616 2761 2687 ipsa
2792 2617 2981 2672 adhuc
3015 2618 3170 2673 illius
3202 2621 3375 2674 verba
3427 2626 3587 2686 sunt,
3621 2622 3731 2677 hoc

2086 2706 2173 2754 est
2202 2702 2281 2756 ita
2314 2701 2467 2773 pleni
2501 2710 2687 2770 erant,
2722 2715 2782 2760 ut
2813 2712 2971 2761 extra
3005 2708 3160 2778 ipsos
3183 2711 3447 2765 efflueret
3467 2715 3525 2764 et
3543 2711 3729 2766 eﬁ‘un-

2086 2789 2341 2847 deretur.

2157 2879 2290 2942 Quen
2326 2886 2515 2935 autem
2560 2882 2632 2938 ab
2681 2884 2765 2939 eis
2816 2885 3130 2951 mirabilia,
3173 2891 3231 2942 et
3281 2905 3461 2960 supra
3508 2897 3730 2947 naturas

2086 2967 2349 3023 ordinem
2382 2970 2557 3035 facta,
2592 2988 2657 3026 ae
2688 2972 2884 3029 divino
2935 2974 3170 3030 atﬂante
3218 2977 3465 3047 Spiritu,
3522 2980 3730 3051 praedi-

2083 3064 2173 3110 cta
2202 3064 2361 3123 sunt,
2396 3059 2516 3114 haec
2548 3063 2746 3115 omnia
2794 3064 2857 3117 in
2899 3063 3197 3131 thesauris,
3249 3065 3443 3135 inquit
3492 3084 3727 3123 rursum

2082 3145 2502 3215 Tertullianus,
2540 3150 2853 3205 litterarum
2894 3160 3119 3206 manent
3167 3152 3363 3223 (lbid.)
3392 3173 3407 3222 ;
3440 3157 3540 3210 sed
3577 3174 3726 3228 qua-

327 3234 499 3290 sieuti
533 3235 809 3302 diximus,
847 3233 991 3290 fulta
1022 3239 1078 3289 et
1106 3234 1357 3289 subnixa
1386 3239 1492 3290 est.
1527 3236 1636 3290 Sed
1670 3235 1727 3291 id
1756 3236 1971 3292 clarius
2001 3219 2043 3285 (ἶ
2083 3251 2377 3301 rumnam,
2428 3238 2668 3294 obsecro
2726 3245 2802 3305 te,
2863 3219 3188 3297 litterarum
3212 3243 3239 3295 ‘2
3480 3219 3728 3301 aliarum

328 3324 523 3380 adhuc
557 3324 799 3395 patebit,
832 3330 1145 3395 postquam
1180 3340 1342 3378 more
1384 3329 1583 3379 nostro
1632 3326 1971 3396 expenderi-

328 3430 487 3482 mus,
518 3413 657 3484 quid
690 3413 761 3468 de
790 3412 999 3468 iisdem
1031 3413 1212 3468 sacris
1243 3412 1601 3481 Judazorum,
1627 3431 1730 3469 seu
1758 3414 1973 3469 Veteris

329 3503 688 3557 Testamenti
729 3502 1070 3573 Scripturis,
1113 3518 1146 3558 a
1195 3500 1555 3557 Tertulliano
1605 3507 1803 3558 nostro
1851 3506 1974 3558 sta-

329 3596 551 3648 tuatur.

948 3723 1269 3763 ARTICULUS
1309 3724 1350 3761 ll

327 3797 555 3866 Quando
583 3805 634 3853 et
673 3797 940 3868 quomodo
991 3813 1286 3851 sacrarum
1340 3796 1759 3864 Scripturarum
1817 3798 1971 3863 libri,

393 3870 654 3925 Hebraice
679 3872 925 3940 primum
953 3869 1267 3938 conscripti,
1313 3870 1382 3940 in,
1418 3869 1673 3936 linguam
1721 3872 1975 3924 Graecam

391 3958 422 3995 a
449 3939 812 4011 Septuaginta
841 3940 1050 3995 duobus
1076 3939 1465 4008 interpretibus
1494 3942 1779 4000 conversi;
1804 3957 1877 3994 an
1908 3941 1974 3995 in

391 4012 624 4066 diversis
655 4012 869 4066 cellulis
889 4027 909 4070 ;
951 4012 1051 4065 ubi
1094 4011 1159 4065 de
1205 4011 1440 4080 Aristea,
1494 4011 1784 4066 Ptolemaeo
1834 4012 1970 4066 Phi-

396 4083 678 4152 ladelpho,
712 4084 1018 4143 Pisistrato,
1061 4082 1362 4152 horumque
1403 4090 1455 4137 et
1484 4082 1847 4136 Attalicorum
1876 4099 1971 4136 re-

392 4170 525 4223 gum
550 4154 911 4221 bibliothecis,
952 4170 1016 4207 ac
1044 4155 1116 4207 de
1161 4155 1432 4208 Demetrio
1475 4152 1739 4208 Phalereo
1787 4170 1967 4222 gram-

394 4227 730 4282 maticorum
757 4226 1172 4297 probatissimo.

393 4342 672 4397 Observat
702 4340 1102 4396 Tertullianus
1126 4341 1307 4395 Deum
1342 4356 1375 4395 a
1397 4338 1703 4410 primordio
1737 4340 1972 4396 misisse

320 4432 496 4498 viros,
519 4431 758 4502 justitia
787 4434 843 4486 et
873 4429 1207 4485 innocentia
1237 4429 1606 4499 conspicuos,
1657 4429 1755 4500 qui
1802 4429 1967 4485 illum

320 4522 561 4576 unicum
622 4537 752 4576 esse
828 4525 885 4575 et
958 4522 1337 4591 agnoverunt,
1400 4522 1452 4573 et
1511 4518 1971 4589 praedicaverunt

2085 3323 2509 3395 proculdubio,
2533 3344 2708 3397 quam
2735 3329 3172 3385 Hebraicarum.
3192 3332 3336 3387 Nam
3360 3333 3485 3404 ipse
3508 3334 3725 3390 ibidem

2086 3418 2285 3467 narrat
2329 3413 2704 3471 Ptolemaeum
2751 3418 3202 3489 Philadelphum
3251 3438 3286 3475 a
3327 3422 3569 3489 Judazis,
3624 3423 3725 3494 qui

2084 3501 2222 3557 olim
2256 3502 2479 3558 Hebraei
2505 3510 2689 3570 erant,
2716 3508 3007 3579 accepisse
3034 3526 3235 3563 earum
3259 3510 3453 3580 libros,
3470 3515 3725 3583 proprias

2085 3606 2149 3645 ac
2179 3594 2500 3649 veruaculas
2534 3595 2748 3650 litteras
2780 3596 2996 3668 (Ibid.),
3054 3598 3172 3654 sive
3231 3598 3469 3656 Hebraea
3524 3600 3727 3674 lingua

2084 3681 2469 3752 conscriptas,
2502 3683 2661 3753 quia,
2695 3690 2759 3739 ut
2792 3684 2890 3739 ille
2922 3686 3115 3742 adhuc
3153 3687 3432 3758 loquitur,
3466 3691 3536 3744 ad
3571 3690 3732 3761 ipsos

2085 3785 2317 3841 semper
2348 3772 2640 3843 propheta
2672 3782 3082 3843 peroraverant
3114 3776 3331 3847 (lbid.).
3381 3777 3595 3849 Moysis
3622 3780 3732 3834 ita-

2084 3873 2197 3928 que
2223 3858 2589 3930 aliorumque
2640 3878 2941 3917 sacrorum
3005 3870 3198 3919 vatum
3260 3864 3391 3918 libri
3448 3866 3729 3922 Hebraieo

2083 3963 2355 4003 sermone
2384 3949 2584 4019 scripti
2617 3958 3022 4007 remanserant
3052 3955 3206 4025 apud
3244 3954 3508 4009 Hebraeos
3538 3960 3595 4010 et
3622 3956 3728 4010 Ju-

2083 4036 2258 4101 daaos,
2294 4037 2523 4108 quieos
2563 4056 2798 4094 summa
2850 4047 3003 4095 certe
3054 4060 3196 4097 cura
3244 4043 3504 4113 integros
3554 4049 3731 4115 atque

2082 4123 2452 4196 incorruptos
2482 4135 2993 4183 conservaverunt.

2150 4232 2258 4285 Sed
2294 4249 2366 4286 ne
2396 4238 2597 4287 tantus
2629 4234 2944 4290 thesaurus
2978 4236 3131 4305 apud
3163 4252 3263 4291 eos
3314 4236 3467 4292 solos
3496 4253 3729 4309 semper

2080 4318 2303 4388 lateret,
2365 4322 2745 4377 celeberrima
2810 4324 3059 4378 duorum
3120 4341 3297 4395 supra
3354 4326 3730 4396 septuaginta

2081 4408 2379 4464 seniorum
2414 4409 2891 4481 interpreiatione
2922 4429 3055 4467 eum
3110 4414 3320 4468 Graecis
3354 4415 3631 4486 primum,
3664 4432 3730 4470 ac

2082 4498 2291 4552 deinde
2323 4515 2455 4553 cum
2490 4500 2618 4555 aliis
2650 4503 2924 4571 gentibus
2956 4504 3426 4558 communicatus
3448 4510 3554 4560 est.
3584 4506 3733 4569 Qua-

317 4609 685 4673 (Tertullian.
718 4587 1158 4681 Apologeticap.
1195 4608 1303 4679 l8).
1336 4607 1405 4661 Hi
1453 4587 1649 4662 autem
1684 4608 1969 4663 docebant
2000 4587 2045 4652 D
2079 4594 2316 4681 Empta“
2367 4589 2771 4681 TertPHianus
2802 4606 2814 4645 τ
2869 4611 2894 4641 ⁸
2926 4596 3039 4646 Nec
3085 4592 3233 4655 ίεῒων
3284 4593 3498 4664 inﬁnito
3554 4610 3730 4649 580733

319 4700 391 4755 ab
419 4699 524 4754 hoc
564 4698 737 4755 unico
769 4699 884 4754 Deo
918 4704 1112 4753 creata
1142 4697 1357 4766 omnia,
1390 4696 1456 4751 de
1486 4696 1651 4752 humo
1691 4696 1969 4752 hominem

320 4788 659 4856 formatum,
712 4789 1031 4860 dispositas
1079 4791 1413 4857 temporum
1465 4786 1642 4854 vices,
1697 4787 1849 4840 edita
1883 4786 1969 4840 di-

318 4879 465 4933 vinae
499 4878 828 4949 majestatis
860 4894 979 4933 suae
1010 4876 1197 4946 signa,
1232 4875 1497 4930 conditas
1547 4891 1769 4929 morum
1801 4874 1966 4929 vitaa-

323 4981 436 5037 que
463 4971 617 5021 recte
647 4967 885 5038 agendae
915 4965 1091 5038 leges,
1127 4980 1192 5020 ac
1220 4964 1477 5036 producto
1512 4980 1629 5019 aevo
1660 4980 1851 5018 omnes
1874 4964 1971 5019 ho-

321 5054 511 5109 mines
542 5055 609 5108 ad
642 5054 820 5108 vitam
851 5071 1086 5109 rursum
1119 5053 1477 5123 excitandos,
1510 5054 1966 5123 etjudieandos,

324 5147 387 5197 ut
445 5158 547 5212 pro
605 5141 826 5197 meritis
876 5148 1093 5197 aeterna
1148 5146 1251 5197 aut
1307 5158 1479 5212 paena
1533 5146 1635 5196 aut
1692 5140 1967 5196 felicitate

318 5230 671 5287 afﬁciantur.
714 5232 783 5285 At
813 5231 917 5286 tibi
948 5231 1005 5285 in
1052 5230 1390 5287 Tertulliani
1443 5233 1600 5285 textu
1652 5229 1771 5284 haec
1820 5230 1965 5303 legi-

318 5338 453 5376 mus
494 5320 708 5375 verba:
774 5342 794 5368 ι
830 5320 984 5382 Quae
1042 5321 1396 5376 demerendo
1454 5319 1567 5375 sibi
1623 5318 1966 5390 disciplinas

315 5408 812 5472 determinaverit,
846 5426 971 5480 quas
1004 5408 1287 5481 ignoratis
1319 5414 1421 5464 aut
1449 5409 1757 5474 deseritis;
1784 5430 1811 5456 »
1836 5425 1963 5479 quas

316 5501 552 5572 quidem
598 5497 846 5553 Heraldo
895 5499 1037 5553 adeo
1096 5500 1346 5554 obseura
1400 5502 1790 5568 corruptaque
1841 5497 1966 5553 visa

316 5594 476 5655 sunt,
511 5593 576 5644 ut
607 5587 753 5642 nihil
785 5589 855 5643 de
886 5587 979 5644 bis
1010 5587 1393 5659 pronuntiare
1423 5590 1654 5642 audeat.
1705 5586 1811 5640 Sed
1846 5601 1961 5641 non

315 5683 477 5734 tanta
508 5677 615 5733 fuit
646 5676 931 5735 timiditas
961 5676 1217 5751 Rigaltii,
1258 5677 1400 5732 787
1438 5677 1539 5749 qui
1570 5679 1771 5732 contra
1796 5690 1960 5747 aper-

2079 4675 2283 4731 litterae
2317 4694 2471 4732 nunc
2502 4677 2702 4732 latent.
2741 4698 2764 4728 ι»
2803 4680 3000 4750 (lbid.)
3026 4682 3215 4751 Atque
3268 4682 3349 4735 ita
3397 4683 3634 4748 quidem
3669 4684 3728 4741 in

2079 4765 2313 4836 Rigaltii
2348 4767 2623 4822 editione.
2654 4770 2724 4822 At
2757 4768 2815 4823 in
2862 4770 3289 4840 antiquioribas
3337 4771 3531 4840 editis,
3582 4778 3640 4828 et
3668 4773 3728 4830 in

2079 4854 2295 4909 nostris
2349 4855 2767 4926 manuscriptis
2827 4858 3126 4912 codicibus
3186 4860 3523 4913 adverbium
3582 4878 3731 4917 nunc

2077 4944 2261 4998 abest.
2295 4948 2410 5000 Nec
2431 4945 2566 5015 jure
2598 4945 2833 5016 quidem
2870 4964 3112 5017 prorsus
3143 4947 3454 5004 immerito.
3503 4951 3724 5006 Tertul-

2079 5031 2268 5088 lianus
2301 5033 2589 5104 siquidem
2614 5034 2910 5106 signiﬁcat
2934 5036 3066 5092 illas
3092 5055 3205 5091 non
3233 5054 3266 5092 a
3288 5055 3394 5092 suo
3417 5040 3723 5105 duntaxat,

2078 5123 2178 5176 sed
2211 5124 2282 5176 ab
2316 5123 2443 5195 ipso
2476 5126 2829 5189 Graecorum,
2867 5126 2950 5179 uti
3001 5126 3277 5195 diximus,
3331 5127 3721 5199 interpretum

2076 5215 2340 5283 tempore
2372 5229 2485 5266 non
2521 5213 2765 5269 latuisse
2805 5215 3081 5287 amplius.

2148 5318 2390 5384 Quando
2411 5324 2604 5373 autem
2632 5323 2688 5374 et
2719 5321 3010 5392 quomodo
3044 5321 3161 5376 haec
3194 5323 3387 5377 Graeca
3418 5338 3721 5378 sacrorum

2074 5407 2356 5463 librorum
2384 5406 2787 5479 interpretatio
2819 5412 2888 5464 ab
2926 5410 2999 5465 iis
3031 5411 3311 5465 adornata
3340 5410 3532 5476 fuerit,
3565 5409 3722 5467 hunc

2076 5496 2175 5551 ille
2206 5496 2455 5567 explicat
2484 5496 2539 5550 in
2577 5500 2815 5553 modum
2846 5517 2859 5554 :
2917 5500 3057 5553 Cum
3092 5499 3457 5565 Ptolemaeus,
3504 5516 3722 5571 cogno-

2077 5590 2266 5641 mento
2292 5584 2733 5655 Philadelphus,
2762 5587 3174 5641 bibliothecam
3200 5603 3369 5642 suam
3393 5589 3550 5643 omni
3579 5606 3721 5661 quo-

2077 5690 2444 5746 rumcunque
2466 5673 2748 5730 librorum
2772 5674 3133 5748 supellectile
3154 5676 3508 5749 locupletare
3528 5679 3721 5751 vellet,
