4262 6412
605 409 721 471 871

1124 413 1650 475 TERTULLIANI
1695 412 2019 474 OPEBUM
2061 409 2260 472 PARS
2304 411 2350 473 Ι.
2386 443 2466 456 -
2498 411 2774 472 SERIES
2815 409 2865 481 Ι,
2909 407 3477 472 APOLOGETIGA.

3881 407 4009 469 872

617 537 767 594 188
799 539 871 594 ab
920 539 1160 606 Judaais,
1219 542 1570 611 suggerente
1609 539 1899 594 Demetrio
1950 538 2248 608 Phalereo,
2283 541 2327 605 Α
2364 538 2698 592 narratione
2729 534 3145 591 continentur?
3176 534 3385 589 Utrum
3446 536 3638 589 autem
3697 533 3818 588 haec
3871 549 4015 589 vera

611 627 880 699 poposcit
908 632 962 683 et
994 628 1325 699 impetravit
1358 644 1553 683 sacros
1586 627 1816 683 illorum
1857 629 2109 694 codices,
2141 628 2252 682 He-

611 716 806 772 braice
842 720 1128 782 exaratos,
1185 720 1244 771 et
1301 716 1454 770 viros
1495 717 1863 787 septuaginta
1919 718 2090 784 duos,
2150 717 2251 786 qui

611 803 745 858 illos
776 803 833 857 in
867 805 1122 858 Graecam
1157 805 1415 874 linguam
1456 804 1903 860 transtulerunt.
1954 806 2102 860 Tum
2138 805 2249 859 ibi-

610 891 742 948 dem
785 893 997 964 adjecit
1049 897 1253 947 auctor
1309 897 1546 948 noster:
1605 917 1632 942 ‹‹
1667 896 1819 960 Quos
1877 893 2250 948 Menedemus

609 995 844 1051 quoque
875 980 1261 1052 philoSOphus
1308 981 1680 1036 Providentiae
1729 981 1937 1036 vindex
1986 982 2159 1052 (male
2190 981 2248 1035 in

613 1085 730 1124 uno
762 1069 958 1124 codice
988 1070 1282 1136 Vaticano,
1313 1072 1611 1141 provincia
1638 1071 1826 1141 iudex)
1857 1071 1929 1126 de
1949 1069 2249 1125 sententia

609 1158 1020 1213 communione
1051 1158 1333 1228 suspexit.
1369 1180 1397 1207 »
1429 1158 1611 1230 (Ibid)
1644 1159 1753 1213 Sed
1797 1159 1936 1230 quid
1987 1158 2080 1213 his
2113 1157 2245 1211 ulti-

610 1245 722 1300 mis
751 1245 960 1312 verbis,
993 1245 1057 1301 de
1102 1248 1382 1302 sententia:
1401 1262 1778 1303 communione
1795 1249 2044 1317 suspexit
2065 1246 2246 1317 signi-

607 1334 833 1400 ﬁcetur,
868 1351 982 1389 non
1017 1335 1264 1390 minima
1293 1340 1382 1389 est
1423 1336 1573 1390 inter
1621 1336 1881 1390 eruditos
1929 1335 2115 1389 aetatis
2146 1350 2248 1388 no-

606 1427 736 1478 stris
823 1423 1138 1494 scriptores
1225 1423 1536 1478 dissensio.
1626 1424 1872 1489 Quidam
1955 1425 2248 1478 enimvero

606 1512 922 1585 opinantur
951 1513 1022 1568 iis
1055 1513 1375 1585 significari
1408 1530 1784 1569 communem
1841 1515 2022 1568 fuisse
2053 1517 2246 1567 Mene-

607 1601 762 1657 demi
821 1603 892 1658 de
946 1602 1143 1657 divina
1196 1602 1560 1674 providentia
1617 1604 1815 1658 omnia
1885 1603 2249 1674 gubernante

607 1691 984 1746 sententiam.
1013 1690 1228 1747 Verum
1261 1691 1676 1759 Tertullianus,
1710 1691 1986 1763 inquiunt
2027 1690 2147 1756 alii,
2176 1691 2247 1745 de

605 1777 716 1834 hac
746 1778 847 1834 Dei
879 1778 1240 1850 providentia
1268 1779 1347 1833 ibi
1382 1795 1497 1834 non
1520 1779 1804 1851 disputat,
1837 1780 1934 1834 sed
1959 1780 2030 1833 de
2051 1778 2248 1833 Graaca

605 1867 1016 1922 tantummodo
1069 1883 1368 1922 sacrarum
1419 1867 1852 1938 Scripturarum
1907 1868 2246 1938 interpreta-

605 1955 782 2011 tione.
817 1956 1108 2020 Quorsum
1140 1971 1276 2027 ergo
1307 1955 1463 2010 hunc
1494 1957 1563 2011 de
1594 1955 1696 2010 illa
1726 1956 1823 2010 Dei
1880 1954 2246 2027 providentia

607 2044 966 2100 mentionem
999 2045 1381 2115 interjecisset
1403 2045 1431 2100 ?
1459 2045 1842 2112 Quamobrem
1880 2044 1935 2099 hi
1960 2044 2246 2099 arbitran-

604 2137 704 2189 tur
733 2133 890 2188 hunc
939 2149 1067 2189 esse
1123 2132 1467 2188 Tertulliani
1526 2148 1804 2188 sensum:
1867 2132 2243 2187 Menedemus

605 2221 935 2277 absolutam
968 2238 1145 2278 sacra:
1179 2223 1496 2293 Scriptura:
1527 2226 1778 2276 Graecam
1811 2219 2241 2290 interpretatio-

603 2326 737 2366 nem
763 2311 1132 2377 examinavit,
1169 2311 1544 2382 suspexitque
1592 2309 1755 2365 illam
1804 2309 2101 2364 communi
2149 2308 2240 2362 in-

600 2404 920 2471 terpretum
953 2399 1340 2455 consensione
1371 2401 1573 2454 eodem
1607 2398 1777 2470 plane
1811 2399 1982 2453 modo
2006 2400 2236 2453 factam.

597 2489 826 2544 Vindex
854 2488 1053 2560 itaque
1100 2494 1156 2543 et
1204 2489 1371 2543 testis
1419 2489 1528 2543 fuit
1576 2488 1786 2543 divinze
1842 2486 2237 2559 providentiae,

599 2579 770 2648 cujus
819 2576 1072 2631 mirabili
1106 2576 1277 2648 plane
1307 2577 1484 2632 ductu
1533 2576 1882 2631 Hebraicum
1930 2575 2238 2645 Scriptura

598 2669 820 2721 textum
853 2666 1055 2722 eodem
1090 2683 1333 2736 prorsus
1361 2665 1530 2719 modo
1564 2666 1634 2719 ab
1666 2664 1873 2718 iisdem
1906 2663 2238 2735 interpreti-

599 2756 710 2810 bus
741 2754 930 2809 Grzece
961 2754 1253 2808 redditum
1286 2752 1478 2824 palam
1509 2753 1858 2808 testificatus
1888 2757 1996 2808 est.

670 2863 744 2914 At
774 2859 902 2928 hoc,
936 2858 1190 2931 inquies,
1223 2859 1304 2914 ita
1337 2858 1458 2914 fieri
1493 2858 1769 2930 nequivit,
1807 2859 1919 2915 nisi
1953 2859 2234 2931 interpre-

599 2951 707 3014 tes,
742 2947 1058 3019 separatim
1089 2947 1230 3002 etin
1272 2946 1516 3002 diversis
1559 2946 1786 3002 cellulis
1837 2947 2030 3018 positi,
2081 2947 2238 3002 hunc

597 3036 948 3092 Hebraicum
979 3039 1200 3092 textum
1249 3036 1306 3090 in
1357 3036 1616 3092 Graecum
1671 3036 1889 3108 singuli
1937 3037 2234 3092 verterint.

597 3124 774 3196 Atqui
800 3124 942 3180 falsa
979 3128 1068 3180 est
1096 3123 1199 3179 illa
1230 3125 1299 3180 de
1330 3125 1574 3180 diversis
1606 3124 1721 3180 illis
1752 3125 1979 3181 cellulis
2019 3126 2235 3198 opinio.

594 3212 705 3268 Sed
741 3212 880 3284 quid
909 3212 1065 3280 inde,
1100 3213 1150 3268 si
1179 3213 1572 3268 Tertullianus
1606 3214 1845 3285 praevisa
1890 3219 2127 3270 secutus
2159 3215 2237 3270 sit

594 3301 926 3372 scriptores,
961 3301 1056 3372 qui
1088 3305 1217 3369 post
1245 3302 1550 3358 Justinum
1598 3303 1930 3375 Martyrem,
1983 3309 2048 3358 ut
2097 3302 2238 3358 alibi

595 3390 982 3461 ostendimus,
1025 3391 1172 3446 hanc
1203 3392 1272 3447 de
1304 3391 1419 3446 illis
1451 3392 1831 3463 interpretum
1860 3391 2085 3448 cellulis
2115 3392 2238 3464 opi-

595 3478 829 3534 nionem
862 3483 1195 3534 constanter
1225 3485 1742 3552 propugnaverunt
1777 3481 1963 3550 (Tom.
2004 3482 2023 3534 l
2059 3483 2239 3552 Appa-

597 3575 705 3622 rat.
741 3566 841 3622 lib.
875 3584 937 3635 ιι,
971 3568 1203 3624 dissert.
1253 3569 1309 3634 2,
1365 3585 1492 3640 cap.
1542 3571 1598 3635 7,
1657 3569 1685 3642 ἕ
1740 3570 1776 3624 5
1831 3586 1960 3641 pag.
2020 3570 2126 3624 390
2183 3574 2240 3625 et

595 3658 780 3728 seqq.)
801 3656 828 3710 ?
851 3655 1052 3712 Nonne
1083 3657 1236 3712 enim
1269 3657 1419 3713 hanc
1450 3659 1522 3713 ob
1565 3674 1804 3713 causam
1859 3659 2237 3716 Menedemus

595 3744 666 3799 ab
697 3743 796 3798 illo
837 3743 1165 3816 appellatur
1195 3746 1558 3801 Providentiae
1586 3745 1807 3811 vindex,
1841 3748 1980 3817 quia
2013 3747 2117 3802 hos
2147 3747 2236 3802 in-

596 3837 878 3905 terpretes
908 3833 972 3888 de
1008 3836 1301 3891 sententiae
1329 3837 1715 3891 communione
1750 3837 1996 3906 suspexit
2035 3840 2237 3908 utpote

593 3922 715 3994 qui,
763 3922 833 3977 ab
883 3920 1127 3977 invicem
1182 3923 1453 3993 sejuncti,
1500 3940 1694 3979 sacras
1742 3924 2074 3995 Scripturas
2119 3941 2236 3980 uno

593 4013 917 4082 eodemque
951 4011 1119 4067 modo
1151 4015 1339 4068 Graece
1369 4012 1707 4067 verterant?

663 4122 878 4173 Verum
915 4134 1104 4174 nonne
1133 4118 1349 4186 divina,
1396 4123 1599 4190 arguet
1643 4118 1880 4190 aliquis,
1930 4117 2233 4190 providen-

591 4206 676 4263 tia
705 4206 812 4262 hoc
845 4207 988 4262 satis
1015 4206 1372 4279 resplendet,
1397 4209 1549 4279 quod
1583 4206 1926 4278 interpretes
1950 4207 2034 4261 illi
2058 4207 2233 4263 simul

591 4294 848 4366 quidem,
884 4295 982 4350 sed
1014 4296 1217 4350 eodem
1251 4295 1422 4350 modo
1451 4311 1549 4350 eas
1581 4294 1641 4348 in
1681 4295 1941 4366 linguam
1976 4295 2232 4351 Graecam

588 4383 1045 4438 transtulerint?
1076 4383 1218 4449 Quis
1250 4383 1437 4439 nescit
1465 4389 1751 4454 quantum
1785 4383 2078 4440 intellectu
2115 4386 2236 4440 sint

586 4470 909 4528 difﬁciles?
958 4489 1022 4527 ac
1074 4473 1287 4527 mirum
1339 4473 1594 4543 profecto
1642 4472 1846 4543 videri,
1897 4473 2050 4544 quod
2099 4473 2233 4531 illas

588 4563 776 4618 Grece
807 4563 1081 4617 vertendo
1114 4579 1231 4617 una
1262 4563 1583 4633 eademque
1615 4562 1789 4618 fuerit
1831 4567 1913 4617 tot
1945 4563 2228 4636 interpre~

2363 625 2537 681 fuerit
2560 625 2895 680 Tertulliani
2942 623 3252 693 sententia,
3302 627 3357 678 te
3407 622 3883 694 pronuntiantem
3940 623 4013 676 li-

2361 715 2564 770 benter
2593 715 2922 768 audiemus.
2956 712 3037 766 De
3073 712 3313 766 Aristeas
3360 727 3531 782 porro
3575 711 3722 765 789
3756 711 4016 766 historia

2361 803 2724 873 diversisque
2755 802 3117 856 eruditorum
3152 801 3222 853 de
3255 800 3353 854 illo
3403 799 3802 870 opinionibus,
3837 816 3904 854 ac
3935 799 4013 853 de

2361 891 2698 945 Menedemo
2721 888 2857 943 alibi
2882 888 3315 959 disputavimus
3338 888 3543 958 (Idem,
3566 886 3668 942 lib.
3698 901 3736 954 l,
3765 888 4010 942 dissert.

2359 982 2414 1047 2,
2447 996 2571 1049 cap.
2607 980 2658 1044 1,
2692 993 2822 1048 pag.
2855 978 2962 1030 22-3
2990 993 3056 1031 ac
3086 992 3250 1047 seqq.
3284 979 3341 1032 et
3386 976 3488 1031 lib.
3538 992 3622 1043 ιη,
3679 976 3916 1033 dissert.
3947 976 4009 1043 2,

2362 1085 2487 1139 cap.
2521 1068 2576 1129 3,
2609 1071 2715 1120 art.
2747 1067 2802 1133 5,
2844 1081 2974 1136 pag.
3006 1065 3153 1127 922).

2433 1171 2848 1243 Philadelphus
2871 1171 3177 1242 porro,qui
3203 1171 3459 1227 Graecam
3487 1187 3662 1228 sacrae
3688 1171 4013 1242 Scripturae

2360 1261 2897 1334 interpretationem
2931 1259 3281 1331 procuravit,
3315 1277 3348 1315 a
3368 1259 3726 1316 Tertulliano
3749 1259 4010 1332 appella-

2359 1355 2454 1406 tur
2480 1368 2590 1405 non
2626 1350 2815 1405 solum
2851 1349 3275 1414 eruditissimus,
3308 1349 3407 1404 sed
3440 1350 3616 1404 omnis
3647 1348 3822 1403 etiam
3857 1349 4009 1404 litte-

2359 1443 2572 1496 raturw
2601 1440 3008 1507 sagacissimus,
3041 1437 3140 1492 ubi
3173 1442 3323 1493 certe
3345 1437 3700 1493 subauditur
3723 1437 4009 1492 substan-

2356 1530 2540 1583 tivum
2590 1544 2827 1592 nomen,
2881 1528 3032 1598 quod
3083 1526 3218 1581 huic
3275 1527 3560 1597 adjective
3615 1528 4015 1598 sagacissimus

2358 1617 2706 1690 respondeat
2734 1615 3100 1688 (Tertullian.
3131 1615 3407 1686 Apologet.
3441 1632 3568 1687 cap.
3621 1615 3732 1684 l8).
3780 1620 3855 1669 At
3885 1633 4007 1670 non

2357 1707 2515 1764 aliud
2550 1723 2676 1763 esse
2705 1708 2956 1778 videtur,
2989 1723 3162 1778 quam
3195 1706 3514 1778 indagator,
3547 1704 3636 1761 vel
3660 1706 4005 1777 explorator,

2357 1795 2643 1868 sagacitas
2674 1797 2828 1851 enim
2863 1795 2929 1851 ad
2969 1794 3388 1850 inveniendum
3432 1798 3534 1850 aut
3579 1792 4002 1866 explorandum

2358 1885 2588 1940 dicitur.
2623 1889 2698 1940 Ea
2726 1901 2893 1954 porro
2924 1883 3296 1955 Philadelphi
3331 1883 3623 1954 sagacitas
3671 1887 3793 1937 erat
3824 1885 4010 1938 omnis

2355 1975 2698 2036 litteraturae,
2732 1973 2789 2028 id
2822 1978 2906 2028 est
2938 1964 3222 2028 librorum
3251 1974 3513 2027 omnium
3538 1987 3890 2043 quacunque
3931 1972 4007 2027 de

2355 2061 2600 2118 materia
2633 2062 3006 2133 scriptorum,
3033 2059 3488 2132 diligentissima
3511 2060 3728 2131 ubique
3748 2061 4005 2132 inquisi-

2352 2152 2451 2206 tio.
2471 2152 2546 2206 Su
2560 2166 2714 2205 mmo
2732 2154 2926 2205 autem
2945 2150 3076 2204 illos
3093 2151 3477 2205 conservandi
3500 2149 3694 2204 studio
3714 2149 4010 2205 bibliothe-

2351 2257 2492 2305 cam,
2523 2239 2603 2294 ait
2637 2243 2841 2294 auctor
2869 2243 3086 2306 noster,
3120 2243 3176 2293 et
3204 2237 3386 2292 simili
3419 2239 3592 2292 modo
3623 2237 3915 2292 Eusebius
3941 2237 4005 2292 in

2349 2328 2630 2384 Chronico
2669 2327 2758 2397 (ad
2795 2344 2931 2381 ann.
2967 2327 3150 2395 1734),
3173 2343 3248 2381 ea:
3268 2328 3421 2382 omni
3441 2341 3640 2395 genere
3660 2328 4006 2383 litteraturae

2348 2421 2790 2489 comparaverat.
2849 2415 3076 2479 Quanto
3135 2418 3332 2470 autem
3406 2413 3691 2468 librorum
3752 2429 4002 2470 numero

2348 2505 2637 2561 instructa
2668 2504 2841 2559 fuerit
2871 2503 2929 2558 in
2974 2504 3241 2573 sequenti
3295 2501 3539 2557 articulo
3587 2502 3994 2558 ostendemus.

2347 2594 2403 2648 Si
2436 2594 2568 2665 quis
2597 2610 2729 2648 vero
2762 2590 3020 2664 postulet
3041 2591 3175 2664 quis
3197 2591 3275 2646 sit
3296 2590 3663 2658 Pisistratus,
3688 2590 3856 2661 cujus
3878 2589 3994 2646 hac

2347 2684 2404 2738 in
2437 2700 2496 2739 re
2527 2683 2788 2737 studium
2822 2680 3130 2736 aemulatus
3160 2679 3576 2752 Philadelphus
3609 2696 3642 2735 a
3678 2678 3990 2736 Tertullia-

2349 2789 2420 2827 no
2452 2771 2754 2841 asseritur,
2785 2769 2931 2825 illud
2965 2770 3186 2825 discere
3217 2769 3428 2841 poterit
3467 2785 3535 2824 ex
3582 2768 3676 2823 his
3724 2771 3788 2824 A.
3819 2767 3992 2824 Gellii

2345 2861 2575 2916 verbis:
2610 2882 2637 2910 «
2672 2859 2874 2914 Libros
2904 2859 3148 2914 Athenis
3180 2857 3621 2930 disciplinarum
3657 2857 3993 2913 liberalium

2345 2948 2577 3020 publice
2609 2949 2677 3004 ad
2727 2947 3005 3019 legendos
3056 2947 3326 3019 posuisse
3377 2946 3595 3001 dicitur
3643 2945 3995 3002 Pisistratus

2348 3044 2654 3109 tyrannus.
2691 3059 2718 3086 »
2749 3036 2964 3093 Verum
2997 3037 3067 3092 de
3095 3036 3385 3092 Pisistrati
3432 3035 3761 3108 tyrannide,
3811 3051 3996 3106 quam

2345 3132 2452 3196 ter,
2487 3134 2550 3181 ut
2607 3130 2808 3181 narrat
2865 3125 3215 3194 Herodotus,
3269 3123 3656 3196 recuperavit,
3717 3123 4000 3195 frequens

2350 3216 2502 3287 apud
2578 3216 2772 3271 varios
2850 3215 3186 3287 scriptores,
3247 3214 3562 3279 Laertium,
3619 3212 4001 3279 Pausaniam,

2350 3305 2775 3377 Thucydidem,
2809 3303 3124 3371 lElianum,
3185 3302 3508 3368 Valerium,
3565 3301 3876 3358 Maximum
3940 3307 4004 3358 et

2351 3393 2495 3449 alios
2525 3393 2759 3448 mentio.
2791 3393 2907 3448 Nos
2938 3408 3070 3446 vero
3102 3393 3173 3447 de
3204 3391 3312 3447 hac
3346 3391 3637 3446 Pisistrati
3685 3391 4003 3464 tyrannide

2348 3484 2407 3542 in
2441 3482 2738 3554 superiore
2770 3483 3082 3553 Apparatus
3115 3481 3302 3536 nostri
3349 3485 3508 3536 tome
3556 3479 3803 3553 egimus.
3837 3480 3997 3536 Scri-

2347 3578 2512 3644 ptum
2547 3576 2820 3644 praeterea
2850 3588 2883 3626 a
2913 3570 3089 3626 citato
3124 3569 3415 3625 Pausania
3437 3569 3684 3640 legimus
3705 3569 3999 3641 dissipata

2346 3661 2486 3717 olim
2519 3660 2699 3716 fuisse
2730 3659 2961 3715 Homeri
2993 3660 3276 3731 carmina,
3309 3663 3482 3731 atque
3512 3675 3582 3714 ex
3633 3657 3750 3714 illis
3780 3675 3812 3712 a
3845 3657 3991 3714 Pisi-

2347 3755 2551 3817 strato,
2583 3755 2649 3804 ut
2678 3749 2759 3805 ait
2783 3748 3065 3814 Elianus,
3109 3747 3370 3804 collectis
3401 3747 3724 3803 confectam
3757 3746 3994 3803 Iliadem

2345 3843 2403 3894 et
2462 3839 2769 3911 ()dysseam.
2844 3838 2952 3893 Sed
3033 3841 3269 3908 praestat
3341 3837 3672 3892 Ciceronem
3741 3835 3987 3892 audire:

2351 3949 2377 3981 α
2403 3927 2542 3992 Quis
2558 3927 2799 3994 doctior,
2824 3926 3033 3998 inquit,
3060 3925 3268 3981 iisdem
3293 3925 3672 3996 temporibus,
3695 3930 3796 3980 aut
3817 3927 3991 3996 cujus

2345 4017 2678 4088 eloquentia
2729 4014 2941 4070 litteris
2995 4014 3356 4081 instructior,
3423 4030 3600 4084 quam
3649 4012 3993 4069 Pisistrati?

2345 4106 2443 4177 qui
2496 4106 2722 4177 primus
2774 4103 3004 4160 Homeri
3062 4104 3265 4171 libros,
3322 4102 3597 4158 confusos
3655 4106 3844 4173 antes,
3905 4104 3995 4158 sic

2344 4195 2707 4266 disposuisse
2738 4193 2955 4248 dicitur
2979 4197 3044 4248 ut
3073 4209 3228 4248 nunc
3258 4191 3546 4247 habemus
3567 4190 3594 4245 ει
3614 4191 3738 4246 Non
3765 4190 3873 4246 fuit
3892 4190 3996 4248 ille

2344 4282 2580 4354 quidem
2641 4281 2865 4337 civibus
2942 4281 3067 4336 suis
3121 4280 3308 4345 utilis,
3362 4281 3462 4336 sed
3522 4280 3602 4336 ita
3657 4279 3997 4351 eloquentia

2344 4371 2560 4437 ﬂoruit,
2593 4374 2658 4424 ut
2698 4369 2908 4425 litteris
2956 4369 3337 4441 doctrinaque
3384 4372 3764 4440 praestaret.»
3817 4367 3991 4438 (Gell.

2343 4460 2444 4515 lib.
2477 4476 2552 4525 v1,
2586 4460 2735 4514 Noct.
2768 4460 2928 4514 Attic.
2963 4474 3090 4530 cap.
3128 4459 3213 4526 17,
3265 4475 3300 4529 p
3373 4458 3509 4525 393;
3564 4457 3830 4513 Herodot.
3883 4456 3988 4511 lib.

2342 4549 2564 4621 11,§59
2605 4551 2661 4603 et
2699 4564 2889 4620 seqq.;
2953 4548 3141 4603 Laert.
3202 4546 3261 4600 in
3326 4549 3444 4603 Vita
3498 4545 3752 4613 Solon.§
3803 4546 3874 4600 53
3930 4550 3994 4602 et

555 4655 717 4706 .tum
749 4651 1055 4706 sententia.
1113 4651 1224 4707 Sed
1269 4651 1402 4722 quis
1451 4652 1624 4706 etiam
1677 4651 2020 4707 dii'titebitur
2071 4635 2237 4722 lenge

2348 4655 2509 4709 seqq.
2540 4637 2610 4692 65
2632 4641 2690 4692 et
2738 4653 2925 4708 seqq.;
2979 4641 3230 4691 Pausan.
3284 4635 3386 4691 lib.
3419 4653 3460 4702 ι,
3511 4651 3644 4707 pag.
3694 4636 3729 4690 3
3773 4638 3832 4690 et
3874 4635 3987 4703 2i;

588 4738 920 4794 mirabilius
954 4739 1208 4794 divinam
1262 4740 1686 4812 providentiam
1735 4738 2041 4806 reluxisse,
2093 4739 2142 4795 si
2175 4739 2232 4795 hi

588 4845 623 4884 a
654 4844 716 4883 se
745 4827 990 4885 invicem
1020 4830 1268 4901 separati
1301 4829 1843 4900 interpretationem
1874 4846 2043 4886 suam
2075 4846 2233 4886 com-

587 4918 942 4988 posuerint?

662 5007 911 5062 Instabis
933 5006 1107 5063 hasce
1129 5008 1426 5079 sejunctas
1451 5007 1833 5079 interpretum
1853 5007 2094 5064 cellulas
2118 5025 2231 5064 non

587 5095 856 5153 obscuris
885 5101 1115 5152 tantum
1148 5097 1342 5152 verbis
1368 5097 1655 5161 denotari,
1692 5098 1788 5152 sed
1846 5101 2058 5153 testem
2091 5113 2232 5167 quo-

585 5201 697 5257 que
737 5185 907 5241 citari
951 5185 1262 5254 Aristeam,
1317 5185 1418 5257 qui
1470 5185 1696 5241 nullum
1745 5187 1814 5241 de
1861 5185 1979 5240 illis
2029 5185 2234 5240 habuit

583 5292 937 5331 sermonem.
1014 5275 1122 5329 Sed
1206 5275 1544 5346 responderi
1621 5275 1830 5346 poterit
1885 5273 2233 5329 Tertulliani

583 5365 757 5419 verba
807 5364 952 5420 satis
1000 5363 1158 5419 clara
1215 5364 1400 5419 fuisse
1448 5365 1634 5419 aetatis
1692 5382 1811 5418 suis
1868 5362 2228 5430 hominibus,

581 5469 888 5524 unumque
915 5453 1117 5508 vadem
1145 5452 1216 5507 ab
1245 5469 1310 5508 eo
1338 5454 1538 5508 datum
1569 5469 1581 5507 :
1615 5453 1755 5522 quia
1797 5457 1936 5506 tunc
1967 5466 2228 5506 commu-

583 5541 695 5610 nis,
729 5546 786 5596 et
817 5541 987 5613 quasi
1021 5541 1262 5596 minime
1292 5541 1467 5596 dubia
1498 5545 1624 5596 erat
1665 5541 1787 5595 bsic
1835 5541 1905 5594 de
1937 5539 2228 5595 distinctis

583 5630 821 5686 illorum
868 5631 1253 5703 interpretum
1301 5629 1528 5686 cellulis
1578 5629 1796 5702 opinio.
1857 5629 1996 5694 Quis
2055 5629 2229 5686 etiam

584 5718 944 5774 inﬁciabitur
976 5719 1144 5790 plura
1175 5720 1246 5775 ab
1285 5719 1383 5775 illo
1417 5719 1665 5786 narrari,
1697 5735 1872 5791 quam
1906 5719 1964 5774 in
1993 5716 2229 5774 Aristew

2344 4727 2605 4799 Thucyd.
2639 4725 2740 4781 lib.
2774 4743 2895 4795 vm,
2930 4742 2979 4779 c.
3014 4724 3083 4779 13
3104 4725 3230 4780 Val.
3266 4725 3414 4780 Max.
3465 4724 3568 4779 lib.
3622 4742 3661 4794 ι,
3708 4725 3736 4791 §
3778 4723 3846 4791 2;
3877 4723 3983 4779 lib.

2342 4832 2466 4882 vm,
2498 4831 2548 4872 c.
2577 4814 2649 4881 9;
2683 4814 2872 4869 Exter.
2906 4815 3032 4882 §2;
3064 4817 3208 4869 tom.
3241 4813 3263 4869 Ι
3310 4815 3570 4885 Apparat.
3626 4829 3753 4885 pas.
3804 4812 3944 4867 1176
3969 4837 3986 4871 :

2343 4901 2592 4957 Pausan.
2628 4899 2728 4955 lib.
2779 4917 2878 4968 v11,
2923 4917 3061 4972 pag.
3120 4899 3228 4956 235
3268 4918 3282 4970 ;
3336 4899 3544 4956 Elian.
3601 4899 3727 4955 Var.
3776 4900 3983 4956 Hister.

2342 4989 2442 5046 lib.
2473 5007 2597 5060 xm,
2626 5005 2752 5059 cap.
2791 4989 2894 5058 14,;
2927 4989 3104 5045 Cicer.
3135 4987 3234 5044 lib.
3291 5006 3376 5058 tu,
3426 4989 3499 5045 de
3549 4989 3700 5046 Orat.
3746 5005 3806 5060 p.
3843 4989 3984 5056 1911;

2343 5079 2444 5133 lin.
2478 5080 2592 5146 57.)

2413 5186 2576 5241 Certo
2609 5189 2803 5242 tamen
2837 5185 3236 5242 Tertullianus
3264 5185 3646 5259 pronuntiare
3669 5200 3784 5240 non
3812 5183 3996 5240 audet

2341 5277 2538 5328 utrum
2591 5274 3009 5346 Philadelphus
3057 5275 3236 5346 hujus
3286 5274 3632 5330 instruenda
3689 5273 3994 5328 ditissima

2339 5363 2690 5418 bibliotheca
2721 5364 2982 5419 studium
3033 5379 3232 5419 revera
3279 5362 3590 5418 aemulatus
3639 5361 3836 5426 fuerit,
3881 5362 3990 5416 sed

2337 5452 2484 5507 dixit
2507 5457 2733 5507 tantum
2764 5469 2777 5507 :
2809 5455 3025 5524 opinor,
3074 5452 3131 5507 id
3181 5457 3270 5508 est
3319 5456 3384 5507 ut
3440 5451 3553 5523 ipsi
3605 5450 3993 5506 verisimilius

2336 5542 2660 5597 videbatur.
2719 5541 2981 5597 Vitruvio
3034 5547 3250 5608 autem,
3301 5540 3400 5613 qui
3447 5540 3694 5613 Augusti
3741 5539 3992 5596 Caesaris

2337 5635 2504 5687 citate
2535 5630 2734 5686 ﬂoruit
2781 5630 2830 5686 si
2879 5633 3102 5699 credas,
3156 5630 3508 5687 Ptolemaeus
3555 5627 3991 5701 Philadelphus

2338 5720 2513 5778 hocce
2542 5721 2738 5777 studio
2771 5720 3035 5777 imitatus
3067 5726 3158 5777 est
3195 5738 3359 5794 reges
3406 5718 3712 5776 Attalicos.
3759 5717 3990 5777 Audias
