4262 6390
296 392 413 453 873

1206 392 1274 452 D.
1326 391 1418 450 LE
1464 387 1791 452 NOURRY
1837 387 2490 449 OBSERVATIONES
2537 388 2797 449 NOVIE.

3590 391 3710 452 874

291 524 462 581 velim
498 522 658 579 illius
689 523 902 579 verba:
942 543 970 573 κ
1001 521 1435 594 RegesAttalici
1460 521 1692 594 magnis
1746 520 1936 592 philo-
1969 520 2022 586 Α
2054 518 2155 576 lib.
2187 536 2244 575 νι
2277 520 2426 575 Noct.
2458 521 2569 575 Att.
2606 537 2652 575 ο.
2690 519 2842 590 ult.).
2882 521 2942 576 In
2992 536 3195 577 eorum
3256 524 3452 577 autem
3510 521 3708 596 aliquo

292 614 454 686 logia;
478 612 888 668 dulcedinibus
919 611 1167 681 inducti,
1210 628 1343 666 cum
1384 610 1678 683 egregiam
1728 608 1941 664 biblio-

291 705 520 759 thecam
573 701 837 773 Pergami
890 701 958 755 ad
1038 716 1411 756 communem
1497 698 1944 755 delectationem

293 792 737 858 instruxissent,
772 795 909 845 tunc
942 791 1081 845 item
1130 789 1476 846 Ptolemwus
1536 788 1764 843 inﬁnito
1824 786 1943 842 zelo

296 880 757 953 cupiditatisque
844 880 1119 935 incitatus
1177 878 1395 946 studio,
1442 894 1555 932 non
1616 876 1943 931 minoribus

292 969 602 1025 industriis
626 970 696 1025 ad
730 970 1001 1024 eumdem
1057 968 1296 1024 modum
1356 967 1735 1022 contenderat
1778 964 1941 1019 Alex-

295 1060 510 1115 andriae
574 1060 723 1115 790
780 1075 1138 1130 comparare.
1178 1081 1204 1107 ››
1241 1057 1495 1128 (Vitruv.
1528 1061 1775 1113 Promm.
1836 1054 1939 1109 lib.

291 1151 414 1221 vn.)
447 1151 555 1206 Sed
590 1151 647 1204 in
672 1149 779 1205 hoc
807 1148 904 1205 ille
936 1149 1152 1204 erroris
1174 1148 1246 1203 ab
1279 1148 1411 1203 aliis
1443 1147 1731 1219 arguitur.
1794 1146 1940 1202 Nam

289 1240 685 1311 Alexandrini,
710 1239 1007 1311 inquiunt,
1049 1253 1212 1310 reges
1267 1236 1529 1292 Attalicis
1580 1234 1940 1306 antiquiores

290 1336 474 1385 erant.
506 1332 579 1384 At
612 1328 757 1383 nihil
788 1328 924 1383 inde
947 1326 1215 1383 concludi
1249 1331 1438 1399 potest
1468 1326 1749 1381 adversus
1803 1324 1939 1378 Ter-

288 1419 519 1475 tulliani
555 1418 736 1474 nostri
761 1419 1177 1488 conjecturam.
1214 1415 1556 1471 Pisistratus
1581 1414 1734 1469 enim
1768 1405 1940 1469 etalii

285 1509 506 1580 plures,
539 1508 610 1563 ab
672 1506 948 1562 Athenaeo
1000 1511 1057 1562 et
1089 1505 1415 1578 Epiphanio
1443 1503 1691 1569 laudati,
1728 1501 1938 1557 biblio-

287 1598 490 1653 thecas
549 1596 972 1662 instruxerant,
1031 1613 1178 1667 quos
1265 1592 1677 1665 Philadelphus
1754 1590 1941 1663 potuit

287 1687 506 1745 imitari
533 1687 764 1755 (Athen.
799 1685 905 1741 lib.
942 1686 983 1757 Ι,
1019 1687 1280 1756 Deipnos.
1344 1698 1476 1755 pag.
1510 1683 1542 1736 3
1580 1707 1593 1749 ;
1649 1679 1936 1753 Epiphan.

289 1778 361 1833 de
391 1776 559 1831 Pond.
591 1784 640 1831 et
669 1792 932 1840 mensum,
969 1791 1105 1847 pag.
1140 1774 1283 1846 166).

2058 626 2175 665 una
2206 614 2306 665 aut
2346 609 2561 681 duplex
2622 608 2986 682 Philadelphi
3049 610 3400 667 bibliotheca
3458 612 3712 685 reposita

2056 697 2187 768 fuit,
2262 698 2586 770 plurimum
2665 698 2959 759 enimvero
3008 702 3212 755 auctor
3258 704 3456 756 noster
3514 700 3703 757 verbis

2057 788 2313 858 proxime
2336 788 2528 843 citatis
2553 787 2820 843 meminit
2854 806 2865 853 ;
2913 790 3407 861 quemadmodum
3438 788 3702 846 Ammia-

2056 893 2166 931 nus
2240 876 2629 944 Marcellinus,
2692 878 2786 948 qui
2845 882 2977 948 post
3018 878 3371 949 descriptam
3450 878 3701 951 Serapzei

2055 964 2543 1031 muniﬁcentiam,
2578 964 2661 1021 sic
2697 966 3072 1037 prosequitur
3104 984 3116 1021 :
3158 987 3178 1015 α
3211 968 3273 1023 In
3318 983 3433 1039 quo
3492 967 3701 1024 biblio-

2054 1055 2229 1109 thecas
2264 1056 2501 1110 fuerunt
2531 1054 2968 1111 inmstimabiles
3005 1073 3017 1123 ;
3062 1060 3120 1112 et
3170 1055 3430 1128 loquitur
3493 1074 3704 1113 monu-

2054 1149 2381 1199 mentorum
2426 1148 2685 1200 veterum
2745 1144 3056 1200 concinens
3116 1146 3279 1211 fides,
3336 1146 3707 1219 septingenta

2049 1232 2352 1288 volumina
2384 1232 2591 1303 millia,
2626 1233 2952 1288 Ptolemaeis
2978 1233 3211 1305 regibus
3243 1233 3454 1306 vigiliis
3510 1235 3706 1291 inten-

2051 1322 2125 1377 tis
2184 1321 2525 1393 composita,
2596 1321 2745 1376 bello
2790 1320 3181 1378 Alexandrino
3232 1324 3373 1378 dum
3433 1323 3707 1396 diripitur

2050 1410 2273 1475 civitas,
2309 1412 2418 1467 sub
2452 1410 2731 1466 dictatore
2767 1411 2909 1465 791
2955 1414 3179 1467 Cmsare
3226 1410 3639 1485 conflagrasse.
3677 1436 3704 1464 »

2058 1499 2374 1571 (Ammian.
2438 1498 2832 1570 Marcellinus,
2893 1499 2995 1555 lib.
3057 1518 3196 1569 χχιι,
3244 1516 3373 1573 cap.
3432 1502 3518 1569 16,
3569 1519 3703 1576 pag.

2048 1588 2198 1659 343.)

2124 1686 2301 1743 Unam
2324 1690 2521 1742 autem
2579 1690 2809 1742 tantum
2869 1692 3155 1745 memorat
3212 1688 3547 1759 Athenaeus,
3605 1692 3703 1762 qui

2048 1781 2363 1848 postquam
2394 1775 2547 1832 viros
2577 1778 2887 1848 quosdam,
2913 1776 3324 1834 coacervandis
3344 1777 3509 1834 libris
3532 1780 3701 1835 nobi-

363 1868 665 1932 Cseterum,
697 1864 967 1937 quamvis
998 1869 1153 1919 certa
1175 1866 1329 1919 esset
1349 1858 1693 1916 Tertulliani
1717 1857 1935 1930 opinio,
1976 1895 2020 1959 B
2055 1865 2158 1935 les,
2188 1865 2481 1920 recensuit
2505 1883 2517 1921 :
2542 1886 2570 1915 «
2605 1865 2841 1936 Omnes,
2901 1866 3121 1939 inquit,
3179 1871 3470 1925 mercatus
3518 1868 3705 1925 Ptole-

291 1973 324 2011 a
354 1955 641 2027 Scaligero
668 1959 865 2009 tamen
899 1969 964 2008 eo
995 1951 1254 2024 vapulat,
1280 1950 1432 2021 quod
1465 1965 1580 2005 non
1601 1947 1711 2003 alio
1742 1952 1936 2002 Deme-

288 2045 465 2100 trium
503 2043 847 2100 Phalereum
880 2041 1048 2097 titulo
1080 2039 1462 2108 exornaverit,
1514 2055 1692 2110 quam
1753 2036 1938 2092 Gram-

284 2137 615 2191 maticorum
641 2133 1038 2205 probatissimi.
1064 2130 1395 2197 Enimvero,
1425 2150 1451 2179 ‹‹
1483 2126 1935 2198 parum,inquit,

287 2230 435 2280 notae
470 2222 831 2280 Tertulliano
863 2221 1141 2277 Demetrii
1164 2221 1330 2277 dotes
1366 2219 1616 2274 fuerunt.
1646 2240 1671 2264 ››
1698 2215 1931 2287 (Scalig.

283 2313 403 2369 Not.
434 2316 495 2369 in
526 2313 728 2369 Chron.
762 2312 955 2367 Euseb.
990 2311 1060 2365 ad
1095 2326 1232 2365 ann.
1268 2308 1423 2374 1724,
1463 2323 1592 2378 pag.
1642 2306 1791 2373 133.)
1822 2304 1938 2358 Cur

283 2403 464 2474 igitur
520 2401 543 2455 ?
597 2400 895 2472 Numquid
956 2398 1313 2470 quibusdam
1373 2394 1650 2452 Demetrii
1699 2393 1937 2448 dotibus

288 2490 646 2559 memoratis,
681 2488 826 2545 alias
852 2487 1129 2560 negavit?
1153 2487 1292 2555 Quis
1325 2485 1502 2541 etiam
1528 2484 1749 2554 juranti
1802 2482 1937 2537 Sca-

288 2581 468 2652 ligero
504 2578 675 2633 ﬁdem
710 2576 1024 2634 habiturus
1055 2580 1144 2632 est
1168 2580 1189 2631 Ρ
1212 2575 1412 2633 Nonne
1458 2572 1775 2628 Suetonius
1834 2586 1940 2628 nos

288 2668 503 2726 alicubi
537 2666 848 2722 admonuit
877 2665 1280 2739 grammaticis
1302 2664 1505 2719 datum
1529 2661 1695 2716 initio
1730 2675 1939 2715 nomen

288 2758 703 2827 litteratorum,
736 2755 875 2827 quia
904 2754 1127 2826 aliquid
1160 2756 1328 2809 acute
1371 2751 1737 2822 scienterque
1777 2753 1942 2821 pote-

290 2852 423 2903 rant
452 2846 641 2902 dicere
673 2850 773 2900 aut
796 2845 1041 2915 probare
1073 2842 1101 2896 ?
1136 2844 1390 2911 (Sueten.
1422 2842 1488 2895 de
1519 2840 1700 2894 Illust.
1751 2838 1944 2893 Gram-

287 2937 560 3005 mat.§4,
613 2950 745 3007 pag.
802 2933 928 2986 821.
991 2934 1057 2985 At
1106 2929 1215 2985 hoc
1274 2929 1649 3001 potissimum
1710 2926 1943 2982 nomine

285 3023 683 3081 Tertullianus
767 3019 1129 3075 Demetrium
1189 3017 1469 3081 laudavit,
1528 3014 1807 3086 quoniam
1876 3014 1945 3068 de

284 3112 653 3169 bibliothecae
670 3110 1015 3183 praefectura
1038 3107 1151 3179 ipsi
1175 3124 1207 3161 a
1230 3104 1610 3177 Philadelpho
1633 3102 1947 3158 commissa

286 3202 636 3258 disserebat.
666 3199 770 3254 Cui
812 3203 1012 3254 autem
1071 3194 1283 3251 melius
1344 3193 1687 3249 demandari
1737 3191 1943 3263 potuit,

287 3308 465 3364 quam
496 3287 1017 3362 grammaticorum
1073 3283 1515 3358 probatissimo,
1558 3282 1615 3337 id
1676 3284 1764 3337 est
1820 3280 1941 3335 viro
1974 3268 2016 3335 C

286 3380 447 3435 varia
463 3379 789 3435 eruditione
820 3375 1079 3449 przedito,
1109 3374 1207 3445 qui
1234 3373 1412 3428 libros
1444 3388 1648 3427 omnes
1706 3386 1938 3427 eorum-

292 3487 405 3542 que
432 3468 685 3542 pretium
718 3468 983 3540 apprims
1014 3467 1253 3519 noverat
1278 3462 1305 3516 ‘2

891 3632 1097 3673 ARTICU
1109 3631 1214 3671 LUS
1256 3631 1339 3671 III.

302 3733 416 3799 Qua
440 3730 501 3783 in
523 3722 1409 3799 Philadelphibibliothecalibri
1439 3736 1722 3799 sacrarum
1755 3719 1949 3799 Scrip-

376 3810 639 3857 turaram
688 3793 933 3870 repositi,
1000 3797 1096 3870 ubi
1151 3812 1216 3850 ea
1255 3793 1581 3849 bibliotheca
1618 3796 1946 3870 constructa,

374 3882 612 3945 quantas
680 3867 762 3925 ἐπ’
818 3870 916 3924 illa
962 3869 1613 3945 Alibrorum_numeri_ts,
1691 3881 1764 3945 an
1832 3867 1950 3945 tota

374 3934 628 4001 inccndio
686 3943 1027 4010 consumpta,
1077 3938 1339 4010 quomodo
1396 3938 1574 4010 sacri,
1609 3935 1815 4010 codices
1872 3934 1950 3989 ad

374 4017 713 4072 Christianos
743 4006 1108 4082 perveherinti
1123 4026 1186 4063 ac
1214 4010 1282 4082 de
1323 4009 1577 4078 vectigali
1635 4006 1953 4062 Iudaeorum

373 4088 448 4144 ad
479 4102 567 4141 eos
594 4080 818 4156 publice
849 4080 1169 4137 lectitandos
1206 4081 1485 4135 libertate.

376 4224 697 4291 Postquam
728 4212 1128 4271 Tertullianus
1170 4213 1333 4268 illam
1392 4228 1627 4267 omnem
1689 4209 1954 4267 codicum

306 4328 484 4368 sacras
514 4306 847 4379 Scriptura},
881 4321 983 4359 seu
1012 4302 1315 4370 Hebraica,
1351 4318 1452 4357 seu
1509 4304 1706 4356 Graeca
1759 4299 1960 4371 lingua

307 4398 635 4470 descriptas,
689 4393 1083 4449 narrationem
1130 4391 1447 4460 contexuit,
1501 4396 1625 4444 tum
1685 4389 1959 4445 continuo

308 4492 563 4557 enarrat,
620 4484 722 4540 ubi
771 4484 965 4539 cuncti
1015 4481 1101 4536 illi
1159 4481 1387 4537 codices
1463 4481 1958 4535 asservabantur:

312 4576 572 4647 «Hodie,
605 4574 816 4645 inquit,
845 4573 999 4644 apud
1057 4573 1387 4642 Serapaaum
1443 4568 1734 4624 Ptolemazi
1790 4566 1963 4622 bibli-

2067 1970 2249 2009 mseus
2315 1970 2413 2008 rex
2444 1958 2662 2025 noster,
2693 1955 3038 2025 cognomine
3072 1954 3507 2028 Philadelphus,
3569 1974 3702 2013 cum

2046 2044 2116 2097 iis
2151 2060 2296 2115 quos
2336 2042 2576 2098 Athenis
2606 2047 2663 2099 et
2710 2044 2897 2099 Rhodi
2947 2048 3191 2117 emerat,
3252 2043 3326 2106 ιὶς
3372 2044 3471 2113 τήν
3530 2043 3705 2113 καλὴν

2048 2128 2452 2206 Ἀλεξάνδρειαν
2515 2132 2824 2207 μετήγαγε;
2903 2135 2959 2189 in
3009 2135 3300 2205 pulchram
3372 2136 3709 2192 Alexandri-

2047 2238 2178 2275 nam
2211 2221 2593 2277 bibliothecam
2624 2222 2924 2277 transferri
2957 2224 3199 2279 curavit.
3233 2245 3260 2274 »
3295 2224 3532 2293 (Athen.
3565 2224 3708 2282 lib.1

2050 2312 2301 2382 Deipnos.
2378 2327 2509 2382 pag.
2568 2311 2665 2382 '3.)
2750 2311 3031 2367 Similiter
3081 2312 3393 2369 Eusebiani
3451 2313 3712 2370 Chronici

2049 2405 2286 2455 auctor:
2322 2422 2348 2448 ‹‹
2386 2398 2751 2467 Ptolemaeus,
2785 2399 2997 2471 inquit,
3032 2399 3450 2473 Philadelphus
3481 2402 3710 2459 divinas

2050 2489 2377 2561 Scripturas
2409 2488 2466 2543 in
2500 2488 2760 2545 Graecam
2792 2505 2988 2546 vocem
3045 2507 3113 2546 ex
3170 2490 3453 2547 Hebraica
3505 2491 3710 2564 lingua

2051 2594 2153 2650 per
2188 2577 2323 2632 LXX
2378 2577 2728 2649 interpretes
2784 2579 3103 2635 transferre
3151 2578 3393 2650 curavit,
3444 2596 3591 2652 quas
3648 2580 3708 2636 in

2051 2666 2446 2723 Alexandrina
2469 2666 2820 2722 bibliotheca
2850 2666 3077 2736 habuit,
3104 2684 3281 2741 quam
3312 2668 3425 2725 sibi
3456 2686 3525 2726 ex
3549 2668 3709 2726 omni

2052 2772 2263 2829 genere
2294 2755 2636 2813 litteratum
2662 2762 3098 2829 comparaverat
3127 2777 3153 2810 ι
3210 2758 3445 2830 (Euseb.
3499 2758 3700 2818 Chron.

2054 2847 2126 2901 ad
2159 2863 2296 2901 ann.
2334 2846 2517 2917 1734).

2126 2946 2193 2999 At
2215 2944 2594 3016 Epiphanius,
2637 2944 2746 3000 etsi
2783 2945 2932 3001 duas
2985 2945 3254 3017 designet
3303 2946 3711 3016 bibliothecas,

2058 3036 2114 3088 in
2146 3034 2254 3088 hoc
2287 3037 2480 3089 tamen
2541 3050 2574 3088 a
2626 3034 2987 3091 Tertulliano
3046 3041 3246 3091 nostro
3300 3040 3356 3092 et
3403 3037 3714 3093 Ammiano

2057 3121 2393 3178 Marcellino
2451 3122 2744 3190 dissentit,
2789 3125 2942 3194 quod
2997 3141 3174 3180 sacras
3257 3125 3569 3197 Scriptura;
3644 3126 3715 3180 li-

2057 3212 2193 3267 bros
2219 3212 2278 3265 in
2327 3210 2601 3277 Bruchio,
2660 3216 2716 3267 et
2770 3211 3011 3283 Aquilae,
3068 3213 3403 3286 Symmachi
3457 3220 3514 3270 et
3568 3214 3719 3272 The-

2057 3300 2350 3356 odotionis
2423 3299 2943 3371 interpretationes
3030 3301 3088 3357 in
3168 3303 3393 3359 minore
3447 3303 3715 3376 Serapeo

2053 3390 2274 3461 positos
2308 3389 2487 3445 fuisse
2520 3394 2764 3446 asserat.
2798 3391 2974 3446 Suam
3004 3391 3221 3447 etenim
3253 3392 3324 3448 de
3352 3392 3548 3450 Graeca
3580 3393 3711 3449 illo-

2056 3496 2185 3534 rum
2217 3479 2693 3550 interpretatione
2727 3481 3121 3536 narrationem
3153 3480 3246 3537 his
3274 3482 3465 3538 verbis
3527 3482 3716 3539 absol-

2052 3570 2180 3626 vit:
2228 3567 2295 3620 At
2344 3560 2529 3641 βίϐλοι
2570 3565 2646 3628 εἲς
2707 3564 2972 3637 ὲλληνίδα
3025 3566 3317 3634 ἐκτεθεῖσαι
3377 3570 3708 3642 ἀπετέθησαν

2057 3655 2107 3710 ἐν
2141 3659 2208 3729 τῇ
2258 3658 2449 3731 πρώτῃ
2486 3649 2818 3730 βιϐλιοθήκῃ
2850 3660 2918 3731 τῇ
2941 3656 2992 3711 ἐν
3025 3660 3093 3731 τῇ
3128 3658 3383 3734 Βρουχίῳ
3414 3656 3714 3734 οἰκοδομη-

2058 3744 2222 3819 esto—9'
2284 3743 2363 3798 ἔτι
2413 3741 2484 3797 δι’
2542 3742 2759 3820 ὕστεράν
2810 3746 2898 3800 καὶ
2950 3745 3101 3823 ἑτέρα
3132 3745 3337 3821 ἐγένετο
3373 3743 3709 3823 βιϐλιοθήκῃ

2058 3835 2107 3889 ἐν
2140 3838 2218 3906 τῷ
2272 3833 2567 3907 Σεραπίῳ,
2618 3835 2911 3909 μικροτέρα
2964 3842 3063 3905 τῆς
3123 3837 3389 3911 πρώτης,
3448 3837 3571 3906 ἥτις
3629 3838 3719 3894 καὶ

2061 3924 2302 3999 θυγάτηρ
2380 3923 2689 3995 ὠνόμασται
2767 3925 2982 3994 αὐτῆς,
3062 3924 3112 3980 ἐν
3191 3928 3227 3996 ᾖ
3285 3925 3723 3997 ἀπετὲθησαν,οἱ

2060 4018 2157 4067 τοῦ
2216 4012 2435 4080 Ἀκύλα,
2486 4012 2574 4067 καὶ
2645 4015 2979 4089 Συμμάχου,
3038 4014 3127 4070 καὶ
3189 4012 3577 4085 Θεοδοτίωνος,
3634 4017 3725 4071 καὶ

2061 4107 2167 4157 τῶν
2234 4101 2443 4157 λοιπῶν
2504 4101 2811 4177 ἆρμηνεῖαι,
2866 4105 3001 4175 μετὰ
3059 4101 3427 4160 διακοσιοστὸν
3479 4104 3568 4160 καὶ
3601 4126 3727 4163 πεν-

2062 4192 2325 4261 τηκοστὸν
2384 4186 2527 4254 ἔτος.
2590 4194 2745 4249 Libri
2791 4195 2878 4250 illi
2932 4196 2987 4249 in
3041 4195 3290 4251 Gra’cum
3343 4198 3621 4263 translati,
3670 4200 3733 4253 in

2064 4284 2244 4355 priore
2328 4282 2675 4348 bibliotheca,
2760 4300 2885 4355 quae
2956 4286 3016 4338 in
3067 4284 3306 4340 Brachia
3342 4285 3595 4355 fundata.
3654 4290 3734 4342 est

2068 4372 2295 4441 repositi
2348 4381 2492 4427 sunt.
2573 4372 2817 4429 Posthazc
2894 4372 3009 4428 alia
3085 4390 3282 4429 rursus
3371 4376 3431 4429 in
3503 4375 3732 4447 Serapio

2071 4460 2406 4516 bibliotheca
2435 4464 2734 4516 constituta
2764 4462 3028 4530 est,longe
3057 4463 3156 4517 illa
3189 4463 3540 4534 minor,qua:
3571 4465 3734 4536 hujus

2071 4551 2197 4619 ﬁlia.
2245 4549 2546 4619 dicebatur,
2610 4552 2669 4604 in
2730 4567 2901 4621 quam
2923 4550 3163 4622 Aquila
3199 4550 3539 4624 Symmachi,
3572 4554 3732 4611 Theo-

311 4668 526 4727 othecze
558 4681 693 4721 cum
724 4662 871 4735 ipsis
904 4660 1205 4716 Hebraicis
1258 4658 1473 4714 litteris
1534 4657 1899 4714 exhibentur.
1937 4679 1950 4706 )

2074 4640 2336 4704 (talionis,
2397 4642 2449 4693 et
2507 4638 2762 4695 aliorum
2808 4640 3069 4695 editiones
3126 4644 3390 4709 congesta:
3448 4649 3577 4697 sunt
3620 4651 3740 4714 post

313 4753 684 4829 (Tertullian.
720 4750 1008 4822 Apologct.
1050 4765 1171 4820 cap.
1240 4748 1326 4814 18,
1384 4763 1515 4819 pag.
1580 4746 1683 4815 19).
1744 4745 1969 4810 Quibus

313 4862 454 4901 sane
502 4842 694 4899 verbis
755 4839 1013 4895 declarat
1067 4838 1175 4893 hos
1238 4836 1545 4891 Hebraicos
1625 4835 1970 4905 Graecosque

313 4932 537 4989 Veteris
566 4928 927 4985 Testamenti
960 4928 1141 4983 libros
1174 4925 1458 4997 repositos
1490 4924 1670 4981 fuisse
1693 4926 1751 4979 in
1802 4926 1969 4980 Sera-

316 5039 458 5095 pmo,
492 5021 599 5075 hoc
626 5023 735 5091 est,
766 5018 1063 5089 Serapidis
1095 5015 1337 5088 templo,
1395 5015 1551 5086 quod
1610 5014 1969 5070 Alexandria)

318 5113 681 5169 exstructum
763 5108 972 5162 fuerat.
1051 5112 1193 5161 Nam
1240 5105 1687 5176 Chrysostomus
1756 5103 1973 5159 diserte

319 5198 663 5276 pronuntiat
692 5195 823 5251 illos
854 5196 924 5251 ab
958 5196 1065 5251 hoc
1098 5194 1400 5251 Ptolemaeo
1435 5193 1814 5265 Philadelpho
1856 5193 1971 5249 col-

320 5292 541 5347 locatos
572 5285 753 5341 fuisse
776 5281 851 5346 εἷς
881 5282 944 5338 τὸ
974 5286 1070 5337 τοῦ
1120 5278 1419 5359 Σεράπιδος
1477 5282 1642 5357 ἱερὸν,
1694 5285 1754 5337 in
1810 5283 1973 5338 Sera-

316 5380 467 5454 pidis
499 5373 783 5447 templum
814 5372 1134 5445 (Chrysost.
1186 5376 1332 5429 orat.
1368 5373 1418 5440 1,
1462 5372 1587 5426 adv.
1645 5370 1768 5427 Jud.
1830 5375 1968 5425 tom.

324 5472 375 5541 1,
416 5483 549 5541 pag.
582 5465 707 5532 394,
740 5462 877 5519 edit.
922 5460 1172 5534 Morel.).
1201 5466 1275 5516 At
1306 5460 1366 5517 in
1398 5477 1485 5527 eo,
1520 5461 1672 5532 quod
1704 5460 1973 5531 magnifi-

324 5556 514 5615 centia
546 5570 654 5613 sua
682 5550 812 5622 soli,
844 5549 1019 5607 sicuti
1049 5550 1264 5606 Gellius
1299 5554 1353 5605 et
1372 5549 1718 5605 Ammianus
1742 5547 1977 5603 Marcel-

324 5647 484 5703 linus
515 5642 840 5719 perhibent,
900 5639 1179 5715 Capitolio
1232 5638 1493 5708 cedebat,
1557 5637 1725 5713 plura
1775 5636 1976 5711 procul

334 5736 509 5797 dubio
541 5738 707 5794 erant
748 5736 1021 5809 separata
1052 5749 1085 5791 a
1114 5747 1176 5790 se
1218 5728 1467 5788 invicem
1516 5728 1759 5788 aediﬁcia
1806 5728 1975 5803 (Gell.

616 5867 879 5927 ΡΑι-ιιοι..
929 5862 977 5922 I.

2077 4744 2247 4783 annos
2308 4726 2427 4782 CCL
2486 4727 2798 4800 (Epiphan.
2858 4728 2921 4784 de
2978 4730 3153 4786 Pond.
3209 4738 3260 4786 et
3317 4732 3736 4801 Mensar.§1l,

2078 4833 2207 4887 pag.
2270 4817 2413 4888 168).
2489 4816 2657 4873 Vides
2716 4834 2856 4873 sane
2918 4817 3086 4873 illum
3130 4818 3189 4873 in
3250 4818 3359 4875 hoc
3417 4837 3552 4876 cum
3610 4821 3742 4878 aliis

2079 4906 2429 4974 consentire,
2464 4908 2617 4977 quod
2651 4907 2945 4979 duplicem
2977 4912 3204 4964 asserat
3255 4909 3439 4966 fuisse
3494 4909 3740 4967 Alexan-

2080 4996 2310 5051 drinam
2361 4995 2812 5065 bibliothecam;
2882 4996 2940 5051 in
3021 5014 3085 5053 eo
3157 5003 3357 5054 autem
3434 4999 3739 5068 dissidere,

2082 5085 2233 5157 quod
2271 5102 2452 5140 unam
2486 5085 2543 5139 in
2578 5086 2850 5155 Bruchio,
2885 5085 3127 5142 alteram
3152 5088 3442 5144 minorem
3462 5088 3520 5143 in
3571 5089 3737 5144 Sera-

2081 5175 2174 5247 pio
2233 5174 2529 5230 ccnditam
2581 5191 2709 5231 esse
2750 5175 2910 5231 velit.
2960 5177 3164 5233 Utrum
3221 5194 3356 5233 vero
3411 5178 3529 5232 haec
3581 5176 3739 5232 illius

2082 5263 2266 5320 solius
2298 5263 2494 5336 opinio
2526 5263 2661 5321 aliis
2678 5264 2938 5337 praeferri
2968 5266 3192 5335 debeat,
3224 5269 3392 5321 tuum
3424 5270 3549 5322 esto
3591 5265 3744 5337 judi-

2082 5370 2260 5410 slum.

2151 5463 2236 5517 Ab
2264 5462 2374 5518 hac
2434 5478 2609 5533 porro
2671 5460 3021 5518 difficultate
3077 5462 3127 5515 si
3184 5465 3240 5517 te
3292 5462 3637 5535 expedieris,
3686 5463 3748 5519 in

2085 5550 2328 5607 alteram
2386 5550 2557 5623 longe
2617 5552 2901 5622 majorem
2944 5549 3251 5605 confestim
3310 5550 3553 5609 incides.
3597 5557 3746 5610 Nam

2084 5640 2480 5698 Tertullianus
2531 5641 2601 5698 de
2644 5640 2869 5698 Veteris
2915 5639 3275 5697 'l‘estamenti
3329 5640 3541 5700 Graecis
3597 5644 3750 5703 codi.

2089 5730 2255 5791 cibus
2287 5730 2551 5804 loquitur
2578 5734 2859 5804 tanquam
2894 5729 2955 5789 in
2977 5728 3079 5789 illa
3108 5729 3497 5793 Alexandrina
3541 5734 3748 5795 biblio-

3385 5865 3465 5927 28
