4262 6424
650 477 771 538 875

1198 477 1725 539 TERTULLIANI
1767 477 2091 540 OPERUM
2133 480 2334 540 PARS
2378 479 2425 539 Ι.
2458 512 2537 525 --
2565 477 2841 539 SERIES
2885 479 2933 546 1,
2978 478 3549 540 APOLOGETICA.

3937 482 4051 542 876

651 611 822 667 theca
868 625 973 667 suo
1031 609 1220 666 adhuc
1264 613 1525 682 tempore
1575 610 1891 668 asservatis
1948 616 2122 683 atque
2208 627 2303 667 ex-
2331 614 2386 681 Α
2488 613 3146 683 Caeterum,quanquam
3169 609 3382 682 aliquis
3404 615 3603 667 contra
3623 610 3776 668 hanc
3802 612 3879 668 Ch
3898 629 4047 685 ryso-

653 698 1190 756 etantibus.Contra
1205 715 1336 755 vero
1366 699 1709 759 Ammianus
1738 698 2303 767 Marcellinus,utvi-

656 789 776 845 dim
788 787 1096 856 us,diserte
1113 787 1322 842 asserit
1340 787 1556 843 hancce
1569 788 1884 859 ipsammet
1897 788 2307 844 bibliothecam

658 877 796 932 bello
815 875 1186 932 Alexandrino
1215 876 1312 930 sub
1343 875 1615 931 dictatore
1672 877 1884 932 Casarc
1937 879 2312 948 conﬂagrasse

653 963 926 1035 (Marcell.
962 964 1061 1019 lib.
1096 979 1236 1035 xxxi,
1268 981 1394 1036 cap.
1425 966 1509 1034 16,
1544 981 1656 1037 pag
1710 966 1855 1037 341).
1891 965 2075 1021 Aulus
2131 967 2308 1021 etiam

651 1053 873 1110 Gellius
890 1057 1309 1109 testamentum
1331 1054 1853 1110 facitincensatum
1875 1055 2052 1110 fuisse
2066 1057 2135 1110 ab
2150 1053 2311 1110 auxi-

647 1135 833 1198 liariis
853 1141 1142 1197 militibus
1161 1141 1532 1215 septingenta
1553 1143 1732 1199 ferme
1748 1143 2108 1198 voluminum
2126 1142 2311 1198 millia

651 1231 816 1304 (Gell.
851 1231 889 1287 l.
924 1249 999 1299 γι,
1031 1234 1182 1288 Noct.
1216 1235 1375 1288 Attic.
1409 1250 1537 1305 cap.
1565 1235 1649 1301 17,
1683 1251 1814 1306 pag.
1865 1235 2011 1306 394).
2069 1234 2310 1305 Utrique

650 1321 795 1378 Dion
829 1322 1136 1393 suffragari
1170 1321 1417 1391 videtur,
1452 1323 1550 1394 qui
1573 1325 1653 1378 ait
1697 1323 1982 1379 Achillam
2016 1328 2172 1378 recta
2213 1338 2307 1378 ve-

651 1411 811 1468 nisse
847 1410 1279 1481 Alexandriam,
1341 1414 1514 1483 atque
1564 1412 1635 1468 ab
1686 1429 1751 1468 eo
1807 1412 2124 1468 commissa
2175 1429 2308 1467 cum

651 1501 872 1558 Ciesare
903 1499 1186 1556 dictatore
1208 1499 1372 1555 varia
1402 1499 1621 1571 praelia,
1657 1500 1958 1572 multaque
2012 1501 2165 1556 facta
2220 1500 2308 1554 in-

651 1589 875 1645 cendia.
933 1589 1043 1648 Τᾶς
1104 1583 1159 1641 δὲ
1214 1587 1494 1656 ἀποθήκας
1553 1588 1640 1642 καὶ
1689 1586 1787 1642 τοῦ
1845 1587 2013 1658 σίτου,
2065 1587 2153 1641 καὶ
2203 1592 2307 1642 τῶν

657 1673 863 1755 βίϐλων
923 1677 1192 1734 πλείστων
1257 1675 1322 1748 δὴ
1382 1679 1469 1732 καὶ
1518 1678 1773 1753 ἀρίστων,
1833 1678 1904 1732 ὥς
1961 1699 2107 1751 φασι,
2160 1699 2307 1751 γενο-

655 1767 826 1842 μένων
875 1769 1164 1838 καυθῆναι.
1215 1771 1279 1825 Et
1319 1768 1607 1841 apothecas
1662 1770 1782 1825 sive
1840 1768 2016 1824 cellas
2059 1772 2312 1839 frumen-

650 1861 695 1916 tt
760 1867 813 1916 et
898 1859 1165 1915 librorum
1239 1860 1611 1930 plurimorum
1697 1867 1748 1914 et
1819 1859 2180 1930 optimorum,
2247 1859 2312 1912 ut

651 1951 857 2050 Eatur,
889 1949 1252 2019 conﬂagrasse
1284 1947 1474 2016 (Dion.
1506 1947 1606 2002 lib.
1640 1963 1775 2017 xui,
1809 1947 1958 2002 Rom.
1992 1949 2140 2003 Hist.
2175 1961 2306 2018 pag.
2338 1985 2386 2050 Β

650 2037 805 2108 228).

724 2125 873 2188 Quin
903 2125 1076 2180 etiam
1102 2123 1460 2196 Epiphanius
1485 2123 1776 2178 memorias
1800 2124 2056 2196 prodidit
2099 2122 2306 2176 biblio-

653 2213 1064 2284 thecam,792
1089 2214 1284 2286 qumin
1306 2229 1372 2268 ea
1418 2212 1780 2268 Alexandriae
1801 2212 1964 2268 urbis
1996 2217 2118 2266 erat
2157 2210 2304 2284 regi-

653 2317 966 2374 one,quam
999 2301 1318 2357 Bruchium
1351 2303 1876 2372 vocant,desertam
1910 2317 2016 2356 suo
2048 2306 2308 2372 tempore

655 2392 838 2448 fuisse
859 2391 1164 2463 (Epiphan.
1189 2391 1252 2446 de
1272 2390 1444 2446 Pond.
1478 2395 1528 2446 et
1558 2391 1792 2446 Mensur.
1831 2392 1856 2460 Ξ
1916 2391 2002 2454 10,
2045 2407 2100 2462 ρ.
2163 2390 2304 2455 166).

651 2482 721 2536 At
772 2480 829 2534 in
878 2495 946 2534 ea
1001 2480 1308 2552 repositos,
1364 2479 1447 2532 uti
1507 2479 1780 2545 vidimus,
1851 2479 2073 2533 dixerat
2129 2494 2306 2533 saeraa

648 2569 963 2640 Scripturas
992 2569 1423 2638 codices.Atqui
1448 2568 1495 2623 si
1522 2567 1642 2622 haec
1695 2567 2047 2623 bibliotheca
2079 2568 2307 2622 deserta

647 2655 781 2724 fuit,
815 2661 989 2727 atque
1021 2657 1207 2711 multo
1231 2656 1420 2727 magis
1444 2657 1489 2709 si
1520 2654 1918 2710 Alexandrina:
1937 2655 2305 2709 bibliotheca:

639 2747 766 2817 jam
796 2745 925 2816 ipsa
954 2746 1194 2800 Caesaris
1225 2750 1392 2799 tetate
1433 2745 1747 2799 combustae
1781 2750 1940 2814 sunt,
1975 2761 2112 2814 qua,
2145 2761 2304 2798 ama-

645 2832 720 2887 bo
750 2836 826 2898 te,
858 2832 1080 2886 ratione
1110 2831 1508 2886 Tertullianus
1536 2831 1727 2886 dicere
1775 2831 1965 2901 potuit
1997 2849 2010 2886 :
2045 2854 2074 2880 «
2123 2831 2306 2886 Hodie

647 2919 801 2990 apud
833 2923 1186 2990 Serapeum,
1219 2919 1518 2974 Ptolemzei
1565 2918 1923 2975 bibliothecae
1981 2936 2112 2973 cum
2159 2920 2305 2991 ipsis

648 3007 946 3063 Hebraicis
976 3007 1183 3063 litteris
1229 3008 1599 3075 exhibentur,
1633 3012 1687 3062 et
1713 3008 1895 3064 Judaei
1920 3007 2110 3079 palam
2148 3009 2307 3062 lecti-

643 3096 893 3166 tant‘h)
926 3095 1271 3151 Tertullian.
1302 3096 1578 3166 Apologct.
1613 3112 1740 3168 cap.
1794 3098 1898 3165 18.)
1932 3097 2308 3168 Respondent

644 3185 827 3257 aliqui
877 3185 1025 3240 duas
1083 3184 1292 3240 saltem
1342 3185 1401 3239 in
1445 3200 1510 3240 eo
1560 3184 1740 3241 fuisse
1774 3185 2178 3243 bibliothecas.
2234 3189 2307 3256 At

643 3291 783 3342 una,
813 3275 1108 3345 inquiunt,
1143 3273 1374 3328 incendi
1421 3273 1632 3344 potuit,
1695 3279 1753 3328 et
1809 3273 2013 3341 altera,
2070 3274 2129 3329 in
2189 3291 2308 3345 qua

2421 701 2592 756 stomi
2618 699 2983 770 aliorumque
3005 699 3354 755 sententiam
3378 699 3674 756 evidenter
3727 700 4054 772 probaverit

2420 796 2654 846 exustos
2706 788 2885 843 fuisse
2937 787 3042 842 bos
3091 787 3339 855 codices,
3391 803 3600 860 negare
3656 793 3852 846 tamen
3945 807 4050 846 non

2421 879 2635 949 poterit
2667 883 2800 932 ante
2849 876 2993 930 illud
3049 876 3383 931 incendium
3435 877 3830 949 multiplicata
3880 879 4052 936 fuisse

2419 966 2653 1022 illorum
2684 965 3056 1036 exemplaria,
3089 982 3154 1020 ac
3186 965 3356 1037 plura
3414 965 3694 1022 Hebraica
3744 984 3778 1023 a
3822 967 4050 1039 Iudaeis,

2421 1062 2476 1110 et
2502 1058 2698 1111 Graeca
2727 1055 2797 1110 ab
2831 1053 2962 1110 aliis
3017 1055 3328 1126 descripta,
3387 1072 3513 1126 qua:
3571 1055 3879 1126 diligenter
3928 1074 4050 1112 con-

2421 1150 2650 1200 servata
2707 1148 2863 1199 sunt.
2915 1141 3126 1198 Nullus
3170 1144 3463 1198 enimvero
3515 1144 3822 1200 dubitandi
3899 1145 4053 1202 locus

2421 1237 2530 1299 est,
2563 1233 2700 1304 quin
2736 1232 2920 1287 multa
2952 1231 3189 1303 quidem
3239 1233 3308 1287 ad
3364 1232 3727 1290 Christianos
3786 1252 4052 1308 pervene-

2422 1322 2556 1377 rint.
2591 1322 2716 1376 Non
2747 1338 2934 1393 pauca
2965 1321 3178 1376 etenim
3205 1320 3400 1377 Graaca
3433 1323 3774 1379 testimonia
3804 1326 3865 1380 in
3916 1325 4052 1381 Novi

2421 1411 2777 1467 Tcstamenti
2801 1409 2966 1465 libris
2999 1409 3179 1465 citata
3209 1411 3604 1481 reperiuntur.

2493 1520 2774 1571 Praeterea
2795 1533 2924 1572 vero
2945 1516 3228 1572 Hebraica
3247 1518 3583 1590 apographa
3603 1519 4053 1592 diligentissime

2422 1607 2493 1661 ab
2527 1606 2736 1660 iisdem
2755 1605 2978 1660 Judasis
3008 1609 3481 1662 asservabantur.
3517 1611 3594 1663 De
3647 1608 3720 1663 iis
3780 1625 4048 1681 namque,

2421 1697 2522 1766 qui
2573 1712 2679 1748 suo
2747 1700 3006 1765 tempore
3071 1693 3358 1762 vivebant,
3428 1695 3575 1751 dixit
3659 1697 4047 1755 Tertullianus

2421 1790 2619 1839 noster
2652 1783 2879 1841 :Judzci
2905 1783 3095 1854 palam
3126 1783 3372 1838 lectitant
3404 1802 3422 1838 :
3445 1786 3726 1854 vectigalis
3783 1787 4002 1843 libertas
4036 1804 4048 1844 :

2420 1873 2579 1942 eulgo
2608 1873 2801 1927 aditur
2827 1871 3082 1927 Sabbalis
3111 1873 3655 1929 omnibus.Audisne
3681 1891 3858 1946 quam
3889 1875 4049 1932 lucu-

2421 1960 2606 2016 lenter
2659 1959 2754 2014 ille
2803 1960 3052 2015 affirmet
3103 1960 3355 2031 Judazos,
3420 1960 3670 2034 singulis
3726 1964 4050 2037 quibusque

2417 2049 2688 2105 Subhatis
2711 2049 2769 2102 in
2801 2049 3114 2121 synagogis
3135 2049 3262 2105 suis
3294 2056 3698 2123 congregatos,
3757 2052 3948 2124 palam
3997 2060 4050 2110 et

2417 2137 2788 2192 audientibus
2812 2135 3408 2202 omnibus,lectitasse
3447 2138 3554 2194 hos
3579 2157 3774 2196 sacros
3806 2142 4048 2212 codices,

2415 2226 2725 2282 vernacula
2753 2243 2862 2281 sua
2891 2225 3092 2298 lingua
3122 2227 3528 2299 conscriptos?
3560 2229 3737 2300 Atqui
3779 2247 3904 2286 mos
3959 2231 4050 2287 ille

2418 2319 2552 2368 ante
2578 2319 2632 2368 et
2663 2318 2793 2384 post
2823 2313 3120 2368 Christum
3144 2314 3483 2384 Dominum,
3507 2320 3682 2388 atque
3707 2317 3779 2373 ab
3798 2304 4049 2390 ahtiquis

2416 2403 2780 2474 temporibus
2810 2401 3144 2458 inoleverat.
3194 2405 3341 2459 793
3400 2404 3477 2459 De
3539 2405 3713 2461 Paulo
3765 2408 4049 2479 siquidem

2417 2493 2663 2563 ejusque
2695 2491 2868 2546 sociis
2901 2492 2958 2546 in
3008 2492 3249 2548 Actibus
3298 2493 3702 2565 Apostolorum
3763 2499 4049 2554 memorias

2416 2581 2710 2652 proditum
2770 2584 2902 2637 est:
2956 2582 3048 2636 Illi
3099 2599 3225 2636 vero
3290 2588 3734 2653 perlranseuntes
3819 2588 4048 2658 Pergcn,

2411 2678 2784 2742 pervenerunt
2805 2670 3150 2725 Antiochiam
3185 2672 3433 2739 Pisidiae,
3487 2677 3536 2729 et
3595 2676 3832 2745 ingressi
3876 2678 4050 2749 Syna-

2414 2777 2607 2829 gogam
2665 2760 2758 2814 die
2824 2759 3177 2814 sabbatorum
3245 2761 3519 2818 sederunt.
3577 2769 3707 2820 Post
3762 2765 4052 2823 lectionem

2415 2856 2597 2902 autem
2654 2849 2813 2915 chis
2867 2852 2917 2904 et
2972 2848 3377 2920 Prophetarum
3456 2851 3663 2907 Paulus
3735 2853 4053 2910 Iudaeorum

2415 2949 2600 3004 rogatu
2631 2953 2931 2992 sermonem
2959 2937 3028 2992 ad
3059 2954 3147 2993 eos
3174 2939 3362 2994 habuit
3394 2940 3526 3011 (Act.
3559 2958 3687 3011 xm,
3720 2943 3784 2997 14
3845 2947 4049 3015 seqq).

2417 3025 2550 3080 Post
2581 3025 2702 3080 haec
2731 3042 2886 3096 vero,
2914 3025 3034 3081 haec
3067 3026 3277 3082 ibidem
3313 3026 3526 3084 litteris
3557 3031 3837 3087 mandata
3892 3032 4054 3088 inve-

2417 3114 2542 3169 nies
2575 3130 2589 3170 :
2623 3118 2837 3186 Moyses
2869 3133 2900 3170 τι
2934 3117 3271 3187 temporibus
3294 3119 3545 3188 antiquis
3575 3120 3738 3175 habet
3769 3120 3825 3176 in
3855 3123 4053 3190 singu-

2420 3201 2493 3256 lis
2520 3204 2855 3270 civitatibus,
2887 3206 2981 3274 qui
3012 3220 3139 3260 eum
3159 3205 3459 3277 praedicent
3501 3208 3558 3261 in
3599 3211 3911 3282 synagogis,
3959 3211 4056 3266 ubi

2411 3305 2514 3362 per
2541 3307 2698 3346 omne
2717 3292 3002 3347 sabbatum
3032 3293 3362 3365 ἱερέων-(ιν,
3393 3294 3507 3366 21).
3541 3300 3613 3351 At
3643 3297 3698 3350 id
3734 3302 3886 3354 certe
3928 3298 4052 3354 fieri

642 3363 778 3452 libri
809 3361 894 3416 ίῙῙί
921 3361 1158 3432 “Domi
1189 3366 1377 3452 θῗθηῖτ
1413 3361 1642 3431 integra
1690 3378 1931 3452 PTOPBQS
1980 3379 2296 3418 ι’θπιεηθνθ·
2331 3349 2373 3415 C
2411 3349 2528 3434 non
2563 3381 2775 3452 potuit,
2810 3381 2949 3452 quin
2985 3349 3153 3437 antea
3185 3349 3370 3438 Judaei
3402 3349 4052 3442 habuerint

639 3451 858 3506 Verum
887 3465 956 3505 ea
980 3449 1281 3520 responsio
1313 3449 1652 3504 adversatur
1681 3450 1852 3520 plane
1878 3451 2115 3521 ipsimet
2169 3453 2302 3523 Epi-

639 3539 1169 3612 phanio,asserenti
1191 3538 1341 3592 hanc
1371 3538 1870 3608 bibliothecam,in
1904 3556 2020 3610 qua
2052 3540 2107 3594 bi
2157 3540 2300 3595 libri

639 3627 927 3686 reconditi
991 3628 1253 3694 fuerant,
1305 3642 1412 3681 suo
1491 3642 1604 3682 non
1695 3627 1965 3683 existisse
2041 3629 2300 3700 amplius

637 3730 947 3788 tempore:
1007 3720 1368 3787 quaprOpter
1444 3715 1540 3768 alii
1627 3717 2003 3788 respondent,
2071 3717 2302 3773 etiamsi

638 3807 762 3862 haec
794 3805 1038 3877 aliaque
1070 3820 1272 3859 omnes
1308 3803 1671 3859 bibliothecas
1716 3804 2118 3861 Alexandriam
2167 3806 2300 3878 igne

642 3897 960 3952 combustae
992 3893 1227 3956 fuerint,
1263 3909 1378 3947 non
1410 3897 1699 3949 crematos
1721 3898 1916 3949 tamen
1967 3911 2170 3951 omnes
2227 3895 2298 3950 1i-

638 3986 796 4049 bros,
840 3988 1014 4055 atque
1048 3983 1120 4038 ab
1148 3981 1257 4036 hoc
1297 3981 1567 4036 incendio
1611 3986 1840 4054 ereptos
1886 3999 2063 4038 sacrae
2103 3983 2296 4057 Scrip-

637 4077 784 4130 tum
814 4071 1126 4128 Hebraicos
1159 4071 1506 4141 Graecosque
1525 4069 1772 4126 codices.

711 4181 774 4235 In
805 4179 985 4250 hujus
1020 4180 1215 4232 autem
1267 4174 1564 4247 Opinionis
1611 4175 2115 4234 confirmationem
2163 4194 2295 4250 pro-

639 4268 776 4325 ferri
831 4271 1025 4339 potest
1058 4265 1308 4330 Senecae,
1370 4280 1436 4320 ac
1499 4269 1629 4335 post
1659 4264 1852 4337 ipsum
1887 4265 2047 4321 Pauli
2108 4267 2296 4322 Orosii

637 4357 1068 4422 testimonium.
1099 4352 1198 4424 qui
1231 4352 1660 4425 quadringenta
1691 4355 1977 4410 duntarat
2009 4355 2294 4413 librorum

636 4445 822 4505 millia
839 4450 965 4501 tum
991 4446 1342 4513 consumpta
1363 4446 1689 4497 memorant
1712 4444 2000 4515 (Senee.de
2021 4447 2290 4520 tranquil.

632 4537 835 4601 anim,
867 4549 994 4604 cap.
1027 4533 1082 4597 9,
1116 4531 1412 4603 pug.663.;
1463 4530 1624 4586 Oros.
1681 4531 1780 4587 lib.
1841 4549 1941 4602 vn,
1999 4552 2124 4608 cap.
2183 4537 2288 4608 15).

632 4623 808 4697 Atqui
841 4622 887 4677 si
920 4617 1250 4674 Marcellino
1282 4623 1337 4673 et
1362 4618 1564 4691 Gellio,
1599 4637 1630 4674 a
1661 4621 1830 4677 nobis
1875 4628 2045 4679 antea
2102 4625 2291 4682 citatis

2412 3485 2526 3536 ces,
2563 3473 2617 3522 et
2640 3469 2951 3524 maximam
2984 3470 3042 3525 in
3077 3470 3147 3525 iis
3180 3472 3536 3544 incorruptis
3568 3479 3744 3546 atque
3791 3475 4049 3548 integer.~

2412 3556 2577 3612 rimis
2609 3558 3021 3614 conservandis
3046 3576 3244 3615 curam
3285 3560 3700 3631 impenderint.

2480 3663 2624 3727 Quid
2657 3681 2789 3720 vero
2813 3663 2947 3736 sibi,
2972 3665 3225 3737 inquies,
3256 3665 3381 3722 vult
3433 3668 3851 3740 Tertullianus,
3913 3688 4053 3728 cum

2411 3751 2554 3807 dixit
2581 3752 2798 3807 Juda3is
2831 3753 3173 3825 vectigalem
3207 3755 3387 3812 fuisse
3417 3760 3598 3813 cmtus
3629 3774 3767 3814 suos
3798 3759 4052 3831 singulis

2410 3841 2680 3896 Sabbatis
2713 3841 2944 3912 agendi,
2979 3848 3035 3897 et
3060 3841 3241 3900 libros
3269 3861 3410 3901 suos
3442 3845 3519 3900 ibi
3567 3845 3822 3919 legendi,
3870 3848 4050 3905 liber-

2406 3931 2636 3985 tatem?
2667 3931 2912 3994 Quidam
2944 3935 3140 3987 autem
3173 3933 3510 3989 existimant
3556 3934 3650 3991 his
3698 3937 3890 3991 verbis
3947 3939 4050 3995 de-

2408 4018 2628 4090 signari
2668 4019 2997 4076 facultatem
3035 4021 3118 4078 eis
3165 4039 3197 4077 a
3245 4022 3623 4096 Philadelpho
3683 4042 4052 4096 concessam,

2407 4107 2579 4162 modo
2613 4125 2873 4164 annuum
2899 4109 3142 4182 vectigal
3205 4112 3501 4166 modicum
3563 4111 3879 4170 solverent.
3932 4116 4050 4172 Sed

2405 4214 2520 4268 quo
2549 4203 2892 4268 argumento
2930 4199 3267 4270 probabitur
3302 4199 3443 4254 illud
3481 4201 3722 4272 vectigal
3779 4209 4054 4260 exactum

2405 4284 2870 4358 aniladelpho,
2928 4286 3026 4358 qui
3079 4287 3221 4342 tanti
3273 4287 3522 4343 faciebat
3569 4305 3768 4346 sacros
3824 4291 4054 4347 Veteris

2401 4375 2756 4430 Testamenti
2803 4375 3004 4446 libros,
3057 4392 3121 4432 ac
3170 4375 3406 4432 illorum
3464 4377 3810 4452 interpretes
3875 4380 4052 4436 donis

2402 4463 2673 4520 maximis
2702 4463 3100 4520 cumulaverat
3127 4464 3154 4520 ?
3186 4465 3379 4538 Longe
3432 4466 3628 4538 itaque
3672 4467 4050 4524 verisimilius

2401 4552 2532 4608 aliis
2587 4553 2816 4608 videtur
2875 4571 2909 4607 a
2964 4552 3321 4608 Tcrtulliano
3391 4555 3655 4611 denotari
3733 4557 4050 4623 tributum,

2400 4642 2553 4712 quod
2589 4641 2834 4698 Romani
2871 4641 3249 4712 imperatores
3289 4642 3511 4699 Judaais
3571 4644 3919 4712 indixerant,
3985 4650 4056 4702 ut

634 4711 951 4776 credimus,
1012 4707 1067 4761 in
1125 4706 1222 4762 illa
1269 4705 1622 4764 bibliotheca
1669 4711 2042 4784 septingenta
2114 4713 2300 4770 millia

2410 4705 2489 4786 eis
2520 4747 2680 4785 more
2721 4729 2889 4785 solito
2939 4705 3192 4801 singulis
3245 4730 3516 4788 Sabbatis
3577 4705 3917 4807 congregari
3979 4734 4054 4790 li-

631 4798 912 4855 librorum
961 4796 1195 4851 condita
1252 4795 1500 4850 fuerant.
1557 4797 1838 4854 Trecenta
1888 4799 2068 4872 igitur
2111 4801 2295 4859 millia

632 4887 890 4944 ﬂammis
923 4885 1210 4941 subducta
1251 4889 1406 4939 sunt.
1439 4889 1518 4939 Ex
1556 4885 1769 4943 borum
1802 4889 1998 4960 itaque
2048 4907 2292 4948 numero

633 4977 789 5033 haud
821 4975 994 5031 dubie
1025 4991 1189 5030 eram.
1221 4975 1361 5042 haec,
1414 4975 1528 5029 Deo
1563 4975 1640 5031 ita
1678 4979 2036 5050 providente,
2072 4980 2290 5036 Hebra-

634 5067 723 5123 ica
763 5067 1077 5136 Graecaque
1133 5064 1446 5136 Scriptura:
1478 5081 1652 5119 sacrae
1684 5066 2003 5122 volumina.

702 5174 850 5244 Quid
881 5189 1035 5240 vero,
1068 5172 1222 5244 quod
1254 5170 1704 5244 Chrysostomus
1743 5176 2078 5230 constanter
2135 5191 2287 5231 asse-

629 5269 787 5324 verat
827 5265 1084 5323 Grzecam
1134 5260 1610 5333 propheticorum
1659 5261 1943 5319 librorum
2002 5265 2287 5335 interpre-

627 5357 909 5415 tationem
957 5353 1026 5408 ad
1072 5367 1247 5407 suum
1297 5366 1485 5420 usque
1541 5354 1774 5422 tempus
1851 5353 1911 5407 in
1999 5353 2286 5424 Serapazo,

627 5447 840 5515 sive,ut
869 5444 994 5516 ipse
1017 5437 1593 5512 loquitur,Serapidis
1620 5440 1835 5514 templo
1859 5445 2282 5498 conservatam.

625 5537 756 5593 Haec
817 5538 1013 5590 autem
1075 5535 1213 5586 sunt
1271 5533 1467 5584 Graeca
1519 5528 1679 5586 illius
1767 5532 1972 5589 verba:
2037 5531 2133 5585 Καὶ
2197 5527 2284 5602 μέ-

627 5642 724 5699 χρι
755 5627 845 5676 νῦν
879 5621 988 5676 ἐκεῖ
1035 5623 1142 5672 τῶν
1183 5621 1479 5693 προφητῶν
1535 5618 1588 5670 αἱ
1635 5617 2042 5694 ἐρμηνευθεῖσαι
2098 5617 2280 5696 βίϐλοι

633 5713 849 5786 μένουσι
907 5710 1223 5783 (Chrysost.
1283 5712 1428 5764 orat.
1485 5709 1536 5774 1,
1597 5711 1726 5768 adv.
1784 5711 1907 5768 Jud.
1960 5730 2092 5786 pag.
2152 5713 2278 5775 595,

629 5803 772 5856 tom.
809 5799 881 5870 1).

2403 4826 2574 4876 ceret.
2603 4819 2848 4884 Quidam
2879 4835 3010 4874 vero
3043 4823 3252 4890 putant
3274 4820 3343 4876 de
3374 4820 3484 4877 hoc
3553 4823 3773 4879 tributo
3823 4823 4056 4878 intelli-

2403 4909 2588 4980 genda
2619 4924 2746 4963 esse
2779 4908 2936 4962 istaec
2969 4907 3252 4974 Suetonii,
3281 4910 3351 4965 de
3408 4911 3735 4966 Domitiano
3789 4912 4059 4984 impera-

2403 5003 2523 5052 tore
2555 4997 2804 5069 agentis,
2856 4997 3076 5053 verba:
3117 5022 3136 5046 ε
3189 5001 3404 5054 Praeter
3462 5005 3699 5056 caeteros
3754 5000 4061 5058 Judaicus

2402 5085 2581 5142 ﬁscus
2611 5085 2985 5141 acerbissime
3010 5091 3175 5142 actus
3207 5093 3316 5158 est,
3349 5088 3418 5143 ad
3465 5105 3640 5160 quem
3701 5089 4057 5146 defereban-

2398 5180 2510 5243 tur,
2544 5175 2665 5246 qui,
2700 5173 2904 5231 veluti
2952 5175 3196 5247 professi
3251 5177 3558 5233 Judaicam
3615 5178 3769 5234 intra
3831 5180 4061 5237 urbem

2396 5266 2653 5320 viverent
2683 5264 2881 5333 vitam,
2914 5265 3000 5321 vel
3027 5265 3401 5322 dissimulata
3451 5266 3695 5339 origine,
3757 5267 4061 5340 imposita

2396 5355 2552 5426 genti
2572 5353 2790 5410 tributa
2822 5371 2936 5410 non
2970 5355 3406 5427 pependissent.
3443 5379 3470 5407 ι)
3505 5356 3768 5429 (Sueten.
3801 5355 4057 5431 lib.vm,

2395 5445 2454 5500 in
2485 5444 2601 5500 Vita
2623 5445 2818 5500 Domit.
2857 5444 3026 5517 Ξ12.)
3054 5445 3125 5500 At
3171 5443 3252 5500 ibi
3312 5444 3606 5517 significat
3662 5447 3904 5513 Judaeis,
3976 5451 4060 5503 ut

2394 5533 2637 5590 liberam
2721 5538 2888 5591 sectae
2966 5551 3084 5588 suae
3172 5534 3593 5604 professionem
3657 5536 4057 5604 redimerent,

2393 5624 2738 5680 solvendum
2799 5623 3036 5694 quidem
3097 5622 3410 5692 tributum,
3466 5625 3565 5680 sed
3599 5625 3753 5695 quod
3789 5632 4057 5680 auctum

2392 5720 2532 5770 tunc
2563 5711 2756 5784 potius
2789 5714 2996 5780 fuerat,
3027 5727 3203 5781 quam
3237 5713 3424 5784 primo
3456 5713 3819 5786 impositum.
3883 5717 4060 5771 Nam

2392 5802 2450 5858 in
2483 5801 2680 5858 Dionis
2711 5801 2972 5874 Epitome
2999 5799 3337 5872 Xiphilinus
3367 5810 3567 5860 narrat
3595 5802 3794 5859 Titum
3841 5802 4059 5876 impe-
