4262 6352
338 393 465 455 877

1257 389 1331 447 D.
1376 387 1475 448 LE
1521 385 1851 447 NOUBRY
1891 382 2549 445 OBSERVATIONES
2592 384 2857 445 ΝονΑι.

3637 384 3760 446 878

342 529 592 582 ratorem
651 527 783 595 post
829 526 1060 593 captam
1112 518 1580 591 Hierosolymam
1630 515 1885 588 jussisse
1930 520 1994 570 ut
2026 520 2079 587 Α
2110 514 2356 587 potestis
2398 514 2719 588 Scripturis
2768 516 2989 572 nostris
3042 516 3319 588 derogare
3350 516 3547 572 fidem.
3608 516 3757 573 Nam

335 614 541 682 Judaai,
573 614 666 685 qui
703 612 921 685 patrias
965 610 1123 682 leges
1180 608 1626 680 profitebantur,
1681 604 1997 679 quotannis

343 705 712 772 didragmam
766 700 892 756 Jovi
967 698 1292 772 Capitolino
1372 698 1691 770 penderent
1752 694 1994 767 (Xiphil,

345 795 482 865 Epit.
506 810 526 853 ,·
563 792 726 860 Dion,
794 791 851 844 in
910 791 1008 844 Vit.
1079 789 1406 859 Vespasian.
1467 803 1594 857 pag.
1650 786 1796 857 318).
1826 784 1998 839 Visne

340 887 535 937 Graeca
583 881 750 935 illius
798 880 972 934 verba
1011 877 1258 933 audire?
1315 878 1391 931 En
1447 874 1578 947 ipsa
1626 879 1765 929 sunt
1817 891 1829 929 :
1892 870 1995 949 Καὶ

336 970 427 1024 ἀπ’
480 969 682 1025 ἐκείνου
747 965 1049 1042 δίδραγμσν
1103 963 1273 1039 Etim
1336 962 1463 1024 τοὺς
1524 964 1590 1015 τά
1649 961 1847 1035 πάτριαι
1897 959 1996 1015 αὖ·

336 1064 445 1115 τῶν
486 1054 579 1130 ἔθη
650 1055 1111 1132 πιριστέλλοντας
1176 1059 1254 1126 τῷ
1318 1050 1649 1124 Καπιτωλίῳ
1722 1051 1801 1105 Διὶ
1879 1061 1995 1104 κατ’

340 1146 457 1210 ἔτος
491 1147 803 1223 ἀποφέρων.

408 1239 490 1294 Ad
523 1237 669 1293 illud
702 1253 872 1309 porro
917 1236 1203 1291 tributum
1244 1236 1455 1306 putant
1502 1232 1593 1287 his
1648 1228 1993 1287 Juvenalem

340 1328 613 1383 allusisse
643 1325 911 1382 versibus
947 1342 960 1381 :

430 1462 580 1509 Nunc
605 1460 739 1509 sacri
771 1458 933 1508 fontis
963 1470 1173 1515 nemus,
1207 1460 1258 1505 et
1292 1454 1511 1504 delubra
1542 1454 1784 1502 locantur

431 1523 649 1584 Judscis,
683 1534 911 1585 quorum
942 1520 1221 1585 copbimus
1252 1515 1847 1585 flauumquesupellex.

432 1578 860 1634 Omnibus'enim
893 1578 1085 1644 populo
1112 1582 1411 1629 mercedem
1450 1578 1683 1644 pendere
1729 1578 1879 1641 jussa
1910 1579 1989 1625 est

436 1650 627 1705 Arbor,
656 1653 708 1695 et
736 1642 918 1709 ejectis
949 1642 1218 1694 mendicat
1247 1644 1395 1707 sylva
1426 1642 1704 1691 cammuis.

809 1724 1069 1786 (Iuvenal.
1101 1725 1249 1774 satir.
1284 1735 1357 1783 ιιι,
1390 1737 1440 1771 v.
1479 1725 1533 1772 t3
1566 1733 1735 1785 seqq.)

338 1867 511 1920 Recto
542 1877 677 1933 ergo
708 1859 829 1914 haec.
863 1876 895 1913 ιι
923 1857 1283 1913 Tertulliano
1315 1854 1643 1929 appellatur
1700 1854 1988 1927 vectigalis

341 1954 589 2017 libertas,
623 1950 763 2022 quia
795 1965 907 2003 non
940 1951 1230 2019 poterant,
1270 1945 1379 2000 nisi
1421 1944 1612 2000 soluto
1672 1946 1834 2015 prius
1885 1943 1984 1997 tri~

341 2042 502 2107 buto,
535 2054 740 2111 cogere
772 2054 911 2093 suas
944 2052 1211 2109 synaxes,
1246 2039 1301 2090 et
1349 2035 1405 2088 in
1463 2033 1776 2106 synagogis
1836 2032 1981 2098 suis,

339 2129 559 2201 ubique
590 2126 894 2198 dispersis,
928 2123 1369 2179 accuratissime
1391 2122 1760 2179 conserVatos
1791 2137 1989 2175 sacros

344 2235 483 2273 suos
516 2216 744 2272 codices
769 2214 960 2288 palam
994 2214 1363 2269 lectitare.Ab
1396 2212 1487 2267 his
1518 2212 1715 2282 itaque
1746 2210 1987 2277 Judaeis,

344 2305 769 2363 infensissimis
801 2304 924 2359 suis
958 2303 1250 2369 hostibus,
1281 2302 1597 2357 Christiani
1650 2303 1993 2371 acceperant

344 2395 476 2451 illos
508 2396 735 2449 Veteris
765 2392 1124 2448 Testamenti
1160 2392 1407 2459 codices,
1442 2391 1511 2445 de
1544 2406 1790 2461 quorum
1842 2388 1991 2443 veri-

348 2489 464 2539 tate
495 2488 552 2538 et
582 2482 917 2554 integritate
936 2497 1104 2535 nemo
1128 2480 1255 2534 sani
1289 2479 1495 2551 capitis
1523 2479 1697 2533 homo
1730 2493 1993 2549 unquam

348 2572 656 2628 dubitabit.
690 2576 859 2641 Nam,
914 2575 977 2623 ut
1020 2570 1297 2640 antiquus
1330 2568 1461 2623 libri
1512 2576 1703 2623 contra
1754 2568 1995 2639 quinque

350 2663 601 2728 haereses,
624 2660 761 2716 olim
794 2658 1113 2732 Augustino
1161 2657 1420 2728 ascripti,
1472 2662 1674 2712 auctor
1707 2662 1860 2711 recte
1891 2657 1996 2711 arl-

349 2768 557 2807 versus
588 2749 852 2806 ethnicos
884 2751 1327 2817 argumentatur
1359 2763 1371 2801 :
1410 2748 1561 2802 794
1588 2768 1613 2796 ‹‹
1647 2746 1912 2801 Codicen‘.
1938 2744 1997 2799 in

350 2858 473 2913 quo
500 2840 619 2895 lure
653 2838 872 2910 scripta
903 2836 1201 2908 leguntur,
1231 2836 1287 2889 in
1350 2836 1600 2891 armario
1649 2834 1837 2890 Judaei
1896 2834 1997 2889 ha-

347 2932 509 2985 bent.
561 2927 840 2982 Inimicus
891 2941 1058 2980 meus
1114 2924 1284 2979 testis
1315 2930 1422 2979 est.
1482 2925 1565 2978 Ab
1601 2925 1727 2995 ipso
1786 2940 1997 2995 quaere,

351 3018 534 3092 aperi,
570 3016 717 3087 lege,
744 3016 973 3070 crede.»
1010 3036 1036 3061 »
1077 3012 1412 3084 (Augustin.
1446 3012 1998 3083 Append.tom.Vltl,

344 3109 450 3163 lib.
485 3107 666 3162 Contr.
700 3106 889 3177 quinq.
918 3104 1117 3159 Heres.
1152 3119 1200 3158 c.
1228 3105 1282 3169 7,
1327 3120 1382 3173 p.
1415 3103 1495 3170 9.)
1528 3102 1698 3157 Tales
1730 3118 1865 3172 ergo
1894 3100 2002 3155 hos

346 3199 531 3254 libros
564 3193 879 3250 Christiani
921 3192 1271 3263 habuerunt,
1300 3190 1505 3263 quales
1554 3191 1665 3247 sibi
1715 3208 1747 3245 a
1784 3190 2002 3245 Judaais

2020 1905 2066 1970 Β

2110 604 2368 671 «unius,
2403 604 2593 676 inquit
2634 604 3047 672 Tertullianus,
3110 604 3401 675 prophetae
3470 605 3756 662 scrinium

2104 692 2236 761 (hoc
2266 697 2377 757 est,
2413 693 2543 747 libri
2598 694 2831 765 Moysis)
2882 692 3109 749 saeculis
3142 694 3324 748 vincit
3382 710 3584 749 omnes
3615 694 3754 750 sub-

2106 783 2351 838 stantias
2384 788 2438 837 et
2496 782 2760 838 materia.
2808 825 2818 837 .
2867 826 2879 837 .
2924 826 2937 839 .
2981 784 3268 854 cujusque
3313 783 3567 837 veterani
3618 784 3754 856 styli

2105 872 2302 938 vestri,
2333 891 2358 921 ιι
2398 872 2587 943 (Ibid)
2617 889 2715 927 seu
2742 889 2942 927 omnes
2970 872 3208 927 omnino
3232 872 3754 928 commentationes

2104 964 2349 1031 vestras,
2386 978 2707 1032 eorumque
2738 965 3104 1033 argumenta.
3128 961 3278 1027 Quin
3302 961 3479 1017 etiam
3512 966 3753 1033 superat

2103 1052 2371 1122 origines,
2404 1050 2615 1123 inquit,
2638 1050 2756 1107 sive
2786 1051 2956 1106 initia
2987 1054 3042 1106 et
3073 1066 3302 1117 causas,
3336 1051 3555 1106 ordines
3585 1055 3635 1106 et
3657 1066 3749 1106 ve-

2102 1158 2223 1209 nas,
2267 1141 2385 1196 sive
2423 1145 2647 1198 meatus
2681 1146 2737 1197 et
2766 1143 3020 1213 canales,
3059 1142 3277 1215 quibus
3308 1142 3378 1197 ad
3425 1159 3527 1198 vos
3560 1158 3751 1214 usque

2103 1234 2516 1300 pervenerunt.

2174 1337 2455 1393 Praeterea
2485 1340 2771 1393 vetustate
2800 1354 2907 1394 sua
2928 1339 3283 1395 antecedunt
3306 1342 3507 1410 gentes
3539 1337 3753 1411 pleras-

2102 1443 2236 1498 que,
2265 1444 2391 1497 quas
2421 1432 2623 1498 postea
2654 1432 2791 1482 ortas
2848 1433 3013 1498 sunt,
3076 1450 3104 1479 ‹‹
3138 1432 3195 1482 et
3254 1427 3430 1483 urbes
3488 1427 3750 1499 insignes

2102 1515 2505 1585 historiarum,
2538 1523 2594 1571 et
2640 1533 2815 1571 canas
2872 1516 3312 1572 memoriarum.
3374 1539 3403 1566 ››
3435 1521 3519 1573 Ita
3547 1516 3607 1573 in
3654 1534 3751 1572 no-

2098 1605 2237 1660 stris
2281 1604 2583 1661 codicibus
2613 1606 3027 1678 manuscriptis
3080 1610 3137 1662 et
3166 1605 3597 1677 antiquioribus
3626 1606 3747 1662 edi-

2097 1694 2379 1766 tionibus,
2424 1696 2538 1751 nisi
2597 1698 2753 1768 quod
2818 1715 2920 1769 pro
2979 1714 3163 1755 canas
3218 1696 3278 1753 in
3330 1699 3415 1753 eis
3459 1698 3746 1769 scriptum

2098 1789 2185 1839 est
2213 1801 2421 1840 causas.
2457 1785 2746 1857 Rigaltius
2788 1804 2920 1842 vero
2968 1804 3142 1859 quem
3187 1786 3287 1843 alii
3346 1788 3624 1859 deinceps
3655 1804 3748 1843 se—

2099 1872 2214 1927 cuti
2248 1878 2406 1944 sunt,
2440 1876 2680 1930 retinuit
2710 1875 2948 1947 quidem
2982 1893 3195 1932 nomen
3226 1894 3416 1942 canas,
3449 1877 3552 1932 sed
3584 1882 3748 1932 ante-

2099 1962 2312 2019 cedens
2368 1964 2727 2020 historiarum
2784 1965 3039 2037 pr0pria,
3102 1966 3185 2020 uti
3245 1965 3497 2031 videtur,
3541 1964 3753 2021 delevit

2098 2052 2468 2108 auctoritate.
2504 2052 2738 2111 Nullam
2764 2055 2919 2110 enim
2947 2072 3051 2110 nec
3084 2054 3179 2110 ille
3212 2071 3317 2111 nec
3338 2053 3438 2110 alii
3463 2054 3752 2110 dederunt

2100 2140 2279 2211 hujus
2310 2142 2648 2199 omissionis
2681 2143 2987 2198 rationem.
3022 2144 3131 2198 Sed
3178 2144 3238 2199 in
3292 2144 3557 2199 animum
3590 2143 3744 2199 haud

2102 2230 2275 2285 dubie
2307 2231 2665 2286 induxerunt
2722 2232 2800 2287 ibi
2833 2232 3250 2304 gravissimum
3281 2249 3410 2288 esse
3466 2233 3743 2288 adversus

2102 2320 2495 2390 grammaticas
2523 2320 2755 2392 regulas
2789 2320 3109 2394 ἁμάρτημα,
3153 2320 3251 2376 ubi
3306 2321 3740 2377 substantivum

2102 2425 2311 2463 nomen
2344 2426 2448 2480 pro
2480 2408 2786 2479 adjectivo,
2820 2414 2876 2464 et
2922 2409 3273 2480 adjectivum
3310 2426 3409 2479 pro
3472 2410 3749 2465 substan-

2105 2496 2217 2551 tivo
2250 2497 2506 2568 ponitur.
2541 2499 2651 2553 Sed
2699 2516 2889 2554 nonne
2920 2499 3272 2554 Graacismus
3302 2503 3389 2555 est
3422 2516 3536 2553 non
3568 2498 3751 2554 semel

2107 2604 2139 2641 a
2163 2586 2416 2641 melioris
2448 2586 2757 2642 latinitatis
2780 2588 3119 2643 auctoribus
3150 2594 3473 2659 usurpatus
3500 2591 3522 2643 Ρ
3548 2592 3754 2643 Nonne

2108 2676 2264 2730 enim
2324 2676 2599 2732 Horatius
2652 2676 2841 2731 dixit:
2876 2700 2904 2725 «
2968 2676 3196 2749 Integer
3248 2677 3375 2732 vita:
3434 2677 3758 2749 scelerique

2110 2768 2394 2837 purus?»
2444 2767 2662 2821 Sensus
2720 2766 2914 2837 itaque
2972 2766 3227 2823 auctoris
3288 2769 3472 2823 nostri
3503 2773 3612 2833 est,
3644 2766 3758 2824 He-

2111 2854 2295 2909 braeos
2326 2871 2453 2909 esse
2484 2853 2829 2910 vetustiores
2858 2855 3271 2926 urbibus,quas
3301 2856 3565 2927 insignes
3595 2860 3763 2911 erant

2110 2944 2478 2997 historiarum
2536 2945 2957 3012 monumentis,
3018 2950 3075 3001 et
3132 2946 3293 3001 canis
3326 2945 3645 3013 memoriis,
3700 2944 3758 3000 id

2111 3037 2199 3086 est
2228 3032 2689 3099 commentariis,
2750 3050 2877 3105 quae
2920 3033 3132 3090 canitie
3190 3051 3298 3089 sua
3354 3038 3410 3089 et
3468 3038 3759 3090 vetustate

2111 3120 2395 3192 originem
2431 3121 2651 3177 caeteris
2685 3122 2961 3177 omnibus
2994 3122 3386 3194 antiquiorem
3419 3140 3531 3194 prae
3565 3139 3627 3179 se
3675 3123 3762 3179 fe-

2113 3210 2463 3267 rebantusic
2495 3212 2671 3267 etiam
2731 3212 3091 3284 Theophilus
3155 3214 3299 3270 795
3362 3214 3762 3271 Antiochenus

352 3286 691 3343 ίταηδῖηίδθί
750 3285 998 3338 fuerant
1058 3280 1208 3335 Nihil
1279 3282 1437 3337 enim
1468 3281 1555 3374 _i“
1608 3298 1809 3374 θ-οτξλοῖ
1841 3284 2001 3374 “ﬁt”
2035 3276 2076 3342 (ἶ
2115 3301 2337 3356 dixerat
2368 3302 2605 3357 eosdem
2637 3276 2911 3357 Hebraeos
2942 3302 3303 3374 antiquiores
3334 3321 3463 3360 esse
3494 3304 3761 3374 urbibus,

356 3377 681 3449 quidquam
713 3374 1029 3428 immutare
1061 3375 1350 3444 poterant,
1384 3372 1522 3443 quin
1558 3388 1589 3425 a
1618 3368 2003 3441 Judaeis,illo-

360 3482 490 3521 rum
550 3463 825 3531 inimicis,
889 3467 945 3516 et
1000 3478 1098 3517 eos
1156 3460 1419 3532 quotidie
1472 3460 1825 3533 legentibus,
1875 3458 2009 3514 falsi

360 3553 668 3611 confestim
702 3552 1202 3608 convincerentur.
1229 3552 1363 3615 Quae
1386 3554 1583 3605 autem
1618 3553 1905 3621 quantave
1935 3546 2011 3602 sit

362 3643 596 3698 illorum
649 3646 988 3707 auctoritas,
1033 3641 1158 3711 jam
1208 3657 1345 3695 eum
1399 3638 1760 3696 Tertulliano
1812 3641 2011 3693 nostro

366 3732 805 3803 investigemus.

978 3861 1299 3900 ARTICULUS
1322 3862 1397 3899 ιν.

367 3954 637 4025 Quomodo
670 3952 1054 4009 Tertullianus
1084 3967 1262 4025 sacra:
1289 3952 1598 4025 Scriptura
1621 3953 2017 4007 auctoritatem

438 4044 506 4083 ea:
536 4027 786 4080 maxima
819 4025 938 4094 ejus
986 4024 1322 4094 antiquitate
1370 4023 1724 4090 demonstret,
1758 4039 1875 4092 qua:
1907 4024 2018 4076 sint

436 4099 759 4153 substantia”;
787 4107 835 4151 et
865 4096 1117 4150 materiae
1147 4096 1390 4149 veterani
1418 4096 1567 4164 styli,
1585 4095 1745 4149 urbes
1776 4094 2017 4161 insignes

443 4170 826 4225 historiarum.
861 4173 915 4221 et
946 4167 1075 4219 cani
1097 4168 1517 4220 memoriarum.

443 4307 746 4356 Summam
781 4315 957 4354 sacrae
988 4296 1299 4369 Scriptura:
1351 4297 1756 4353 auctoritatem
1791 4296 2020 4352 Tertul-

373 4391 568 4446 lianus
601 4388 821 4461 duplici
854 4390 1202 4459 argumento
1234 4391 1427 4457 aperte
1458 4386 1731 4442 vindicat.
1762 4387 2021 4441 Primum

375 4485 569 4535 autem
605 4479 747 4551 petit
778 4494 844 4532 ex
902 4476 1159 4531 maxima
1188 4476 1316 4545 ejus
1373 4476 1745 4548 antiquitate,
1781 4476 1850 4531 de
1909 4492 2026 4546 qua

375 4588 480 4626 nos
514 4569 729 4640 saepius
780 4568 837 4621 in
873 4564 1161 4636 superiori
1224 4571 1537 4636 apparatus
1598 4566 1781 4621 nostri
1813 4570 1973 4621 tomo
2008 4582 2021 4620 :

2119 3408 2247 3462 quae
2272 3396 2437 3446 erant
2461 3392 2614 3463 apud
2632 3392 3353 3464 .Egyptiosfamosissimae
3374 3393 3763 3465 (Theoph.lih.

2120 3497 2182 3535 ιιι
2213 3480 2282 3535 ad
2314 3481 2999 3553 Autolyc.pag.130).Non
3033 3481 3546 3539 dissimulabimus
3572 3487 3768 3539 tamen

2120 3569 2179 3624 in
2214 3568 2324 3625 alio
2358 3569 2707 3626 Tertulliani
2740 3570 2886 3625 libro
2919 3572 3205 3643 scriptum
3246 3590 3257 3628 :
3296 3596 3322 3624 «
3356 3573 3466 3640 Qui
3511 3571 3769 3645 antiqui-

2122 3663 2309 3715 tatum
2344 3676 2520 3714 canos
2552 3658 2930 3731 collegerunt.
2969 3683 2997 3709 ››
3031 3660 3297 3731 (Tertull.
3339 3661 3442 3717 lib.
3477 3679 3518 3717 ιι
3550 3661 3620 3717 ad
3648 3663 3774 3717 Nat.

2126 3766 2251 3821 cap.
2288 3750 2399 3821 12.)
2432 3749 2544 3804 Sed
2576 3749 2755 3820 hujus
2787 3748 2921 3804 libri
2972 3750 3182 3806 unicus
3226 3752 3642 3809 tantummodo
3673 3768 3776 3807 su-

2126 3843 2319 3911 perest
2351 3837 2529 3892 codex
2562 3839 3027 3910 manuscriptus,
3061 3841 3396 3912 Apologetici
3413 3857 3545 3896 vero
3578 3858 3782 3912 quam-

2128 3926 2349 3997 plures.
2383 3927 2676 3998 Quidquid
2711 3932 2907 3983 autem
2940 3933 3192 3996 statuas,
3232 3929 3384 3983 idem
3418 3946 3649 4000 semper
3670 3930 3782 3984 erit

2129 4015 2547 4071 sensus.Porro
2564 4020 2759 4071 autem
2782 4017 2854 4071 ab
2869 4022 3103 4071 auctore
3126 4021 3325 4073 nostro
3342 4034 3554 4073 nomen
3578 4033 3780 4073 memo-

2130 4105 2342 4157 riarum
2381 4108 2703 4175 usurpatur
2724 4121 2827 4175 pro
2852 4105 3785 4177 monumentorum,quemadmo-

2129 4192 2270 4246 dum
2302 4208 2367 4246 ex
2392 4192 2714 4262 Augustino
2748 4192 2912 4247 facile
2942 4192 3274 4247 confirmari
3308 4196 3780 4266 potest(August.

2130 4280 2198 4335 de
2232 4279 2358 4334 Cur.
2401 4296 2500 4348 pro
2554 4285 2715 4336 mort.
2776 4280 2973 4348 agend.
3039 4296 3165 4352 cap.
3201 4282 3252 4348 4,
3304 4299 3361 4353 p.
3415 4283 3543 4349 519,
3577 4286 3618 4337 t.
3660 4282 3782 4353 VI).

2132 4370 2347 4424 Eadem
2370 4386 2576 4424 rursus
2595 4370 3023 4441 significatione
3050 4370 3173 4441 ipse
3203 4370 3781 4441 'l‘ertullianusﬂibro

2136 4475 2271 4513 mox
2302 4459 2500 4525 citato,
2535 4459 2682 4514 dixit
2716 4476 2727 4513 :
2770 4483 2788 4508 ι
2822 4463 3112 4515 Saturnus
3160 4460 3218 4515 in
3287 4461 3462 4516 terris
3508 4460 3785 4517 humana:

2137 4546 2436 4618 qualitatis
2483 4548 2639 4619 apud
2693 4553 2910 4604 veteres
2969 4548 3283 4605 memorias
3360 4555 3721 4606 recensetur.
3757 4570 3786 4600 »

375 4659 700 4716 secundum
733 4672 865 4711 vero
898 4672 964 4709 ex
996 4654 1157 4709 illius
1191 4654 1517 4720 divinitate,
1568 4654 1687 4710 sive
1732 4672 1799 4710 ex
1829 4654 2025 4709 divino

2134 4636 2401 4709 (Tertull.
2434 4637 2534 4693 lib.
2572 4655 2609 4693 ιι
2643 4638 2712 4693 ad
2744 4639 2864 4720 Nat.
2900 4638 3008 4693 loc.
3035 4638 3157 4707 cit.)

374 4748 613 4821 Spiritu,
647 4748 817 4817 cujus
850 4746 1052 4799 afflatu
1087 4760 1290 4798 omnes
1310 4746 1433 4813 ejus
1464 4743 1595 4799 libri
1626 4743 1833 4799 litteris
1862 4760 2028 4799 man-

378 4838 498 4894 dati
532 4838 790 4891 fuerunt.
829 4834 998 4889 Prius
1031 4838 1226 4887 autem
1276 4838 1693 4904 argumentum
1728 4850 1792 4889 eo
1824 4832 2028 4888 lulnen-

382 4929 502 4984 tius
531 4928 813 4981 adversus
863 4922 1129 4978 ethnicos
1175 4928 1362 4995 urget,
1398 4924 1572 4995 quod,
1623 4922 1782 4977 illius
1828 4923 1941 4977 vim
1975 4927 2033 4977 et

382 5017 613 5092 pondus
648 5017 1055 5086 agnoscentes,
1088 5012 1223 5067 inde
1257 5012 1596 5085 religionem
1630 5030 1820 5079 suam,
1846 5029 2031 5084 quan-

384 5106 602 5163 tumvis
636 5103 859 5169 falsam,
922 5101 1072 5155 tueri
1133 5118 1197 5155 ac
1258 5102 1605 5157 confirmare
1648 5102 2031 5158 conabantur.

386 5198 495 5253 Eos
556 5194 710 5250 enim
792 5206 996 5246 omnes
1054 5189 1145 5244 his
1229 5189 1323 5243 ille
1401 5190 1713 5267 compellat
1768 5191 1955 5247 verbis
2019 5206 2034 5247 :

386 5312 411 5338 ‹‹
448 5286 615 5358 Apud
651 5299 751 5337 vos
809 5278 1111 5350 religionis
1171 5282 1259 5332 est
1304 5278 1491 5335 instar
1549 5281 1724 5335 fidem
1760 5282 1829 5336 de
1888 5291 2038 5337 tem-

391 5377 633 5449 poribus
692 5386 968 5428 asserere.
1027 5390 1054 5416 »
1118 5367 1483 5439 (Tertullian.
1570 5370 1803 5441 Apolog.
1911 5388 2037 5442 cap.

396 5468 509 5535 19,)
562 5464 619 5519 id
688 5467 792 5529 est,
883 5456 1222 5528 religionem
1298 5462 1547 5513 vestram
1637 5458 2041 5530 falsorumque

400 5557 639 5611 deorum
674 5550 893 5607 cultum
940 5548 1067 5618 ejus
1119 5546 1468 5618 antiquitate
1503 5562 1874 5619 propugnare
1905 5564 2041 5603 con-

403 5643 663 5702 tenditis.

478 5732 654 5808 Atqui
687 5731 732 5790 si
768 5726 1043 5787 momenti
1106 5727 1356 5801 alicujus
1416 5728 1491 5787 sit
1547 5728 1666 5785 haec
1724 5725 1892 5797 ratio,
1929 5744 2044 5785 non

2211 4747 2360 4800 Tum
2407 4747 2616 4802 deinde
2664 4746 2721 4801 in
2765 4746 3107 4818 Apologetico
3154 4748 3427 4820 (cap.19)
3478 4748 3693 4820 adjecit
3721 4747 3793 4803 li-

2141 4835 2276 4889 bros
2310 4836 2520 4907 Muysis
2543 4839 2713 4891 aetate
2734 4836 2926 4890 adhuc
2949 4853 3057 4891 sua
3078 4839 3298 4892 anteire
3320 4862 3345 4889 ‹‹
3383 4840 3544 4910 ipsas
3570 4840 3795 4911 efﬁgies

2142 4924 2469 4979 litterarum
2506 4925 2749 4992 indices,
2785 4925 3176 4996 custodesque
3218 4944 3436 4995 rerum,
3480 4948 3508 4977 »
3540 4927 3650 4984 boo
3681 4931 3797 4995 est,

2144 5015 2392 5085 scriptos
2422 5031 2549 5069 esse
2600 5014 3038 5071 characteribus
3082 5021 3139 5070 et
3187 5015 3400 5073 litteris
3449 5022 3794 5073 czeterorum

2146 5106 2412 5161 omnium
2474 5105 2642 5177 plane
2704 5106 3158 5177 antiquissimis.
3230 5109 3374 5164 Nam
3425 5108 3599 5179 paulo
3660 5113 3795 5163 ante

2149 5195 2470 5267 scripserat
2501 5213 2599 5251 eos
2643 5202 2909 5251 exaratos
2964 5196 3147 5251 fuisse
3204 5196 3412 5253 litteris
3472 5196 3793 5264 Hebraicis,

2151 5302 2298 5357 quas
2330 5286 2567 5357 quidem
2600 5285 2730 5341 aliis
2762 5285 3125 5356 quibuslibet
3156 5286 3497 5341 vetustiores
3527 5301 3655 5340 esse
3689 5302 3794 5356 pro

2151 5379 2306 5429 certo
2357 5374 2629 5431 habebat.
2688 5374 2862 5429 Addit
2910 5378 3103 5429 autem
3157 5373 3383 5429 litteras
3449 5389 3577 5429 esse
3624 5377 3800 5428 custo-

2152 5462 2243 5518 des
2276 5480 2483 5530 rerum,
2518 5467 2716 5534 utpote
2746 5480 2871 5535 qua:
2922 5479 3012 5517 res
3046 5462 3207 5532 ipsas
3259 5479 3580 5534 earumque
3614 5463 3798 5519 histo-

2153 5551 2303 5606 riam
2337 5552 2407 5607 ab
2439 5551 2680 5606 interitu
2715 5550 3031 5605 vindicant.
3084 5550 3192 5605 Sed
3248 5551 3365 5606 haec
3398 5552 3587 5607 fusius
3618 5549 3797 5624 expli-

2156 5646 2364 5697 cantur
2395 5658 2426 5697 a
2483 5639 2752 5714 Josepho,
2802 5638 2971 5710 cujus
3020 5638 3214 5711 verba,
3261 5640 3433 5714 paulo
3486 5639 3800 5716 prolixiora

2159 5747 2336 5803 quam
2371 5736 2434 5788 ut
2466 5730 2561 5788 hio
2593 5730 2939 5799 referantur,
2983 5728 3042 5787 in
3082 5728 3241 5793 illius
3282 5731 3430 5792 libro
3480 5738 3538 5793 te
3585 5732 3799 5807 legisse
