4158 6384
450 437 568 500 879

968 427 1495 492 TERTULLIANI
1541 426 1864 489 OPERUM
1910 426 2114 487 PARS
2159 425 2208 486 Ι.
2241 459 2320 471 -
2360 426 2635 490 SERIES
2679 429 2729 504 Ι,
2773 428 3343 490 APOLOGETICA.

3738 431 3863 492 880

452 585 568 626 non
601 567 792 641 pigeat
818 563 1071 636 (Joseph.
1118 562 1248 618 init.
1292 561 1395 617 lib.
1442 578 1460 615 ι
1499 568 1692 616 contra
1747 561 1884 632 App.
1946 573 2080 630 pag.
2113 559 2169 626 Α
2198 559 2637 628 Manethonem,
2703 565 2868 617 textu
2939 562 3316 618 describenda
3365 578 3593 618 errasse
3650 564 3854 635 procul

455 657 594 716 1034
623 671 790 727 seqq.

520 747 820 803 Postremo
860 740 1164 812 subjunxit
1231 737 1630 795 Tertullianus
1684 754 1697 792 :
1755 759 1775 785 ι
1827 736 1890 791 Et
1935 739 2094 806 puto,

449 836 639 893 adhuc
660 834 855 891 minus
883 831 1156 900 dicimus,
1189 829 1369 902 ipsos,
1404 827 1822 900 inquam,deos
1853 828 2096 889 vestros,

444 925 576 997 ipsa
602 921 822 994 templa
851 923 906 975 et
935 918 1194 982 oracula,
1223 921 1279 973 et
1310 933 1500 986 sacra,
1535 938 1562 965 n
1597 914 2095 985 (Tertull.loc.cit,)

445 1013 504 1069 id
535 1015 646 1076 est.
676 1010 855 1066 libros
885 1008 1102 1078 Moysis
1132 1005 1439 1079 gentilium
1491 1004 1628 1073 diis,
1679 1000 1938 1074 templis,
1970 1016 2097 1056 ora-

447 1100 616 1168 culis,
651 1102 708 1155 et
765 1098 950 1153 sacris
1007 1113 1135 1152 esse
1193 1095 1364 1166 longe
1412 1093 1782 1149 vetustiores.
1848 1091 2098 1146 Deorum

448 1189 742 1247 enimvero
773 1186 1077 1258 originem,
1112 1185 1264 1239 sicut
1291 1183 1446 1237 infra
1477 1182 1763 1249 dicemus,
1785 1195 1818 1234 a
1846 1179 2098 1234 Saturno

447 1277 823 1350 repetendam
855 1289 982 1330 esse
1037 1272 1329 1343 opinatur.
1376 1271 1499 1326 Non
1553 1269 1768 1324 mirum
1801 1269 1997 1338 itaque
2048 1268 2098 1322 si

448 1366 557 1423 hos
585 1365 726 1421 deos
755 1362 922 1419 libris
949 1361 1162 1434 Moysis
1193 1359 1542 1433 posteriores
1572 1358 1844 1414 afﬁrmet.
1878 1359 2095 1411 Verum

448 1455 543 1511 his
571 1453 688 1509 illis
711 1451 923 1520 verbis,
957 1451 1133 1506 adhuc
1173 1449 1357 1504 minus
1407 1448 1663 1514 dicimus,
1716 1443 1965 1500 ethnicis
1996 1459 2096 1498 ex-

447 1544 726 1618 probrare
752 1539 984 1597 videtur
1027 1539 1179 1612 quod
1236 1539 1374 1594 deos
1414 1553 1555 1593 suos
1593 1549 1914 1605 eorumque
1972 1531 2096 1587 cul-

448 1638 575 1689 tum
608 1630 777 1686 libris
807 1629 1022 1702 Moysis
1055 1627 1406 1683 vetustiores
1457 1642 1604 1696 esse,
1655 1630 1774 1680 tam
1827 1621 2096 1695 imperite

456 1736 634 1795 quam
675 1719 822 1776 falso
853 1716 1242 1774 venditarent.

1065 1872 1382 1912 ARTICULUS
1421 1872 1474 1911 ν.

459 1973 636 2041 Quam
671 1967 971 2041 iaculenter
997 1963 1387 2041 _7_‘ertu_llianus_
1415 1960 1731 2041 probaverit
1784 1958 2063 2041 antiquita

525 2048 631 2096 tem
680 2039 945 2094 librarum
989 2037 1198 2111 Mog/sis
1237 2051 1308 2088 ex
1334 2031 1681 2111 ejus_.22tqte,
1731 2031 1824 2102 qui
1847 2044 2091 2111 “comitas

522 2111 883 2184 futtlnacha,
919 2115 969 2163 et
1023 2102 1272 2184 pl'uribns
1317 2102 1529 2184 saeculis
1582 2105 1804 2184 liquari,
1847 2102 2088 2184 Trajapae

521 2173 666 2238 kladt
697 2187 750 2236 et
777 2173 1290 2250 nomero'pracivit,
1331 2177 1432 2232 ubi
1486 2175 1552 2229 de
1609 2173 1942 2250 Manet-hane,
1991 2174 2090 2226 Be-

519 2269 662 2325 roso,
693 2257 893 2320 lroma,
925 2266 1022 2306 seu
1047 2246 1402 2319 Hieronymo,
1433 2246 1756 2317 etJosepho.

515 2377 698 2434 Nemo
728 2380 882 2433 certe
913 2372 1558 2431 difﬁtebiturlibrorum
1593 2369 1802 2442 Moysis
1834 2366 2083 2438 antiqui-

441 2470 621 2524 tatem
655 2482 771 2522 non
802 2481 974 2537 posse
1005 2463 1428 2534 clarius,quam
1463 2477 1530 2516 ex
1562 2459 1721 2514 illius
1752 2461 1917 2514 aetate
1948 2473 2085 2528 pro-

441 2555 587 2612 bari.
613 2555 1003 2620 Quamobrem
1025 2551 1424 2608 Tertullianus
1444 2554 1702 2605 veterum
1727 2547 2082 2619 scriptorum

440 2644 780 2700 testimonio
810 2644 1013 2710 fretus,
1048 2657 1163 2712 quo
1210 2640 1308 2696 ille
1347 2644 1632 2711 tempore,
1678 2641 1734 2692 et
1778 2640 1909 2692 ante
1939 2651 2083 2706 quos

441 2732 668 2800 vixerit,
717 2732 879 2788 hisce
921 2729 1170 2803 explicat
1215 2729 1456 2785 verbis:
1493 2751 1519 2778 «
1581 2727 1810 2798 Argivo,
1861 2723 2078 2795 inquit,

441 2823 658 2880 Inacho
687 2822 902 2896 pariter
917 2826 1083 2878 aetate
1100 2824 1188 2876 est
1222 2837 1235 2876 :
1269 2816 1716 2891 quadringentis
1739 2831 1884 2888 pene
1908 2814 2078 2870 annis

441 2913 602 2986 (nam
633 2917 690 2970 et
714 2916 935 2985 septem
959 2910 1174 2982 minus)
1203 2911 1462 2965 Danaum
1488 2910 1544 2963 et
1571 2906 1766 2978 ipsum
1795 2904 1946 2976 apud
1975 2919 2078 2960 vos

439 3002 912 3060 vetustissimum
970 2998 1264 3072 prevenit,
1341 2996 1499 3052 mille
1557 2993 1783 3050 circiter
1834 2992 2073 3064 {cladem

441 3092 658 3150 Priami
691 3090 981 3148 antecedit
1003 3103 1267 3161 :possem
1301 3086 1477 3142 etiam
1509 3084 1700 3139 dicere
1739 3080 2076 3154 quingentis

440 3180 697 3254 amplius
725 3180 1061 3236 Homerum.
1097 3200 1117 3226 ιι
1154 3174 1418 3249 (Tertull.
1459 3174 1739 3246 Apologet.
1789 3188 1916 3243 cap.
1962 3170 2074 3239 19.)

2208 647 2386 703 dubio
2415 649 2646 704 videtur
2670 649 3077 721 librarius,qui
3110 651 3354 722 scripsit
3382 666 3651 724 egressos
3675 652 3861 710 fuisse

2207 753 2274 790 ex
2303 737 2543 808 Egypto
2598 739 2889 804 Hebrmos,
2947 737 3053 805 πρὸ
3109 737 3242 792 ἐτῶν
3298 739 3638 812 τριακωσίων
3695 737 3854 795 δεκα-

2204 827 2387 897 τριῶν,
2436 835 2560 881 ante
2625 832 2891 884 trecentos
2938 833 2989 883 et
3031 828 3289 884 tredecim
3348 845 3522 884 annos
3567 830 3853 901 (Theoph.

2207 911 2309 968 lib.
2345 929 2407 968 ιιι
2465 915 2534 969 ad
2576 916 2826 987 Autolyc.
2899 934 3032 989 pag.
3092 919 3237 989 131),
3299 934 3474 989 quam
3526 923 3759 974 Danaus
3790 919 3853 974 in

2207 1000 2483 1057 Graciam
2503 1006 3077 1074 pervenerit.Etenim
3103 1005 3560 1078 Theophilus,ut
3588 1024 3658 1062 ex
3677 1008 3857 1064 dictis

2205 1094 2382 1161 patet,
2415 1091 2568 1146 haud
2605 1093 2778 1148 dubie
2811 1094 3124 1166 scripserat
3152 1093 3484 1168 τριακοσίοις
3513 1095 3604 1148 καὶ
3635 1093 3851 1166 ἐννενή-

2205 1197 2369 1231 κοντα
2396 1177 2559 1252 τρισί,
2590 1185 2850 1238 trecentis
2904 1187 2955 1238 et
3000 1186 3302 1254 nonaginta
3333 1185 3530 1240 tribus.
3591 1186 3700 1240 Sed
3734 1201 3854 1241 non

2207 1268 2350 1323 satis
2380 1271 2563 1340 perito
2596 1271 2798 1326 scriba:
2859 1271 3110 1343 proclive
3169 1273 3280 1328 fuit
3337 1289 3437 1344 pro
3500 1269 3856 1343 ἐννενήκοντα

2206 1357 2459 1412 scribere
2491 1353 2636 1414 δέκα.
2668 1363 2746 1414 De
2777 1359 2885 1415 hac
2917 1360 3302 1418 nihilominus
3342 1363 3854 1433 conjecturajudi-

2206 1445 2360 1499 cium
2411 1445 2660 1502 aliorum
2717 1450 3206 1521 exspectabimus.
3265 1454 3338 1505 At
3396 1455 3550 1506 certe
3622 1468 3691 1506 ex
3759 1451 3856 1508 his

2205 1533 2506 1605 Theophili
2528 1537 2723 1592 verbis
2755 1537 2920 1592 facile
2969 1554 3251 1610 agnosces
3302 1556 3406 1594 cur
3453 1539 3853 1596 Tertullianus

2201 1628 2466 1678 Danaum
2499 1627 2651 1697 apud
2686 1625 2951 1683 ethnicos
2978 1628 3448 1684 vetustissimum
3481 1629 3712 1685 dixerit.

2273 1729 2422 1784 Tum
2455 1730 2551 1786 ille
2580 1742 2779 1803 postea
2811 1750 2824 1788 :
2861 1734 3087 1806 Moyses
3130 1735 3303 1804 mille,
3337 1734 3550 1807 inquit,
3605 1737 3849 1804 circiter,

2201 1818 2372 1872 annis
2400 1819 2614 1874 cladem
2655 1823 2895 1892 Priami,
2940 1821 2996 1877 id
3031 1827 3121 1878 est
3176 1823 3493 1892 Trojanum
3552 1824 3849 1881 excidium

2069 1987 2091 1998 -
2123 1934 2169 1998 Β
2200 1907 2469 1963 antecedit
2501 1909 2864 1998 (Tertullian.
2901 1912 3180 1982 Apologet.
3208 1928 3334 1984 cap.
3388 1913 3495 1985 19).
3533 1913 3614 1968 lbi
3645 1917 3846 1970 autem

2201 2011 2408 2051 rursus
2439 1997 2684 2068 vestigia
2715 1999 2926 2069 premit
2951 2000 3213 2071 Josephi,
3241 2001 3340 2072 qui
3375 2005 3669 2057 asseverat
3699 2004 3848 2058 adeo

2199 2085 2509 2155 antiquum
2539 2103 2667 2142 esse
2693 2087 3065 2142 Hebraeorum
3109 2106 3175 2143 ex
3218 2094 3460 2160 Egypto
3513 2106 3842 2162 egressum,

2198 2171 2272 2232 ὡς
2326 2171 2478 2246 ἐγγύς
2531 2195 2635 2227 που
2694 2173 2954 2249 προτέραν
3015 2175 3180 2244 αὐτὴν
3237 2181 3344 2231 τῶν
3393 2175 3642 2234 Ἰλιακῶν
3699 2175 3843 2233 ἔτεσι

2196 2259 2426 2333 χιλίοις,
2459 2268 2521 2318 ut
2551 2267 2713 2320 annis
2745 2282 2878 2336 pene
2914 2267 3074 2322 mille
3116 2267 3351 2322 Iliacum
3401 2268 3603 2323 bellum
3629 2284 3843 2340 praece-

2194 2349 2288 2404 dat
2315 2351 2572 2424 (Joseph.
2606 2352 2708 2409 lib.
2738 2362 2948 2411 icontr.
2997 2356 3227 2427 Appian.
3273 2372 3406 2428 pag.
3460 2357 3640 2428 1042).
3675 2357 3844 2413 Uter-

2195 2454 2307 2509 que
2334 2456 2468 2496 vero
2499 2442 2838 2498 adverbium
2873 2443 3328 2514 adjecitcirciter
3361 2463 3374 2512 ;
3409 2461 3514 2501 nec
3548 2445 3845 2503 immerito

2193 2543 2353 2583 sane.
2389 2529 2600 2600 Magna
2628 2531 2919 2602 siquidem
2958 2537 3046 2588 est
3077 2533 3146 2588 de
3195 2533 3304 2589 hoc
3336 2533 3618 2606 temporis
3652 2535 3841 2591 inter-

2192 2615 2364 2685 vallo,
2408 2623 2474 2673 ut
2520 2619 2656 2674 alibi
2680 2620 2962 2691 vidimus,
2989 2622 3418 2678 sententiarum
3447 2624 3713 2679 varietas.
3743 2629 3845 2694 At,

2193 2721 2554 2779 quaecunque
2585 2725 2616 2763 a
2648 2725 2779 2764 vero
2810 2712 3050 2781 propius
3090 2711 3263 2782 absit,
3315 2715 3468 2768 certo
3499 2713 3716 2768 certius
3748 2718 3844 2770 est

2189 2797 2419 2867 Moysen
2454 2796 2644 2852 Iliacis
2674 2799 3038 2872 temporibus
3069 2799 3240 2872 longe
3270 2817 3398 2857 esse
3439 2801 3834 2873 antiquiorem

2188 2884 2372 2954 (Tom.
2407 2887 2428 2940 Ι
2457 2888 2722 2958 Apparat.
2756 2905 2884 2960 pag.
2913 2890 3070 2957 1345,
3102 2889 3284 2962 1347).

2261 2991 2444 3064 Major
2498 2993 2687 3049 adhuc
2744 2997 2833 3050 est
2890 2994 3180 3051 dissensio
3211 2997 3283 3052 de
3333 2997 3564 3052 Homeri
3633 3001 3824 3064 aetate,

2187 3095 2361 3150 quem
2412 3081 2581 3137 annis
2625 3086 2756 3155 post
2799 3085 3064 3140 eamdem
3114 3085 3334 3140 cladem
3382 3085 3616 3142 Iliacam
3650 3086 3827 3158 quin-

2185 3169 2374 3241 gentis
2403 3176 2460 3227 et
2489 3171 2763 3244 amplius,
2796 3177 2971 3244 atque
3002 3173 3215 3230 idcirco
3268 3175 3406 3230 1500
3456 3191 3521 3230 ac
3552 3175 3826 3247 pluribus

435 3271 697 3328 Primum
728 3269 926 3340 itaque
955 3268 1121 3322 docet
1153 3266 1301 3322 796
1347 3265 1578 3333 Moysen
1633 3260 1843 3316 Inacho
1894 3259 2073 3315 fuisse
2104 3299 2148 3368 Ο
2186 3259 2356 3314 annis
2387 3265 2519 3332 post
2546 3264 2797 3334 Moysem
2815 3261 3085 3318 ﬂoruisse
3109 3267 3310 3318 auctor
3339 3268 3537 3320 noster
3557 3281 3824 3366 pronun-

437 3375 715 3418 coaavum.
747 3358 820 3412 At
848 3357 908 3411 iu
940 3354 1130 3427 priore
1156 3354 1466 3426 Apparatus
1493 3351 1678 3407 nostri
1699 3355 1858 3406 tomo
1891 3352 2070 3404 oeten.

437 3448 632 3505 dimus
657 3446 809 3502 hanc
836 3460 1198 3501 communem
1231 3442 1414 3499 fuisse
1432 3445 1690 3497 veterum
1719 3439 2070 3510 scriptorum

437 3537 507 3594 ad
556 3534 867 3591 Eusebium
921 3549 1107 3604 usque
1156 3530 1527 3596 sententiam,
1578 3543 1753 3600 quam
1786 3525 2071 3595 gnonnulli

435 3625 612 3682 etiam
660 3623 769 3679 hoc
817 3619 1029 3678 saeculo
1074 3635 1446 3692 propugnare
1495 3617 1609 3673 nisi
1657 3619 1796 3673 sunt
1848 3615 2074 3687 (tom.l

432 3715 692 3786 Apparat.
727 3727 859 3784 pag.
892 3710 1020 3775 385,
1046 3710 1170 3778 531,
1203 3707 1329 3777 836,
1369 3708 1474 3762 909
1520 3710 1577 3762 et
1620 3706 1776 3761 1342.
1826 3708 2071 3760 Asseve-

433 3806 630 3862 ranter
665 3817 798 3858 vero
842 3803 1044 3857 auctor
1089 3802 1288 3854 noster
1343 3797 1599 3853 afﬁrmat
1659 3811 1720 3852 se
1776 3793 2071 3866 opinionis

433 3910 552 3950 suis
582 3891 778 3964 plures
819 3889 1096 3946 habuisse
1152 3903 1466 3960 sponsores
1523 3892 1580 3942 et
1635 3888 1929 3956 patronos.
1989 3883 2070 3939 Ne

433 3983 565 4055 quis
595 3985 785 4038 autem
833 3981 1066 4052 putaret
1104 3975 1248 4032 illud
1299 3977 1368 4032 ah
1411 3990 1477 4032 eo
1525 3973 1709 4047 gratis
1754 3976 2066 4041 assertum,

429 4072 538 4128 hos
569 4071 749 4143 ipsos.
783 4073 848 4125 ut
880 4067 1054 4140 paulo
1087 4070 1217 4138 post
1244 4064 1596 4135 videbimus,
1645 4061 1987 4134 singillatim
2011 4066 2069 4117 et

429 4160 667 4218 nomine
696 4176 803 4216 suo
837 4157 1110 4230 appellat.

500 4250 778 4306 Praeterea
826 4247 1106 4303 horumce
1164 4243 1517 4315 scriptorum
1576 4239 1918 4297 auctoritate
1950 4239 2065 4294 ful-

425 4345 546 4408 tus,
582 4340 875 4395 asseverat
910 4338 1143 4408 Moysen
1193 4333 1297 4387 393
1344 4331 1513 4387 annis
1563 4319 1926 4403 praevertisse
1956 4329 2063 4384 Da-

425 4444 627 4486 naum.
687 4429 760 4480 At
809 4425 1097 4489 animum,
1146 4437 1360 4492 quaeso,
1431 4420 1662 4474 adverte
1704 4422 1902 4473 utrum
1945 4416 2065 4472 haec

421 4515 818 4573 Tertullianus
849 4508 1187 4567 delibaverit
1216 4525 1282 4564 ex
1311 4504 1587 4579 Josepho,
1621 4505 1720 4577 qui
1753 4505 1971 4560 ibidem
1992 4505 2063 4559 ab

422 4608 551 4679 ipso
581 4607 716 4676 post
746 4600 890 4657 alios
922 4599 1200 4670 scriptore
1231 4597 1463 4652 citatur.
1497 4595 1800 4650 Enimvero
1833 4597 2061 4666 postea-

423 4667 602 4767 quam
627 4690 921 4761 Josephus
951 4667 1165 4744 editam
1197 4705 1229 4742 a
1259 4684 1609 4750 Manethone
1661 4684 2062 4755 ngyptiorum
2092 4667 2140 4734 Β

423 4779 857 4852 chronologiam
900 4777 1210 4846 recensuit,
1242 4791 1369 4831 eam
1405 4774 1494 4828 his
1533 4773 1783 4828 absolvit
1830 4771 2059 4828 verbis:

424 4871 491 4930 Οἳ
545 4865 875 4940 καλούμενοι
932 4865 1186 4937 ποιμένες
1261 4862 1518 4935 ἡμέτεροι
1587 4855 1848 4935 πρόγονοι
1918 4859 2060 4935 τρισὶ

422 4961 514 5019 καὶ
552 4957 900 5028 ἐννενήκοντα
950 4954 1038 5008 καὶ
1087 4951 1417 5028 τριακοσίοις
1475 4948 1700 5024 πρόσθεν
1763 4945 1954 5016 ἔτεσιν,
2005 4949 2063 5003 ἐκ

417 5051 519 5118 τῆς
595 5045 875 5122 Αἰγύπτου
950 5041 1395 5116 ἀπαλλαγέντες,
1449 5039 1546 5107 τήν
1621 5039 1806 5114 χώραν
1861 5037 2061 5108 ταύτην

418 5141 730 5215 ἒπῴκησαν,
770 5137 805 5206 ἢ
864 5135 1063 5190 Δαναὸν
1108 5131 1185 5193 εἲς
1233 5134 1438 5206 Ἄργος
1481 5129 1786 5204 ἀφικέσθαι,
1836 5128 1924 5184 καί
1973 5149 2059 5183 τοι

415 5237 603 5289 τοῦτον
665 5225 1024 5304 ἀρχαιότατον
1080 5224 1313 5298 Ἀργεῖοι
1380 5219 1683 5294 νομίζουσι.
1747 5222 1850 5289 Qui
1905 5237 2060 5276 vaca-

428 5326 630 5381 bantur
653 5323 924 5393 pastores,
977 5315 1034 5371 id
1081 5322 1156 5371 est
1211 5313 1390 5370 nostri
1425 5313 1820 5383 progenitores,
1865 5325 1934 5366 ex
1963 5311 2058 5364 ΑΞ-

413 5421 582 5487 gypto
611 5410 834 5466 liberati
860 5413 994 5462 ante
1025 5409 1134 5461 tres
1165 5407 1215 5459 et
1243 5403 1547 5473 nonaginta
1590 5403 1749 5472 atque
1799 5401 2059 5455 trecentos

416 5517 588 5560 annos
628 5499 769 5554 hanc
809 5497 1160 5570 provinciam
1204 5491 1583 5548 inhabitavere
1620 5505 1785 5562 quam
1829 5491 2060 5546 Danaus

414 5593 487 5649 ad
511 5592 675 5662 Argos
714 5586 1013 5652 accederet,
1049 5586 1174 5639 licet
1213 5583 1357 5636 hunc
1399 5580 1842 5652 antiquissimum
1870 5579 2058 5649 Argivi

418 5679 694 5752 conﬁdant
748 5674 1010 5748 (Joseph.
1062 5674 1165 5729 lib.
1218 5673 1367 5728 Cant.
1414 5671 1649 5742 Appian.
1703 5686 1837 5741 pag.
1875 5669 2051 5741 1041).

420 5772 483 5825 In
511 5763 820 5837 Theophili
849 5764 1045 5833 itaque
1070 5759 1434 5831 Antiocheni,
1467 5759 1568 5831 qui
1610 5760 1881 5816 eumdem
1913 5759 2054 5817 citat

2185 3348 2310 3403 tiat.
2346 3349 2610 3405 Diversae
2659 3355 2850 3405 autem
2896 3351 3070 3407 hasce
3117 3353 3469 3423 scriptorum
3518 3353 3826 3426 opiniones

2184 3442 2444 3494 recenset
2473 3438 2752 3495 Tatianus
2795 3441 2938 3494 797
2975 3441 3154 3512 (Orat.
3215 3449 3387 3498 contr.
3451 3442 3622 3500 Graec.
3685 3460 3821 3516 pag.

2185 3527 2286 3579 166
2317 3531 2372 3582 et
2415 3531 2587 3600 seq.),
2634 3532 2688 3583 et
2742 3529 2842 3601 qui
2891 3530 3066 3585 verba
3113 3531 3239 3600 ejus
3291 3530 3490 3588 retulit
3536 3532 3824 3589 Eusebius

2182 3615 2309 3687 (lib.
2335 3635 2392 3685 κ,
2424 3623 2676 3690 Ρνέῑιροισ.
2709 3621 2976 3694 Evangel.
3010 3638 3059 3676 c.
3113 3623 3198 3690 11,
3233 3639 3291 3694 p.
3343 3623 3446 3676 492
3476 3625 3686 3696 seqq.),
3721 3641 3827 3681 nec

2181 3722 2295 3762 non
2327 3707 2502 3763 etiam
2531 3708 2798 3766 Clemens
2828 3709 3258 3767 Alexandrinus
3293 3711 3415 3783 (lib.
3449 3729 3468 3768 ι
3500 3712 3708 3768 Strom.
3765 3731 3824 3786 p.

2179 3795 2284 3849 326
2333 3800 2387 3850 et
2435 3796 2648 3868 seqq.),
2708 3797 2924 3869 aliique
2969 3803 3026 3855 et
3070 3799 3296 3872 antiqui
3343 3805 3400 3856 et
3445 3802 3822 3874 recentiores,

2180 3883 2278 3954 qui
2311 3885 2381 3939 de
2412 3886 2700 3942 veteribus
2743 3887 3147 3960 scriptoribus,
3199 3894 3301 3945 aut
3357 3890 3426 3946 de
3454 3891 3825 3963 chronologis

2178 3976 2233 4027 et
2264 3973 2469 4044 poetis,
2500 3991 2565 4030 ac
2597 3975 2944 4032 nominatim
3004 3979 3075 4033 de
3122 3979 3386 4049 ejusdem
3435 3980 3668 4036 Homeri
3707 3982 3826 4038 vita

2175 4061 2264 4116 vel
2295 4065 2458 4118 aetate
2489 4063 2935 4136 disputationes,
2968 4067 3086 4122 sive
3117 4068 3252 4123 data
3280 4085 3474 4141 opera,
3509 4069 3628 4126 sive
3659 4070 3819 4126 aliud

2177 4159 2434 4222 agentes,
2469 4153 2990 4212 instituerunt.Nos
3021 4173 3254 4229 quoque
3285 4159 3354 4213 de
3385 4157 3479 4214 his
3511 4163 3819 4216 auctorum

2176 4239 2440 4296 dissidils
2476 4241 2614 4297 alibi
2647 4243 3036 4300 disseruimus
3089 4247 3268 4317 (Tom.
3307 4247 3328 4302 Ι
3378 4248 3636 4320 Apparet.
3684 4266 3821 4322 pag.

2177 4328 2334 4396 1278,
2375 4331 2506 4385 1347
2537 4335 2591 4386 et
2621 4335 2809 4405 seqq.)

2244 4420 2526 4474 Caeterum
2604 4437 2835 4493 quoquo
2884 4426 3145 4494 tempore
3195 4423 3456 4480 ﬂoruerit
3512 4425 3819 4494 Homerus,

2174 4507 2345 4580 plane
2375 4513 2624 4578 constat,
2659 4512 2740 4566 uti
2789 4513 3081 4584 Josephus
3117 4513 3239 4586 (lib.
3275 4531 3314 4582 ι,
3351 4516 3534 4572 Contr.
3585 4518 3820 4590 Appian.

2172 4613 2305 4670 pag.
2338 4600 2492 4668 1034)
2525 4605 2680 4655 recte
2710 4602 2925 4673 arguit,
2961 4602 3185 4658 nullam
3234 4605 3388 4676 apud
3433 4609 3659 4663 Graecos
3691 4623 3823 4664 esse

2172 4688 2682 4759 conscriptionem,
2713 4705 2844 4761 quae
2874 4691 3054 4762 hujus
3085 4696 3264 4764 postea
3310 4695 3586 4764 operibus
3616 4697 3692 4752 sit
3723 4713 3818 4752 ve-

2175 4777 2404 4832 tustior.
2453 4777 2602 4841 Quin
2653 4778 2852 4848 etiam,
2913 4780 2961 4835 si
3037 4781 3228 4837 eidem
3287 4783 3541 4856 Josepho
3593 4787 3820 4858 credas,

2172 4870 2441 4937 poemata
2484 4866 2642 4922 illius
2684 4884 2797 4923 non
2851 4869 3064 4925 litteris
3127 4873 3471 4945 consignata
3520 4881 3682 4946 sunt,
3714 4877 3818 4933 sed

2172 4959 2344 5008 cantu
2389 4954 2652 5021 recitata,
2704 4971 2830 5025 qua:
2877 4958 2947 5013 ab
2979 4957 3112 5014 aliis
3162 4976 3296 5014 cum
3330 4963 3667 5019 memoriter
3695 4969 3820 5020 tan-

2169 5047 2295 5098 tum
2328 5042 2568 5098 collecta
2598 5044 2832 5116 fuerint,
2867 5047 3053 5103 multa
3074 5048 3132 5102 in
3166 5047 3249 5104 eis
3269 5049 3636 5107 dissonantia
3659 5068 3819 5108 com-

2171 5132 2502 5203 pariuntur.
2555 5133 2638 5188 Ad
2689 5133 2808 5189 hinc
2839 5151 2994 5206 vero,
3046 5137 3143 5192 ille
3194 5138 3367 5209 paulo
3415 5145 3546 5196 ante
3592 5141 3822 5198 dixerat

2171 5221 2316 5276 alias
2350 5221 2615 5290 nationes
2645 5222 2882 5295 gloriari
2916 5241 2976 5281 se
3000 5243 3034 5282 a
3063 5227 3440 5286 Phoenicibus
3484 5235 3542 5286 et
3572 5231 3814 5300 Cadmo,

2169 5314 2234 5365 ut
2250 5308 2388 5365 alibi
2405 5310 2579 5367 etiam
2599 5312 3320 5384 adnotavimus,habuisse
3331 5319 3818 5390 antiquissimum

2168 5399 2496 5457 litterarum
2565 5417 2738 5457 usum
2792 5408 2952 5472 (tam.
3003 5405 3046 5473 Ι,
3095 5406 3359 5477 Apparet.
3414 5425 3548 5482 pag.
3604 5409 3711 5464 385
3760 5415 3820 5467 et

2169 5507 2331 5564 seqq.
2367 5493 2405 5562 ).
2435 5493 2508 5547 At
2539 5491 2738 5548 nullus
2768 5496 2984 5561 tamen,
3019 5496 3208 5567 pergit
3236 5495 3548 5570 Josephus,
3568 5499 3812 5555 demon-

2167 5585 2351 5636 strare
2383 5582 2589 5652 poterit
2619 5581 2854 5653 aliquod
2887 5584 3195 5657 scriptum,
3228 5588 3385 5656 quod
3417 5605 3448 5643 a
3484 5588 3676 5660 prisco
3707 5588 3809 5646 illo

2164 5674 2441 5743 tempore,
2467 5669 2558 5727 vel
2589 5670 2648 5726 in
2697 5672 2954 5744 templis,
3002 5675 3092 5730 vel
3152 5674 3212 5730 in
3260 5675 3512 5748 publicis
3561 5678 3804 5734 anathe-

2165 5760 2423 5819 matibus
2446 5764 2742 5819 servatum
2769 5762 2960 5822 fuerit.
2993 5764 3208 5838 Moysis
3236 5781 3372 5838 ergo
3399 5765 3534 5824 libri
3566 5770 3802 5827 caeteros
