4158 6338
404 381 517 441 881

1320 386 1396 443 D.
1444 383 1537 443 LE
1582 382 1909 444 NOURRY
1956 380 2605 445 OBSERVATIONES
2650 382 2907 445 ΝΟνλΕ.

3701 377 3820 441 882

402 529 608 569 omnes
638 513 811 585 longo
864 514 1163 586 temporis,
1214 514 1332 570 imo
1382 520 1438 570 et
1486 514 1827 571 saeculorum
1867 513 2050 570 inter-
2080 515 2135 583 Α
2165 514 2263 586 qui
2316 533 2349 569 a
2408 516 2770 572 Tertulliano
2827 515 3278 589 cognominatur
3326 515 3535 569 Iromus
3585 512 3816 568 Phoenix

400 602 551 658 vallo
590 608 1055 659 antecesserunt.

475 738 629 795 Nihil
662 743 879 808 autem,
914 740 994 793 ait
1043 743 1245 794 auctor
1288 744 1505 805 noster,
1539 738 1784 810 probatu
1818 741 1940 793 erat
1964 739 2051 793 fa-

398 828 569 884 cilius
602 829 961 899 (Tertullian.
994 830 1272 901 Apoloyet.
1315 846 1441 901 cap.
1479 829 1589 899 19).
1623 829 1734 883 Sed
1776 827 1911 899 quia
1942 827 2049 883 hoc

396 914 632 989 longius
664 921 807 987 erat,
838 935 941 974 nec
974 924 1199 990 poterat
1248 919 1373 974 sine
1407 918 1659 974 maxima
1689 936 1720 973 a
1752 917 2047 989 prOposito

395 1024 501 1062 suo
525 1008 892 1079 digressione
915 1007 1063 1074 ﬁeri,
1088 1008 1213 1063 ideo
1240 1007 1468 1063 censuit
1489 1024 1616 1063 esse
1635 1007 2042 1062 differendum.

391 1101 482 1151 An
514 1113 646 1152 vero
679 1096 771 1152 his
820 1098 1011 1152 verbis
1064 1096 1239 1152 aliam
1289 1114 1357 1153 ea
1389 1097 1458 1153 de
1490 1114 1549 1152 re
1604 1095 2045 1151 commentatio-

393 1202 526 1241 nem
578 1185 904 1257 promittat,
938 1203 1002 1241 ac
1063 1186 1370 1257 promissis
1428 1185 1672 1251 steterit,
1726 1184 1859 1256 quis
1890 1189 2045 1240 certo

391 1292 725 1331 asseverare
762 1275 1053 1330 audebit?
1082 1276 1162 1331 Ne
1196 1276 1329 1347 quis
1359 1280 1555 1330 tamen
1586 1274 1731 1329 illud
1764 1275 1835 1329 ab
1866 1291 1932 1329 eo
1964 1280 2045 1330 te-

394 1380 553 1419 mere
586 1364 877 1437 prolatum
911 1364 1144 1431 diceret,
1180 1365 1375 1437 palam
1426 1365 1699 1419 omnibus
1733 1363 1856 1435 ipse
1884 1362 2042 1431 facit,

396 1455 552 1509 unde
578 1459 633 1509 et
666 1471 698 1508 a
729 1454 944 1525 quibus
972 1454 1321 1510 nominatim
1340 1454 1721 1526 scriptoribus
1751 1452 2046 1508 evidenter

395 1544 695 1615 probetur.
760 1543 1021 1599 Primum
1081 1545 1375 1599 enimvero
1428 1545 1569 1598 citat
1625 1540 2045 1613 antiquissima

395 1630 821 1703 Egyptiorum,
855 1632 1279 1699 Chaldaeorum,
1307 1632 1646 1687 thnicum
1671 1632 1893 1686 archiva
1924 1628 2042 1685 sive

396 1720 634 1788 scrinia,
663 1720 722 1775 in
768 1721 984 1792 quibus
1038 1722 1339 1794 scripturas
1380 1722 1502 1777 sive
1554 1721 1686 1775 libri
1715 1738 1917 1776 eorum
1950 1737 2041 1774 re-

393 1811 784 1881 ponebantur.
838 1814 1048 1866 Gentes
1101 1816 1296 1866 autem
1345 1810 1490 1866 istas
1532 1810 1661 1865 ideo
1702 1810 2039 1865 nominibus

390 1898 517 1954 suis
548 1904 735 1969 vocat,
791 1900 929 1971 quia
978 1900 1181 1968 Graeci,
1221 1904 1368 1955 teste
1415 1898 1672 1970 Josepbo
1722 1898 1925 1969 (Ibid.),
1958 1899 2039 1953 fa-
2071 1885 2120 1951 Β

386 1988 662 2044 tebanlur
714 1988 1186 2060 antiquissimam
1237 2006 1432 2045 rerum
1478 1988 1854 2043 traditionem
1885 1988 2039 2058 apud

386 2092 485 2131 eos
521 2075 744 2132 haberi.
775 2079 870 2146 At,
920 2078 1059 2148 quia
1109 2076 1231 2132 haec
1275 2076 1647 2149 investigatio
1696 2076 2043 2132 difﬁcillima

390 2166 583 2221 adhuc
633 2166 817 2222 videri
863 2170 1126 2239 poterat:
1160 2188 1188 2217 «
1240 2166 1572 2222 Advocandi
1621 2169 1783 2229 sunt,
1823 2165 2038 2237 inquit,

395 2254 724 2321 municipes
756 2272 983 2322 eorum,
1017 2272 1118 2326 per
1163 2272 1310 2327 quos
1344 2254 1550 2311 notitia
1596 2254 2043 2310 subministrata

394 2349 505 2399 est.
541 2368 563 2395 ι
600 2344 972 2412 (Tertullian.
1023 2345 1186 2413 ibid.)
1235 2344 1558 2415 Municipes
1607 2348 1802 2399 autem
1833 2344 1872 2398 ii
1908 2361 2044 2415 pro-

397 2432 523 2504 prie
554 2433 829 2504 appellati
862 2439 1022 2499 sunt,
1053 2433 1153 2505 qui
1182 2434 1242 2488 in
1274 2433 1565 2489 civitatem
1601 2433 1922 2489 Romanam
1955 2450 2043 2489 re-

396 2522 571 2593 cepti,
606 2524 950 2579 muneribus
980 2528 1373 2579 Romanorum
1411 2512 1772 2578 fruebantur.
1803 2524 1914 2579 Sed
1948 2522 2042 2578 ille

401 2627 468 2666 eo
502 2611 739 2668 nomine
769 2612 1013 2671 abusive
1042 2612 1335 2685 significat
1364 2613 1625 2682 ejusdem
1658 2612 1913 2684 regionis
1950 2612 2043 2668 in-

400 2699 579 2756 colas.
614 2701 761 2756 Nam
792 2707 851 2756 et
880 2707 1104 2774 gentes,
1137 2706 1193 2757 et
1221 2702 1537 2774 scriptores
1563 2702 1908 2757 nominatim
1939 2720 2041 2759 vo-

399 2795 511 2860 cat,
545 2807 613 2845 ex
642 2784 924 2862 rEgyptiis
973 2791 1405 2859 Manethonem,
1458 2797 1735 2848 Berosum
1766 2809 1833 2847 ex
1872 2791 2043 2848 Chal-

398 2878 563 2946 clasis,
596 2897 629 2935 a
661 2880 939 2951 Josepbo,
965 2885 1029 2935 ut
1054 2879 1227 2951 paulo
1252 2886 1383 2952 post
1404 2882 1764 2951 notabimus,
1791 2882 1999 2937 citatos
2026 2899 2039 2949 ;

392 2973 567 3039 atque
600 2986 669 3023 ex
704 2969 1076 3025 Phoenicibus
1116 2974 1374 3025 Iromum
1406 2972 1540 3043 Tyri
1574 2988 1790 3043 regem,
1824 2972 1893 3026 de
1925 2988 2040 3041 quo

393 3063 597 3127 postea
629 3058 819 3114 fusius
851 3059 1167 3129 agendum.
1188 3059 1396 3114 Sivero
1419 3059 1479 3114 hi
1510 3077 1624 3115 non
1648 3060 2041 3128 sufﬁciebant,

390 3147 594 3217 adjicit
620 3148 881 3219 ipsorum
906 3152 1222 3204 sectatores
1244 3148 1621 3204 Ptolemaeum
1655 3150 2037 3217 Mendesium,

2169 606 2306 675 Tyri
2335 622 2451 660 rex.
2485 610 2628 661 Nam
2663 606 2721 661 in
2756 605 2971 662 nostris
3015 601 3434 676 manuscriptis
3483 601 3807 670 codicibus,

2161 699 2217 749 et
2273 695 2703 766 antiquioribus
2775 695 3105 768 Rigaltiana
3163 693 3515 750 editionibus
3573 689 3804 762 legitur.

2161 786 2521 856 Hieronymus
2577 786 2812 841 Maenia:
2869 786 2995 857 Tyri
3048 801 3168 840 rex.
3219 784 3329 840 Sed
3386 780 3526 854 quia
3575 780 3801 836 nullum

2162 874 2341 929 fuisse
2374 875 2659 945 putabant
2690 875 2823 947 Tyri
2856 891 3049 947 regem
3095 874 3331 929 nomine
3361 872 3798 943 Hieronymum,

2158 966 2215 1019 in
2250 970 2405 1020 textu
2436 965 2776 1021 Tertulliani
2808 964 2985 1021 scribi
3019 964 3353 1021 maluerunt
3394 963 3631 1030 Iromus,
3665 960 3799 1016 Cor-

2157 1053 2429 1109 rectionis
2464 1058 2654 1110 tamen
2696 1054 2873 1127 hujus
2923 1053 3145 1109 nullam
3195 1053 3481 1109 rationem
3514 1050 3803 1105 dederunt

2158 1143 2270 1197 nisi
2321 1145 2586 1215 quaedam
2647 1145 2843 1211 verba,
2896 1160 2963 1199 ex
3017 1142 3360 1215 fragmentis
3408 1137 3732 1205 Menandri,
3766 1154 3800 1193 a

2155 1232 2445 1305 Scaligero
2479 1234 2673 1300 editis,
2728 1234 3003 1290 delibata.
3051 1234 3158 1288 Sed
3212 1233 3383 1303 longe
3429 1228 3639 1302 potiori
3665 1228 3799 1299 jure

2157 1322 2337 1377 citare
2369 1322 2658 1379 debebant
2686 1323 3071 1395 Theophilum
3120 1322 3568 1389 Antiochenam,
3604 1334 3637 1373 a
3683 1332 3797 1389 quo

2156 1429 2269 1467 non
2305 1412 2496 1467 solum
2528 1413 2730 1468 eadem
2764 1412 2863 1468 illa
2892 1413 3089 1468 Grazca
3118 1412 3291 1467 verba
3313 1412 3565 1466 citantur
3589 1407 3795 1479 (Theo-

2154 1500 2296 1573 phil.
2334 1519 2415 1569 ιιι,
2450 1502 2519 1556 ad
2550 1502 2797 1574 Autolyc.
2834 1520 2961 1575 pag.
3020 1504 3113 1556 131
3171 1501 3384 1574 seqq),
3429 1499 3527 1555 sed
3559 1500 3798 1553 vocatur

2152 1590 2329 1646 etiam
2387 1590 2649 1665 Ἱέρωμος
2700 1590 2905 1665 Τυρίων
2971 1589 3260 1665 βοισιλεῦς.
3319 1592 3633 1655 Hieromus,
3694 1587 3792 1657 Ty-

2151 1680 2363 1735 riorum
2394 1698 2514 1737 rex.
2560 1682 2707 1737 Eum
2756 1686 2950 1737 autem
2984 1698 3111 1736 esse
3159 1683 3427 1746 testatur,
3462 1678 3561 1750 qui
3596 1676 3793 1749 plures

2152 1769 2222 1823 ad
2256 1769 2647 1838 Salomonem,
2678 1774 2733 1825 et
2761 1769 3018 1826 vicissim
3041 1769 3315 1825 Salomon
3347 1768 3417 1824 ad
3441 1783 3575 1822 eum
3607 1763 3793 1834 scrip-

2151 1863 2306 1913 serat
2360 1858 2621 1927 litteras,
2682 1876 2807 1931 quzn
2881 1861 3035 1931 apud
3094 1858 3299 1931 Tyrios
3368 1854 3584 1913 servari
3643 1852 3795 1908 fere-

2156 1948 2388 2003 bantur.
2422 1949 2547 2004 Non
2592 1948 2727 2003 inde
2781 1954 2975 2004 tamen
3024 1948 3232 2004 conﬁci
3281 1949 3472 2020 potest
3514 1944 3671 1999 hunc
3702 1956 3797 1996 re—

2152 2054 2283 2109 gem
2316 2037 2537 2109 aliquid
2571 2038 2641 2095 de
2662 2037 3013 2111 antiquitate
3036 2038 3409 2095 Hebraeorum
3431 2034 3649 2107 scripto
3678 2034 3796 2087 tra-

2150 2126 2393 2183 didisse.

2224 2279 2425 2334 Nonne
2456 2278 2631 2334 etiam
2662 2278 2723 2334 in
2755 2278 3098 2335 Tertulliani
3129 2280 3292 2334 textu
3324 2274 3637 2347 legendum
3669 2286 3799 2328 esse

2154 2368 2488 2439 Hieronymi
2536 2385 2749 2423 nomen
2809 2368 2945 2424 hinc
2992 2368 3188 2439 colligi
3237 2370 3446 2439 potest,
3508 2362 3661 2436 quod
3692 2360 3797 2417 Jo-

2154 2456 2375 2528 sephus
2424 2457 2482 2511 in
2534 2457 2720 2528 primo
2768 2458 3176 2529 Antiquitatum
3221 2456 3577 2512 Judaicarum
3623 2450 3794 2516 libro,

2155 2548 2252 2602 ubi
2297 2548 2368 2602 de
2417 2547 2591 2618 longa
2640 2547 2966 2618 primorum
3019 2545 3484 2619 patriarcharum
3530 2542 3646 2598 vita
3675 2540 3795 2596 dis-

2152 2636 2315 2705 serit,
2347 2636 2426 2691 ibi
2459 2641 2590 2708 post
2618 2641 2970 2692 memoratos
3000 2654 3033 2691 a
3077 2652 3161 2705 se,
3191 2632 3690 2707 quemadmodum
3722 2630 3793 2685 ab

2153 2731 2389 2781 auctore
2441 2730 2663 2794 nostro,
2724 2726 3132 2783 Manethonem
3188 2729 3245 2780 et
3300 2725 3611 2788 Berosum,
3673 2719 3795 2773 haec

2153 2815 2425 2887 scripsit:
2480 2818 2687 2889 Μῶχος
2738 2813 2827 2868 καὶ
2886 2815 3179 2883 Ἑστιαῖος,
3210 2812 3301 2867 καὶ
3356 2810 3492 2887 πρὸς
3548 2810 3732 2869 αὐτοῖς
3768 2806 3795 2859 ὁ

2151 2902 2449 2979 Αἰγύπτιος
2498 2904 2852 2979 Ἱερώνυμος,
2904 2905 2955 2957 οἱ
3002 2903 3069 2958 τὰ
3116 2901 3346 2957 Φοινικᾶ
3389 2898 3794 2971 συνταξάμενοι,

2152 2997 2500 3066 συμφωνοῦσι
2548 2998 2663 3053 τοῖς
2717 2993 2804 3047 ὑπ’
2852 2992 2988 3065 ἐμοῦ
3029 2992 3372 3068 λιγομίνοις.
3424 2991 3657 3057 Mochus,
3689 2989 3796 3043 He-

2149 3085 2358 3152 stiaeus,
2390 3093 2443 3139 et
2474 3084 2846 3154 Hieronymus
2878 3084 3185 3155 Egyptius,
3233 3084 3329 3155 qui
3354 3081 3677 3136 Phoenicum
3706 3092 3797 3132 res

2151 3174 2425 3243 prosecuti
2450 3180 2596 3241 sunt,
2640 3173 2931 3227 nobiscum
2973 3180 3279 3227 consonant
3328 3168 3590 3243 (Joseph.
3618 3166 3719 3222 lib.
3754 3182 3793 3231 ι,

391 3236 491 3335 29‘
524 3237 1337 3335 88?°=d03,i?q§1it°16mf"8
1361 3237 1961 3335 ﬁlexéédrinuéilib-
1996 3257 2038 3309 Ῑν
2068 3248 2113 3319 C
2151 3236 2423 3333 Hnliquit.
2468 3236 2595 3334 cap;
2648 3262 2701 3332 4,
2756 3280 2884 3335 pag.
2939 3262 3045 3333 11).
3078 3261 3245 3317 Hunc
3288 3236 3793 3327 autem—Hierony-

388 3324 634 3398 Strom.),
666 3344 733 3381 ac
780 3332 912 3399 post
959 3327 1155 3398 ipsum
1210 3326 1494 3383 Eusebius
1524 3328 1647 3399 (lib.
1703 3346 1759 3398 x,
1790 3330 2036 3399 Prsepar.

388 3416 607 3485 Evang.
638 3432 765 3488 cap.
818 3416 907 3483 12,
943 3432 1075 3487 pag.
1130 3416 1275 3486 497),
1306 3433 1509 3487 regum
1557 3419 1780 3490 Egypti
1820 3435 1911 3475 res
1939 3436 2037 3490 ge-

390 3508 512 3560 stas
544 3504 734 3559 tribus
764 3502 933 3559 libris
973 3503 1120 3558 798
1145 3505 1450 3574 exposuit:
1476 3505 1616 3560 item
1647 3506 2035 3562 Menandrum

391 3593 730 3665 Ephesium,
764 3610 797 3649 a
827 3610 941 3665 quo
992 3599 1159 3649 actus
1200 3598 1257 3648 et
1311 3594 1614 3652 historiam
1664 3614 1867 3669 regum
1898 3599 2034 3671 Tyri

391 3683 723 3754 conscripta
752 3699 879 3739 esse
907 3683 1199 3754 Josephus
1255 3683 1376 3755 (lib.
1412 3702 1452 3753 1,
1482 3689 1656 3741 contr.
1707 3688 1941 3759 Appian.
1976 3704 2033 3759 p.

392 3773 546 3843 1042)
596 3779 653 3828 et
698 3772 1055 3844 Theophilus
1105 3772 1504 3830 Antiochenus
1552 3776 1861 3847 perhibent
1908 3778 2033 3851 (lib.

388 3878 452 3916 ιιι
486 3860 554 3915 ad
584 3862 830 3933 Autolyc.
863 3877 997 3933 pag.
1034 3860 1179 3931 132).
1230 3861 1333 3916 His
1366 3864 1635 3936 adjungit
1682 3868 2036 3923 Demetrium

387 3950 758 4016 Phalereum,
824 3967 857 4005 a
908 3948 1162 4020 Josepbo
1221 3951 1411 4005 adhuc
1465 3951 1739 4021 citatum,
1799 3963 2037 4029 tresque

385 4037 553 4107 alios,
606 4054 802 4110 regem
850 4038 1090 4105 Jubam,
1137 4039 1464 4110 Appionem
1514 4046 1573 4097 et
1616 4042 1910 4114 Thallum,
1966 4048 2035 4101 de

385 4128 602 4199 quibus
634 4144 759 4195 nos,
794 4127 852 4182 in
888 4127 1077 4199 primo
1109 4130 1439 4199 Apparatus
1482 4132 1666 4187 nostri
1697 4137 1854 4190 torno
1887 4140 1944 4192 et
1975 4136 2035 4191 in

386 4216 789 4289 superioribus
824 4216 1360 4289 dissertationibus,
1395 4219 1847 4290 disputavimus.

456 4349 760 4422 Denique:
797 4369 824 4403 ι
874 4350 941 4405 Et
972 4350 1073 4421 qui
1130 4349 1295 4417 istos,
1347 4351 1429 4407 ait
1479 4354 1876 4413 Tertullianus
1911 4358 2034 4429 (loc.

386 4440 530 4512 cit.),
560 4441 770 4511 probat
803 4444 905 4496 aut
936 4440 1199 4508 revincit,
1248 4440 1489 4497 Judzeus
1532 4443 1847 4516 Josephus,
1882 4448 2036 4502 anti-

388 4529 682 4601 quitatum
731 4528 1117 4584 Judaicarum
1166 4528 1396 4599 vindex,
1439 4554 1467 4581 ››
1518 4531 1578 4586 in
1627 4534 2037 4605 Antiquitatum

2148 3368 2313 3407 mum
2357 3352 2416 3407 in
2475 3368 2676 3407 eorum
2736 3368 2979 3407 numero
3013 3350 3227 3422 posuit,
3278 3349 3378 3421 qui
3427 3349 3497 3404 de
3542 3343 3793 3418 longiori

2146 3439 2264 3495 Noe
2318 3445 2375 3495 et
2448 3440 2817 3512 superiorum
2893 3439 3359 3512 patriarcharum
3423 3437 3541 3493 vita
3604 3432 3788 3505 scrip-

2146 3531 2271 3583 tum
2305 3529 2524 3601 aliquid
2557 3529 2932 3601 reliquerant.
2983 3529 3045 3584 In
3088 3529 3276 3599 primo
3303 3532 3501 3583 tamen
3531 3524 3788 3581 adversus

2144 3618 2443 3690 Appionem
2500 3618 2648 3673 libro
2717 3622 2893 3691 (pag.
2956 3620 3112 3690 1050)
3181 3619 3450 3674 observat
3506 3615 3785 3687 Hierony-

2146 3722 2311 3761 mum
2343 3722 2411 3761 ex
2467 3706 2539 3762 iis
2587 3706 2972 3779 scriptoribus
3030 3723 3216 3762 unum
3260 3723 3411 3774 esse,
3469 3705 3571 3778 qui
3604 3705 3787 3761 histo-

2146 3795 2263 3851 rias
2295 3796 2601 3851 scribendo
2629 3797 2886 3853 Judaicas
2914 3796 3106 3868 gentis
3137 3813 3252 3851 non
3287 3795 3593 3852 meminit:
3618 3794 3792 3869 Ἱερώ-

2144 3904 2315 3955 νυμος
2344 3884 2445 3959 γὰρ
2479 3881 2721 3957 οὐδαμοῦ
2750 3885 2886 3938 κατὰ
2916 3885 3014 3952 τὴν
3058 3883 3301 3958 ἱστορίαν
3339 3886 3486 3941 799
3536 3881 3790 3956 ἐμνημό-

2145 3993 2314 4043 νευσε,
2378 3972 2466 4027 καί
2512 3995 2597 4027 τοι
2648 3971 2840 4050 σχεδὸν
2893 3972 2945 4028 ἄν
2998 3978 3114 4035 τοῖς
3160 3972 3353 4035 τόποις
3411 3970 3787 4048 διατετριφώς.

2146 4064 2508 4135 Hieronymus
2536 4067 2686 4120 enim
2714 4081 3057 4136 nequaquam
3103 4066 3284 4120 nostri
3328 4065 3387 4119 in
3419 4064 3649 4119 historia
3677 4079 3791 4119 me-

2146 4154 2333 4219 minit,
2364 4155 2489 4209 licet
2531 4170 2668 4225 pene
2714 4156 2849 4225 ipsis
2880 4156 3012 4210 locis
3059 4155 3312 4208 nutritus
3341 4160 3503 4207 esset.
3556 4154 3792 4207 Fatetur

2147 4241 2344 4313 itaque
2373 4242 2791 4315 Hieronymum
2818 4244 2881 4297 in
2913 4242 3021 4297 liac
3046 4241 3454 4298 lucubratione
3478 4240 3690 4297 missas
3710 4240 3791 4295 fe-

2147 4331 2299 4386 cisse
2328 4348 2419 4387 res
2464 4332 2822 4401 Judaaorum,
2880 4331 3116 4386 tametsi
3176 4330 3489 4403 incognitae
3546 4329 3632 4385 illi
3675 4346 3789 4385 non

2149 4419 2384 4475 fuerint.
2417 4422 2524 4476 Sed
2558 4421 2638 4476 ibi
2682 4438 2816 4477 eum
2867 4420 3128 4475 Hecataeo
3176 4420 3438 4492 opponit,
3472 4437 3506 4475 a
3555 4435 3667 4491 quo
3700 4417 3791 4472 hi-

2148 4510 2389 4565 storiam
2418 4511 2488 4565 de
2510 4511 2729 4566 Judaeis
2760 4510 2975 4566 editam
2997 4509 3179 4565 fuisse
3201 4510 3566 4565 testificatur.
3595 4506 3795 4563 Potuit

385 4597 653 4674 ﬁdem“
674 4618 1035 4675 Judaicarum
1085 4616 1274 4687 libris,
1326 4597 1423 4689 qui
1468 4597 1789 4680 etiamnum;
1822 4626 1881 4681 in
1914 4644 2036 4682 0m_
2067 4615 2119 4689 Β
2147 4600 2327 4672 igitur
2355 4599 2415 4654 in
2442 4600 2633 4656 aliena
2662 4600 2909 4656 historia
2939 4603 3040 4689 aut
3069 4599 3583 4669 commentatione,
3619 4597 3793 4653 sicuti

388 4708 554 4764 nium
608 4708 883 4765 manibus
931 4712 1259 4764 versantur.
1309 4708 1727 4769 Verumtamen
1776 4714 1873 4771 illo
1921 4734 2037 4772 non

386 4796 481 4853 his
512 4802 744 4854 tantum
778 4796 944 4852 libris
980 4799 1131 4863 istos,
1183 4802 1247 4852 ut
1276 4795 1539 4870 loquitur
1586 4806 1788 4859 auctor
1818 4811 2035 4875 noster,

385 4886 701 4958 scriptores
728 4886 927 4959 probat
971 4894 1067 4942 aut
1117 4888 1346 4942 revincit
1391 4888 1613 4960 (lbid.),
1665 4893 1765 4948 sed
1814 4894 1871 4949 in
1906 4894 2036 4951 aliis

386 4976 562 5032 etiam
593 4982 798 5033 contra
828 4976 1153 5048 Appionem
1198 4975 1365 5032 libris
1397 4994 1544 5049 quos
1566 4981 1692 5051 jam
1726 4984 2037 5042 citavimus

386 5064 643 5136 (Joseph.
678 5066 785 5121 lib.
820 5083 858 5135 1,
909 5075 1097 5121 contra
1146 5066 1379 5137 Appion.
1432 5086 1564 5142 pag.
1616 5072 1755 5126 1039
1785 5079 1840 5129 et
1870 5092 2033 5147 seqq.

382 5168 515 5223 pag.
564 5154 700 5208 1043
752 5154 964 5226 seqq).
1018 5155 1080 5209 In
1130 5154 1222 5209 his
1272 5154 1559 5226 siquidem
1609 5160 1779 5231 pl‘ura
1839 5165 2039 5221 retulit

382 5258 451 5297 ex
480 5241 649 5297 libris
672 5241 1166 5313 Egyptiacorum,
1198 5243 1422 5301 scilicet
1443 5249 1807 5307 Manethonis
1827 5254 2036 5325 {Egyp-

386 5330 472 5401 tii,
537 5349 604 5387 ac
662 5330 857 5386 Berosi
913 5331 1201 5403 Chaldiei,
1260 5350 1328 5388 ex
1383 5351 1494 5406 quo
1565 5339 1911 5409 prodierunt
1967 5345 2038 5398 de

384 5419 747 5477 astronomia
776 5423 835 5476 et
883 5420 1283 5479 Chaldaeorum
1333 5423 1708 5498 phi1050phia
1739 5446 2037 5489 commen-

388 5510 663 5567 tationes.

458 5635 645 5708 Major
674 5635 876 5709 itaque
922 5635 1238 5693 difﬁcultas
1286 5643 1374 5695 est
1421 5638 1493 5695 de
1538 5641 1707 5697 tertio
1737 5644 2041 5721 scriptore,

2149 4690 2219 4745 de
2249 4690 2547 4761 lonngis,
2579 4690 2661 4744 ita
2707 4690 2777 4745 de
2808 4689 2927 4746 vita
2976 4688 3207 4745 illorum
3257 4690 3575 4762 quemdam
3614 4689 3793 4747 inter-

2152 4779 2394 4838 miscere
2423 4796 2772 4836 sermonem.

2218 4936 2293 4989 At
2323 4932 2593 5004 quamvis
2641 4933 3031 5003 Hieronymus
3078 4935 3181 4989 aut
3233 4949 3441 5005 pauca,
3493 4937 3598 4992 aut
3624 4933 3797 5006 plura

2148 5023 2217 5077 de
2250 5024 2443 5095 Moyse
2471 5026 2529 5078 et
2552 5022 2769 5078 Judaais
2803 5022 3008 5095 quovis
3037 5022 3097 5078 in
3135 5022 3284 5080 libro
3316 5023 3642 5093 tradiderit,
3678 5040 3796 5095 qua

2148 5112 2371 5167 ratione
2404 5112 2638 5183 probari
2684 5116 2873 5182 potest
2921 5112 3086 5167 illum
3142 5112 3323 5169 fuisse
3370 5113 3502 5184 Tyri
3551 5112 3795 5183 regem?

2147 5202 2446 5272 Numquid
2471 5218 2606 5272 ergo
2630 5202 3028 5257 Tertullianus
3051 5202 3291 5258 humani
3313 5201 3531 5272 aliquid
3560 5202 3638 5256 ibi
3662 5218 3793 5272 pas-

2150 5309 2254 5347 sus
2284 5296 2394 5358 est,
2428 5295 2530 5346 aut
2553 5308 2587 5346 a
2617 5289 2876 5347 librariis
2906 5291 3077 5347 verba
3114 5292 3241 5361 ejus
3287 5291 3600 5361 depravata
3630 5294 3791 5361 sunt,

2152 5385 2254 5436 aut
2284 5382 2354 5435 de
2377 5378 2530 5452 regis
2559 5380 2714 5451 Tyrii
2766 5381 2837 5436 ad
2870 5380 3238 5435 Salomonem
3271 5377 3557 5450 epistolis,
3590 5394 3795 5450 quem-

2152 5472 2468 5526 admodum
2509 5468 2870 5541 Theophilus
2912 5468 3330 5539 Antiochenus,
3374 5466 3795 5540 intelligendus

2154 5558 2468 5615 estPVide
2515 5558 2697 5629 igitur
2754 5556 2893 5628 quid
2952 5556 3055 5611 tibi
3088 5556 3353 5613 videatur
3404 5555 3793 5629 probabilius,

2151 5651 2257 5705 aut
2288 5646 2501 5705 melius
2530 5644 2789 5703 invenire
2818 5660 3019 5717 queas.
