4158 6394
1003 557 1316 598 ARTICULUS
1357 557 1432 597 νι.

407 658 481 712 De
508 657 743 737 aliorum
770 661 922 737 post”
948 656 1182 737 Moysem
1223 672 1502 737 sacrarunt
1550 665 1737 737 vatum
1783 663 1962 737 aetate,
1996 659 2048 708 et

479 726 838 853 supputarcilis
869 726 1184 800 digitdrum
1220 728 1535 798 gesticulis,
1569 734 1625 783 et
1673 726 2050 783 censualibus

479 816 584 853 con
614 815 746 853 eren
795 816 867 853 lS.

479 815 867 855 conterenois.

476 933 555 987 De
585 932 834 988 aliorum
860 938 990 1004 post
1013 933 1226 1005 Moysis
1251 937 1494 988 mortem
1519 946 1824 986 sacrorum
1845 933 2048 982 vatum

407 1027 740 1078 nostrorum
772 1027 938 1077 aetate
985 1023 1383 1078 Tertullianus
1431 1022 1725 1092 (Apologet.
1787 1034 1916 1088 cap.
1965 1018 2047 1083 19)

407 1110 492 1166 sic
538 1111 820 1165 adversus
869 1111 1135 1166 ethnicos
1182 1111 1614 1182 pronuntiatza
1663 1107 1867 1164 Crateri
1920 1122 2049 1176 pro-

403 1199 588 1270 phetas
617 1200 727 1254 etsi
775 1199 956 1271 Moysi
990 1200 1388 1270 posthumant,
1417 1195 2045 1254 extremissimitamen

408 1304 609 1344 eorum
636 1306 752 1344 non
774 1288 1114 1344 retrosiores
1136 1289 1656 1360 deprehenduntur
1696 1283 2052 1356 primoribus

402 1377 614 1433 vestris
671 1379 1059 1449 sapientibus,
1113 1384 1170 1433 et
1226 1377 1503 1449 legiferis,
1554 1383 1609 1431 et
1662 1374 1978 1429 historicis.
2024 1393 2051 1423 ιο

407 1468 479 1522 At
509 1465 587 1520 ibi
641 1466 837 1536 plures
896 1484 1037 1522 sane
1094 1468 1334 1522 adhibet
1392 1463 1744 1536 improprios
1777 1463 2052 1533 loquendi

413 1553 616 1609 modos
644 1554 730 1624 (de
759 1556 979 1610 Resurr.
1014 1557 1210 1610 Christ.
1264 1571 1314 1609 c.
1349 1556 1457 1620 115;
1507 1552 1630 1607 adv.
1682 1552 1966 1605 Valentin.
2002 1567 2047 1603 c.

411 1644 522 1713 35).
559 1643 748 1699 Primo
779 1645 1068 1715 siquidem
1102 1645 1246 1698 dixit
1285 1645 1657 1714 posthumant,
1694 1641 1751 1694 id
1783 1645 1891 1708 est,
1926 1642 2056 1709 post

413 1733 628 1805 Moysis
659 1739 903 1790 mortem
933 1736 1231 1803 vixerunt;
1280 1751 1393 1805 quo
1425 1749 1605 1788 sensu
1655 1730 1790 1784 alibi
1822 1730 2058 1800 scripsit

410 1826 748 1894 post/cumet,
781 1829 838 1878 et
859 1825 1288 1894 posthumatum.
1320 1824 1581 1878 Secundo
1612 1821 1711 1891 qui
1748 1819 1840 1873 hic
1869 1825 2052 1872 extre-

413 1913 704 1976 missimos,
736 1913 877 1969 alibi
927 1915 1383 1984 postremissimos
1432 1911 1678 1965 omnium
1701 1925 1720 1963 :
1771 1907 1940 1962 tertio
1971 1921 2055 1961 re-
2086 1910 2133 1975 B

415 2001 696 2065 trosiores,
728 2001 785 2055 id
830 2007 938 2069 est,
972 2003 1320 2072 posteriores
1361 2016 1427 2055 ac
1479 1997 1825 2053 recentiores
1855 1996 2058 2066 appel-

414 2087 574 2142 lavit.
609 2088 843 2155 Verum,
877 2091 1106 2146 etiamsi
1139 2091 1232 2146 his
1263 2088 1542 2145 obsoletis
1575 2103 1639 2141 ac
1671 2085 1936 2140 barbaris
1965 2101 2059 2138 vo-

414 2176 579 2233 cibus
609 2183 827 2247 utatur,
861 2184 1098 2249 apertus
1125 2185 1323 2235 tamen
1355 2183 1446 2233 est
1497 2176 1588 2230 hic
1620 2175 1778 2230 illius
1805 2190 2014 2229 sensus
2041 2192 2053 2230 :

415 2263 616 2319 Crateri
639 2267 931 2336 prophetae
959 2267 1143 2322 nostri
1177 2272 1308 2339 post
1326 2264 1541 2336 Moysis
1572 2263 1808 2333 quidem
1833 2262 2057 2316 obitum

414 2353 720 2409 vixerunt:
772 2355 872 2409 sed
927 2372 1127 2411 eorum
1187 2355 1450 2410 omnium
1506 2351 1697 2407 ultimi
1757 2368 1872 2405 non
1918 2356 2060 2406 sunt

413 2442 769 2513 posteriores
799 2444 1010 2499 Gracia
1051 2445 1440 2517 sapientibus,
1482 2440 1737 2512 legiferis
1785 2447 1844 2494 et
1875 2439 2058 2494 histo-

419 2529 576 2586 ricis.

492 2618 670 2673 Suam
701 2636 872 2691 porro
911 2621 1261 2678 sententiam
1311 2637 1424 2675 non
1484 2617 1596 2673 alio
1651 2618 1854 2688 probat
1885 2634 2058 2688 argu-

422 2711 641 2771 mento,
669 2708 782 2762 nisi
806 2709 1047 2780 prolatis
1071 2713 1328 2783 plurium
1350 2713 1656 2764 auctorum
1682 2707 2018 2762 nominibus
2042 2723 2056 2762 :

419 2795 511 2849 vel
543 2797 681 2866 quia
709 2798 959 2868 gentiles
1006 2800 1231 2870 publice
1279 2813 1481 2854 eorum
1531 2795 1857 2849 auctoritati
1889 2811 2058 2865 repu-

419 2899 600 2954 gnare
630 2891 688 2939 et
716 2887 984 2942 resistere
1016 2904 1130 2943 non
1178 2890 1484 2960 poterant;
1517 2886 1607 2942 vel
1657 2891 1796 2957 quia
1826 2884 2059 2955 longius

419 2970 630 3026 fuisset
649 2973 882 3045 singula
913 2975 1146 3031 illorum
1179 2975 1518 3031 testimonia
1548 2975 1656 3031 hoc
1687 2976 1744 3028 in
1775 2974 1923 3028 libro
1955 2974 2058 3028 de-

419 3057 694 3124 scribere,
726 3061 784 3115 in
817 3079 932 3132 quo
964 3064 1232 3120 brevitati
1271 3063 1606 3119 consultum
1657 3078 1784 3119 esse
1811 3061 2057 3116 volebat.

418 3146 474 3200 Si
507 3147 641 3217 quis
679 3154 877 3205 tamen
926 3151 1066 3206 illud
1098 3154 1453 3224 quibusdam
1485 3153 1692 3208 saltem
1726 3149 2058 3207 confirmari

419 3235 696 3344 pqstulet,
726 3238 777 3292 is
836 3242 1038 3295 audiat
1093 3243 1481 3312 Theophilum
1535 3243 1658 3312 (lib.
1710 3257 1794 3309 ni,
1851 3240 1921 3294 ad
1951 3240 2056 3292 Au-
2089 3276 2131 3344 ϐ

421 3324 584 3394 tolyc.
616 3342 745 3396 pag.
778 3329 883 3381 132
924 3336 1115 3400 seqq.)
1161 3331 1584 3386 Antiochenum
1630 3332 1714 3384 sic
1745 3345 2059 3400 argumen-

421 3416 682 3470 tantem:
721 3416 990 3483 Ultimus,
1040 3419 1253 3491 inquit,
1306 3421 1720 3492 prophetarum
1753 3419 2059 3474 Zacharias

424 3507 718 3568 censetur,
750 3505 847 3574 qui
904 3514 1167 3580 tempora
1223 3510 1378 3564 Darii
1436 3511 1586 3579 regis
1639 3509 1856 3579 attigit.
1887 3508 2059 3562 Solon

426 3583 622 3645 autem
669 3592 1037 3650 Atheniensis
1081 3597 1532 3669 antiquissimus
1575 3597 1871 3668 legislator
1916 3602 2064 3651 tem-

427 3691 567 3748 pore
597 3695 798 3750 regum
830 3683 954 3754 Cyri
1005 3690 1060 3738 et
1104 3687 1251 3740 Darii
1301 3686 1512 3741 vixisse
1554 3687 1909 3758 perhibetur.
1944 3684 2062 3739 Ca3-

426 3765 533 3820 teri
564 3783 699 3838 ergo
749 3772 1037 3841 prephetai
1087 3774 1218 3828 aliis
1249 3773 1677 3846 legislatoribus
1716 3774 2062 3829 vetustiores

426 3859 586 3920 sunt,
618 3861 674 3910 et
697 3859 883 3914 multo
919 3861 1103 3933 magis
1135 3863 1380 3935 Moyses,
1413 3865 1512 3934 qui
1545 3869 1679 3918 ante
1707 3863 1908 3917 Jovem
1941 3864 2064 3916 Cre-

425 3945 648 3999 tensem
671 3950 847 4018 atque
867 3948 1084 4019 ipsum,
1109 3958 1175 4006 ut
1195 3953 1469 4022 diximus,
1493 3951 1808 4022 Trojanum
1843 3949 2060 4005 bellum

423 4029 642 4088 ﬂoruit.
677 4035 788 4090 Nec
836 4037 892 4090 id
943 4037 1159 4094 dixisse
1214 4039 1359 4094 satis
1413 4039 1737 4110 TheOphilo
1786 4037 1921 4103 fuit,
1959 4037 2060 4091 sed

421 4119 679 4176 exhibita
706 4121 784 4178 ibi
833 4125 1182 4182 brevissima
1230 4127 1608 4199 chronologia
1660 4127 2063 4181 demonstrare

422 4207 651 4264 nititur.

492 4295 648 4351 800
672 4298 962 4374 Josephus
990 4321 1123 4362 vero
1155 4306 1224 4362 de
1253 4306 1664 4360 historicorum
1707 4308 1873 4358 aetate
1904 4302 2061 4358 hunc

421 4380 682 4456 loquitur
707 4389 764 4446 in
797 4394 1034 4449 modum
1061 4394 1185 4463 (lib.
1220 4413 1257 4461 ι,
1287 4396 1468 4450 Contr.
1492 4396 1742 4465 Appiam,
1769 4409 1824 4464 p.
1859 4392 2056 4460 1934):

421 4473 488 4530 Οἱ
523 4475 615 4548 μιν
665 4499 751 4534 τοι
797 4483 894 4543 τὰς
942 4484 1184 4559 ἱστορίας
1228 4483 1670 4558 ἐπιχειρήσαντες
1733 4483 2058 4559 συγγράφειν

418 4565 545 4639 παρ’
574 4565 778 4638 αὐτοῖς,
814 4569 957 4646 λέγω
1007 4570 1064 4626 δὲ
1109 4572 1236 4634 τοὺς
1284 4575 1401 4646 περὶ
1455 4570 1672 4644 Κάδμον
1725 4591 1782 4626 τε
1810 4572 1900 4625 τὸν
1951 4573 2058 4627 Μι-

419 4647 615 4722 λήσιον
649 4699 664 4727 ,
721 4659 811 4711 καὶ
867 4661 956 4714 τὸν
1012 4664 1253 4736 Ἀργεῖον
1314 4661 1668 4716 Ἀκουσίλαον
1702 4707 1716 4731 ,
1774 4661 1863 4714 καὶ
1927 4633 2080 4732 una!

415 4743 606 4794 τοῦτον
640 4739 857 4808 εἷ’τινις
906 4745 1068 4802 ἄλλοι
1123 4747 1368 4824 λέγονται
1427 4751 1688 4826 γὲνεσθαι,
1742 4748 1919 4823 βραχὺ
1956 4755 2055 4818 τῆς

419 4825 641 4912 ῌερσῶν
673 4827 759 4883 ἐπὶ
797 4833 894 4901 τὴν
944 4833 1181 4890 Ἑλλάδα
1233 4837 1508 4909 στρατείας
1554 4842 1632 4908 τῷ
1682 4836 1865 4912 χρόνῳ
1894 4835 2054 4910 προέ-

420 4909 612 4969 λαϐονο
675 4920 780 4986 Qui
834 4927 1017 4980 autem
1080 4927 1344 4983 historias
1415 4929 1564 4999 apud
1639 4909 1734 4984 eos
1781 4909 2054 4999 (Graecos)

417 5007 759 5064 conscribere
812 5019 1109 5082 teniavere,
1171 5018 1232 5071 id
1284 5023 1381 5084 est,
1443 5018 1674 5074 Cadmus
1706 5018 1957 5074 Milesius
2001 5019 2054 5071 et

416 5093 705 5153 Acusilaus
731 5101 984 5170 Argivus,
1006 5113 1056 5160 et
1083 5108 1200 5176 post
1237 5107 1382 5160 hunc
1408 5109 1720 5179 quicunque
1747 5108 1850 5160 alii
1877 5106 2054 5176 fuisse

413 5181 700 5256 feruntur,
721 5193 950 5260 paulum
973 5195 1269 5250 Persarum
1300 5197 1445 5269 (Cyri
1479 5203 1535 5252 et
1557 5197 1736 5264 Darii)
1765 5195 2055 5265 expeditio-

416 5289 544 5329 nem
573 5292 900 5347 praieessere
929 5285 990 5352 (t.
1052 5290 1092 5354 Ι,
1126 5286 1383 5356 Λρραναι.
1435 5303 1564 5358 pag.
1615 5285 1755 5339 4165
1799 5300 1960 5354 seqq.
1993 5299 2051 5353 p.

415 5363 556 5418 1355
602 5369 811 5440 seqq.)
872 5370 988 5427 Nos
1037 5389 1167 5428 vero
1217 5373 1288 5429 de
1319 5374 1545 5430 Graecia:
1595 5372 1962 5444 sapientibus
2000 5375 2056 5426 et

415 5467 618 5510 eorum
649 5462 813 5513 aetate
845 5459 902 5514 in
936 5462 1124 5532 primo
1152 5466 1482 5534 Apparatus
1533 5461 1717 5518 nostri
1749 5467 1905 5515 tomo
1931 5460 2051 5514 dis-

418 5543 777 5612 putavimus.
811 5547 890 5605 De
919 5552 1130 5622 Moysis
1160 5568 1331 5622 porro
1362 5558 1419 5609 et
1457 5552 1705 5609 aliorum
1739 5549 2054 5622 propheta-

419 5644 554 5685 rum
585 5636 844 5704 tempore
890 5638 1119 5710 egimus
1162 5657 1276 5697 non
1324 5642 1513 5698 solum
1551 5641 1612 5696 in
1659 5641 1860 5696 eodem
1891 5638 2053 5695 citati

420 5723 750 5787 Apparatus
798 5728 982 5782 nostri
1024 5725 1171 5800 loco,
1220 5730 1322 5786 sed
1354 5731 1412 5786 in
1461 5729 1748 5803 superiori
1776 5730 1950 5788 etiam
1979 5730 2051 5786 de

915 406 1442 469 TERTULLIANI
1487 405 1808 468 OPERUM
1857 406 2060 466 PARS
2105 405 2152 466 Ι.
2191 435 2266 450 -—
2295 406 2570 468 SERIES
2614 407 2665 481 Ι,
2709 405 3278 468 APOLOGETICA.

2068 542 2123 608 Α
2159 541 2439 596 Lactantii
2490 541 2759 612 cperibus
2809 540 3220 597 dissertatione
3261 540 3417 610 (Cap.
3467 541 3522 606 2,
3576 544 3686 593 art.
3753 541 3811 608 1,

2087 4640 2134 4704 D

3679 403 3804 466 884

2157 634 2215 686 et
2245 633 2320 694 2).

2230 721 2489 790 Denique
2521 721 2921 775 Tertullianus
2943 719 3215 776 certiores
3254 734 3361 773 nos
3393 718 3530 773 facit
3561 718 3631 772 ad
3662 722 3817 773 recte

2158 810 2516 880 designanda
2576 809 2810 864 illorum
2869 808 3130 863 omnium
3179 811 3234 861 et
3283 807 3702 878 prophetarum
3756 811 3818 861 et

2158 898 2524 953 ethnicorum
2558 899 2908 969 scriptorum
2933 902 3214 968 tempora,
3243 898 3432 952 multis
3464 898 3810 951 instrumen-

2159 989 2247 1055 tis,
2279 987 2388 1042 hoc
2418 993 2505 1043 est
2552 987 2716 1041 libris
2762 991 2817 1040 et
2872 985 3290 1057 chronologiis,
3340 1002 3465 1040 cum
3495 985 3811 1056 digitorum

2157 1076 2507 1145 supputariis
2537 1075 2813 1142 gesticulis
2864 1073 3209 1128 assidendum
3258 1088 3386 1128 esse
3436 1071 3809 1140 (Tertullian.

2157 1163 2426 1233 Apologet.
2462 1179 2586 1234 cap.
2622 1163 2731 1232 19).
2773 1163 2882 1217 Sed
2933 1179 3060 1232 quas
3091 1167 3248 1228 sunt,
3300 1161 3527 1234 rogabit
3560 1160 3778 1233 aliquis
3802 1206 3814 1228 ,

2159 1255 2215 1306 et
2245 1266 2514 1319 quorsum
2549 1254 2814 1321 spectant
2844 1249 2944 1304 illa
2975 1251 3318 1321 supputaria
3351 1249 3669 1322 digitorum
3707 1266 3814 1322 ge-

2162 1337 2418 1393 stieula?
2451 1339 2953 1410 Respondebimus
2975 1338 3170 1409 itaque
3198 1353 3264 1393 ea
3285 1338 3431 1393 nihil
3467 1338 3626 1393 aliud
3659 1354 3814 1408 esse,

2163 1426 2272 1480 nisi
2301 1427 2614 1494 digitorum
2649 1432 2849 1497 gestus
2881 1443 2944 1481 ac
2968 1432 3179 1496 motus,
3209 1427 3428 1499 quibus
3461 1427 3688 1499 antiqui
3721 1443 3817 1481 so-

2159 1515 2359 1570 lebant
2391 1532 2570 1569 annos
2602 1533 2764 1571 resve
2797 1515 2937 1569 alias
2969 1532 3298 1571 numerare.
3334 1516 3413 1570 De
3458 1515 3701 1585 longaevi
3727 1515 3811 1570 si-

2162 1605 2394 1674 quidem
2420 1605 2678 1660 Nestoris
2708 1607 2877 1660 annis
2907 1605 3117 1660 cecinit
3156 1605 3454 1661 Juvenalis
3488 1605 3686 1676 (Satir.
3725 1605 3819 1672 10,

2161 1709 2216 1763 v,
2246 1693 2372 1764 240)
2399 1709 2412 1747 :

2288 1818 2734 1891 gelixnnimirum,
2765 1819 2853 1881 qui
2885 1831 2981 1891 per
3009 1822 3087 1891 tot
3115 1819 3313 1891 saecula
3343 1823 3571 1891 mortem

2290 1881 2515 1939 Distulit,
2549 1886 2708 1944 atque
2737 1895 2860 1930 suos
2882 1881 2993 1944 jam
3025 1881 3211 1931 dextra
3242 1887 3515 1942 computat
3547 1895 3736 1931 annos.

2167 1994 2389 2050 Plinius
2421 2011 2551 2051 vero
2583 1999 2781 2050 narrat
2812 1994 3197 2051 simulacrum
3227 1995 3360 2051 Jani
3385 1995 3603 2053 factum
3636 1995 3822 2052 fuisse

2165 2083 2362 2155 digitis
2393 2102 2457 2138 co
2491 2085 2660 2140 modo
2686 2085 2974 2155 ﬁguratis,
3005 2101 3122 2155 quo
3145 2085 3250 2140 365
3271 2083 3497 2140 dierum
3523 2101 3815 2140 numerus

2166 2172 2534 2228 indicabatur
2561 2173 2687 2242 (lib.
2736 2189 2926 2240 xxnv,
2979 2174 3116 2228 Hist.
3169 2175 3359 2229 natur.
3412 2190 3541 2244 cap.
3589 2173 3647 2240 7,
3679 2188 3813 2244 pag.

2168 2263 2311 2331 182).
2373 2260 2665 2333 Scriptum
2724 2278 2957 2334 quoque
3013 2263 3084 2317 ab
3145 2262 3491 2334 Hieronymo
3558 2261 3814 2333 legimus

2165 2348 2290 2419 (lib.
2325 2367 2363 2418 ι,
2413 2351 2535 2406 adv.
2583 2353 2762 2406 Iovi-Ii.
2821 2367 2952 2423 pag.
2992 2352 3153 2422 146):
3190 2373 3218 2401 ‹‹
3277 2350 3643 2407 Centesimus
3695 2367 3806 2404 nu-

2169 2455 2366 2494 merus
2395 2441 2462 2494 de
2495 2439 2736 2494 sinistra
2769 2439 3120 2496 transfertur
3149 2441 3219 2495 ad
3269 2441 3589 2507 dexteram,
3621 2443 3678 2495 et
3706 2439 3812 2494 iis-

2167 2528 2299 2582 dem
2332 2529 2567 2599 quidem
2600 2527 2818 2600 digitis,
2847 2529 2948 2584 sed
2982 2545 3096 2584 non
3121 2529 3324 2585 eadem
3357 2544 3557 2596 manu,
3593 2528 3809 2599 quibus

2168 2616 2228 2672 in
2279 2616 2419 2672 lazva
2466 2621 2657 2689 nuptm
2706 2617 3115 2688 signiﬁcantur
3163 2622 3219 2673 et
3265 2617 3473 2684 vidua),
3525 2615 3812 2672 circulum

2168 2705 2384 2761 faciens
2413 2705 2684 2778 exprimit
2724 2706 3082 2779 virginitatis
3131 2723 3426 2762 coronam.
3465 2730 3484 2756 ι
3538 2708 3610 2761 At
3639 2705 3814 2777 longe

2167 2801 2337 2852 antea
2367 2795 2668 2866 Apuleius,
2699 2795 2797 2850 ubi
2841 2795 2911 2850 de
2958 2793 3318 2851 Pudentillae“
3351 2799 3518 2850 estate
3545 2795 3810 2866 disputat

2167 2885 2556 2955 (Ap010get.ii,
2606 2890 2740 2956 post
2782 2885 2934 2939 med.
2988 2901 3121 2956 pag.
3171 2885 3336 2956 375):
3398 2907 3426 2933 «
3479 2884 3534 2938 Si
3569 2883 3814 2955 triginta

2168 2991 2373 3042 annos,
2421 2973 2628 3044 inquit,
2681 2990 2784 3044 pro
2828 2974 3028 3030 decem
3077 2973 3344 3044 dixisses,
3397 2989 3596 3045 posses
3627 2970 3812 3028 videri

2168 3081 2270 3137 pro
2318 3065 2770 3136 computationis
2819 3071 2988 3136 gestu
3033 3081 3280 3131 errasse,
3333 3081 3480 3135 quos
3529 3061 3812 3119 circulare

2167 3154 2439 3210 debueris
2471 3153 2680 3223 digitos
2710 3157 3028 3225 aperuisse.
3063 3152 3208 3208 Cum
3250 3169 3386 3208 vero
3417 3151 3812 3225 quadraginta

2171 3259 2294 3313 quae
2327 3242 2554 3297 facilius
2585 3243 2806 3298 caeteris
2841 3247 3105 3313 porrecta
3148 3241 3341 3312 palma
3383 3240 3810 3311 signiﬁcantur,

2161 3349 2236 3386 .ea
2265 3332 2652 3403 quadraginta
2683 3338 2744 3385 tu
2778 3331 3021 3386 dimidio
3071 3347 3274 3403 auges,
3305 3347 3421 3386 non
3471 3337 3634 3402 potes
3661 3329 3807 3400 digi-

2168 3425 2360 3476 torum
2394 3426 2560 3491 gestu
2604 3435 2848 3486 errasse,
2894 3419 3004 3474 nisi
3055 3418 3198 3474 forte
3231 3419 3472 3490 triginta
3519 3435 3806 3474 annorum

2169 3509 2554 3563 Pudentillam
2584 3512 2765 3574 ratus,
2809 3507 2979 3562 binos
3024 3508 3312 3579 cujusque
3356 3508 3494 3562 anni
3540 3504 3810 3562 consules

2170 3598 2514 3652 numerasti.
2562 3617 2590 3645 ››
2637 3595 3032 3652 Tertullianus
3079 3595 3278 3667 itaque
3325 3595 3621 3668 significat
3662 3611 3811 3666 opus

2161 3703 2298 3743 esse
2329 3686 2536 3758 majori
2561 3687 2702 3754 otio,
2751 3689 2808 3740 et
2854 3683 3101 3756 longiori
3150 3685 3222 3740 ab
3261 3685 3533 3740 instituto
3584 3700 3687 3740 suo
3719 3683 3810 3738 di-

2169 3775 2487 3842 gressione,
2515 3779 2576 3829 ut
2596 3773 2713 3830 illis
2733 3773 3049 3844 digitorum
3068 3772 3333 3846 gestibus
3355 3778 3496 3829 astas
3515 3777 3600 3828 tot
3621 3772 3806 3844 scrip-

2171 3869 2365 3920 torum
2396 3881 2460 3919 ac
2492 3863 2906 3935 prophetarum
2939 3866 3329 3934 computetur.

2239 3955 2330 4021 At,
2381 3959 2586 4023 praeter
2635 3951 2784 4007 hanc
2843 3949 3106 4022 aliasque
3162 3966 3348 4006 annos
3397 3949 3809 4006 dinumerandi

2170 4039 2547 4097 difﬁcultates
2577 4039 2940 4111 (Tertullian.
2973 4040 3252 4109 Apoloaet.
3287 4055 3416 4111 cap.
3452 4039 3562 4108 19),
3596 4037 3807 4096 Graeco-

2167 4148 2295 4186 rum
2349 4131 2533 4197 etiam,
2597 4129 2680 4185 ait
2735 4129 2852 4195 ille,
2908 4129 3184 4184 censuales
3232 4127 3570 4199 conferendi.
3631 4127 3809 4184 Nemo

2169 4237 2308 4276 sane
2337 4237 2451 4275 non
2488 4219 2640 4274 videt
2668 4217 2748 4273 ibi
2795 4233 3004 4273 nomen
3049 4217 3188 4272 libri
3223 4217 3311 4273 vel
3340 4216 3548 4272 codices
3586 4216 3808 4272 subau-

2169 4307 2302 4364 diri.
2333 4306 2648 4364 Censuales
2691 4311 2886 4362 autem
2934 4321 3031 4362 eos
3057 4311 3228 4361 vocat
3265 4304 3469 4372 libros,
3498 4303 3557 4359 in
3591 4303 3810 4376 quibus

2169 4403 2298 4453 acta
2326 4400 2380 4453 et
2411 4412 2606 4451 rerum
2635 4399 2934 4466 gestarum
2963 4393 3204 4449 annales
3235 4409 3268 4449 a
3312 4391 3524 4449 scribis
3555 4397 3613 4448 et
3643 4396 3810 4448 nota-

2169 4486 2271 4542 riis
2304 4486 2571 4558 publicis,
2631 4483 2716 4539 vel
2750 4483 2883 4538 aliis
2941 4483 3235 4554 descripta
3282 4487 3468 4538 erant.
3515 4481 3632 4538 Nos
3676 4496 3812 4536 vero

2169 4574 2275 4631 hos
2306 4575 2485 4630 libros
2532 4573 2678 4629 801
2717 4572 2922 4639 diaria,
2955 4574 3012 4626 et
3059 4572 3248 4643 magis
3299 4571 3525 4643 vulgari
3575 4569 3812 4626 nomine

2168 4663 2400 4734 publica
2431 4663 2756 4718 scribarum
2789 4660 3036 4732 registra
3068 4675 3501 4731 nuncupamus.

2236 4751 2541 4817 Caeterum,
2562 4748 2798 4806 tametsi
2819 4747 3218 4804 Tertullianus
3245 4753 3330 4803 tot
3351 4749 3421 4804 ad
3447 4746 3808 4820 probandam

2166 4857 2341 4896 sacrae
2369 4841 2676 4911 Scriptum
2725 4836 3134 4907 antiquitatem
3183 4843 3529 4909 argumenta
3561 4834 3813 4892 breviter

2166 4927 2517 4999 exposuerit,
2549 4925 2818 4998 quisquis
2848 4931 3045 4980 tamen
3079 4923 3313 4980 illorum
3346 4925 3578 4996 pondus
3625 4929 3684 4980 et
3712 4939 3810 4979 ro-

2166 5019 2277 5074 bur
2314 5033 2375 5073 se
2431 5015 2756 5087 intelligere
2807 5018 3000 5087 negat,
3060 5015 3110 5072 is
3160 5032 3222 5071 se
3277 5016 3475 5088 ipsum
3524 5028 3812 5071 occmcare

2164 5106 2418 5162 voluisse
2447 5105 2692 5173 videtur.
2728 5104 3092 5175 QuaprOpter
3137 5108 3322 5160 totam
3357 5105 3507 5161 hanc
3538 5104 3808 5176 disputa-

2164 5196 2383 5250 tionem
2417 5194 2626 5250 melius
2655 5192 2952 5249 absolvere
2981 5209 3094 5248 non
3128 5209 3466 5265 possumus,
3502 5208 3680 5264 quam
3712 5191 3809 5248 his

2165 5283 2352 5355 ipsius
2383 5285 2453 5340 ad
2485 5282 2732 5355 gentiles
2776 5280 2888 5336 alio
2921 5280 2978 5335 in
3031 5279 3178 5337 libro
3222 5283 3416 5339 verbis
3468 5282 3548 5351 (de
3577 5281 3809 5338 Testim.

2165 5375 2336 5428 anim.
2389 5390 2514 5445 cap.
2565 5374 2635 5427 5:
2675 5393 2702 5422 «
2751 5369 2984 5425 Atenim
3033 5386 3166 5426 cum
3217 5371 3422 5427 divina:
3472 5371 3804 5441 Scriptura,

2163 5477 2289 5534 quae
2322 5479 2498 5535 penes
2529 5477 2658 5528 nos,
2692 5457 2779 5516 vel
2822 5458 3056 5514 Judazos
3096 5464 3256 5528 sunt,
3291 5460 3350 5515 in
3401 5475 3653 5533 quorum
3681 5457 3809 5514 olea

2162 5558 2219 5608 et
2250 5553 2494 5608 oleastro
2525 5551 2686 5606 insiti
2717 5565 2946 5613 sumus,
2972 5547 3156 5604 multo
3189 5549 3571 5605 saecularibus
3596 5546 3808 5603 litteris

2162 5658 2279 5698 non
2327 5641 2559 5698 modica
2604 5642 2832 5694 tantum
2875 5639 3044 5692 aetate
3096 5635 3296 5710 aliqua
3341 5637 3710 5701 antecedant,
3743 5640 3809 5690 ut

2161 5730 2286 5788 loco
2317 5748 2423 5789 suo
2454 5727 2798 5787 edocuimus
2827 5725 2900 5781 ad
2939 5724 3113 5784 tidem
3145 5742 3348 5787 earum
3397 5728 3804 5786 demonstran-
