4158 6352
346 371 466 432 885

1258 374 1333 433 D.
1379 373 1476 432 LE
1520 373 1850 434 NOURliY
1895 370 2542 433 OBSERVATIONES
2587 371 2840 433 NOVE.

3638 372 3756 432 886

347 506 477 561 dam
516 521 528 559 :
563 504 671 560 etsi
702 504 821 559 haac
854 504 1084 576 eloquia
1110 506 1179 561 de
1211 505 1418 561 litteris
1454 504 1993 577 usurpavitanima,
2028 506 2082 572 Α
2112 503 2389 559 mortium
2439 509 2689 561 vastant.
2744 527 2764 555 ι
2825 504 3007 576 (Ιόηίιί.)
3062 504 3300 560 Frustra
3356 502 3511 559 enim
3570 502 3753 575 aliqui

349 595 555 667 utique
585 595 654 651 de
689 595 904 651 nostris
935 596 1289 651 credendum
1323 595 1453 663 erit,
1488 612 1603 651 non
1636 596 1707 651 de
1755 594 1997 664 vestris;

346 688 486 757 quia
517 685 741 756 potiora
771 689 909 741 sunt
939 686 1011 741 ad
1057 685 1467 741 instruendam
1495 685 1753 741 animam
1786 685 1999 756 priora,

350 790 530 847 quam
592 782 848 845 postera,
906 792 1032 846 qua
1089 780 1146 830 et
1200 774 1329 847 ipsa
1380 794 1411 831 a
1461 776 1755 846 prioribus
1784 774 1999 829 instrui

348 864 741 934 sustinebant,
776 882 911 919 cum
941 865 1048 919 etsi
1080 866 1151 919 de
1182 865 1390 921 vestris
1420 866 1768 920 instructam
1804 879 2001 919 conce-

346 954 578 1018 damus,
614 955 687 1008 ad
715 954 998 1023 originem
1060 960 1257 1009 tamen
1318 953 1701 1025 principalem
1763 952 1998 1008 traditio

346 1042 654 1111 pertineat,
688 1049 1076 1115 nostrumque
1108 1044 1347 1099 omnino
1379 1043 1476 1111 sit,
1502 1044 1896 1114 quodcunque
1928 1042 1999 1096 de

346 1129 562 1186 nostris
620 1131 947 1201 sumpsisse
1004 1137 1061 1187 et
1090 1132 1402 1187 tradidisse
1433 1131 1678 1202 contigit
1733 1130 1917 1185 vobis.
1972 1148 1999 1178 »

347 1219 596 1274 Demum
629 1219 686 1273 in
718 1220 1055 1291 Apologetico
1086 1222 1321 1275 eosdem
1356 1219 1547 1274 adhuc
1594 1218 1859 1274 ethnicos
1916 1218 2000 1273 sic

348 1306 670 1379 alloquitur
700 1312 847 1379 (cap.
881 1310 967 1379 45,
1000 1325 1133 1380 pag.
1164 1310 1287 1380 499)
1321 1324 1332 1362 :
1371 1329 1399 1358 «
1431 1308 1637 1363 Sciatis
1669 1308 1828 1379 ipsas
1859 1323 2001 1378 quo-

347 1413 462 1468 que
490 1396 646 1468 leges
673 1406 916 1463 vestras,
964 1415 1091 1468 qua
1147 1399 1419 1452 videntur
1476 1398 1543 1453 ad
1602 1396 1997 1452 innocentiam

348 1502 609 1557 pergere,
643 1488 712 1542 de
746 1487 942 1541 divina
1001 1486 1147 1556 lege,
1208 1491 1272 1541 ut
1338 1488 1689 1558 antiquiore,
1751 1489 1999 1540 formam

349 1580 668 1630 mutuatas.
710 1596 731 1626 ι
768 1577 838 1630 Et
867 1580 1020 1631 certe
1054 1578 1111 1630 in
1146 1575 1276 1630 aliis
1305 1578 1523 1631 nostris
1572 1574 1998 1631 dissertationi-

349 1664 459 1719 bus
518 1665 749 1720 abunde
806 1666 1176 1720 ostendimus
1239 1666 1558 1736 scriptores
1617 1665 1884 1719 ethnicos
1932 1680 2001 1718 ex

350 1754 534 1808 sacris
564 1755 783 1809 nostris
813 1752 978 1808 libris
1010 1754 1178 1825 plura
1209 1754 1517 1818 delibasse,
1552 1770 1679 1825 quas
1732 1752 1814 1807 illi
1868 1770 2001 1823 pra-

349 1841 435 1897 vis
466 1843 760 1897 erroribus
790 1842 912 1898 suis
946 1843 1117 1914 plane
1147 1848 1549 1915 corruperunt.
1581 1845 1654 1897 At
1686 1858 1855 1897 nemo
1915 1845 2002 1898 est

349 1931 448 1999 qui
508 1947 576 1986 ex
632 1931 803 1987 dictis
862 1948 977 1987 non
1037 1931 1205 1986 facile
1253 1931 1529 2002 intelligit
1579 1948 1755 2003 quam
1789 1936 2001 1987 rectea

356 2019 715 2077 Tertulliano
746 2026 944 2077 nostro
980 2021 1220 2091 probata
1252 2021 1329 2075 sit
1378 2020 1611 2075 illorum
1656 2020 1997 2091 antiquitas.

353 2111 438 2163 Ad
496 2125 698 2165 eorum
759 2127 890 2166 vero
949 2110 1351 2165 auctoritatem
1409 2109 1810 2181 explicandam
1842 2125 2000 2164 nunc

352 2214 682 2254 VBDIBmUB.

951 2332 1270 2373 ARTICULUS
1310 2333 1406 2373 νιι.

355 2421 627 2490 Quomodo
658 2422 1039 2479 Tertullianas
1068 2424 1395 2480 demonstret
1423 2423 1670 2480 divinam
1690 2440 1803 2480 esse
1822 2439 2004 2481 sacrae

422 2494 727 2569 scriptunz
758 2498 1169 2564 auctoritatem,
1204 2513 1300 2552 nec
1332 2497 1486 2551 illius
1520 2497 1893 2569 ignoranliam
1926 2498 2000 2552 ab

427 2566 660 2621 ethnicis
685 2583 838 2638 posse
860 2568 1047 2639 objici.

427 2679 549 2736 Non
581 2698 651 2737 ex
680 2681 806 2739 sola
849 2683 1197 2756 antiquitate
1255 2683 1651 2739 Tertullianas
1705 2701 2002 2741 summam

356 2770 667 2842 Scripturze
747 2789 924 2827 sacrre
1002 2773 1404 2829 auctoritatem
1468 2774 1717 2846 repetit,
1777 2775 1875 2830 sed
1937 2791 2003 2830 eo

359 2860 611 2915 maxime
648 2861 799 2932 quod
833 2860 1030 2917 divina
1061 2862 1267 2930 sit,seu
1296 2862 1503 2918 litteris
1534 2864 1753 2919 tradita
1783 2864 1854 2919 ab
1887 2863 2004 2919 illis

361 2949 565 3020 utique
593 2950 732 3006 viris
765 2953 865 3022 qui
924 2956 1090 3006 erant
1148 2952 1345 3007 divino
1399 2952 1616 3024 Spiritu
1676 2953 1878 3024 afﬂati,
1938 2969 2005 3009 ac

358 3038 555 3094 futura
610 3044 763 3095 certe
819 3040 1211 3111 praedixerunt
1265 3041 1417 3113 (Ibid.
1479 3058 1606 3114 cap.
1639 3044 1729 3114 20)
1764 3059 1776 3099 :
1812 3064 1835 3095 α
1870 3042 2004 3098 Ido-

361 3144 535 3183 neum
569 3129 786 3202 quippe
818 3130 1219 3186 testimonium
1252 3130 1597 3198 divinitatis,
1628 3132 1711 3187 ait
1740 3131 1855 3200 ille,
1915 3135 2006 3186 est

358 3218 571 3274 veritas
630 3219 1026 3275 divinationis.
1089 3241 1116 3269 »
1158 3220 1355 3292 Neque
1385 3220 1442 3275 id
1477 3219 1633 3277 ullus
1668 3236 1876 3293 negare
1909 3238 2005 3293 po-
2034 3254 2076 3323 Ο

358 3311 528 3374 terat,
563 3324 668 3364 nec
699 3308 811 3381 ipsi
863 3308 1098 3380 quidem
1159 3309 1429 3381 gentiles,
1488 3310 1587 3383 qui
1648 3327 1815 3366 veros
1874 3326 2003 3366 esse

357 3398 494 3453 deos
526 3415 665 3453 suos
696 3397 830 3453 inde
859 3399 1140 3454 conficere
1171 3400 1552 3466 conabantur,
1587 3401 1726 3471 quia
1755 3416 1848 3456 res
1908 3399 2002 3454 fu-

356 3491 521 3542 turas
552 3487 622 3543 ab
656 3486 727 3543 iis
758 3488 1183 3559 praenuntiatas
1211 3506 1339 3544 esse
1371 3489 1776 3544 autumabant.
1840 3488 2002 3544 Chri-

356 3576 530 3632 stiani
559 3594 692 3632 vero
726 3576 840 3632 vim
872 3577 1050 3649 hujus
1081 3578 1433 3651 argumenti,
1467 3577 1549 3634 sic
1581 3578 1652 3634 ab
1684 3578 2002 3650 gentilibus

359 3666 645 3739 usurpati,
677 3683 790 3723 non
824 3667 996 3723 aliam
1030 3668 1103 3723 ob
1150 3685 1385 3724 causam
1435 3668 1834 3739 inﬁrmabant,
1889 3668 2004 3723 nisi

358 3756 497 3828 quia
552 3761 654 3812 aut
684 3755 839 3813 falsa:
869 3762 1037 3813 erant
1095 3757 1433 3829 bujusmodi
1466 3758 1825 3813 factitiorum
1859 3762 2002 3814 deo-

360 3863 490 3901 rum
525 3846 951 3918 praedictiones,
983 3851 1083 3902 aut
1113 3848 1444 3903 daemonum
1478 3848 1702 3903 artibus
1749 3852 1806 3903 et
1852 3865 2001 3919 pras-

361 3934 552 4007 stigiis
600 3935 956 4007 excogitatas.
1007 3936 1179 3992 Solus
1211 3953 1462 4007 namque
1491 3952 1663 3992 verus
1692 3937 1870 4005 Deus,
1902 3940 2004 3992 aut

362 4024 657 4095 prophetas
709 4024 927 4097 Spiritu
988 4024 1147 4081 illius
1204 4024 1438 4098 repleti,
1500 4030 1749 4097 possunt
1806 4026 2005 4081 futura

362 4116 516 4169 certo
547 4113 959 4185 praenuntiam.
997 4114 1168 4186 Atqui
1218 4114 1493 4186 plurima,
1552 4114 1746 4186 inquit
1803 4120 2006 4171 auctor

360 4205 577 4271 noster,
630 4203 832 4259 eodem
886 4204 1060 4258 modo
1112 4203 1236 4275 jam
1294 4203 1441 4259 facta
1477 4204 1793 4273 cernimus,
1826 4220 1939 4274 quo
1971 4220 2005 4260 a

357 4291 541 4348 sacris
573 4291 809 4349 vatibus
839 4292 1060 4349 nostris
1084 4296 1532 4364 praemonstrata
1564 4293 1813 4349 fuerant.

426 4382 590 4437 Brevi
622 4388 819 4438 autem
868 4383 1148 4438 harumce
1203 4382 1646 4454 praedictionum
1698 4399 2003 4439 enumera-

357 4472 512 4527 tione
541 4471 687 4527 illud
718 4474 1061 4544 comprobat
1093 4472 1300 4543 (Ibat).
1345 4476 1513 4527 Nunc
1561 4473 1739 4541 enim,
1792 4476 1857 4527 ut
1904 4472 2002 4527 ille

355 4562 459 4625 ait,
494 4561 1209 4633 Terrae,quemadmodum
1242 4578 1275 4616 a
1305 4561 1491 4616 sacris
1523 4561 1826 4633 prophetis
1856 4577 1999 4632 prae-

2111 594 2180 649 ad
2217 610 2413 650 vocem
2446 598 2711 651 montium
2743 594 3208 651 confirmandam
3265 593 3630 649 contendunt
3682 610 3750 648 ea

2112 684 2428 756 significari
2463 685 2679 752 leones,
2702 683 3169 756 ursos,aliasqnc
3200 684 3256 739 id
3289 700 3475 757 genus
3505 682 3755 746 belluas,

2111 774 2327 845 quibus
2360 780 2588 831 montes
2622 775 3509 846 frequentantur,vastanturque
3540 772 3752 844 campi.

2109 868 2256 919 Nam
2289 865 2357 919 de
2388 864 2695 920 hominum
2728 868 2928 921 auctor
2949 862 3424 934 nostcrloquitur
3441 862 3753 931 mortibus,

2110 971 2231 1024 quae
2265 952 2380 1025 lue,
2414 954 2565 1010 fame
2597 954 2845 1026 aliisque
2880 953 3289 1025 hujuscemodi
3322 950 3589 1009 cladibus
3644 951 3757 1006 fre-

2110 1044 2493 1113 quentissime
2523 1044 2818 1100 accidunt.

2182 1132 2374 1205 Pergit
2434 1136 2629 1189 autem
2680 1133 2779 1189 ille
2832 1152 2845 1191 :
2898 1155 2925 1184 «
2958 1133 3163 1190 Officia
3193 1136 3525 1204 temporum
3555 1134 3611 1188 et
3643 1129 3757 1186 cle-

2112 1226 2444 1277 mentorum
2477 1223 2683 1278 munia
2712 1222 3104 1293 exhorbitant,
3141 1244 3161 1271 ι
3198 1221 3379 1293 (Ιὺίά.)
3411 1221 3469 1276 id
3500 1224 3607 1289 est,
3662 1236 3757 1275 so-

2110 1308 2250 1366 litus
2308 1316 2558 1383 quatuor
2614 1311 2753 1367 anni
2810 1315 3250 1384 tempestatum,
3309 1328 3373 1366 ac
3420 1312 3607 1366 status
3637 1308 3758 1364 ele-

2113 1403 2445 1455 mentorum
2519 1402 2659 1456 ordo
2736 1401 3135 1468 confunditur,
3199 1400 3355 1471 quod
3433 1397 3756 1470 impropria

2111 1488 2253 1544 dixit
2311 1489 2482 1545 verbo
2540 1490 2866 1545 exorbitant.
2929 1490 3078 1556 Quin
3126 1490 3300 1545 etiam
3334 1512 3361 1538 ‹‹
3395 1489 3674 1544 Monstris
3704 1489 3761 1541 et

2111 1579 2394 1651 portentis
2427 1579 2784 1635 naturalium
2835 1580 3023 1635 forma
3076 1579 3365 1635 turbatur.
3426 1600 3454 1628 ››
3513 1575 3758 1642 Quidam

2112 1669 2303 1722 autem
2335 1666 2414 1722 ibi
2449 1672 2711 1724 monstra
2738 1686 2771 1724 a
2802 1668 3087 1740 portentis
3114 1667 3196 1723 sic
3228 1666 3513 1739 distingui
3532 1665 3757 1730 volunt,

2112 1757 2175 1808 ut
2202 1758 2465 1810 monstra
2494 1755 2551 1810 in
2585 1755 2927 1811 hominibus
2960 1754 3436 1827 animalibusque
3461 1754 3597 1825 sint,
3624 1770 3756 1826 por-

2112 1845 2274 1897 tenta
2321 1860 2453 1899 vero
2511 1844 2567 1897 in
2628 1844 2802 1900 rebus
2861 1845 3221 1900 inanimatis.
3254 1846 3363 1900 Sed
3393 1844 3433 1900 ii
3465 1860 3579 1899 non
3609 1841 3756 1898 satis

2111 1932 2314 2002 procul
2369 1932 2548 1988 dubio
2608 1935 3010 2003 attenderunt,
3057 1935 3209 2006 quod
3268 1934 3506 2006 scripsit
3560 1932 3755 1988 Cicero

2112 2020 2457 2077 informatas
2509 2024 2751 2079 deorum
2814 2024 3080 2080 notiones
3139 2047 3165 2075 «
3227 2027 3435 2096 praeter
3484 2026 3755 2077 naturam

2111 2109 2419 2167 hominum
2451 2113 2861 2184 pecudumque
2890 2112 3196 2184 portentis.
3229 2134 3260 2163 »
3289 2113 3491 2184 (Cicer.
3518 2110 3665 2167 libJI
3695 2109 3760 2165 de

2111 2201 2310 2257 Natur.
2370 2201 2519 2258 deor.
2580 2218 2712 2274 pag.
2771 2203 2899 2271 215,
2956 2202 3059 2257 lin.
3118 2203 3231 2273 45.)
3293 2202 3359 2257 Et
3389 2200 3635 2257 alibi:«
3666 2203 3759 2253 An

2110 2308 2246 2346 vero
2278 2291 2378 2345 illa
2408 2308 2516 2347 nos
2547 2296 2786 2358 terrent,
2820 2291 2871 2346 si
2902 2291 3137 2362 quando
3167 2290 3366 2361 aliqua
3424 2293 3764 2361 portentosa

2114 2385 2215 2435 aut
2245 2398 2277 2435 a
2310 2381 2549 2450 pecude,
2582 2387 2683 2436 aut
2714 2396 2783 2436 ex
2812 2380 3049 2435 homine
3080 2384 3217 2435 nata
3246 2378 3569 2434 dicuntur?
3598 2399 3627 2428 ››
3678 2376 3765 2448 (de

2115 2471 2344 2524 Divinil.
2380 2469 2481 2523 lib.
2517 2487 2589 2535 ιι,
2616 2487 2672 2541 p.
2707 2470 2833 2536 247,
2885 2469 2986 2523 lin.
3032 2469 3144 2540 16.)
3205 2470 3538 2523 Portentum
3586 2466 3768 2539 igitur

2116 2576 2230 2614 non
2289 2560 2479 2629 magis
2532 2560 2601 2614 de
2641 2558 2982 2614 inanimatis
3013 2558 3189 2614 rebus
3219 2558 3453 2627 dicitur,
3488 2572 3663 2628 quam
3697 2556 3767 2611 de

2114 2649 2457 2704 hominibus
2484 2653 2540 2704 et
2571 2648 2916 2720 pecudibus,
2950 2649 3009 2701 in
3043 2647 3261 2719 quibus
3293 2647 3625 2701 membrum
3660 2644 3765 2700 ali-

2117 2739 2273 2810 quod
2305 2744 2509 2810 praeter
2542 2743 2813 2793 naturam
2846 2736 3018 2809 plane
3076 2736 3463 2800 deformatur,
3521 2739 3623 2790 aut
3679 2748 3766 2788 re-

2115 2829 2364 2895 dundat,
2422 2832 2524 2883 aut
2579 2827 2791 2882 deﬁcit.
2834 2826 3175 2881 Portentum
3206 2831 3402 2881 tamen
3435 2840 3469 2879 a
3498 2826 3762 2878 monstro

2115 2918 2165 2974 si
2192 2918 2424 2988 quando
2454 2916 2802 2972 Tertulliani
2833 2916 3024 2972 verbis
3082 2930 3278 2971 revera
3309 2912 3532 2970 secerni
3591 2911 3762 2967 nobis

2115 3008 2415 3078 probetur,
2444 3006 2710 3078 protinus
2742 3005 3038 3061 cedemus.

2186 3114 2332 3180 Quid
2369 3112 2580 3184 plura?
2609 3134 2635 3161 «
2670 3112 2958 3179 Humiles,
2989 3111 3071 3166 ait
3100 3109 3219 3178 ille,
3253 3108 3635 3175 sublimitate,
3669 3123 3763 3163 su-

2117 3204 2324 3259 blimes
2358 3202 2694 3257 humilitate
2720 3206 3065 3267 mutantur;
3100 3220 3129 3249 »
3159 3198 3425 3263 (Tertull.
3458 3198 3759 3269 Apologet..

2114 3310 2244 3365 cap.
2274 3294 2365 3357 20,
2398 3308 2529 3363 pag.
2562 3292 2687 3361 300)
2717 3291 2857 3355 sive,
2902 3290 3209 3345 hominum
3267 3291 3460 3343 status
3513 3290 3570 3341 et
3623 3302 3761 3341 con-

2111 3382 2253 3436 ditio
2293 3381 2373 3436 ita
2427 3383 2845 3450 commutatur,
2900 3382 2966 3434 ut
2993 3395 3026 3433 a
3057 3376 3295 3433 sublimi
3328 3391 3396 3432 ac
3424 3390 3655 3431 summa
3689 3375 3761 3429 ad

2114 3470 2394 3526 humilem
2427 3474 2485 3524 et
2514 3469 2987 3539 intimam,atque
3014 3483 3183 3523 versa
3206 3466 3460 3537 vice,aut
3487 3464 3762 3519 decidant

2114 3564 2216 3615 aut
2245 3558 2663 3614 conscendant.
2702 3556 2955 3627 Denique
2987 3572 3000 3610 :
3036 3578 3064 3605 ‹‹
3095 3556 3341 3611 Justitia
3386 3552 3652 3619 rarescit,
3704 3555 3762 3606 et

2113 3648 2394 3719 iniquitas
2426 3646 2777 3711 crebrescit;
2830 3647 3115 3701 bonarum
3173 3643 3439 3699 omnium
3498 3639 3760 3711 discipli-

2114 3754 2324 3793 narum
2355 3752 2496 3791 cura
2522 3735 2822 3806 torpescit,
2879 3757 2907 3783 ››
2956 3735 3111 3806 apud
3162 3733 3423 3788 ethnicos
3470 3730 3757 3797 videlicet,

2113 3828 2210 3900 qui
2244 3826 2636 3883 Christianam
2672 3823 3010 3896 religionem
3045 3824 3307 3889 oderant,
3340 3820 3427 3876 vel
3478 3835 3757 3891 asperna-

2114 3919 2347 3973 bantur.
2383 3916 2527 3971 Nam
2560 3920 2762 3987 postea
2792 3913 3169 3969 manifestum
3200 3911 3350 3982 ipse,
3381 3914 3446 3965 ut
3474 3924 3581 3964 suo
3633 3908 3756 3962 loco

2111 4007 2463 4074 videbimus,
2500 4003 2741 4059 cuilibet
2781 4002 2916 4059 fecit
2972 4019 3006 4056 a
3061 3998 3407 4056 Christianis
3465 3994 3757 4052 excultam

2112 4096 2678 4165 disseminatamque
2711 4093 2890 4148 fuisse
2913 4091 3230 4163 justitiam,
3266 4088 3565 4161 pietatem,
3618 4102 3759 4140 san-

2113 4189 2395 4251 ctitatem,
2429 4200 2751 4254 curamque
2782 4184 3067 4238 bonarum
3100 4179 3365 4235 omnium
3421 4174 3757 4247 disciplina-

2113 4292 2266 4331 rum.
2302 4275 2480 4329 Porro
2512 4277 2703 4328 autem
2748 4271 2966 4335 clades,
3013 4267 3398 4335 calamitates,
3448 4277 3761 4335 rerumque

2112 4361 2607 4436 perturbationes,
2667 4377 2811 4433 quas
2870 4362 3071 4414 auctor
3125 4368 3325 4412 noster
3382 4357 3666 4418 recenset,
3698 4357 3762 4417 Ea

2113 4453 2295 4508 sacris
2348 4450 2563 4506 nostris
2620 4450 2851 4505 vatibus
2908 4463 3042 4503 vere
3098 4444 3520 4519 praenuntiatus
3578 4440 3761 4496 fuisse

2112 4558 2283 4598 nemo
2316 4555 2526 4611 negare
2560 4543 2772 4610 potest,
2806 4538 2919 4593 nisi
2977 4536 3075 4608 qui
3130 4537 3340 4590 horum
3398 4532 3763 4601 aliorumque

357 4649 575 4705 dictum
609 4621 941 4721 est,‘vorant
971 4653 1152 4718 urbes,
1184 4649 1243 4705 in
1270 4655 1380 4718 est,
1440 4621 1760 4720 repentinis
1816 4621 2002 4705 terra-
2033 4632 2081 4694 Ι)
2114 4632 2233 4687 Sive
2263 4630 2811 4721 hism’iicormﬂam
2842 4624 3413 4721 (ξδΓοίΨῙοείὲίθνυω
3445 4621 3759 4721 ῙῘΡτοθΡθθ

359 4755 491 4793 rum
542 4739 696 4795 802
746 4740 1006 4795 motibus
1036 4746 1093 4795 et
1124 4738 1384 4795 hiatibus
1414 4739 1589 4794 urbes
1620 4740 1906 4809 absorpta
1939 4756 2003 4793 ac

356 4832 566 4882 vorata:
619 4832 761 4884 sunt
813 4829 1036 4901 (Ibid.).
1101 4828 1312 4883 Deinde
1372 4845 1384 4882 :
1448 4848 1472 4879 ι
1533 4828 1764 4884 Insulas
1822 4828 2007 4883 maria

360 4916 661 4986 fraudant,
699 4940 720 4967 ι
756 4934 904 4989 quas
934 4918 1203 4973 videlicet
1232 4917 1413 4972 maris
1444 4917 1721 4972 ﬂuctibus
1754 4934 1817 4972 ac
1859 4922 2004 4972 tem-

361 5005 689 5075 pestatibus
765 5009 1082 5063 exhaustas
1138 5007 1407 5062 videmus
1479 5006 1679 5075 (lbid.).
1740 5007 1826 5061 Ad
1886 5006 2007 5061 haec

360 5108 539 5150 vero:
580 5116 600 5143 α
661 5096 912 5152 Externa
967 5103 1143 5169 atque
1201 5096 1433 5150 interna
1491 5094 1644 5150 bella
1695 5095 2005 5165 dilaniant,

360 5180 551 5251 regnis
604 5198 787 5255 regna
843 5186 1237 5258 compulsant,
1300 5205 1327 5233 »
1360 5183 1468 5239 hoc
1500 5189 1607 5253 est,
1642 5183 1794 5240 bella
1823 5184 1882 5240 in
1914 5184 2006 5239 di-

360 5288 559 5328 versas
584 5278 777 5342 partes
809 5274 1088 5330 scindunt
1120 5290 1235 5330 non
1269 5272 1459 5328 solum
1515 5289 1710 5343 regna,
1772 5273 2009 5345 provin-

360 5360 481 5414 cias
538 5364 596 5415 et
652 5361 848 5428 urbes,
910 5364 1010 5419 sed
1071 5363 1225 5418 cives
1255 5363 1453 5428 etiam,
1487 5366 1661 5432 atque
1694 5362 1921 5429 afﬁnes,
1952 5367 2010 5419 et

361 5449 646 5518 sanguine
705 5451 1053 5521 conjunctos
1113 5450 1321 5523 (lbid.).
1359 5449 1641 5505 Praeterea
1673 5466 1686 5505 :
1722 5471 1749 5498 ‹‹
1782 5451 2007 5519 Fames,

362 5543 416 5593 et
450 5538 599 5606 lues,
632 5543 689 5595 et
718 5537 933 5596 locales
994 5556 1236 5612 quaeque
1289 5537 1506 5607 clades,
1561 5542 1618 5593 et
1673 5539 2011 5609 frequentiae

364 5626 641 5700 pleraque
673 5630 964 5686 montium
995 5632 1247 5686 vastant.
1284 5650 1311 5676 υ
1343 5626 1553 5683 Melius
1604 5627 1661 5681 in
1718 5627 2012 5699 exempla-

369 5714 530 5773 ribus
558 5718 776 5777 nostris
808 5723 866 5777 et
894 5718 1153 5792 antiquis
1184 5715 1566 5785 editionibus,
1610 5735 1638 5773 ιι
1663 5716 2013 5791 Plerumque

2116 4718 2507 4792 percurrendo
2557 4715 2793 4788 quidem
2851 4714 3077 4788 legerit.
3135 4715 3205 4768 At
3261 4710 3760 4784 quemadmodum

2116 4806 2477 4881 Augustinus
2510 4807 2789 4862 adversus
2823 4806 3103 4861 Faustum
3136 4801 3525 4859 Manicheum
3556 4798 3760 4871 dispu-

2114 4904 2309 4956 tat:«
2370 4895 2749 4952 Ostendimus
2807 4895 2980 4951 fidem
3040 4892 3457 4966 prophetarum
3517 4906 3588 4946 ex
3643 4890 3759 4959 his,

2117 5005 2244 5060 quae
2274 4990 2518 5042 ventura
2548 4986 2905 5054 cecinerunt,
2963 4989 3020 5041 et
3072 4983 3304 5040 venisse
3361 4984 3698 5039 cernuntur.
3734 5002 3757 5031 ι

2118 5079 2387 5150 (August.
2440 5075 2541 5131 lib.
2606 5093 2707 5131 χιιι
2765 5085 2938 5131 contr.
3002 5076 3187 5129 Faust.
3245 5073 3481 5128 Manich.
3537 5087 3663 5141 cap.
3705 5067 3764 5133 7,

2118 5184 2251 5239 pag.
2286 5166 2414 5232 255,
2446 5171 2588 5220 tom.
2622 5166 2794 5237 VllI.)
2828 5166 2936 5220 Sed
2973 5165 3139 5219 illum
3186 5164 3353 5235 plura
3409 5163 3478 5216 de
3538 5159 3629 5214 bis
3686 5155 3768 5212 ibi

2120 5256 2273 5311 803
2333 5254 2734 5327 disputantem
2779 5255 2952 5333 adire
3008 5252 3245 5325 poteris.
3293 5256 3366 5305 De
3398 5247 3602 5304 mundi
3630 5263 3767 5300 vero

2120 5344 2563 5415 cladibus,quas
2595 5344 2985 5400 Tertullianas
3017 5360 3049 5398 a
3080 5341 3263 5398 sacris
3296 5338 3509 5395 nostris
3540 5335 3769 5392 vatibus

2121 5433 2429 5505 praedictas
2457 5450 2580 5489 esse
2610 5433 2772 5504 dixit,
2805 5432 3048 5488 interius
3080 5445 3211 5485 cum
3247 5445 3312 5484 eo
3343 5426 3653 5500 agendum.

2192 5539 2583 5596 Dissimulare
2614 5544 2809 5595 tamen
2841 5555 2953 5593 non
2986 5552 3305 5610 possumus
3323 5534 3452 5591 aliis
3470 5534 3639 5605 longe
3657 5530 3769 5587 cla-

2123 5628 2377 5685 rioribus
2408 5644 2584 5685 sacrae
2614 5627 2929 5699 Scriptores
2986 5624 3179 5681 verbis
3237 5625 3437 5680 futura
3490 5639 3767 5697 praenun-

2124 5714 2459 5774 tiari.Tales
2489 5715 2782 5774 enimvero
2810 5718 2949 5772 sunt
2976 5711 3175 5788 plures
3206 5712 3275 5771 de
3304 5717 3545 5771 venturo
3602 5712 3768 5772 Chri-
