4158 6390
491 398 608 460 88Ἶ

1006 397 1532 460 TERTULLIANI
1578 397 1898 462 OPERUM
1941 398 2145 459 PARS
2189 397 2237 457 Ι.
2266 428 2345 441 -
2374 396 2648 457 SERIES
2692 398 2739 469 Ι,
2787 394 3345 458 APOLOGETICA.

3766 388 3897 451 888

497 536 609 599 sto,
643 531 882 602 ejusque
911 530 1046 600 vita,
1079 529 1400 601 miraculis,
1457 534 1661 596 morte,
1716 534 1774 586 et
1832 533 1901 586 ad
1957 530 2132 584 vitam
2166 529 2220 596 Α
2320 529 2486 582 Deum
2545 529 2810 583 exsistere
2863 527 3213 594 demonstrat,
3271 524 3527 602 videlicet
3574 537 3896 602 _:acrarum

498 635 768 692 regressu
820 618 1285 690 praedicationes,
1329 636 1454 690 quae
1487 619 1557 674 ab
1591 624 1823 675 auctore
1854 625 2053 675 nostro
2080 623 2137 673 et

502 707 969 778 Lactantio,utin
987 707 1274 779 superiori
1305 708 1715 765 dissertatione
1746 708 2134 776 ostendimus,

502 800 772 854 accurate
805 797 1137 852 referuntur
1167 797 1365 868 (Infra,
1399 798 1714 869 cap.9,art.
1748 801 1822 867 2;
1855 801 2134 854 Dissertat.

501 887 561 942 in
593 887 850 942 Lactant.
886 901 1014 957 cap.
1049 888 1103 955 8,
1135 890 1245 942 art.
1283 887 1306 941 1
1336 889 1392 941 et
1419 887 1495 954 2).
1546 887 1759 942 Verum
1819 888 1943 958 ipse
2000 888 2138 941 Ter-

501 973 776 1030 tellianus
834 979 1034 1031 noster
1083 974 1400 1030 arbitratus
1453 979 1561 1043 est,
1609 991 1714 1031 nec
1737 977 1870 1048 jure
1903 975 2138 1046 quidem

503 1063 820 1132 immerito,
854 1079 921 1119 ea
951 1080 1077 1135 quae
1105 1079 1262 1119 nunc
1309 1067 1610 1131 memorat,
1663 1065 1732 1119 ad
1778 1064 2138 1136 probandam

507 1168 683 1209 sacris
714 1151 1024 1224 Seripturas
1055 1151 1416 1208 divinitatem
1451 1151 1534 1208 sic
1565 1153 1854 1224 sufﬁcere,
1898 1157 1962 1207 ut
2011 1151 2142 1206 aliis

508 1257 658 1313 opus
687 1257 802 1297 non
829 1245 1003 1309 esset,
1035 1257 1140 1297 nec
1171 1239 1465 1312 exemplis,
1500 1257 1603 1297 nec
1634 1240 2096 1314 probationibus.

579 1330 778 1401 Neque
804 1329 977 1401 objici
1005 1333 1232 1402 poterat
1259 1329 1390 1385 illas
1429 1347 1462 1385 a
1503 1330 1854 1386 Christianis
1899 1329 2145 1386 occulta-

508 1423 620 1490 tas,
654 1434 760 1475 nec
790 1417 1054 1475 ethnicos
1082 1418 1359 1474 habuisse
1389 1419 1623 1475 easdem
1654 1419 1884 1492 legendi
1917 1423 1972 1475 et
2014 1436 2144 1475 exa-

512 1507 780 1564 minandi
811 1508 1168 1564 facultatem.
1201 1508 1476 1572 Quamvis
1507 1511 1661 1562 enim
1696 1525 1938 1563 summae
1985 1508 2146 1563 Chri-

515 1597 727 1653 stianis
785 1595 1052 1669 religioni
1108 1597 1282 1652 fuerit
1341 1614 1505 1653 sacra
1563 1614 1671 1652 sua
1701 1597 1975 1667 mysteria
2005 1597 2148 1654 alios

516 1701 740 1755 omnes,
772 1689 828 1742 et
856 1685 1017 1756 ipsos
1049 1685 1222 1741 etiam
1271 1686 1717 1742 catechumenos
1778 1686 1998 1754 celare;
2059 1687 2150 1741 di-

515 1774 660 1832 vinas
692 1779 892 1830 tamen
925 1775 1235 1848 Scripturaa
1291 1773 1472 1830 libros
1532 1793 1636 1831 nec
1694 1775 2149 1843 abscondebant,

2315 603 2731 670 Scripturarum
2779 601 3119 663 auctoritate,
3177 597 3471 670 gentilium
3523 594 3892 670 philosopho-

2318 668 2756 745 rum—consensu,
2790 673 3076 742 ipsiusmet
3099 672 3197 725 Dei
3223 668 3708 745 aperibus,intin_te
3732 682 3896 745 men-

2321 744 2390 798 tis
2442 742 2697 800 humatia’
2751 739 2916 798 sensu
2972 749 3028 797 et
3085 739 3439 806 conscientia,
3497 739 3732 807 inﬁnitis
3795 739 3896 792 Dei

2315 817 2758 884 perfectionibus,
2790 832 2854 870 ac
2877 813 3106 885 publica
3136 822 3184 868 et
3231 813 3427 882 swpius
3481 811 3716 885 repetita
3770 807 3892 864 da?-

2319 883 2543 941 inonum
2575 904 2606 941 a
2640 883 2967 941 Christianis
2996 885 3376 956 adjuratorum
3403 883 3758 952 confessione.

2322 1010 2399 1064 Ea
2430 1015 2515 1065 est
2559 1009 2904 1065 Christianae
2956 1007 3257 1080 religionis
3313 1004 3608 1079 perfectio,
3671 1007 3756 1070 ut,
3821 1005 3901 1058 ad

2251 1097 2412 1153 illius
2441 1099 2744 1153 veritatem
2776 1103 2832 1153 et
2861 1097 3110 1153 aliarum
3136 1109 3623 1168 quarumcunque
3671 1092 3904 1149 falsita-

2251 1189 2368 1242 tem
2401 1187 2944 1254 demonstrandam,
2975 1186 3118 1254 sola,
3158 1184 3427 1257 simplex,
3486 1183 3786 1253 nudaque,
3837 1186 3907 1235 ut

2253 1279 2407 1330 recte
2438 1275 2519 1331 ait
2548 1274 3229 1343 Tertullianus,sufﬁciat
3259 1272 3531 1329 doctrina:
3563 1271 3691 1342 ejus
3721 1285 3903 1342 expo-

2254 1363 2407 1419 sitio.
2437 1363 2591 1419 Nihil
2642 1364 2798 1419 enim
2858 1364 2917 1418 in
2976 1381 3044 1420 ea
3101 1362 3374 1429 occurrit,
3432 1361 3587 1432 quod
3643 1357 3905 1415 naturali

2256 1453 2519 1508 omnium
2554 1454 2862 1508 hominum
2895 1451 3105 1507 lumini
3139 1469 3204 1508 ac
3248 1457 3403 1507 recte
3458 1449 3670 1505 rationi
3727 1447 3908 1520 plane

2259 1559 2373 1598 non
2409 1547 2709 1613 congruat.
2744 1541 3037 1613 Praecipua
3069 1545 3265 1596 autem
3296 1541 3425 1611 ejus
3456 1538 3648 1610 capita
3695 1541 3907 1593 auctor

2261 1635 2458 1686 noster
2485 1631 2740 1702 exponit,
2775 1635 2946 1702 atque
2977 1631 3047 1685 ab
3079 1647 3144 1685 eo
3171 1627 3415 1694 orditur,
3467 1627 3620 1698 quod
3667 1631 3910 1682 caatero-

2262 1737 2393 1775 rum
2425 1719 2688 1774 omnium
2721 1720 3163 1774 fundamentum
3198 1724 3309 1784 est,
3340 1715 3607 1772 videlicet
3657 1716 3727 1771 ab
3777 1714 3912 1786 ipso

2263 1809 2399 1878 Deo,
2434 1808 2534 1880 qui
2565 1825 2599 1863 a
2626 1807 2970 1863 Christianis
3003 1805 3220 1862 colitur
3249 1811 3305 1861 et
3331 1805 3629 1861 adoratur.

520 1878 627 1968 nio
659 1863 1017 1968 §b3°°§dﬂ€
1048 1865 1727 1968 pmer‘f‘nt‘ouam‘ﬂrem
1759 1863 2156 1968 Τθτίιξηίθτξυῗ
2185 1894 2238 1959 Β
2266 1863 2294 1864 Ῠ
2337 1863 2526 1952 variis
2557 1897 2754 1968 itaque
2788 1896 3152 1968 argumentis
3184 1894 3352 1950 illum
3380 1894 3739 1961 exsistere,et
3773 1894 3913 1949 uni-

522 1951 826 2009 ethnicum
855 1951 1155 2008 hominem
1188 1953 1272 2008 sic
1300 1951 1612 2024 compellat
1645 1969 1658 2008 :
1693 1976 1720 2002 «
1772 1952 1997 2024 Inspice
2059 1952 2154 2008 Dei

520 2055 711 2114 voces,
742 2040 966 2097 litteras
998 2045 1249 2112 nostras,
1284 2058 1431 2113 quas
1459 2057 1648 2113 neque
1678 2041 1791 2112 ipsi
1840 2040 2160 2113 supprimi-

522 2145 679 2201 mus,
710 2134 768 2187 et
796 2129 1059 2203 plerique
1091 2147 1262 2187 casus
1295 2131 1365 2186 ad
1397 2135 1704 2187 extraneos
1733 2132 2159 2186 transierunt.»

520 2219 883 2290 (Tertullian.
938 2219 1168 2293 Apolog.
1229 2237 1352 2293 cap.
1413 2221 1500 2287 31,
1561 2237 1693 2293 pag.
1756 2219 1903 2292 446.)
1959 2220 2162 2276 Nonne

521 2313 715 2365 autem
747 2309 840 2366 his
869 2309 1060 2366 verbis
1089 2310 1308 2366 litteras
1337 2313 1572 2380 nostras,
1607 2326 1809 2366 omnes
1840 2309 2159 2381 generatim

518 2397 789 2471 designat
818 2397 1001 2454 libros
1034 2415 1147 2454 non
1181 2400 1374 2455 solum
1409 2397 1605 2471 prisci,
1655 2399 1755 2454 sed
1807 2397 1937 2453 novi
1986 2398 2162 2453 etiam

516 2487 904 2560 Testamenti,
935 2487 1088 2558 quod
1125 2487 1338 2544 alicubi
1367 2489 1811 2560 supplementum
1842 2489 2039 2543 veteris
2069 2489 2163 2542 In-

515 2576 808 2632 strumenti
836 2575 1151 2648 appellavit
1181 2576 1326 2647 (adv.
1356 2578 1609 2647 Hermog.
1663 2593 1789 2647 cap.
1839 2577 1952 2648 20).
2003 2575 2164 2632 Chri-

520 2663 698 2721 stiani
744 2664 945 2736 itaque
994 2681 1110 2720 non
1159 2664 1607 2737 supprimebant
1635 2664 1810 2720 hasce
1841 2680 2039 2722 sacras
2066 2664 2164 2718 lit-

521 2755 709 2820 teras;
760 2757 816 2807 et
865 2752 1134 2825 quamvis
1182 2752 1315 2809 illas
1361 2752 1652 2809 occultare
1705 2751 2047 2820 voluissent,
2097 2752 2166 2808 ad

522 2849 810 2900 extraneos
836 2843 1055 2913 tamen,
1087 2841 1195 2898 hoc
1225 2847 1316 2898 est
1360 2843 1644 2911 ethnicos,
1702 2843 1882 2900 variis
1933 2843 2169 2899 casibus

525 2931 1050 2988 transferebantur.

597 3019 897 3086 Prmterea,
927 3019 1061 3076 libri
1091 3020 1298 3076 veteris
1326 3020 1684 3077 Testamenti
1718 3021 1788 3076 ab
1849 3020 1976 3092 ipso
2033 3019 2168 3076 Phi-

527 3107 785 3183 ladelphi
815 3114 1078 3181 tempore
1101 3126 1170 3165 ex
1199 3110 1482 3167 Hebraica
1512 3111 1568 3165 in
1601 3111 1858 3167 Graecam
1881 3109 2166 3182 linguam,

527 3198 615 3255 uti
643 3199 920 3271 diximus,
971 3199 1254 3268 conversi,
1305 3201 1364 3254 in
1415 3200 1752 3256 eorumdem
1803 3199 2168 3256 ethnicorum

526 3292 809 3345 venerant
839 3305 1071 3359 manus,
1107 3293 1495 3360 poterantque
1527 3305 1624 3345 eas
1653 3288 1864 3360 legere,
1899 3293 1957 3343 et
1985 3305 2166 3361 agno-
2197 3263 2240 3331 Ο

529 3393 711 3449 scere,
744 3381 944 3434 utrum
973 3378 1237 3433 omnium
1286 3377 1520 3433 illorum
1564 3378 1826 3433 viderent
1872 3378 2167 3446 effectum,

531 3481 658 3538 quae
690 3465 751 3520 in
780 3465 864 3522 eis
896 3467 1289 3538 praenuntiata
1321 3468 1571 3522 fuerant.
1603 3467 1697 3536 At,
1749 3466 1981 3522 tametsi
2030 3483 2171 3538 gen-

533 3554 690 3626 tiles,
724 3559 824 3610 aut
854 3555 1102 3624 incuria,
1135 3560 1236 3612 aut
1263 3555 1584 3628 pervicacia
1613 3555 1720 3612 hos
1749 3573 1946 3612 sacros
1993 3555 2172 3611 libros

537 3660 654 3700 non
685 3641 987 3714 legissent,
1022 3644 1406 3700 nihilominus
1451 3644 1762 3702 Christiani
1814 3643 2172 3699 manifestis-

538 3729 688 3787 sime
727 3732 1205 3788 demonstrabant
1260 3750 1425 3789 veras
1482 3733 1663 3789 fuisse
1713 3731 2173 3799 vaticinationes,

539 3837 684 3894 quas
711 3821 772 3877 in
802 3822 886 3877 eis
915 3821 1085 3895 longo
1117 3829 1288 3879 antea
1344 3828 1607 3894 tempore
1663 3823 1971 3894 praedictas
2027 3821 2180 3876 vide-

451 3951 456 3958 ς
541 3927 696 3967 mus.
758 3911 1020 3984 Denique
1077 3912 1392 3984 prephetae,
1452 3928 1699 3981 quorum
1732 3927 1897 3967 voces
1928 3910 2089 3966 hisce
2118 3910 2178 3965 in

540 3997 710 4056 libris
739 4001 1046 4074 descriptae
1077 4006 1235 4071 sunt,
1268 4000 1555 4056 mirandis
1591 4000 1910 4056 virtutibus
1965 4005 2021 4056 et
2067 3999 2180 4054 mi-

542 4089 779 4160 raculis,
811 4089 899 4145 uti
931 4107 1109 4162 supra
1139 4091 1512 4146 observatum
1544 4093 1653 4160 est,
1685 4106 1791 4145 sua
1823 4094 1879 4145 et
1905 4089 2079 4145 verba
2126 4092 2184 4144 et

539 4177 891 4234 documenta
919 4177 1300 4234 invictissime
1343 4177 1755 4234 stabiliverunt
1801 4178 2185 4233 conﬁrmave-

541 4270 812 4337 runtque.
873 4265 1268 4322 Tertullianus
1325 4266 1523 4336 itaque
1583 4283 1652 4320 ex
1680 4265 1794 4336 his,
1827 4283 1954 4337 quas
1983 4265 2044 4321 in
2077 4265 2184 4321 hoc

543 4358 600 4410 et
629 4354 1030 4427 superioribus
1058 4353 1321 4410 articulis
1343 4355 1497 4409 dicta
1526 4359 1684 4425 sunt,
1712 4359 1862 4410 recte
1892 4354 2190 4411 concludit

544 4443 803 4500 divinam
834 4460 963 4500 esse
1011 4460 1312 4499 sacrarum
1366 4448 1698 4499 nostrarum
1750 4444 2186 4515 Scripturarum

547 4532 976 4601 auctoritatem,
1011 4549 1157 4604 quas
1189 4532 1405 4587 idcirco
1434 4532 1659 4588 divinas
1688 4531 1912 4589 litteras
1943 4550 2007 4588 ac
2051 4549 2190 4590 san-

551 4626 676 4678 ctas
703 4638 875 4678 voces
905 4620 1158 4693 appellat
1189 4621 1485 4693 (Apotoget.
1521 4639 1645 4694 cap.
1679 4623 1768 4690 39,
1802 4639 1934 4695 pag.
1966 4623 2114 4694 469),

554 4709 763 4767 asserit
790 4726 859 4766 ea:
881 4711 988 4781 ﬁde
1011 4714 1063 4767 et
1090 4713 1418 4784 antiquitate
1449 4711 1657 4767 harum
1691 4712 2012 4768 divinarum
2047 4711 2191 4767 litte-

554 4816 754 4855 rarum
783 4800 1084 4856 veritatem
1117 4805 1328 4857 nostra:
1377 4800 1674 4873 religionis
1721 4801 1965 4872 ejusque
2011 4803 2190 4857 docu-

556 4892 890 4944 mentorum
940 4890 1267 4946 certissime
1312 4890 1702 4946 demonstrari
1751 4890 1907 4960 (Ibid.
1941 4907 2066 4962 cap.
2099 4890 2188 4958 46,

553 4993 688 5050 pag.
719 4977 868 5052 501).
895 4979 1028 5044 Quae
1059 4983 1254 5036 autem
1287 4981 1357 5035 ab
1389 4979 1486 5036 illo
1517 4979 1577 5034 in
1609 4979 1721 5049 his,
1745 4996 1890 5051 quos
1921 4996 2038 5052 prae
2066 4995 2191 5036 ma-

553 5067 729 5124 nibus
759 5067 1046 5125 habemus
1077 5069 1244 5126 libris
1274 5069 1488 5126 tradita
1516 5073 1572 5124 et
1602 5073 1825 5125 asserta
1855 5069 1994 5135 sint,
2033 5082 2190 5124 nunc

552 5157 860 5231 diligenter
889 5158 1237 5232 investigare
1268 5177 1333 5215 ac
1367 5165 1730 5232 perscrutarc
1761 5175 2065 5224 conemur.

1091 5302 1246 5359 804
1276 5302 1507 5358 CAPUT
1533 5301 1649 5356 VII.

551 5396 638 5449 De
666 5393 770 5448 Deo
808 5390 1117 5463 divinisque
1162 5393 1281 5463 ejus
1325 5390 1743 5463 perfectionibus
1790 5396 1841 5444 et
1887 5387 2190 5463 attributis,

623 5469 675 5521 et
704 5473 832 5536 quot
857 5459 1109 5534 qualesve
1133 5459 1429 5535 gentilium
1467 5461 1926 5534 philosophorum
1976 5459 2042 5516 de
2089 5459 2192 5515 illo

625 5537 998 5594 dissensiones
1027 5540 1076 5592 et
1101 5551 1328 5592 errores.

1075 5659 1393 5698 ARTICULUS
1432 5656 1673 5698 PRIMUS.

562 5732 931 5787 Examinatur
949 5734 1248 5802 sextuptex
1266 5737 1675 5803 argumentum,
1700 5744 1802 5801 quo
1827 5727 2196 5786 Tertullianus

2267 2003 2400 2041 cum
2434 2003 2580 2051 esse,
2613 1985 2784 2057 plane
2813 1985 3089 2041 ostendit.
3125 1983 3388 2039 Primum
3419 1982 3574 2039 enim
3610 1982 3913 2053 is,inquit,

2266 2075 2392 2148 ipse
2422 2080 2528 2144 est,
2564 2091 2738 2146 quem
2770 2073 3016 2146 singula:
3048 2075 3165 2128 fere
3196 2089 3400 2129 omnes
3453 2088 3753 2127 sacrarum
3805 2088 3922 2126 no-

2268 2169 2523 2220 strarum
2556 2165 2989 2235 Scripturarum
3025 2162 3248 2234 paginae
3281 2161 3544 2228 unicum,
3577 2165 3634 2216 et
3685 2159 3917 2215 nullum

2267 2270 2509 2326 prorsus
2540 2253 2744 2321 alium,
2776 2269 2905 2308 esse
2936 2257 3118 2307 Deum
3147 2249 3518 2323 apertissime
3547 2254 3822 2306 asserunt
3850 2265 3920 2303 ac

2270 2342 2610 2398 renuntiant
2641 2340 2904 2412 (Tertull.
2965 2341 3235 2412 Apologet.
3297 2356 3424 2411 cap.
3484 2339 3550 2393 17
3607 2343 3664 2394 et
3719 2353 3920 2409 seqq.,

2270 2447 2403 2502 pag.
2461 2432 2606 2501 375).
2665 2429 2842 2501 Atqui
2892 2429 3018 2500 jam
3077 2428 3451 2501 probavimus
3499 2427 3755 2483 divinam
3787 2442 3922 2483 esse

2272 2519 2537 2591 ejusdem
2569 2535 2744 2574 sacra:
2777 2518 3091 2590 Scriptura:
3124 2517 3552 2573 auctoritatem.
3582 2517 3744 2581 Quod
3778 2531 3922 2588 ergo

2274 2609 2344 2664 de
2373 2607 2544 2662 unico
2575 2606 2930 2677 Deo,reipsa
2983 2605 3322 2672 exsistente,
3372 2610 3494 2660 tam
3544 2621 3695 2676 saepe
3742 2620 3924 2675 quam

2275 2695 2579 2770 perspicue
2635 2695 2950 2767 praedicat,
3012 2695 3118 2750 hoc
3177 2699 3332 2751 certe
3379 2693 3756 2750 verissimum
3808 2699 3922 2748 est.

2273 2785 2590 2858 Scriptores
2639 2784 2931 2855 siquidem
2981 2783 3197 2852 divino,
3250 2783 3336 2839 uti
3382 2782 3661 2853 vidimus,
3693 2781 3924 2854 Spiritu

2277 2875 2475 2945 afﬂati,
2507 2890 2612 2928 nec
2645 2873 2876 2928 mentiri
2908 2876 3176 2944 possunt,
3207 2888 3313 2928 nec
3344 2871 3404 2927 in
3435 2870 3622 2927 ullum
3653 2887 3926 2942 unquam

2277 2979 2384 3018 nos
2415 2961 2690 3017 inducere
2712 2977 2964 3018 errorem
2999 2977 3012 3016 :

2346 3051 2402 3106 Si
2435 3049 2568 3121 quis
2599 3054 2792 3106 autem
2826 3050 3094 3106 ethnicus
3127 3048 3356 3120 aliquos
3383 3065 3559 3105 sacras
3603 3047 3931 3120 Scriptura:

2276 3141 2455 3197 libros
2484 3140 2571 3195 vel
2603 3140 2852 3196 breviter
2881 3139 3258 3212 percurrendi
3291 3137 3550 3194 laborem
3580 3141 3832 3205 recuset,
3869 3137 3928 3193 is

2279 3229 2488 3286 saltem
2519 3245 2720 3284 eorum
2753 3229 2988 3284 initium
3035 3245 3100 3284 ac
3158 3227 3348 3300 prima
3400 3228 3691 3283 Genesecs
3745 3227 3931 3282 verba

2279 3318 2447 3390 legat,
2505 3321 2680 3388 atque
2728 3317 2802 3373 iis
2833 3317 3220 3372 disertissime
3251 3316 3548 3388 proditum
3581 3314 3929 3387 comperiet,

2280 3408 2436 3479 quod
2494 3406 2639 3461 dixit
2692 3405 3134 3476 Tertullianus,
3197 3406 3437 3462 unicum
3496 3404 3734 3461 omnino
3790 3419 3929 3460 esse

2281 3497 2466 3552 Deum
2503 3512 2515 3550 :
2551 3519 2581 3546 α
2611 3494 2719 3559 Qui
2746 3501 2928 3551 totam
2962 3496 3176 3551 molem
3210 3496 3407 3563 istam,
3439 3511 3575 3550 cum
3610 3493 3768 3550 omni
3829 3493 3932 3548 in-

2283 3589 2610 3641 strumento
2663 3583 3106 3652 elementorum,
3167 3601 3522 3656 corporum,
3583 3582 3932 3656 spirituum,

2283 3675 2478 3741 verbo,
2513 3690 2626 3745 quo
2649 3673 2852 3744 jussit,
2883 3674 3127 3743 ratione,
3159 3690 3276 3745 qua
3305 3672 3656 3745 composuit,
3693 3671 3935 3740 virtute,

2287 3781 2404 3835 qua
2432 3763 2641 3834 potuit,
2675 3784 2704 3813 »
2737 3762 2793 3817 id
2825 3768 2932 3831 est,
2985 3779 3102 3834 qua
3150 3763 3220 3818 ad
3274 3763 3564 3818 mundum
3615 3761 3939 3817 creandum

2287 3869 2486 3910 revera
2517 3851 2791 3925 pollebat,
2825 3853 2890 3908 de
2914 3852 3098 3908 nihilo
3128 3853 3398 3924 expressit
3431 3851 3938 3924 (lbid.).Minutius

2290 3947 2488 3999 autem
2519 3941 2692 4010 Felix,
2729 3941 2813 3997 uti
2842 3941 2901 3996 in
2933 3941 3048 3997 alia
3076 3941 3488 3998 dissertatione
3517 3940 3939 3997 animadverti-

2291 4048 2446 4102 mus,
2479 4031 2745 4102 quedam
2778 4047 2848 4085 ex
2876 4030 2970 4086 his
2993 4029 3186 4086 verbis
3216 4033 3522 4087 mutuatus
3551 4035 3659 4097 est,
3679 4030 3779 4086 sed
3811 4029 3944 4086 haao

2291 4119 2684 4192 praetermisit,
2733 4135 2857 4190 quae
2885 4118 3160 4175 videntur
3187 4118 3532 4176 obscuriora
3565 4134 3578 4174 :
3619 4139 3642 4168 ι
3673 4119 3816 4176 Cum
3849 4119 3950 4174 in-

2293 4213 2619 4265 strumento
2649 4207 3096 4276 elementorum,
3129 4223 3438 4280 corporum
3471 4214 3528 4264 et
3557 4208 3941 4281 spirituum.»

2295 4299 2583 4355 Dissertat.
2614 4300 2675 4352 in
2704 4297 2897 4352 Minat.
2929 4314 3056 4368 cap.
3088 4299 3178 4368 21,
3211 4301 3320 4353 art.
3351 4297 3430 4368 5.)
3457 4299 3530 4356 At
3579 4296 3724 4354 nihil
3775 4295 3943 4353 aliud

2296 4387 2417 4444 haec
2474 4386 2829 4460 signiﬁcant,
2881 4385 2997 4441 nisi
3026 4390 3213 4442 totum
3247 4387 3534 4442 mundum
3566 4392 3623 4442 et
3648 4403 3716 4442 ea
3745 4385 3952 4442 omnia

2299 4477 2514 4550 quibus
2545 4476 2934 4548 componitur,
2981 4475 3260 4531 nimirum
3321 4475 3633 4542 elementa,
3691 4492 3944 4547 corpora.

2297 4572 2355 4624 et
2383 4566 2625 4638 spiritus
2656 4570 2850 4622 creata
2879 4566 3057 4621 fuisse
3088 4565 3161 4620 ab
3190 4567 3590 4637 omnipotente
3611 4571 3744 4635 Deo,
3763 4581 3946 4638 quem

2136 4626 2193 4678 et
2219 4636 2268 4700 D
2296 4656 2511 4712 idcirco
2543 4655 2820 4710 exsistere
2846 4670 3081 4710 necesse
3108 4654 3342 4726 penitus
3371 4659 3477 4711 est.

2371 4745 2545 4800 Porro
2573 4749 2768 4799 autem
2797 4742 3216 4810 Tertullianus,
3248 4743 3409 4799 hisce
3433 4743 3650 4813 verbis,
3703 4761 3818 4801 non
3870 4745 3948 4802 ad

2300 4850 2367 4889 ea
2413 4838 2642 4889 tantum
2692 4831 2900 4888 alludit
2945 4849 3075 4904 quae
3103 4832 3271 4889 initio
3301 4832 3611 4902 Genesecs,
3645 4833 3821 4890 sicuti
3854 4834 3950 4889 di-

2302 4924 2602 4992 cebamus,
2635 4921 2855 4992 scripta
2886 4926 3044 4991 sunt,
3080 4922 3182 4977 sed
3215 4921 3330 4977 alia
3359 4922 3536 4978 etiam
3569 4939 3746 4978 sacra:
3794 4922 3952 4979 Scri-

2300 5016 2482 5083 ptum
2540 5010 2687 5079 loca,
2750 5010 2964 5083 quibus
3021 5015 3185 5066 vates
3218 5009 3400 5067 divini
3435 5010 3612 5067 caelos
3640 5013 3814 5068 verbo
3845 5011 3957 5068 Dei

2300 5101 2586 5168 ﬁrmatos,
2617 5103 2675 5154 et
2705 5100 2992 5154 mundum
3024 5117 3258 5155 omnem
3307 5099 3497 5172 ipsius
3545 5100 3834 5172 sapientia
3881 5118 3954 5158 ao

2303 5193 2588 5260 potestate
2617 5205 2686 5244 ex
2714 5190 2890 5244 nihilo
2923 5189 3074 5245 806
3108 5190 3327 5244 factum
3358 5205 3487 5244 esse
3519 5189 3955 5260 praedicantAt

2302 5278 2441 5348 quia
2471 5278 2862 5349 Ilermogenes
2891 5282 2949 5332 et
2978 5276 3077 5333 alii
3101 5276 3365 5333 nonnulli
3407 5277 3659 5332 haeretici
3715 5284 3772 5334 ct
3801 5295 3954 5351 gen-

2299 5367 2432 5422 tiles
2465 5366 2925 5434 somniaverunt,
2961 5367 3249 5422 mundum
3281 5383 3398 5422 non
3428 5383 3497 5422 ex
3525 5366 3730 5433 nihilo,
3749 5367 3851 5423 sed
3883 5383 3961 5423 ex

2302 5456 2546 5513 materia
2575 5454 2976 5527 praeexistente
3033 5455 3264 5528 ipsique
3296 5459 3409 5511 Deo
3466 5460 3754 5512 coaeterna
3809 5472 3953 5512 con-

2301 5546 2512 5614 ditum,
2543 5544 2680 5600 hinc
2710 5543 3106 5600 Tertullianus
3138 5545 3345 5600 falsam
3405 5544 3556 5600 hanc
3611 5545 3949 5617 opinionem

2301 5634 2580 5706 peculiari
2609 5634 2670 5689 in
2701 5633 2872 5701 libro,
2904 5635 3185 5691 adversus
3215 5633 3488 5691 eumdem
3519 5633 3952 5707 Hermogenem

2302 5724 2646 5797 composito,
2677 5722 2909 5780 invictis
2947 5723 3239 5782 rationum
3291 5724 3610 5782 momentis
3659 5723 3950 5783 radicitus
