4158 6362
383 408 504 469 889

1295 414 1370 471 D.
1418 413 1515 472 LE
1560 414 1891 476 NOURRY
1937 412 2587 473 OBSERVATIONES
2634 412 2895 474 NOVIE.

3680 412 3799 472 890

382 540 716 597 evellit.Sed
742 542 867 612 jam
902 542 1090 614 plura,
1143 542 1357 614 quibus
1389 544 1485 600 hic
1516 561 1677 601 error
1706 562 1739 600 a
1784 548 2024 600 Lactan-
2057 545 2112 612 Α
2145 545 2252 599 dit.
2287 566 2313 595 »
2350 546 2660 615 (Lactant.,
2692 544 2795 600 lib.
2833 544 2881 599 lI
2912 544 3097 600 Divin.
3132 545 3311 613 Instit,
3371 559 3497 615 cap.
3558 543 3611 613 5,
3662 559 3797 615 pag.

383 630 468 686 tio
503 630 852 698 destruitur,
886 636 1235 703 argumenta
1279 651 1312 688 a
1342 634 1511 689 nobis
1573 634 1711 689 alibi
1756 633 2041 706 explicata

387 723 546 774 sunt.
571 723 741 775 Recte
816 722 961 792 ergo
1029 720 1164 776 inde
1219 720 1610 777 Tertullianus
1682 726 1883 777 noster
1956 721 2041 776 sio

390 809 698 881 disputat:
764 829 784 857 α
843 809 1243 881 Dubitabitur,
1300 811 1497 877 credo,
1557 811 1628 866 de
1660 810 1761 866 Dei
1795 810 2039 879 viribus,

391 898 492 969 qui
522 902 750 953 tantum
803 897 911 953 hoc
968 915 1181 971 corpus
1240 899 1445 955 mundi
1506 901 1575 955 de
1607 916 1673 955 eo
1707 900 1862 971 quod
1923 916 2038 954 non

390 988 600 1056 fuerat,
628 1004 742 1043 non
800 987 993 1044 minus
1046 1005 1223 1059 quam
1255 989 1325 1043 de
1359 995 1546 1045 morte
1603 988 1923 1045 vacationis
1984 992 2042 1043 et

389 1076 716 1146 inanitatis,
764 1077 1046 1149 imposuit
1104 1078 1432 1134 animatum
1487 1079 1701 1151 spiritu
1774 1077 2036 1134 omnium

390 1167 722 1223 animarum
754 1168 1105 1223 animatore.
1145 1190 1166 1217 α
1207 1167 1468 1237 (Tertull.
1504 1168 1610 1223 lib.
1643 1168 2036 1235 adv.Hermog.

390 1273 516 1328 cap.
548 1257 581 1311 8
613 1261 670 1312 et
700 1272 891 1329 seqq.;
914 1258 1145 1312 Dissert.
1180 1258 1239 1311 in
1272 1261 1528 1315 Lactant.
1562 1274 1691 1330 cap.
1724 1258 1816 1325 21,
1851 1263 1960 1313 art.
1986 1260 2036 1327 1;

388 1345 631 1402 Tertull.
666 1350 939 1420 Apotoget.
970 1364 1097 1419 cap.
1130 1350 1218 1419 48,
1256 1366 1383 1421 pag.
1414 1349 1563 1420 520).

465 1454 643 1509 Audis
674 1470 813 1509 sane
844 1453 994 1510 hanc
1053 1455 1180 1525 ejus
1240 1472 1368 1511 esse
1419 1455 1985 1527 argumentationem
2025 1473 2037 1511 :

397 1544 564 1611 Deus,
627 1560 743 1598 non
802 1560 870 1597 ex
926 1544 1359 1615 praeexsistente
1426 1550 1526 1599 aut
1586 1550 1871 1600 coaeterna
1926 1545 2040 1601 sibi

397 1633 663 1699 materia,
689 1634 788 1688 sed
817 1650 885 1688 ex
916 1633 1099 1689 nihilo
1131 1634 1347 1689 creavit
1380 1635 1766 1689 mundum.At
1796 1652 2041 1691 summai

397 1726 454 1777 et
484 1722 752 1777 infirmitas
783 1727 872 1777 est
921 1723 1231 1795 potestatis
1292 1722 1538 1794 aliquid,
1571 1740 1636 1779 ac
1660 1726 1810 1795 quod
1874 1725 2043 1797 longe

401 1811 594 1881 majus
628 1816 736 1877 est,
774 1816 960 1867 totum
995 1814 1280 1867 mundum
1312 1829 1379 1866 ex
1410 1811 1593 1867 nihilo
1626 1829 1842 1868 creare.
1890 1814 2044 1870 Deus

2152 633 2304 705 161.)
2338 635 2403 689 Et
2436 640 2593 690 certe
2624 633 2733 700 sol,
2767 651 2880 690 non
2914 650 3053 690 casu
3089 633 3308 705 aliquo,
3342 632 3429 688 vel
3478 649 3511 688 a
3542 648 3604 689 se
3647 632 3800 713 ipso,

2150 723 2373 780 ratione
2432 723 2665 795 penitus
2719 723 2945 791 orbato,
3010 728 3242 778 creatus
3301 726 3408 778 est.
3470 722 3585 777 Suo
3623 721 3803 793 igitur

2150 813 2373 868 lumine
2403 818 2460 868 et
2484 813 2789 884 splendore
2814 813 3270 884 omnipotentem
3296 816 3475 867 Deum
3499 814 3797 866 auctorem

2150 919 2324 957 suum
2357 904 2741 957 demonstrat.
2776 902 2856 957 De
2890 902 2997 957 hac
3037 907 3231 956 autem
3293 899 3801 971 argumentatione

2150 991 2207 1045 in
2237 995 2436 1047 nostra
2467 992 2538 1046 de
2567 991 2833 1061 ejusdem
2869 990 3153 1046 Lactantii
3187 989 3352 1043 libris
3382 987 3797 1043 dissertatione

2151 1080 2379 1152 egimus
2412 1081 2725 1152 (Disseruit.
2760 1081 2820 1135 in
2851 1082 3096 1136 Lactant.
3130 1096 3257 1150 cap.
3296 1079 3378 1144 12,
3414 1081 3521 1133 art.
3558 1079 3632 1146 1).

2223 1186 2421 1259 Neque
2451 1187 2559 1243 hoc
2582 1191 2810 1243 tantum
2845 1187 3168 1242 clarissimo
3200 1185 3343 1241 solis
3394 1184 3615 1240 lumine
3660 1201 3795 1257 per-

2151 1276 2337 1332 stricti
2383 1276 2711 1332 obtusiores
2762 1276 2974 1333 mentis
3032 1276 3307 1331 humanas
3380 1274 3534 1329 oculi
3614 1278 3797 1329 Deum

2152 1382 2464 1437 agnoscere
2495 1370 2813 1437 coguntur,
2847 1367 2946 1421 sed
2981 1383 3048 1420 ex
3078 1364 3207 1419 aliis
3240 1381 3473 1435 quoque
3505 1364 3634 1435 ejus
3658 1380 3796 1435 ope-

2151 1454 2316 1509 ribus
2351 1472 2362 1524 ξ
2397 1458 2551 1511 «Tot
2581 1472 2644 1509 ac
2675 1456 2862 1521 tantis;
2895 1454 3083 1525 inquit
3112 1453 3534 1517 Tertullianus,
3594 1454 3793 1523 quibus

2150 1545 2514 1611 continemur,
2569 1545 2764 1615 quibus
2792 1546 3145 1611 sustinemur,
3172 1544 3365 1615 quibus
3423 1541 3794 1609 oblectamur,

2154 1634 2346 1705 quibus
2376 1637 2741 1688 exterremur.
2771 1657 2797 1682 ››
2830 1634 3191 1704 ('I‘ertullian.
3224 1632 3504 1703 Apotoget.
3533 1648 3660 1703 cap.
3706 1632 3794 1702 17,

2154 1740 2285 1794 pag.
2318 1722 2468 1794 376.)
2500 1723 2646 1789 Quid
2681 1724 2835 1778 enim
2870 1727 2953 1777 tot
2986 1727 3264 1793 tantaque
3296 1737 3471 1793 opera
3490 1721 3648 1775 aliud
3672 1719 3795 1775 cla-

2156 1816 2338 1878 munt,
2373 1812 2486 1867 nisi
2518 1812 2589 1866 ab
2622 1829 2736 1866 uno
2770 1816 2881 1866 Deo
2913 1829 3040 1867 esse
3070 1811 3353 1883 edita,qui
3388 1810 3653 1865 homines
3693 1813 3797 1864 aut

398 1900 580 1971 igitur
611 1902 985 1972 omnipotens
1038 1901 1242 1956 mundi
1296 1907 1523 1957 creator
1551 1902 1797 1957 exsistit.
1857 1906 2046 1976 Atque
2074 1920 2124 1987 Β
2154 1900 2473 1969 beneficiis,
2507 1906 2607 1955 aut
2637 1903 2956 1968 terrore,aJ
2983 1900 3074 1955 sui
3103 1900 3497 1972 cognitionem
3530 1898 3804 1987 adducit?

397 1989 519 2044 haec
559 1990 749 2061 prima
775 1996 862 2045 est
909 1990 1255 2045 Tertulliani
1289 1993 1739 2061 argumentatio,
1804 2009 1919 2064 qua
1977 2010 2045 2048 ex

396 2094 571 2133 sacrm
603 2079 915 2151 Scripturaz
952 2080 1323 2145 auctoritate,
1386 2080 1478 2134 cui
1514 2096 1706 2146 nemo,
1760 2081 1843 2135 uti
1894 2081 2041 2136 dixi-

398 2185 552 2235 mus,
575 2184 647 2223 ne
678 2167 917 2241 gentilis
949 2168 1187 2240 quidem
1239 2168 1434 2235 homo,
1495 2168 1774 2240 refragari
1829 2174 2040 2241 potest,

396 2262 549 2313 recte
581 2258 950 2313 demonstrat
982 2263 1163 2313 Deum
1190 2258 1392 2329 reipsa
1423 2257 1720 2313 exsistere.

465 2349 791 2418 Antequam
822 2364 956 2402 vero
980 2349 1050 2402 ad
1086 2346 1202 2402 alia
1230 2347 1700 2419 progrediamur,
1736 2348 2044 2404 observare

388 2434 559 2506 juvat
598 2436 658 2490 in
690 2436 869 2492 citato
894 2436 1161 2507 ejusdem
1186 2435 1532 2492 Tertulliani
1563 2442 1724 2492 textu
1755 2454 1859 2509 pro
1880 2436 2045 2493 libito

397 2522 756 2579 sublatuma
802 2525 1053 2596 Rigaltio
1106 2542 1319 2581 nomen
1378 2528 1706 2581 animarum
1762 2531 2046 2600 tanquam

398 2629 921 2685 supervacaneum,
950 2631 1014 2670 ac
1045 2631 1146 2685 pro
1182 2617 1445 2687 imposuit
1486 2614 1772 2687 scriptum
1829 2631 2046 2687 compo-

395 2703 530 2758 suit.
562 2701 709 2757 Nam
744 2702 880 2758 huic
913 2703 1280 2769 correctioni,
1308 2704 1477 2775 cujus
1510 2703 1733 2759 nullam
1791 2704 2048 2759 reddidit

396 2790 706 2860 rationem,
739 2806 944 2845 omnes
968 2791 1357 2863 manuscripti
1398 2796 1456 2846 et
1510 2792 1872 2863 antiquiores
1906 2790 2045 2847 editi

397 2878 625 2935 codices
655 2878 829 2950 plane
889 2880 1297 2935 adversantur.
1364 2880 1580 2935 Deinde
1633 2898 1789 2947 vero,
1853 2897 2047 2935 nonne

395 2971 621 3039 auctor,
655 2972 856 3023 noster
876 2972 1103 3040 poterat
1131 2956 1304 3024 verbo
1364 2970 1632 3040 imposuit
1684 2969 1869 3039 abuti,
1929 2986 2045 3040 quo

398 3056 834 3128 significantius
892 3056 1261 3129 exprimeret,
1325 3058 1479 3128 quod
1559 3062 1730 3113 antea
1800 3057 2043 3125 dixerat,

394 3145 685 3201 mundum
737 3163 771 3200 a
822 3145 937 3201 Deo
997 3150 1256 3201 creatum
1287 3162 1358 3201 ex
1388 3146 1584 3215 nihilo,
1645 3163 1710 3202 ac
1766 3151 2043 3217 tanquam

395 3251 577 3306 supra
607 3239 857 3290 mortem
874 3236 1177 3290 vacationis
1206 3244 1256 3290 et
1279 3236 1575 3291 inanitatis
1650 3236 1995 3307 impositum
2017 3235 2045 3289 ?

396 3326 588 3381 Potuit
644 3326 820 3381 etiam
853 3342 957 3397 per
1031 3326 1352 3396 quamdam
1411 3326 1740 3397 emphasim
1794 3327 2044 3398 adjicere

395 3432 607 3473 nomen
637 3418 1065 3483 animarum,ut
1094 3416 1448 3473 luculentius
1478 3418 1837 3491 significaret
1860 3418 2043 3474 Deum

401 3525 516 3563 non
539 3510 712 3563 modo
768 3524 1104 3580 corporum,
1164 3508 1265 3563 sed
1296 3509 1474 3564 etiam
1532 3508 1865 3564 animarum
1917 3525 2047 3565 esse

402 3614 602 3654 revera
632 3597 1019 3653 animatorem
1051 3602 1108 3653 et
1130 3601 1472 3654 creatorem.

471 3687 807 3743 Secundum
838 3686 1183 3743 Tertulliani
1236 3692 1650 3760 argumentum
1716 3688 2048 3743 desumitur

400 3792 469 3831 ex
493 3776 793 3831 communi
825 3776 1088 3831 omnium
1122 3793 1268 3848 pene
1308 3776 1619 3849 gentilium
1666 3776 2044 3848 philosopho-

399 3882 531 3920 rum
563 3882 876 3935 consensu,
909 3864 1031 3936 qui,
1064 3864 1201 3921 licet
1232 3865 1292 3919 in
1325 3864 1657 3920 deﬁnienda
1704 3865 1803 3920 Dei
1836 3870 2047 3922 natura

398 3969 515 4008 non
549 3970 758 4024 parum
790 3970 823 4008 a
853 3970 915 4008 se
945 3953 1215 4022 invicem,
1246 3957 1311 4008 ut
1347 3952 1521 4025 paulo
1583 3958 1718 4024 post
1774 3956 2042 4010 ostende-

398 4058 553 4107 mus,
586 4040 956 4109 dissentiant,
988 4057 1123 4096 eum
1154 4047 1352 4097 tamen
1384 4059 1584 4097 revera
1613 4042 1892 4098 exsistere
1940 4060 2042 4099 vo-

395 4130 583 4186 lentes
613 4130 878 4186 nolentes
909 4131 1162 4186 confessi
1195 4135 1335 4186 sunt
1363 4130 1573 4203 (idem,
1606 4148 1732 4203 cap.
1757 4132 1845 4199 47,
1908 4150 2041 4206 pag.

393 4219 501 4274 516
528 4235 540 4273 :
574 4219 711 4274 intr.
744 4219 854 4275 hoc
886 4236 1014 4291 cap.
1043 4222 1151 4275 art.
1188 4221 1257 4288 4;
1291 4221 1581 4276 Disseruit.
1618 4222 1679 4275 in
1707 4220 2039 4294 Minut.cap.

394 4309 449 4378 4,
482 4308 753 4379 art.l,et
806 4308 865 4364 in
925 4309 1172 4363 Lactant.
1232 4326 1359 4380 cap.
1422 4309 1510 4377 12,
1544 4314 1655 4365 art.
1704 4308 1774 4381 1).
1810 4310 1917 4366 Sed
1970 4312 2043 4366 de

391 4398 502 4455 hac
532 4397 768 4453 illorum
800 4398 1093 4453 sententia
1122 4398 1265 4453 alibi
1287 4400 1419 4454 fuse
1450 4398 1912 4471 disputavimus,
1938 4416 2042 4456 nec

391 4503 459 4543 ea
484 4504 611 4560 qua:
637 4487 716 4543 ibi
749 4487 1005 4543 diximus
1036 4505 1190 4544 nunc
1222 4489 1538 4560 repetenda
1576 4493 1737 4545 sunt.

462 4595 727 4651 Tertium
762 4595 940 4650 unius
963 4594 1063 4650 Dei
1092 4594 1426 4651 exsistentis
1450 4599 1865 4668 argumentum
1890 4596 2035 4668 petit

2154 1992 2339 2061 Atque
2372 1990 2506 2044 inde
2524 1990 2781 2060 profecto
2812 1990 2984 2061 paulo
3018 1993 3149 2059 post
3181 1988 3395 2059 adjecit
3418 1988 3573 2042 edita
3603 1986 3797 2042 abillo
3844 2018 3851 2023 ν

2155 2079 2467 2149 majestatis
2492 2094 2609 2134 sua:
2626 2080 2787 2147 signa
2805 2096 2909 2149 per
2931 2078 3315 2143 imbres,haud
3348 2076 3523 2131 dubie
3554 2092 3801 2147 genera-

2154 2166 2228 2222 lis
2258 2167 2483 2237 diluvii,
2516 2184 2617 2239 per
2646 2169 2891 2239 ignes,ac
2923 2185 3020 2223 eos
3052 2167 3426 2239 potissimum
3461 2165 3673 2237 quibus
3702 2184 3800 2221 ur-

2156 2256 2257 2311 bes
2288 2257 2542 2311 Sodoma
2571 2261 2628 2311 et
2661 2255 2985 2312 Gomorrha
3015 2259 3375 2327 consumptae
3436 2255 3691 2311 fuerunt.
3753 2256 3798 2309 Α

2155 2362 2270 2415 quo
2301 2345 2479 2416 enim,
2513 2346 2752 2400 obsecro
2785 2350 2862 2411 te,
2894 2344 3014 2400 hinc
3045 2345 3171 2400 ﬁeri
3202 2343 3586 2417 potuere,nisi
3618 2360 3651 2398 a
3682 2344 3797 2399 Deo

2146 2434 2348 2505 judice
2373 2433 2729 2505 aequissimo,
2765 2434 2863 2506 qui
2896 2435 2967 2489 ab
3001 2434 3198 2505 impiis
3254 2438 3309 2488 et
3356 2432 3797 2488 consceleratis-

2155 2522 2321 2579 simis
2351 2523 2693 2580 hominibus
2722 2524 2948 2579 debitas
2970 2524 3318 2579 criminibus
3338 2539 3537 2595 pinnas
3570 2526 3799 2595 repete-

2153 2612 2256 2668 bat
2286 2616 2309 2669 ι’

2225 2702 2355 2757 Alia
2384 2719 2516 2758 vero
2555 2705 2695 2758 sunt
2725 2702 2938 2774 adhuc,
2973 2702 3208 2775 quibus,
3242 2708 3307 2759 ut
3346 2702 3427 2758 ait
3480 2700 3795 2757 Tertullia-

2157 2808 2291 2862 nus,
2323 2796 2687 2863 exterremur,
2722 2792 2996 2847 nimirum
3032 2792 3284 2864 fulgura,
3324 2791 3593 2859 fulmina,
3646 2789 3797 2846 toni-

2156 2884 2306 2950 trua,
2344 2882 2589 2954 publicai
2623 2881 2818 2937 clades
2877 2886 2933 2937 et
2980 2885 3378 2952 tempestates,
3412 2881 3647 2953 aliaque
3704 2880 3798 2935 his

2157 2969 2395 3025 similia.
2430 2970 2706 3025 Consulto
2739 2975 2933 3026 autem
2967 2970 3087 3026 haec
3110 2971 3398 3041 adjecisse
3430 2970 3679 3039 videtur,
3732 2971 3797 3023 ut

2152 3057 2329 3112 variis
2362 3058 2665 3113 atheorum
2699 3058 2947 3129 argutiis
2977 3062 3325 3124 occurreret,
3354 3058 3455 3128 qui
3507 3057 3796 3127 objiciunt

2153 3145 2404 3202 fulmina
2434 3163 2564 3217 qua:
2592 3165 2772 3218 supra
2795 3153 3047 3213 montes,
3103 3147 3261 3202 verbi
3313 3148 3503 3219 gratia
3551 3146 3793 3213 cadunt,

2154 3239 2211 3290 et
2241 3237 2357 3292 alia
2386 3236 2727 3307 hujusmodi
2786 3253 2915 3292 esse
2972 3253 3216 3309 prorsus
3274 3235 3525 3304 inutilia,
3551 3234 3802 3289 nullam-

2159 3341 2270 3396 que
2303 3326 2545 3395 proferri
2574 3342 2744 3397 posse
2774 3330 3278 3397 causam,propter
3299 3342 3474 3397 quam
3507 3324 3796 3380 accidant.

2155 3412 2418 3469 Garrulis
2448 3415 2743 3470 enimvero
2773 3419 2830 3470 et
2858 3414 3058 3485 impiis
3087 3414 3247 3470 hisce
3277 3414 3639 3480 hominibus,
3674 3412 3794 3483 qui,

2156 3507 2349 3573 spreta
2378 3508 2479 3558 aut
2537 3519 2874 3574 compressa
2932 3503 3113 3558 animi
3162 3502 3543 3574 conscientia,
3604 3500 3797 3573 pravis

2156 3590 2503 3647 libidinibus
2533 3593 2751 3648 servire
2772 3591 3323 3664 volunt,respondet
3352 3593 3482 3648 ideo
3504 3591 3625 3647 haec
3648 3590 3794 3657 ﬁeri,

2157 3686 2221 3736 ut
2245 3688 2645 3748 exterreamur,
2681 3681 2790 3736 hoc
2821 3686 3119 3750 est,Deum
3151 3699 3353 3737 verum
3386 3680 3623 3737 illorum
3656 3696 3796 3736 auc-

2155 3775 2339 3826 torem
2367 3770 2702 3835 timeamus,
2729 3775 2904 3841 atque
2943 3788 3009 3826 eo
3050 3772 3277 3837 timore,
3341 3787 3515 3841 quem
3571 3769 3799 3825 homini

2155 3860 2426 3914 innatum
2457 3876 2586 3915 esse
2617 3860 2755 3915 alibi
2792 3861 3174 3930 demonstrat,
3207 3876 3598 3932 agnoscamus
3627 3858 3794 3913 illum

2156 3965 2361 4020 reapse
2389 3949 2690 4015 exsistere,
2713 3950 2814 4020 qui
2846 3951 3081 4005 eosdem
3116 3948 3328 4021 impios
3374 3948 3637 4018 aliosque
3669 3963 3796 4002 sce-

2152 4037 2365 4094 leratos
2395 4055 2498 4109 pro
2530 4038 2736 4093 merito
2767 4040 3052 4111 castigare
3094 4042 3285 4110 potest
3314 4036 3591 4110 (ldem,de
3623 4036 3795 4093 Testi-

2154 4144 2299 4184 mon.
2330 4130 2504 4183 anim.
2529 4145 2654 4199 cap.
2684 4128 2761 4200 2).

2226 4238 2400 4289 Porro
2432 4238 2629 4290 autem
2670 4234 2805 4289 alibi
2838 4234 3228 4305 ostendimus,
3265 4232 3495 4289 etiamsi
3550 4231 3795 4288 infirma

2152 4340 2218 4378 ac
2250 4323 2572 4378 caecutienti
2595 4322 2903 4377 hominum
2926 4323 3108 4377 menti
3127 4339 3241 4377 non
3274 4322 3514 4377 omnino
3540 4338 3799 4392 comper-

2151 4416 2211 4467 ta
2237 4412 2317 4467 sit
2355 4411 2586 4466 infinita
2620 4411 2717 4466 Dei
2750 4411 3116 4483 magnitudo,
3138 4411 3656 4483 quorumdamque
3674 4409 3802 4479 ejus

2151 4518 2393 4571 Operum
2428 4517 2627 4567 causa,
2661 4517 2730 4556 ex
2759 4500 2947 4572 ipsius
2988 4505 3182 4556 tamen
3216 4500 3543 4566 effectibus,
3579 4498 3802 4553 nemini

2152 4590 2488 4663 incognitis,
2512 4589 2992 4645 manifestissime
3025 4588 3421 4645 demonstrari
3453 4588 3619 4643 illum
3644 4585 3800 4642 exsi-

389 4682 788 4739 Tertullianus
820 4700 888 4739 ex
917 4684 1044 4754 ejus
1098 4684 1395 4755 operibus,
1450 4666 1577 4756 qua:
1610 4684 1763 4741 sicut
1814 4666 2036 4755 nullus,
2067 4666 2117 4732 D
2147 4684 2319 4751 stere,
2352 4684 2409 4736 et
2438 4696 2612 4751 quem
2644 4679 2717 4734 ob
2750 4678 2925 4733 finem
2958 4678 3157 4734 omnia
3189 4678 3409 4734 fecerit.
3470 4682 3598 4733 Jam
3657 4693 3801 4733 vero

392 4772 506 4829 nisi
536 4772 707 4845 plane
738 4773 1013 4845 desipiat,
1045 4789 1162 4828 non
1194 4778 1388 4844 potest
1420 4790 1535 4829 non
1583 4791 1925 4847 agnoscere,
1956 4776 2043 4831 ita

392 4878 497 4917 nec
529 4862 763 4917 diffiteri
798 4879 983 4917 unum
1040 4862 1225 4918 Deum
1278 4879 1407 4919 esse
1449 4862 1685 4919 illorum
1715 4870 2036 4921 auctorem.

392 4950 538 5005 Nam
570 4951 848 5019 mundus,
883 4950 967 5006 uti
993 4958 1149 5007 rocte
1177 4951 1262 5007 ait
1291 4952 1689 5009 Tertullianus
1737 4954 2031 5026 (Apologet.

393 5054 521 5110 cap.
555 5040 641 5111 17,
679 5057 812 5112 pag.
845 5040 994 5111 375),
1027 5040 1101 5096 ab
1131 5039 1229 5096 illo
1258 5039 1448 5098 factus
1472 5047 1580 5112 est,
1636 5045 1696 5099 in
1739 5060 2043 5100 ornamen-

396 5131 513 5183 tum
543 5129 842 5199 majestatis
870 5143 1008 5186 suae.
1070 5130 1179 5195 Qui
1235 5146 1370 5187 vero
1427 5131 1572 5187 illud
1608 5136 1695 5189 est
1735 5134 1793 5188 in
1836 5134 2045 5191 divinae

395 5217 697 5289 majestatis
724 5226 1128 5287 ornamentum,
1178 5219 1292 5275 nisi
1323 5221 1380 5275 in
1419 5220 1581 5277 illius
1635 5222 2041 5293 probationem

394 5315 451 5362 et
480 5312 915 5377 argumentum,
948 5325 1062 5379 quo
1094 5325 1162 5364 ex
1220 5309 1428 5365 mundi
1483 5311 1780 5367 creatione
1846 5312 2045 5368 divina

394 5396 522 5467 ejus
544 5395 697 5451 806
728 5397 1005 5466 majestas
1035 5400 1092 5452 et
1117 5398 1544 5470 omnipotentia
1568 5399 1847 5455 omnibus
1877 5417 2042 5469 sane,

392 5486 568 5541 etiam
597 5484 1016 5554 hebetioribus,
1050 5485 1116 5540 ﬁt
1173 5487 1490 5544 manifesta
1540 5492 1597 5544 et
1625 5489 2042 5558 cognoscitur?

395 5575 783 5642 Quamobrem
815 5574 1156 5631 Lactantius
1178 5575 1395 5633 diserte
1425 5580 1630 5649 postea
1668 5576 1847 5633 dixit:
1871 5600 1899 5629 «
1932 5578 2040 5641 Qui

396 5664 574 5721 solem
618 5665 792 5720 rebus
840 5663 1121 5721 humanis
1174 5665 1568 5723 clarissimum
1618 5683 1684 5722 ac
1740 5666 2039 5739 singulare

394 5756 596 5812 lumen
611 5754 673 5811 in
694 5758 1111 5828 argumentum
1140 5769 1259 5812 suis
1285 5755 1468 5815 unicae
1490 5756 1816 5830 maiestatis
1837 5771 2037 5819 ascen.

2156 4787 2272 4825 non
2317 4769 2634 4841 quaerimus
2699 4784 2803 4823 cur
2834 4772 2935 4823 aut
2990 4770 3282 4839 quomodo
3315 4769 3515 4825 omnia
3570 4767 3643 4824 ab
3699 4766 3799 4823 illo

2157 4861 2319 4931 ﬁant,
2353 4864 2456 4915 aut
2486 4860 2639 4915 facta
2669 4858 2807 4927 sint,
2828 4858 2929 4914 sed
2964 4862 3161 4914 utrum
3196 4859 3322 4932 ipse
3353 4859 3595 4916 exsistat
3623 4864 3801 4930 atque

2154 4950 2213 5005 id
2270 4967 2339 5005 ex
2381 4950 2509 5019 ejus
2561 4948 2838 5020 operibus
2888 4953 3260 5019 agnoscatur.
3321 4951 3384 5005 In
3438 4949 3569 5007 aliis
3600 4952 3797 5004 autem

2156 5038 2373 5095 nostris
2405 5037 2923 5095 dissertationibus
2974 5038 3146 5110 plane
3200 5040 3571 5096 ostendimus
3620 5053 3797 5109 quam

2156 5132 2313 5185 certo
2343 5133 2400 5184 et
2428 5128 2724 5184 evidenter
2741 5126 2923 5182 Deum
2957 5128 3240 5184 exsistere
3261 5129 3397 5184 inde
3428 5129 3797 5183 demonstre-

2155 5224 2271 5286 tur,
2303 5223 2361 5274 et
2388 5234 2564 5288 quam
2586 5216 2880 5272 imbecilla
2910 5216 2989 5271 sit
3017 5217 3387 5273 ethnicorum
3418 5221 3796 5289 argumenta-

2154 5311 2255 5376 tio,
2289 5310 2387 5381 qui
2413 5307 2558 5362 illud
2590 5307 2718 5362 ideo
2750 5306 3063 5376 negabant,
3092 5308 3233 5378 quia
3261 5308 3385 5379 ipse
3407 5307 3558 5361 Deus
3615 5302 3799 5359 videri

2154 5417 2269 5456 non
2294 5402 2485 5471 potest
2507 5398 2748 5469 (Dissert.
2777 5396 2837 5450 in
2863 5396 3065 5451 Minut.
3100 5413 3229 5467 cap.
3258 5398 3317 5468 5,
3350 5398 3458 5452 art.
3495 5396 3549 5464 1,
3580 5396 3639 5449 et
3669 5409 3797 5464 cap.

2150 5491 2206 5562 6,
2230 5493 2345 5548 art.
2387 5489 2459 5560 1).

2223 5582 2440 5646 Quarta
2494 5575 2588 5632 Dei
2638 5589 2839 5631 revera
2893 5572 3236 5630 cxsistentis
3294 5574 3717 5631 demonstratio
3766 5588 3801 5629 ο.

2150 5667 2511 5725 Tertulliano
2532 5664 2770 5720 ducitur
2792 5677 2862 5717 ex
2883 5661 3092 5719 intimo
3121 5664 3330 5719 anima:
3353 5664 3627 5719 humanae
3659 5678 3799 5717 sen-

2149 5758 2397 5830 su,8.07
2433 5756 2557 5813 sivo
2580 5754 2708 5824 ejus
2736 5750 3359 5826 testimonio,ipsaque
3379 5753 3636 5813 hominis
3665 5753 3807 5826 coné
