4158 6390
476 367 592 427 891

982 366 1508 428 TERTULLIANI
1552 365 1876 428 OPERUM
1919 365 2121 424 PARS
2166 365 2215 426 Ι.
2260 398 2337 408 -
2381 365 2654 429 SEBIES
2697 368 2748 441 Ῑ,
2793 367 3352 430 APOLOGETICA.

3761 364 3893 425 892

483 499 784 555 scientia.«
817 499 1101 567 Visne,ait
1128 497 1542 566 ille,exanima3
1571 497 1757 569 ipsius
1779 496 2115 552 testimonio
2146 505 2190 566 Α
2228 499 2424 554 anima
2453 500 2797 557 naturaliter
2817 500 3148 557 Christiana
3183 515 3298 556 non
3339 503 3448 555 est.
3478 498 3694 554 Verum
3735 498 3890 552 Ter-

486 587 931 661 comprobemus
961 588 1262 660 quae,licet
1291 605 1518 644 carcere
1574 588 1831 660 corporis
1889 604 2112 660 pressa,

481 678 617 733 licet
647 678 1113 734 institutionibus
1146 679 1335 750 pravis
1368 678 1829 750 circumscripta,
1883 677 2019 733 licet
2045 677 2116 732 li~

484 767 783 822 bidinibus
807 771 859 822 et
884 767 1373 839 concupiscentiis
1430 767 1898 839 evigorata,licet
1956 764 2116 822 falsis

485 856 596 911 diis
627 857 992 928 exancillata,
1026 860 1373 913 cumtamen
1407 856 1789 929 resipiscit,ut
1820 874 1884 912 ex
1915 872 2120 928 crapu-

484 944 540 1000 la
571 949 625 1000 et
657 950 719 1001 ut
747 964 814 1002 ex
840 963 1067 1014 somno,
1103 951 1166 1001 ut
1197 964 1264 1002 ex
1290 947 1490 1017 aliqua
1520 946 1935 1014 valetudine,et
1961 946 2118 1002 sani-

483 1037 662 1090 tatem
695 1053 860 1091 suam
892 1038 1129 1108 patitur,
1164 1041 1338 1091 Deum
1364 1036 1646 1100 nominat,
1680 1035 1786 1091 hoc
1817 1034 1963 1101 solo,
1987 1034 2120 1106 quia

487 1126 716 1194 prOprie
746 1141 913 1180 verus
945 1124 1038 1179 hic
1070 1142 1223 1180 unus
1253 1125 1429 1191 Deus,
1455 1125 1661 1192 bonus,
1684 1129 1740 1180 ct
1772 1141 2017 1197 magnus
2047 1123 2075 1178 ?
2095 1142 2118 1174 ιι

490 1215 565 1268 et:
603 1236 630 1263 ‹‹
663 1213 823 1278 Quod
860 1219 1008 1269 Deus
1041 1214 1283 1285 dederit,
1317 1214 1580 1270 omnium
1616 1231 1723 1269 vox
1755 1213 2120 1285 est;judicem

487 1319 715 1374 quoque
746 1307 1102 1359 contestatur
1130 1303 1294 1358 illum
1331 1319 1344 1359 :
1383 1309 1529 1359 Deus
1551 1304 1744 1372 videt;
1779 1325 1804 1352 ››
1839 1307 1894 1358 et
1926 1319 1937 1357 :
1977 1303 2124 1358 «Deo

485 1392 830 1447 commendo
864 1410 876 1460 ;
911 1414 938 1442 ››
973 1396 1066 1447 et:
1101 1416 1127 1443 «
1167 1394 1315 1448 Deus
1347 1391 1490 1447 mihi
1526 1392 1726 1448 reddet
1765 1414 1791 1441 »
1853 1391 2120 1463 (Tertull.

482 1481 1104 1553 Apolog.cap.t7,p.376
1134 1487 1190 1536 et
1231 1485 1378 1552 seq.)
1402 1481 1460 1536 ln
1495 1481 1599 1537 hoc
1631 1487 1824 1537 autem
1872 1479 2124 1536 auctoris

486 1570 668 1625 nostri
705 1574 863 1625 textu
899 1571 1162 1642 quadam
1196 1570 1484 1642 Rigaltius
1519 1587 1676 1626 more
1706 1588 1812 1626 suo
1843 1571 2122 1625 immuta-

486 1660 568 1714 vit
597 1664 654 1716 et
683 1660 926 1715 addidit.
971 1660 1232 1716 Primum
1277 1660 1432 1716 enim
1467 1677 1534 1716 ex
1563 1660 1707 1730 sola,
1744 1661 1843 1716 sed
1879 1660 2122 1716 forsitan

487 1766 603 1805 non
635 1767 875 1822 prorsus
905 1749 1142 1820 infelici,
1176 1749 1383 1805 Latinii
1416 1751 1769 1821 conjectura,
1804 1767 1905 1822 pro
1949 1751 2122 1805 verbo

487 1840 716 1911 patitur,
768 1840 1142 1894 emendatum
1197 1839 1596 1912 scriplumque
1637 1839 1840 1907 voluit,
1893 1841 2122 1911 potitur,

489 1926 599 1982 hoc
618 1931 724 1994 est,
760 1926 971 1998 inquit,
1003 1927 1144 1983 dum
1175 1931 1263 1983 est
1293 1945 1531 1999 compos
1578 1946 1731 1985 sanas
1763 1928 1994 1984 mentis.
2054 1928 2124 1983 Et

490 2020 642 2071 certe
676 2032 887 2071 nomen
913 2016 1122 2072 sanitas
1179 2017 1464 2088 accipitur
1491 2017 1806 2090 aliquando
1838 2035 1940 2090 pro
1969 2017 2122 2072 bono

490 2109 641 2160 statu
675 2105 907 2172 mentis,
943 2110 1116 2177 atque
1145 2106 1300 2177 apud
1353 2107 1538 2162 bonos
1577 2111 1842 2163 auctores
1873 2107 2123 2179 legimus

483 2192 657 2265 potiri
686 2193 990 2265 gaudia.ln
1021 2195 1250 2251 duobus
1282 2199 1478 2252 autem
1511 2195 1928 2252 recentioribus
1967 2197 2121 2252 codi-

487 2281 653 2337 cibus
683 2282 964 2354 seriptum
997 2290 1086 2339 est
1104 2285 1369 2356 pascitur.
1407 2286 1552 2351 Quid
1611 2303 1764 2354 vero,
1798 2285 1844 2340 si
1904 2284 2126 2341 Tertul~

483 2370 678 2427 lianus
704 2372 896 2428 minus
928 2371 1106 2428 latine
1135 2372 1428 2446 loquendo
1456 2375 1667 2430 dixerit
1689 2377 1913 2448 patitur
1964 2375 2124 2431 sani-

488 2466 690 2530 tatem,
715 2461 983 2518 videlicet
1013 2464 1273 2519 nondum
1299 2464 1588 2536 integram
1610 2466 1638 2521 ?

561 2568 855 2640 Quidquid
888 2568 1216 2635 sit,videtur
1247 2571 1540 2643 Rigaltius
1561 2572 2126 2643 privatajauctorita-

491 2659 550 2710 te
576 2656 873 2712 hisverbis
909 2674 922 2712 :
957 2680 979 2708 ι
1017 2656 1134 2712 Hoc
1167 2656 1311 2728 solo,
1343 2658 1483 2728 quia
1539 2658 1771 2730 proprie
1825 2658 1920 2714 hic
1974 2675 2128 2715 unus

493 2743 667 2812 Deus,
702 2745 893 2800 bonus
924 2749 980 2800 et
1011 2763 1280 2817 magnus,
1317 2769 1344 2795 »
1374 2746 1575 2802 isthaec
1601 2748 2127 2818 subrogasseczHoc

495 2832 640 2902 solo,
673 2833 811 2905 quia
838 2834 1071 2906 proprio
1102 2834 1202 2890 Dei
1259 2835 1396 2891 veri.
1452 2836 1605 2892 Deus
1655 2853 1926 2908 magnus,
1980 2839 2127 2892 Deus

493 2921 707 2977 bonus.
738 2943 765 2970 ››
796 2923 903 2978 Sed
937 2940 1128 2978 nonne
1158 2924 1298 2980 satis
1331 2925 1638 2997 perspicua
1694 2931 1860 2981 erant
1917 2943 2128 2982 manu-

496 3011 852 3082 scriptorum
887 3013 1153 3068 codicum
1188 3014 1381 3081 verba,
1415 3031 1521 3070 nec
1552 3015 1646 3071 his
1678 3016 1876 3071 minus
1923 3015 2077 3071 clara
2101 3016 2128 3071 ?

492 3101 603 3156 Sed
637 3101 726 3156 tae
757 3101 1094 3157 obscuriora
1125 3119 1273 3172 esse,
1309 3104 1600 3175 numquid
1641 3104 1858 3160 idcirco
1916 3121 2128 3160 manus

488 3189 790 3245 inferenda
820 3191 1030 3246 veteris
1087 3191 1390 3264 scriptoris
1451 3194 1649 3260 textui,
1708 3199 1773 3249 ut.
1826 3211 1929 3266 pro
1959 3193 2124 3250 libito

488 3279 950 3350 corrigatur,nec
979 3279 1234 3351 amplius
1265 3280 1424 3337 illius
1453 3281 1573 3338 sit?

562 3367 687 3424 Non
719 3366 829 3422 hoc
879 3373 1072 3423 autem
1130 3374 1360 3424 tantum
1411 3370 1468 3425 in
1532 3370 1680 3426 libro
1737 3371 2126 3428 Tertullianus

485 3459 685 3512 noster
723 3456 829 3512 hac
862 3456 1140 3512 adversus
1173 3458 1440 3514 ethnicos
1477 3461 1984 3530 argumentatione
2010 3460 2129 3516 uti-

489 3544 716 3610 tur,sed
749 3560 877 3600 eam
910 3562 1141 3617 quoque
1166 3547 1355 3603 fusius
1385 3548 1696 3620 acriusque
1720 3554 1886 3622 urget
1917 3553 2036 3606 toto
2074 3550 2130 3603 in

487 3633 637 3690 libro
687 3635 760 3690 de
817 3635 1133 3692 Testimonio
1188 3638 1385 3692 anima:
1439 3637 1695 3694 adversus
1736 3644 1948 3708 gentes,
2017 3638 2117 3693 ubi

493 3723 664 3778 docet
685 3722 795 3779 hoc
826 3724 1020 3796 ipsum
1052 3726 1179 3795 ejus
1201 3725 1602 3782 testimonium
1627 3743 1754 3783 esse
1787 3751 1813 3776 «
1844 3727 2004 3783 omni
2029 3727 2125 3782 lit-

492 3815 751 3868 teratura
782 3813 1001 3884 notius,
1031 3814 1296 3869 doctrina
1325 3815 1671 3888 agitatitius,
1691 3816 1838 3872 omni
1873 3815 2130 3871 editione

492 3900 810 3973 vulgatius,
843 3906 964 3958 toto
994 3903 1232 3960 homine
1264 3906 1481 3976 majus,
1516 3905 1571 3959 id
1613 3909 1727 3970 est,
1758 3909 1948 3960 totum
1971 3905 2131 3977 quod

494 3993 584 4046 est
614 3989 893 4046 hominis.
956 4012 984 4040 »
1025 3992 1220 4062 (Idem,
1278 3993 1350 4048 de
1397 3992 1614 4048 Testim.
1663 3993 1849 4048 Anim.
1884 4009 2011 4064 cap.
2072 3993 2126 4062 1)

491 4077 617 4134 Alia
645 4082 841 4134 autem
873 4080 998 4151 ejus
1030 4081 1207 4135 verba
1235 4079 1374 4136 alibi
1425 4080 1754 4149 citavimus,
1814 4079 2128 4153 palamque

493 4167 741 4224 fecimus
771 4168 925 4224 idem
955 4173 1370 4241 argumentum
1401 4169 1662 4225 adhiberi
1685 4187 1718 4226 a
1747 4171 1991 4226 Minutio
2022 4171 2129 4227 Fe-

493 4255 623 4327 lice,
648 4258 953 4330 Cypriane,
985 4259 1238 4314 Arnobio
1263 4262 1320 4314 et
1351 4259 1668 4327 Lactantio,
1721 4260 1841 4331 qui,
1875 4259 2130 4316 auctoris

495 4347 680 4402 nostri
711 4347 971 4419 vestigiis
997 4346 1370 4415 inhaerentes,
1404 4347 1582 4419 hujus
1612 4348 1939 4420 argumenti
1972 4349 2022 4403 vi
2065 4366 2130 4405 ae

495 4436 750 4508 pondere
779 4451 984 4492 omnes
1012 4435 1293 4492 falsorum
1325 4436 1564 4492 deorum
1609 4437 1860 4494 cultores
1899 4438 2129 4496 atheos-

495 4542 606 4597 que
633 4526 955 4582 obruerunt
985 4526 1292 4594 (Dissertat.
1327 4527 1388 4581 in
1411 4526 1628 4595 Minut.,
1662 4545 1787 4599 cap.
1827 4529 1881 4596 2,
1916 4532 2021 4583 art.
2072 4529 2127 4596 5,

491 4619 548 4670 et
576 4631 702 4684 sap.
734 4616 790 4683 3,
821 4619 927 4670 art.
959 4615 1032 4682 3;
1065 4615 1353 4670 Dissertat.
1387 4617 1448 4670 in
1480 4617 1674 4672 Arnob.
1707 4617 1896 4689 cap.5,
1929 4622 2037 4674 art.
2075 4619 2126 4690 1,
2159 4604 2206 4670 D

491 4711 545 4760 et
573 4705 852 4759 Dissertat.
885 4705 946 4758 in
976 4705 1221 4759 Lactant.
1256 4721 1379 4778 cap.
1411 4706 1496 4779 12,
1523 4711 1631 4764 art.
1672 4707 1739 4779 1).

563 4812 924 4883 Quapropter
953 4811 1052 4868 illa
1072 4811 1165 4868 hic
1196 4829 1312 4869 non
1345 4815 1660 4887 repetenda
1679 4831 2007 4887 censemus,
2027 4815 2128 4872 sed

489 4899 639 4958 illud
657 4900 940 4957 duntaxat
963 4902 1553 4974 examinandum,eur
1573 4903 1946 4961 dixerithane
1961 4908 2128 4961 natu-

489 4989 674 5048 ralem
703 4991 803 5047 Dei
827 4990 1257 5050 invocationem
1309 5010 1437 5050 esse
1495 4996 1872 5051 testimonium
1927 4995 2130 5051 animae

487 5082 830 5138 naturaliter
853 5082 1207 5140 Christianae.
1232 5083 1529 5156 Numquid
1560 5083 1715 5140 enim
1747 5084 1944 5140 anima
1967 5087 2131 5138 natu-

487 5171 686 5230 raliter
711 5172 1040 5229 Christiana
1068 5173 1184 5228 est?
1206 5173 1408 5229 Noune
1440 5173 1614 5245 paulo
1654 5179 1787 5246 post
1817 5173 1913 5229 ille
1943 5172 2125 5228 dixit:

484 5263 673 5329 Fiunt,
703 5278 812 5319 non
840 5270 1143 5318 nascuntur
1177 5261 1485 5318 Christiani
1522 5262 1886 5334 (Tertullian.
1935 5263 2128 5334 Apolo-

424 5394 434 5410 .
486 5355 591 5424 get.
625 5369 751 5424 cap.
785 5352 873 5420 17,
908 5368 1038 5424 pag.
1066 5352 1173 5405 377
1200 5394 1214 5420 ,
1249 5352 1384 5407 Ibid.
1417 5369 1541 5425 cap.
1613 5353 1704 5423 18,
1755 5369 1888 5424 pag.
1949 5351 2075 5423 378)
2107 5349 2131 5405 ?

492 5441 646 5496 Alibi
678 5457 809 5497 vero
841 5441 1033 5512 ipsam
1063 5439 1322 5497 animam
1354 5441 1437 5498 sic
1478 5440 1830 5513 alloquitur:
1875 5439 1997 5495 Non
2053 5456 2129 5507 es,
2182 5504 2186 5508 ι

488 5530 630 5601 quod
675 5533 866 5598 sciam,
899 5531 1222 5586 Christiana
1247 5547 1269 5592 ;
1291 5530 1431 5600 ﬁeri,
1464 5531 1638 5598 enim,
1667 5546 1776 5586 non
1814 5531 1970 5585 nasci
1996 5528 2134 5585 sole:

490 5619 810 5674 Christiana
834 5618 1038 5688 (Idem,
1069 5619 1134 5674 de
1167 5621 1388 5674 Testim.
1424 5621 1605 5675 Anim.
1665 5635 1796 5690 cap.
1851 5619 1924 5688 1).
1955 5618 2028 5673 At
2083 5617 2134 5672 si

435 5745 438 5748 .
492 5704 668 5761 homo
699 5722 816 5762 non
847 5706 1129 5775 nascitur,
1161 5708 1264 5764 sed
1309 5708 1376 5763 ﬁt
1401 5707 1792 5779 Christianus,
1839 5722 1975 5780 ergo
2005 5707 2133 5779 ejus

2155 3236 2204 3302 C

2225 587 2531 655 tullianus,
2562 608 2653 660 qui
2691 607 2906 662 paucas
2936 590 3088 646 inter
3117 589 3302 645 lineas
3333 588 3444 644 sibi
3476 586 3674 660 procul
3697 585 3888 642 dubio

2227 696 2340 735 non
2374 679 3041 752 contradixit,prioribus
3066 678 3256 735 verbis
3288 677 3435 733 nihil
3467 675 3622 732 aliud
3646 675 3884 748 signifi-

2227 768 2456 838 cat,nisi
2473 768 2677 824 anime
2692 769 2960 825 humanas
2974 768 3124 824 808
3142 767 3485 824 naturaliter
3497 765 3731 822 insitam
3749 781 3884 820 esse

2227 857 2348 913 veri
2373 857 2471 914 Dei
2506 860 2955 931 notionem,quaa
2988 857 3170 914 totius
3196 856 3538 914 Christiana:
3577 853 3888 926 religionis

2231 951 2318 1003 est
2340 948 2810 1004 fundamentum.
2826 947 2953 1003 Alia
2975 951 3170 1004 autem
3193 946 3392 1002 omnia
3424 945 3580 1000 illius
3603 942 3894 1016 mysteria

2231 1040 2288 1091 et
2316 1036 2666 1093 documenta
2721 1055 2834 1093 non
2894 1036 3211 1109 cognoscit,
3243 1035 3385 1108 quin
3427 1034 3592 1107 prius
3645 1033 3716 1089 ab
3751 1032 3891 1088 aliis

2233 1125 2530 1180 doceatur.
2563 1127 2749 1196 Atque
2778 1125 2859 1181 ita
2916 1124 3153 1197 quidem
3205 1121 3520 1180 Christiani
3544 1122 3715 1190 ﬁunt,
3755 1137 3880 1176 non

2232 1219 2424 1270 autem
2449 1219 2793 1282 nascuntur,
2816 1214 3080 1286 quamvis
3111 1212 3652 1270 naturaliterunum
3683 1210 3876 1266 Deum

2235 1309 2556 1375 agnoscant
2577 1308 2633 1359 et
2660 1304 2950 1359 invocent.
3901 1298 3905 1302 ’

2307 1409 2478 1464 Visne
2509 1409 2653 1465 illud
2689 1410 2790 1466 tibi
2822 1410 3161 1482 exipsomet
3189 1408 3552 1464 Tertulliano
3583 1405 3829 1479 probari
3860 1403 3887 1458 ?

2233 1500 2317 1554 Ad
2349 1499 2624 1555 Nationes
2655 1499 2750 1554 ille
2781 1499 2984 1556 scribit
3017 1499 3284 1556 Liberum
3307 1498 3538 1554 Patrem
3578 1512 3711 1552 cum
3772 1511 3885 1551 suo

2235 1604 2399 1643 sacro
2432 1588 2499 1642 ab
2523 1589 2665 1642 urbe
2695 1588 2879 1643 Roma
2907 1592 3145 1660 totaque
3171 1586 3337 1643 Italia
3385 1584 3728 1642 auctoritate
3786 1601 3883 1638 se-

2233 1683 2406 1732 natus
2437 1677 2704 1746 ejectum,
2721 1693 3069 1748 eversasque
3098 1677 3414 1748 Serapidis,
3441 1674 3611 1730 Isidis
3641 1677 3698 1728 et
3729 1672 3883 1727 Har-

2236 1765 2491 1838 pocratis
2521 1769 2853 1820 statuas.At
2882 1766 3030 1821 hanc
3060 1766 3197 1821 inde
3225 1765 3382 1821 elicit
3411 1762 3879 1820 conclusionem:

2153 1871 2202 1936 B
2238 1880 2257 1905 ι
2297 1856 2535 1912 Habetis
2566 1856 2747 1928 igitur
2768 1855 2825 1911 in
2854 1855 3175 1926 majoribus
3205 1854 3431 1922 vestris,
3461 1853 3570 1910 etsi
3607 1869 3724 1908 non
3769 1867 3879 1906 no-

2235 1948 2660 2012 men,sttamen
2685 1950 2903 2000 sectam
2929 1943 3480 2015 Christianam,quas
3512 1942 3650 1998 deos
3684 1937 3880 2011 negli-

2233 2035 2336 2104 git.
2375 2055 2402 2083 ››
2437 2033 2707 2104 (Tertull.
2741 2033 2842 2088 lib.
2877 2051 2894 2088 ι
2925 2032 2995 2088 ad
3023 2033 3252 2088 Nation.
3288 2049 3410 2103 cap.
3435 2032 3519 2098 10,
3555 2046 3688 2102 pag.
3721 2027 3874 2098 373.)

2229 2123 2483 2179 Videsne
2513 2123 2584 2178 ob
2615 2123 2724 2179 hoc
2739 2121 2927 2178 solum
2948 2123 3163 2176 factum
3181 2117 3726 2193 quosdamfgentiles
3749 2133 3876 2172 sec-

2232 2216 2302 2266 tis
2334 2211 2674 2267 Christianas
2715 2211 2953 2266 nomine
2985 2211 3057 2278 ab
3089 2226 3154 2266 eo
3178 2208 3488 2282 appellari?
3517 2207 3735 2263 Eadem
3759 2205 3877 2260 ita-

2234 2317 2346 2372 que
2379 2301 2601 2356 ratione
2656 2300 2852 2355 anima
2920 2299 3266 2355 naturaliter
3347 2297 3675 2354 Christiana
3759 2294 3881 2350 dici

2233 2389 2572 2460 potuit,qua3
2587 2388 2950 2444 conscientiae
2965 2406 3084 2444 suae
3102 2387 3457 2456 testimonio,
3499 2383 3882 2456 naturalique

2234 2479 2459 2534 lumine
2490 2495 2554 2534 ac
2586 2483 2744 2534 motu
2778 2494 2977 2534 verum
3012 2478 3374 2550 unicumque
3410 2482 3558 2532 Deus
3589 2473 3881 2547 agnoscit.

2233 2569 2338 2623 Sed
2373 2584 2406 2622 a
2436 2567 2606 2622 nobis
2629 2568 2751 2638 jam
2786 2568 3158 2622 observatum
3205 2571 3295 2623 est
3324 2566 3417 2622 his
3451 2565 3622 2638 plane
3651 2561 3878 2620 similia

2237 2674 2270 2712 a
2299 2657 2539 2712 Minutio
2572 2655 2760 2712 Felice
2789 2655 3033 2730 proferri
3064 2658 3370 2728 (Dissertat.
3405 2658 3465 2712 in
3494 2656 3714 2724 Minut.,
3744 2669 3882 2725 cap.

2238 2747 2324 2813 13,
2358 2749 2465 2800 art.
2500 2746 2576 2817 4).

2309 2837 2447 2892 Jure
2478 2834 2656 2906 igitur
2695 2834 2900 2890 merito
2929 2833 3324 2890 Tertullianus
3353 2833 3511 2900 inde,
3574 2835 3631 2886 et
3675 2847 3743 2886 ex
3803 2826 3885 2884 iis

2236 2925 2511 2982 omnibus
2543 2939 2669 2994 quae
2703 2923 2985 2978 hactenus
3017 2925 3378 2997 probaverat,
3433 2922 3516 2978 sic
3539 2918 3878 2977 concludit:

2236 3039 2265 3067 «
2293 3015 2421 3071 Haec
2451 3018 2541 3069 est
2569 3029 2802 3068 umma
2832 3012 3025 3068 delicti
3059 3011 3382 3069 nolentium
3436 3024 3882 3082 recognoscere,

2237 3121 2410 3177 quem
2444 3103 2711 3175 ignorare
2740 3119 2853 3157 non
2878 3106 3146 3174 possunt.
3182 3124 3208 3150 η
3241 3096 3886 3173 (Apol.c.17,pag.376.)

2241 3194 2455 3249 Eadem
2491 3191 2659 3264 plane
2681 3195 2769 3247 est
2796 3190 3090 3263 Cypriani.
3114 3191 3242 3262 ejus
3263 3188 3537 3262 discipuli
3568 3191 3644 3256 ,et
3676 3202 3888 3256 sequa-

2243 3282 2327 3337 cis
2357 3279 2651 3336 conclusio
2681 3289 2694 3335 ':
2731 3303 2758 3330 ‹‹
2789 3282 2975 3352 Atque
3006 3279 3124 3335 haec
3153 3283 3242 3336 est
3268 3295 3504 3336 summa
3531 3275 3728 3333 delicti
3761 3272 3886 3328 nol-

2236 3371 2289 3426 le
2321 3385 2656 3443 agnoscere,
2691 3385 2865 3441 quem
2885 3368 3152 3440 ignorare
3175 3385 3291 3424 non
3316 3364 3881 3442 possit.»(Cyprian.,

2237 3460 2300 3516 de
2332 3459 2528 3516 Idolor.
2585 3460 2790 3527 Vanit.,
2849 3474 2985 3530 pag.
3039 3459 3150 3529 15.)
3184 3458 3364 3513 Nemo
3424 3455 3641 3530 quippe
3689 3456 3884 3525 potest

2238 3545 2630 3619 ignorantiam
2667 3561 2946 3601 excusare
2979 3545 3096 3612 Dei,
3128 3561 3303 3617 quem
3323 3548 3410 3600 tot
3433 3539 3796 3616 argumentis
3826 3542 3885 3595 et

2238 3636 2446 3690 intimo
2478 3635 2671 3689 cordis
2702 3633 3027 3706 animaeque
3059 3651 3237 3690 sensu
3269 3649 3586 3708 agnoscere
3617 3627 3876 3702 compel-

2238 3723 2401 3779 litur.
2435 3723 2752 3778 Maximum
2809 3723 2989 3796 igitur
3044 3722 3344 3791 delictum,
3395 3723 3512 3778 imo
3543 3738 3676 3777 vero
3724 3734 3884 3774 sum-

2239 3829 2401 3868 mum
2435 3812 2699 3868 omnium
2733 3811 3078 3868 delictorum
3102 3812 3356 3869 estnolle
3386 3812 3570 3868 Deum
3602 3823 3883 3880 recogno-

2238 3901 2530 3974 scere,qui
2563 3918 2596 3957 a
2618 3901 2872 3969 nemine,
2905 3901 3015 3958 nisi
3050 3901 3284 3975 penitus
3314 3918 3515 3958 excors
3567 3903 3625 3956 et
3675 3912 3883 3954 amens

2237 3991 2336 4058 sit,
2370 3993 2560 4061 potest
2590 3990 2864 4063 ignorari.

2310 4099 2523 4164 Quinta
2554 4098 2856 4165 divinas,ut
2887 4099 3430 4170 aiunt,exsistenti$
3460 4095 3883 4156 demonstratio

2237 4187 2332 4244 his
2361 4187 2685 4244 includitur
2707 4188 3136 4260 verbis,quibus
3166 4194 3368 4246 auctor
3396 4192 3597 4245 noster
3625 4186 3784 4242 illam
3814 4200 3888 4240 ex

2235 4276 2483 4332 infinitis
2514 4277 2613 4333 Dei
2648 4277 3108 4350 perfectionibus
3167 4277 3324 4334 elicit
3390 4275 3827 4334 conclusionem
3860 4289 3874 4327 :

2237 4365 2379 4435 Ideo,
2413 4365 2622 4437 inquit,
2660 4372 2807 4423 Deus
2839 4384 3000 4423 verus
3029 4372 3079 4424 et
3111 4371 3296 4424 tantus
3323 4375 3400 4424 est
3428 4365 3648 4439 (Ibid)
3679 4363 3886 4419 Nonne

2239 4455 2396 4510 enim
2427 4455 2584 4511 hunc
2616 4460 3063 4529 argumentatur
3094 4456 3152 4512 in
3184 4456 3464 4512 modum?
3495 4453 3628 4510 Veri
3654 4452 3747 4510 Dei
3779 4468 3885 4507 no-

2241 4545 2398 4601 mine
2427 4544 2477 4602 is
2503 4545 2875 4616 intelligitur,
2899 4547 3068 4617 cujus
3098 4545 3339 4601 infinitas
3385 4549 3524 4601 sunt
3570 4541 3885 4616 perfectio-

2238 4652 2364 4700 nes,
2399 4635 2625 4706 etquod
2660 4634 2802 4690 nihil
2830 4636 3024 4706 majus
3055 4638 3157 4690 aut
3205 4634 3519 4707 perfectius
3567 4630 3883 4704 excogitari

2239 4723 2474 4797 potest?
2507 4740 2621 4779 non
2653 4723 2810 4779 enim
2841 4729 2998 4780 esset
3024 4741 3198 4780 verus
3229 4723 3407 4794 Deus,
3439 4722 3490 4778 si
3520 4726 3718 4778 tantus
3764 4736 3881 4776 non

2237 4817 2393 4869 esset
2426 4829 2440 4868 :
2473 4818 2531 4868 at
2561 4813 2633 4881 is,
2667 4813 2768 4884 qui
2799 4812 3060 4869 inﬁnitas
3093 4813 3478 4885 perfectiones
3511 4811 3569 4866 in
3602 4827 3664 4867 se
3719 4825 3883 4866 com-

2236 4901 2534 4975 plectitur,
2568 4920 2602 4956 a
2631 4918 2693 4957 se
2726 4903 2978 4972 profecto
3009 4903 3270 4972 habet,et
3299 4902 3454 4974 quod
3483 4899 3778 4972 ,exsistat,
3826 4903 3886 4954 et

2239 4989 2395 5063 quod
2417 4989 2549 5046 aliis
2572 4989 2794 5046 tribuat
2825 4995 2889 5046 ut
2918 4991 3036 5048 sint
3074 4994 3132 5047 et
3161 4990 3606 5048 exsistantzcum
3637 4988 3794 5046 enim
3817 5004 3887 5045 ea

2238 5081 2315 5137 sit
2345 5096 2540 5136 rerum
2572 5079 2836 5136 omnium
2867 5086 3197 5137 creatarum
3229 5080 3501 5148 series,ut
3531 5077 3886 5152 posteriores

2240 5171 2311 5225 ab
2345 5169 2780 5241 antiquioribus
2805 5169 3116 5242 originem,
3151 5187 3268 5242 qua
3296 5169 3609 5237 exsistunt,
3643 5184 3885 5240 accepe-

2242 5260 2376 5327 rint,
2407 5257 2612 5314 debuit
2641 5264 2774 5315 ante
2794 5276 2968 5314 omne
2998 5263 3234 5332 tempus
3256 5275 3386 5316 esse
3417 5257 3655 5330 aliquis,
3690 5258 3791 5330 qui
3852 5275 3887 5312 a

2240 5347 2533 5417 nullo,sed
2567 5348 2762 5419 potius
2793 5365 2826 5404 a
2857 5365 2918 5404 se
2947 5349 3071 5420 ipso
3096 5349 3369 5404 habuerit
3424 5349 3576 5420 quod
3617 5347 3882 5415 exsistat,

2243 5443 2300 5494 et
2330 5439 2499 5494 rebus
2534 5439 2862 5510 quibusque
2895 5437 3104 5494 creatis
3133 5455 3231 5494 eas
3253 5455 3456 5494 omnes
3487 5437 3701 5508 quibus
3735 5453 3884 5508 prae-

2243 5529 2376 5583 ditas
2407 5530 2571 5596 sunt,
2605 5528 2992 5599 perfectiones
3024 5527 3310 5600 largiatur
3337 5543 3350 5583 :
3383 5531 3442 5583 at
3470 5526 3571 5582 ille
3630 5527 3750 5581 ideo
3807 5532 3884 5581 est

2245 5632 2419 5686 verus,
2448 5617 2582 5688 quia
2613 5622 2796 5672 tantus
2823 5626 2921 5674 est.
2954 5617 3019 5672 In
3051 5633 3157 5672 suo
3188 5620 3384 5672 autem
3408 5617 3688 5672 adversus
3722 5615 3881 5671 Mar-

2243 5705 2472 5762 cionem
2501 5705 2652 5762 libro
2683 5721 2751 5763 ex
2781 5721 3015 5764 summa
3040 5704 3144 5764 Dei
3183 5704 3538 5778 perfectione
3583 5703 3886 5761 concludit
