4158 6326
248 379 363 441 893

1157 375 1230 433 D.
1280 373 1373 431 LE
1418 368 1743 433 NOURRY
1787 365 2437 428 OBSERVATIONES
2484 362 2745 423 NOVIE.

3535 351 3653 410 894

251 508 418 565 illum
453 523 582 563 esse
612 506 874 568 unicum,
907 504 993 560 ita
1021 507 1087 560 ut
1111 520 1225 559 non
1258 501 1642 568 exsisteret,si
1664 518 1777 557 non
1802 517 1897 557 es-
1924 499 1979 569 Α
2009 501 2200 555 creata
2234 497 2448 553 fuerint
2469 493 2831 568 (Tertullian.
2894 489 3166 562 Apologet.
3226 500 3351 555 cap.
3400 482 3509 555 11).
3564 485 3658 537 Et-

251 602 341 655 set
366 594 771 662 un.us.Audias
803 593 977 648 velim
1010 609 1138 664 quas
1162 594 1240 647 sit
1261 591 1895 664 ejus';argumentatio:

253 713 281 741 ‹‹
307 691 462 745 Deus
495 704 627 743 cum
661 702 964 743 summum
1005 700 1285 757 magnum
1338 684 1435 756 sit,
1494 686 1645 739 recte
1689 681 1902 738 veritas

255 783 458 836 nostra
480 775 882 850 pronuntiavit
914 791 925 829 :
961 775 1137 844 Deus,
1159 774 1338 830 sinon
1357 790 1511 829 unus
1541 776 1771 839 est,non
1794 773 1903 825 est.

255 873 381 925 Non
417 866 583 940 quasi
618 864 958 921 dubitemus
991 881 1119 921 esse
1154 863 1659 935 Deum,dicendo:
1695 861 1752 915 Si
1790 876 1904 915 non

256 975 433 1027 unus,
466 974 579 1013 non
616 960 743 1024 est;
776 956 876 1011 sed
912 955 1051 1028 quia
1081 971 1254 1027 quem
1290 954 1636 1010 confidimus
1666 968 1814 1021 esse,
1850 951 1906 1005 id

255 1065 389 1106 eum
414 1046 766 1103 deﬁniamus
791 1062 941 1115 esse,
972 1046 1127 1117 quod
1147 1044 1193 1099 si
1227 1061 1343 1099 non
1374 1047 1643 1112 est,Dcus
1664 1058 1779 1096 non
1800 1044 1909 1108 est,

258 1153 557 1195 summum
595 1136 819 1191 scilicet
847 1152 1150 1208 magnum.
1185 1134 1335 1191 809
1387 1135 1561 1190 Porro
1613 1148 1912 1189 summum

260 1243 538 1300 magnum
568 1225 807 1281 unicum
844 1224 918 1280 sit
949 1240 1190 1281 necesse
1219 1229 1489 1297 est;ergo
1520 1228 1578 1279 et
1608 1227 1759 1278 Deus
1786 1220 1915 1276 uni-

260 1334 363 1372 cus
393 1315 522 1383 erit,
556 1331 670 1370 non
706 1313 876 1369 aliter
906 1314 1060 1369 Deus
1086 1313 1196 1369 nisi
1248 1329 1550 1369 summum
1610 1326 1914 1383 magnum,

264 1423 368 1463 nec
384 1406 549 1461 aliter
563 1421 867 1460 summum
894 1404 1313 1475 magnum,nisi
1340 1421 1538 1476 parem
1563 1420 1678 1458 non
1708 1402 1920 1457 habeat

264 1512 368 1552 nec
399 1494 566 1549 aliter
597 1510 795 1565 parem
819 1510 933 1548 non
967 1494 1214 1559 habens,
1266 1493 1376 1548 nisi
1414 1493 1622 1548 unicus
1656 1491 1851 1547 fuerit.
1896 1512 1914 1538 ο

267 1585 447 1657 (Idem
468 1582 571 1637 lib.
606 1598 623 1636 ι
654 1582 863 1637 advers.
896 1585 1171 1638 Marcion.
1200 1600 1322 1655 cap.
1360 1583 1436 1654 3.)

337 1674 569 1728 Sextam
602 1676 655 1725 et
689 1671 957 1727 ultimam
991 1688 1109 1743 qua
1141 1672 1293 1726 Deus
1323 1671 1603 1727 exsistere
1647 1670 1923 1742 probatur

268 1762 827 1818 demonstrationem
858 1760 1221 1816 Tertulliano
1252 1760 1648 1832 suppeditavit
1688 1775 1924 1814 summa

2011 588 2166 644 enim
2194 610 2218 637 α
2247 587 2673 657 imperfectum,
2708 581 2901 654 inquit
2933 579 3049 648 ille,
3112 591 3227 630 non
3276 572 3468 646 potuit
3506 587 3657 642 esse,

2014 679 2164 751 quod
2189 675 2428 751 perfecit
2459 675 2676 744 omnia,
2706 694 2732 720 υ
2758 672 2811 726 id
2840 674 2946 740 est,
2968 667 3107 741 quia
3137 666 3292 722 Deus
3345 680 3378 718 a
3427 678 3489 718 se
3529 661 3658 751 ipso

2015 750 2123 837 est,
2152 750 2208 824 et
2247 771 2453 823 caetera
2482 766 2679 821 omnia
2710 762 2861 829 fecit,
2904 757 3048 814 nihil
3103 770 3345 828 prorsus
3385 750 3658 823 imperfe-

2019 858 2115 926 cti,
2149 858 2248 914 sed
2276 861 2495 928 {omnes
2540 854 2777 909 omnino
2818 846 3202 923 perfectiones
3260 843 3493 912 habeat,
3554 855 3659 895 ne-

2021 963 2181 1003 cosse
2203 952 2311 1003 est.

2091 1041 2285 1092 Tantis
2318 1039 2512 1091 autem
2546 1033 2654 1088 illae
2688 1034 2848 1100 sunt,
2884 1025 3244 1096 humanique
3281 1018 3501 1093 ingenii
3551 1018 3661 1073 im-

2023 1126 2399 1184 becillitatem
2434 1125 2576 1179 adeo
2609 1123 2908 1192 superant,
2939 1121 3002 1171 ut
3030 1112 3329 1170 invisibilis
3370 1110 3443 1164 sit
3499 1106 3664 1181 (Ibid.

2025 1232 2148 1287 cap.
2184 1216 2208 1269 1
2260 1230 2429 1285 ,pag.
2463 1212 2610 1282 375),
2644 1211 2947 1265 aitauctor
2973 1201 3274 1266 noster,id
3302 1203 3412 1267 est,
3457 1197 3665 1287 huma-

2028 1285 2119 1362 nis
2152 1303 2336 1359 oculis
2363 1302 2517 1357 8I0
2546 1299 2726 1354 videri
2754 1314 2866 1352 non
2900 1294 3104 1367 possit.
3134 1291 3280 1346 Nam
3316 1292 3379 1343 ut
3433 1287 3559 1358 ipse
3607 1285 3667 1339 in

2002 1394 2220 1450 Exodo
2259 1394 2480 1464 (χχχιιι,
2510 1390 2602 1459 20)
2634 1388 2931 1460 loquitur:
2967 1384 3080 1439 Non
3112 1383 3262 1437 enim
3326 1377 3528 1433 videbit
3558 1390 3668 1464 rme

2029 1486 2205 1547 homo,
2236 1463 2285 1537 et
2310 1484 2471 1537 vivet.
2503 1478 2678 1535 Addit
2706 1492 2838 1532 vero
2853 1470 3296 1537 Tertullianus,l
3316 1469 3420 1523 etsi
3475 1463 3669 1520 videa-

2031 1582 2141 1637 tur,
2174 1572 2282 1627 hoc
2304 1575 2412 1640 est,
2446 1567 2675 1624 tametsi
2716 1564 2983 1621 homines
3022 1559 3214 1615 allatis
3271 1572 3448 1625 supra
3498 1569 3673 1625 argu-

2033 1667 2246 1718 mentis
2293 1677 2358 1715 ac
2418 1660 2550 1731 (art.
2612 1646 3455 1727 super.)demonstrationibus
3504 1641 3671 1697 illum

2033 1768 2233 1807 revera
2254 1750 2497 1805 existere
2520 1750 2712 1802 mente
2740 1743 2977 1797 videant
3005 1743 3062 1795 et
3092 1738 3468 1808 cognoscant.

270 1868 336 1907 ac
362 1849 510 1905 mira
555 1850 1020 1905 Christianorum
1072 1850 1144 1905 ad
1207 1851 1501 1906 daemones
1552 1847 1925 1920 expellendos

2109 1853 2676 1929 Incomprehensibitis
2708 1850 3075 1938 quoqueest,
3120 1842 3313 1938 pergit
3362 1837 3674 1938 Tertullia-

274 1944 558 2012 potestas,
589 1943 791 1993 contra
822 1954 996 2009 quam
1032 1938 1279 2009 quilibet
1311 1938 1691 2010 quantumvis
1750 1934 1927 2007 perti-

282 2045 394 2084 nax
424 2027 659 2098 gentilis
691 2044 761 2081 ne
781 2028 997 2082 mutire
1027 2026 1265 2098 quidem
1301 2031 1545 2099 poterat.
1584 2027 1729 2081 Tum
1774 2024 1929 2079 enim

279 2115 660 2187 sapesaepius
693 2116 988 2171 diemones
1047 2133 1079 2171 a
1142 2115 1514 2179 Christianis.
1572 2113 1784 2169 Christi
1835 2128 1934 2167 no-

282 2206 440 2261 mine
471 2204 746 2276 adjurati,
779 2222 894 2260 non
927 2205 1117 2261 solum
1153 2206 1540 2275 ejiciebantur
1570 2221 1637 2259 ex
1667 2203 1760 2259 his
1784 2218 1932 2274 quos

280 2293 630 2351 obsidebant
656 2293 1025 2359 hominibus,
1060 2294 1160 2349 sed
1195 2294 1554 2366 cogebantur
1601 2293 1775 2348 etiam
1828 2309 1931 2363 pa-

281 2383 474 2440 lamst
503 2381 735 2453 publice
789 2382 1074 2450 confiteri,
1137 2398 1244 2438 nec
1301 2401 1382 2453 se,
1427 2398 1531 2439 nec
1589 2382 1733 2437 alios
1787 2398 1932 2453 quos

280 2470 837 2546 gentilescolebant,
862 2488 991 2527 esse
1029 2473 1185 2538 deos,
1248 2473 1345 2528 sed
1407 2489 1589 2527 unum
1651 2473 1935 2526 duntaxat

281 2560 585 2625 exsistere,
654 2576 829 2631 quem
880 2561 1155 2632 discipuli
1202 2560 1415 2616 Christi
1484 2561 1929 2615 venerabantur.

280 2648 458 2720 Atqui
491 2670 519 2699 «
542 2647 735 2703 omnis
768 2649 901 2716 ista,
929 2649 1010 2704 ait
1040 2649 1461 2713 Tertullianus,
1494 2648 1784 2706 confessio
1807 2648 1934 2703 illo-

283 2755 439 2808 rum,
471 2754 586 2807 qua
616 2753 678 2792 se
710 2738 848 2792 deos
875 2742 1090 2809 negant
1119 2756 1266 2805 esse,
1327 2756 1557 2812 quaque
1589 2756 1703 2795 non
1754 2738 1934 2794 alium

283 2826 468 2883 Deum
506 2826 865 2898 respondent
896 2832 1103 2899 printer
1133 2846 1340 2895 unum,
1378 2828 1469 2883 cui
1504 2846 1610 2884 nos
1634 2827 1934 2899 mancipa-

285 2933 441 2983 mur,
475 2915 620 2971 satis
648 2916 854 2971 idonea
877 2921 964 2971 est
994 2917 1064 2971 ad
1097 2918 1506 2989 depellendum
1536 2918 1754 2973 crimen
1787 2916 1935 2972 laesae

287 3007 536 3062 maxime
560 3005 834 3059 Romanis
866 3005 1187 3077 religionis,
1218 3030 1246 3058 »
1274 3023 1399 3078 quas
1460 3024 1573 3061 non
1628 3022 1828 3061 verum
1880 3010 1938 3059 et

288 3096 549 3160 unicum,
582 3093 683 3149 sed
726 3092 902 3149 falsos
933 3095 1135 3165 utique
1166 3096 1302 3151 deos
1332 3096 1718 3151 venerabatur
1777 3095 1934 3167 (Ter-

286 3182 519 3238 tullian.
552 3182 826 3254 Apologet.
860 3199 987 3255 cap.
1032 3185 1122 3242 24.
1156 3200 1288 3257 pag.
1339 3185 1487 3256 416).
1528 3189 1669 3239 Nam
1732 3199 1935 3239 omnes

2042 1965 2173 2003 nus.
2209 1928 2396 2019 (Ibid)
2428 1950 2573 1999 Nam
2607 1946 2669 1997 ut
2699 1942 2917 1996 fatetur
2945 1928 3677 2019 Clemens-Alexandrinus

2042 2011 2842 2111 (lib.vStrom.,pag.5’18):
2897 2022 3071 2093 Δῆλον
3138 2016 3344 2111 essent
3399 2015 3532 2111 πειτι
3589 2011 3681 2111 δέ-

2040 2103 2226 2188 (μασθαι
2258 2123 2405 2198 παρὰ
2426 2103 2649 2187 τὰν-τῆς
2684 2119 2828 2186 ζωῆς
2859 2114 3059 2190 χρόνον
3107 2108 3198 2164 τὸν
3259 2107 3386 2163 Θεὸν
3442 2103 3682 2177 ἆναργῶς

2012 2194 2460 2275 meminerim.
2495 2212 2770 2268 Neminem
2796 2221 3039 2276 unquam
3079 2216 3232 2271 posse
3259 2213 3356 2270 per
3413 2201 3512 2251 hoc
3557 2194 3685 2248 vita

2043 2310 2254 2376 tempus
2307 2305 2475 2359 Deum
2536 2300 2826 2372 perspicue
2899 2290 3375 2365 comprehendeie.
3416 2374 3429 2376 _
3460 2282 3683 2376 Quibus

2042 2372 2290 2465 uterque
2320 2391 2508 2447 verbis
2538 2387 2831 2459 significat
2862 2382 3127 2439 infinitas
3156 2377 3257 2435 Dei
3300 2372 3683 2465 perfectiones

2043 2485 2116 2540 ab
2148 2461 2510 2546 hominibus,
2538 2478 2728 2545 fvitam
2763 2475 2910 2530 hane
2969 2468 3271 2526 mortalem
3331 2461 3683 2525 viventibus,

2044 2591 2160 2630 non
2195 2588 2365 2645 posse
2396 2566 2867 2639 clara,distincta
2893 2562 3023 2618 idea
3050 2563 3109 2615 et
3137 2556 3374 2613 notione
3405 2552 3690 2645 plane—pe:-

2045 2637 2322 2734 nitusque
2378 2637 2814 2731 comprehendi.
2848 2648 3165 2722 Subjungit
3221 2650 3419 2700 tamen
3448 2660 3461 2710 ;
3490 2662 3528 2734 «γ
3566 2637 3689 2734 Etsi

2005 2761 2148 2827 ‘per
2188 2727 2437 2825 gratiam
2472 2727 2939 2819 repraesentetur.
2969 2761 2992 2791 υ
3017 2738 3127 2827 Sed
3162 2749 3427 2827 quanam
3449 2733 3540 2786 est
3570 2727 3687 2827 ista

2044 2818 2253 2914 gratia,
2286 2839 2397 2894 nisi
2430 2818 2748 2894 Salvatoris
2777 2830 2960 2887 nostri
2984 2825 3219 2895 Christi,
3254 2822 3373 2894 qui,
3399 2819 3574 2914 homo
3602 2818 3688 2872 fa-

2045 2937 2197 2999 ctus,
2229 2928 2427 2985 docuit
2457 2925 2727 2982 homines
2758 2919 3050 2994 quomodo
3086 2916 3278 2987 ipsum
3311 2916 3368 2966 et
3418 2907 3683 2999 divinum

2044 3021 2172 3091 ejus
2200 3023 2427 3073 Patrem
2464 3014 2701 3070 unicum
2736 3024 3051 3077 verumque
3084 3010 3264 3060 Deum
3294 3015 3423 3057 esse
3469 2994 3688 3051 intelli-

2045 3088 2185 3181 gant
2206 3108 2232 3162 ?
2260 3108 2441 3162 Nemo
2474 3094 3222 3176 quippe,quemadmodum
3254 3088 3460 3146 scribit
3486 3092 3691 3181 au-ctor

2048 3174 2306 3270 epistolis
2337 3196 2409 3251 ad
2444 3174 2812 3265 Diognetum,
2858 3190 3036 3244 Deum
3095 3182 3257 3252 vidit,
3308 3182 3411 3270 aut
3440 3174 3691 3270 perfecte

288 3271 540 3344 profecto
572 3242 788 3328 ethnici
823 3242 1209 3340 daemonibus,
1232 3242 1670 3330 verumlcontra
1723 3276 1935 3328 semet-
1966 3242 2008 3310 Ο
2909 3291 3039 3348 pag.
3096 3272 3219 3338 499,
3244 3242 3256 3252 ⁷
3288 3242 3689 3323 edit-Justiti.

284 3362 448 3432 ipsos
501 3362 928 3418 confitentibus
979 3364 1269 3419 debebant
1315 3365 1571 3430 credere,
1626 3362 1724 3434 qui
1782 3379 1942 3417 men-

284 3452 572 3507 tientibus
606 3452 945 3526 credebant.
981 3453 1163 3508 Nemo
1190 3453 1503 3524 siquidem,
1538 3456 1602 3507 ut
1635 3456 1787 3508 recte
1845 3451 1941 3507 ille

291 3540 507 3611 arguit,
530 3562 559 3591 ‹‹
594 3540 664 3596 ad
698 3557 870 3597 suum
903 3541 1155 3598 dedecus
1198 3543 1501 3613 mentitur,
1546 3541 1686 3613 quin
1747 3540 1942 3613 potius

291 3629 360 3684 ad
396 3629 700 3685 honorem.
752 3631 933 3704 Magis
993 3631 1138 3688 fides
1194 3631 1457 3704 proxima
1518 3636 1609 3687 est
1663 3631 1942 3685 adversus

290 3718 638 3789 semetipsos
670 3721 1034 3788 confitentes,
1069 3737 1247 3792 quam
1281 3738 1384 3792 pro
1407 3738 1469 3775 se
1519 3720 1665 3792 ipsis
1724 3736 1944 3792 negan-

288 3810 398 3862 tes.
424 3828 450 3855 ››
474 3807 642 3878 (Ibid.
668 3824 795 3880 cap.
816 3810 1047 3882 23,pag.
1082 3810 1234 3882 445.)
1258 3812 1401 3866 Tam
1435 3809 1735 3881 publicum
1757 3810 1942 3865 enim-

288 3912 422 3951 vero
464 3896 869 3953 testimonium
931 3898 1153 3954 nemini
1209 3898 1380 3970 plane
1433 3899 1681 3955 dubium
1739 3915 1941 3970 suspe-

288 3990 569 4055 ctumque
599 4001 727 4040 esse
774 3992 1018 4057 poterat.
1080 3979 1471 4051 Quamobrem
1530 3986 1699 4054 illud,
1756 3986 1946 4059 pergit

289 4076 491 4127 auctor
521 4076 739 4138 noster,
774 4074 1000 4129 solebat
1031 4091 1100 4130 ex
1129 4074 1384 4132 ethnicis
1418 4078 1606 4131 facere
1658 4075 1944 4131 Christia-

290 4176 397 4216 nos
418 4159 617 4232 flbid.)
639 4161 851 4233 Ecquis
874 4165 1032 4218 enim
1067 4163 1241 4219 homo
1274 4168 1500 4235 poterat
1544 4168 1660 4220 tam
1722 4169 1942 4219 certam

291 4251 631 4323 claramque
674 4253 1149 4310 testificationem
1175 4272 1466 4328 respuere,
1500 4255 1615 4311 nisi
1647 4255 1741 4311 cui
1798 4254 1945 4310 falsa

291 4342 630 4414 preajudioia
676 4349 778 4400 aut
826 4345 1061 4417 privata
1112 4346 1396 4402 utilitates
1445 4346 1688 4402 rationis
1742 4345 1942 4400 lumen

291 4433 528 4503 penitus
590 4434 974 4505 eripuerant?
1015 4435 1157 4491 Jure
1236 4435 1421 4508 igitur
1477 4437 1696 4490 merito
1742 4437 1948 4489 auctor

295 4523 498 4575 noster
528 4537 821 4577 summam
846 4524 1145 4597 redarguit
1193 4522 1564 4595 iniquitatem
1616 4520 1943 4593 gentilium,

2046 3346 2547 3447 Malrtyr.):‘A-L’rrbc
2572 3367 2627 3424 δὲ
2658 3346 2842 3422 totove»;
2878 3346 3163 3430 taéastﬁtv'
3214 3353 3451 3447 inﬂatis
3497 3349 3556 3447 δὲ
3604 3346 3693 3403 διὰ

2048 3443 2341 3533 πίστεῷςῇ
2376 3459 2512 3534 μόνῃ
2542 3459 2670 3515 Θεὸν
2705 3453 2836 3510 ἰδεῖν
2871 3450 3311 3528 συγκεχώρηται.
3348 3443 3452 3500 Sed
3483 3445 3597 3514 ipse
3641 3455 3697 3534 se

2051 3557 2229 3626 ipsum
2258 3526 2528 3608 ostendit:
2552 3547 2785 3606 ostendit
2808 3526 2992 3601 autein
3031 3556 3131 3612 per
3185 3537 3368 3609 ﬁdem,
3407 3548 3517 3626 qua
3570 3526 3697 3586 sola

2050 3625 2221 3699 Deum
2251 3641 2434 3698 videre
2480 3653 2785 3695 concessum
2844 3642 2944 3690 est.
3005 3631 3209 3688 Nonne
3258 3642 3390 3681 vero
3453 3625 3698 3691 uterque

2051 3732 2122 3789 ad
2157 3732 2277 3787 haec
2306 3727 2636 3787 collineavit
2656 3723 2912 3782 Matthaai
2942 3720 3118 3777 verba
3147 3718 3248 3790 (x1,
3284 3716 3403 3786 t7):
3446 3734 3475 3763 «
3515 3710 3698 3766 Nemo

2053 3823 2212 3879 novit
2241 3822 2472 3889 Filium,
2504 3818 2618 3875 nisi
2643 3818 2825 3882 Pater,
2860 3829 3049 3884 neque
3078 3810 3307 3865 Patrem
3340 3803 3474 3876 quis
3514 3798 3700 3867 novit,

2053 3912 2169 3968 nisi
2198 3911 2400 3981 Filius,
2431 3916 2488 3966 et
2517 3908 2606 3964 cui
2640 3904 2894 3962 voluerit
2950 3900 3135 3957 Filius
3186 3894 3542 3953 revelare?»
3583 3890 3700 3944 Aut

2053 4003 2125 4058 ad
2157 4001 2259 4057 illa
2287 4000 2533 4057 Joannis
2556 3998 2617 4069 (ι,
2641 3996 2762 4066 18);
2790 4015 2818 4044 ‹‹
2850 3999 3030 4047 Deum
3063 4003 3235 4044 nemo
3250 3983 3695 4069 viditunquam.

2052 4091 2406 4163 Unigenitus
2448 4066 2649 4156 Filius,
2698 4083 2802 4157 qui
2843 4085 2932 4139 est
2991 4080 3056 4135 in
3112 4076 3248 4133 sinu
3303 4069 3513 4141 Patris,
3572 4066 3699 4138 ipse

2052 4179 2364 4237 enarravit.
2396 4200 2424 4227 η

2123 4269 2319 4341 Pergit
2349 4271 2552 4322 auctor
2576 4267 2809 4331 noster;
2843 4254 3281 4324 inaestimabilis,
3311 4252 3413 4307 etsi
3443 4247 3699 4341 humanis

2051 4335 2303 4414 sensibus
2328 4357 2662 4419 aestimetur,
2695 4352 2750 4407 id
2785 4355 2894 4416 est,
2925 4349 2983 4403 in
3014 4347 3121 4402 hoc
3152 4346 3306 4399 recte
3338 4340 3411 4397 ab
3437 4335 3701 4394 homini-

2053 4449 2163 4504 bus
2195 4448 2519 4510 wstimctur,
2541 4443 2694 4515 quod
2720 4440 2915 4497 sciunt
2944 4453 3074 4493 eum
3126 4449 3254 4490 esse
3326 4423 3703 4485 inaestimabi-

2051 4537 2165 4593 lem
2186 4514 2847 4606 (TertulliansApologet.
2882 4543 3008 4598 cap.
3045 4526 3130 4595 17,
3172 4537 3305 4595 pag.
3363 4519 3540 4606 375).;
3572 4514 3702 4606 Ipse

296 4610 397 4680 qui
428 4610 791 4669 Christianos
822 4616 1181 4671 accusabant
1208 4613 1358 4669 laesa:
1392 4615 1661 4670 Romanae
1717 4610 1947 4684 religio-
1976 4615 2022 4680 D
2054 4603 2209 4683 enim
2244 4641 2378 4680 mox
2401 4622 2627 4681 addidit
2654 4636 2668 4677 ε
2696 4642 2723 4669 «
2748 4618 2864 4674 Hoc
2894 4613 3155 4686 estquod
3187 4616 3369 4667 Deum
3418 4603 3699 4664 aestimari

295 4698 409 4769 nis,
442 4716 655 4772 eosque
685 4708 888 4759 contra
937 4704 1375 4771 conscientiam,
1434 4707 1639 4775 totque
1690 4719 1755 4757 ac
1799 4702 1947 4756 tanti

296 4786 573 4857 ponderis
604 4789 1160 4860 demonstrationes,
1193 4790 1263 4846 ad
1296 4790 1476 4847 falsos
1497 4791 1637 4845 deos
1675 4788 1950 4844 colendos

297 4877 755 4949 negandumque
785 4895 984 4935 verum
1010 4880 1195 4936 Deum
1227 4878 1591 4952 quibuslibet
1641 4875 1948 4949 suppliciis

298 4962 531 5035 adigere
563 4966 919 5025 nitebantur.

959 5093 1272 5134 ARTICULUS
1310 5094 1374 5134 II.

294 5156 376 5212 De
393 5161 947 5237 perfectionibussive
1004 5168 1287 5222 attributi:
1337 5168 1453 5232 Dei,
1512 5182 1579 5221 ac
1637 5181 1738 5237 quo
1784 5180 1947 5220 sensu

369 5248 401 5284 a
424 5234 762 5290 Tcrtulliano
790 5239 1013 5292 dicatur
1052 5238 1369 5294 hominibus
1424 5234 1691 5309 cognitus,
1752 5252 1947 5308 quam-

370 5311 448 5363 vis
476 5312 545 5363 sit
576 5310 894 5381 invisibilis,
930 5311 1520 5381 incomprehensibilis,
1569 5309 1946 5366 inaestsmabl-

373 5381 439 5436 (is
461 5399 481 5437 :
504 5396 628 5453 quae
658 5379 820 5450 hujus
848 5382 968 5436 veri
995 5383 1094 5437 Dei
1112 5379 1174 5438 let
1202 5384 1316 5438 vivi
1333 5384 1598 5451 scientia,
1648 5382 1945 5452 sapientia,

370 5459 421 5510 et
450 5454 757 5513 aeternitas.

368 5549 551 5605 Deum
610 5558 739 5600 esse
792 5540 1293 5614 perfectissimum
1344 5544 1481 5601 inde
1553 5539 1948 5597 Tertullianus

300 5642 456 5695 recte
486 5633 728 5705 colligit,
760 5631 914 5704 quod
948 5633 1237 5689 mundum
1269 5637 1327 5690 et
1351 5632 1552 5690 omnia
1597 5647 1724 5703 quis
1773 5629 1832 5683 in
1883 5645 1948 5684 eo

302 5732 461 5795 sunt,
486 5725 639 5783 sicut
661 5723 721 5779 in
743 5719 1043 5794 superiore
1082 5722 1330 5781 articulo
1378 5722 1658 5791 vidimus,
1720 5718 1791 5776 ab
1847 5716 1947 5774 illo

2058 4715 2216 4783 facit,
2269 4716 2409 4769 dum
2468 4709 2745 4768 aastimari
2803 4724 2919 4763 non
2978 4704 3154 4777 capit,
3179 4725 3205 4752 ››
3229 4698 3471 4774 perinde
3528 4713 3596 4752 ac
3654 4694 3703 4750 si

2017 4784 2030 4802 ’
2059 4804 2303 4860 dixisset
2326 4802 2518 4857 :Tunc
2546 4801 2731 4856 Deum
2781 4801 2935 4853 recte
2995 4793 3358 4849 aestimamus
3392 4803 3528 4844 cum
3560 4785 3705 4840 fate-

2059 4910 2311 4949 murnec
2333 4909 2366 4947 a
2388 4891 2578 4962 nobis,
2612 4905 2716 4944 nec
2746 4887 2819 4942 ab
2848 4885 2968 4941 ullo
2990 4880 3229 4939 homine
3255 4895 3427 4953 posse
3456 4892 3560 4950 pro
3584 4887 3705 4930 me-

2059 4984 2173 5040 rito
2203 4981 2503 5039 instimari.

2128 5092 2349 5148 Horum
2383 5087 2645 5145 omnium
2692 5085 2975 5141 rationem
3034 5083 3080 5139 si
3143 5082 3213 5137 ab
3271 5078 3371 5135 illo
3422 5072 3705 5148 postules,

2060 5181 2211 5238 hanc
2242 5179 2577 5236 illeibidem
2606 5177 2846 5232 reddet:
2880 5196 2908 5225 ‹‹
2949 5174 3111 5240 Quod
3154 5168 3337 5227 videri
3380 5160 3707 5222 communi-

2058 5276 2166 5342 ter;
2200 5271 2355 5342 quod
2389 5265 2826 5339 comprehendi,
2859 5264 3012 5335 quod
3048 5258 3324 5317 aestimari
3352 5256 3561 5328 potest,
3594 5250 3708 5342 mi-

2060 5378 2172 5418 nus
2203 5364 2291 5416 est
2320 5357 2507 5416 oculis
2529 5337 2755 5427 quibus
2786 5356 3128 5424 occupatur,
3151 5355 3208 5405 et
3260 5344 3529 5403 manibus
3573 5337 3702 5409 qui-

2058 5452 2169 5507 bus
2199 5448 2651 5515 contaminatur,
2688 5447 2747 5500 et
2777 5442 3049 5499 sensibus
3079 5439 3297 5511 quibus
3331 5430 3650 5489 invenitur.
3676 5450 3705 5477 »

2028 5539 2167 5603 ,hoc
2207 5544 2315 5606 est,
2374 5535 2663 5609 quidquid
2722 5532 2906 5588 oculis
2962 5528 3257 5601 corporeis
3315 5516 3707 5581 communiter

2058 5630 2336 5695 cernitur,
2361 5626 2638 5683 omnibus
2658 5620 2942 5691 tangitur,
2975 5623 3078 5673 aut
3141 5617 3251 5672 sub
3304 5611 3449 5669 alios
3493 5622 3705 5665 sensus

2058 5719 2235 5791 cadit,
2266 5715 2415 5775 illud
2446 5714 2538 5771 his
2570 5707 3132 5770 omnibussensibus
3154 5704 3353 5763 minus
3395 5704 3507 5773 est,
3563 5696 3705 5755 infe-
