4158 6338
268 369 383 433 89¹1

1174 366 1245 426 D.
1292 367 1388 428 LE
1432 366 1758 429 NOURRY
1803 362 2457 427 OBSERVATIONES
2502 365 2762 426 NOVE.

3560 370 3679 431 898

269 518 382 576 que
413 506 571 570 sunt,
605 502 825 558 habent
854 501 1007 573 apud
1044 502 1224 557 Deum
1274 505 1331 555 et
1362 515 1537 556 suum
1568 515 1803 572 corpus,
1857 502 1915 555 et
1947 500 2000 567 Α
2030 496 2150 553 rale
2207 501 2264 553 et
2322 497 2683 568 incorporale
2742 499 2998 571 agnosci.
3077 500 3318 557 Etenim
3395 503 3677 561 adversus

274 609 443 649 suam
477 592 747 659 formam,
780 607 883 663 per
912 607 1042 661 quae
1101 590 1210 645 soli
1269 594 1380 645 Deo
1410 588 1668 645 visibilia
1694 593 1854 645 sunt.
1888 610 1911 641 ι

274 684 427 755 (Adv.
460 685 631 737 Prax.
667 682 892 753 cap.7.)

346 813 557 863 Verum
586 805 964 878 quantumvis
995 804 1283 877 generalis
1316 805 1391 859 sit
1422 804 1613 877 primo
1641 806 1767 875 ejus
1788 821 1921 877 pro-

277 899 509 970 positio,
541 898 794 953 mediam
834 896 1222 952 nihilominus
1246 896 1501 967 aliquam
1527 896 1678 951 inter
1711 912 1921 968 corpus

274 994 330 1044 et
362 989 508 1043 nihil
540 988 934 1043 substantiam
969 986 1267 1051 discernit,
1321 1003 1446 1057 qua:
1505 984 1807 1057 spiritalis,
1856 1001 1921 1039 ac

276 1078 518 1149 spiritus
552 1094 584 1132 a
619 1092 859 1148 corpore
890 1075 1203 1131 distinctus
1234 1080 1342 1131 est.
1376 1074 1758 1130 Enimveroin
1789 1075 1919 1145 hoc,

276 1168 345 1222 de
376 1184 491 1239 quo
529 1166 782 1239 agimus,
831 1165 1168 1237 Apologetico
1226 1165 1375 1219 libro
1429 1168 1580 1236 (cap.
1634 1166 1721 1235 17)
1779 1163 1923 1219 dixit

276 1266 526 1312 creatam
552 1273 585 1310 a
616 1256 730 1311 Deo
762 1254 937 1310 istam
970 1254 1177 1309 mundi
1237 1253 1473 1324 molem,
1504 1276 1531 1303 ‹‹
1565 1269 1700 1308 cum
1762 1253 1919 1308 omni

274 1348 665 1402 instrumento
694 1344 1125 1415 elementorum,
1159 1359 1495 1415 corporum,
1529 1342 1920 1415 spirituum.»

274 1436 420 1504 Quid
474 1440 670 1491 autem
730 1450 970 1490 necesse
1019 1438 1143 1489 erat
1196 1433 1447 1504 adjicere
1505 1434 1824 1505 spirituum,
1873 1433 1923 1488 si

274 1544 485 1599 corpus
514 1529 571 1581 et
592 1524 865 1597 spiritum
894 1540 1078 1579 unum
1100 1522 1375 1594 idemque
1391 1537 1518 1577 esse
1540 1522 1923 1577 credidisset?

275 1615 575 1687 Numquid
608 1614 991 1686 respondebis
1019 1628 1303 1685 corporum
1335 1610 1571 1667 nomine
1603 1611 1922 1683 signiﬁcari

278 1722 521 1778 corpora
550 1705 733 1759 densa
761 1708 816 1758 et
842 1702 1155 1767 crassiora,
1185 1702 1487 1774 spirituum
1528 1704 1727 1756 autem
1757 1717 1925 1755 voca-

278 1795 415 1850 bulo
446 1810 689 1865 corpora
737 1791 1045 1848 subtiliora
1100 1808 1165 1846 ac
1216 1789 1612 1845 tenuissima?
1654 1790 1766 1845 Sed
1800 1790 1921 1844 hrec

277 1888 509 1940 tantum
533 1882 770 1938 diversae
795 1885 933 1937 sunt
958 1897 1266 1952 corporum
1282 1878 1750 1952 qualitates,quae
1772 1880 1924 1935 813
1958 1880 2003 1944 B

282 1976 549 2047 poterant
579 1971 703 2027 solo
734 1987 1040 2043 corporum
1076 1969 1313 2025 nomine
1345 1969 1489 2025 satis
1520 1969 1835 2041 designari.
1856 1971 1927 2024 At

276 2065 577 2132 spirituum
608 2061 845 2117 nomine
902 2077 1016 2115 non
1075 2076 1383 2130 corporum
1435 2058 1763 2130 qualitates,
1823 2059 1923 2113 sed

280 2152 501 2224 aliquid
533 2151 604 2207 ab
634 2150 794 2205 omni
825 2166 1064 2223 corpore
1092 2148 1780 2220 discretum,signiﬁcare
1801 2164 1926 2220 pro-

278 2241 370 2297 cul
396 2242 574 2296 dubio
606 2240 853 2296 videtur.

350 2357 498 2425 Quid
528 2374 683 2428 vero,
718 2355 985 2429 quodille
1006 2354 1119 2410 alio
1150 2354 1209 2409 in
1230 2354 1378 2412 libro
1408 2371 1531 2409 rem
1558 2352 1926 2426 spiritualem

279 2466 311 2503 a
343 2445 597 2517 coporali
630 2445 801 2517 plane
833 2444 1185 2517 penitusque
1217 2443 1533 2515 distinguit
1561 2443 1587 2498 ?
1637 2442 1738 2500 Ubi
1771 2442 1926 2498 enim

281 2537 352 2591 de
382 2534 662 2601 hominis,
697 2535 799 2605 qui
832 2549 1095 2606 corpore,
1158 2533 1243 2588 uti
1299 2532 1397 2588 ille
1454 2532 1554 2599 ait,
1616 2536 1673 2587 et
1719 2530 1929 2602 spiritu

284 2630 538 2692 constat,
572 2624 825 2697 peccatis
882 2622 1230 2695 delictisque
1262 2622 1519 2691 disserit,
1565 2625 1763 2694 aperte
1794 2638 1928 2693 pro-

283 2715 551 2770 nuntiat:
593 2733 619 2766 α
652 2711 1005 2769 Delictorum
1064 2712 1329 2783 quaedam
1385 2727 1514 2766 esse
1561 2709 1840 2779 carnalia,
1872 2711 1928 2765 id

284 2809 391 2875 est,
424 2802 1047 2875 corporalia,quaedam
1080 2817 1213 2856 vero
1233 2799 1542 2873 spiritalia.
1574 2820 1601 2850 ››
1636 2800 1932 2870 (Idem,de

293 2895 495 2949 Pwnil.
522 2909 651 2963 cap.
686 2892 763 2961 3.)
796 2892 946 2946 Tum
1003 2906 1139 2945 vero
1198 2888 1371 2961 paulo
1431 2893 1561 2961 post
1594 2905 1606 2943 :
1642 2911 1669 2939 ‹‹
1715 2888 1932 2945 Exinde

288 2982 576 3055 spiritalia
606 2984 662 3036 et
692 2977 1019 3049 corporalia
1050 2977 1613 3049 nominantur,quod
1650 2976 1930 3033 delictum

289 3088 461 3128 omne
482 3074 585 3126 aut
614 3069 806 3139 agitur
836 3072 936 3123 aut
969 3067 1275 3139 cogitatur.
1308 3066 1383 3121 Ut
1411 3065 1710 3137 corporale
1741 3066 1837 3133 sit,
1872 3066 1931 3121 in

286 3163 436 3217 facto
468 3164 590 3225 est;
627 3158 766 3230 quia
790 3158 1029 3223 factum,
1066 3159 1129 3210 ut
1158 3172 1390 3226 corpus,
1414 3160 1471 3209 et
1498 3154 1679 3209 videri
1709 3158 1766 3210 et
1794 3172 1931 3210 con-

284 3249 432 3321 tingi
463 3248 655 3303 habet.
688 3245 956 3318 Spiritale
988 3261 1143 3310 vero,
1170 3245 1321 3315 quod
1356 3243 1414 3298 in
1448 3243 1643 3299 animo
1676 3243 1930 3315 est,quia
1962 3249 2003 3316 ί]

282 3339 525 3411 spiritus
558 3352 744 3409 neque
775 3334 1004 3390 videtur
1063 3348 1252 3404 neque
1306 3332 1586 3405 tangitur.
1632 3337 1741 3390 Per
1772 3333 1923 3404 quod

281 3427 631 3499 intelligitur
661 3442 777 3480 non
812 3423 946 3479 facti
982 3424 1197 3488 solum,
1248 3439 1448 3477 verum
1510 3427 1566 3477 et
1606 3422 1925 3478 voluntatis

277 3517 489 3573 delicta
509 3515 770 3573 vitanda.
808 3536 830 3563 ι)
868 3513 1103 3568 Fatetur
1135 3512 1332 3584 itaque
1390 3511 1645 3583 duplicis
1694 3511 1926 3583 generis

272 3623 401 3663 esse
428 3609 685 3679 peccata,
718 3603 1002 3658 nimirum
1034 3600 1381 3673 corporalia,
1408 3617 1535 3672 quis
1591 3617 1624 3655 a
1666 3617 1925 3673 corpore,

275 3714 392 3753 non
424 3698 789 3768 repugnante
821 3692 1019 3747 animo
1043 3696 1099 3747 et
1138 3689 1456 3759 voluntate,
1494 3695 1925 3761 perpetrantur.

276 3787 407 3841 Alia
433 3801 567 3841 vero
601 3783 785 3839 solius
834 3780 1101 3853 spiritus,
1164 3796 1291 3851 quas
1352 3780 1476 3834 sola
1535 3778 1930 3835 admittuntur

281 3875 633 3948 cogitatione
679 3877 734 3928 et
782 3870 1105 3937 voluntate,
1181 3884 1248 3923 ac
1307 3868 1431 3923 sine
1491 3866 1609 3922 ullo
1670 3868 1928 3939 corporis

282 3962 629 4021 ministerio.
691 3958 840 4027 Quin
896 3957 1073 4014 etiam
1138 3956 1283 4012 alios
1338 3956 1530 4011 adhuc
1579 3972 1707 4011 esse
1764 3958 1932 4012 docet

286 4052 550 4126 proprios
595 4050 805 4105 animae
874 4051 1085 4102 nostrae
1146 4049 1333 4113 actus,
1385 4044 1456 4100 ab
1514 4044 1643 4114 ejus
1694 4061 1932 4116 corpore

283 4155 655 4214 nequaquam
688 4138 1105 4209 dependentes,
1133 4136 1353 4207 quibus
1378 4150 1492 4189 non
1513 4133 1705 4188 solum
1740 4150 1930 4206 poena,

282 4234 383 4290 sed
418 4230 724 4304 praamium
758 4242 990 4299 quoque
1020 4226 1265 4281 debetur
1296 4223 1496 4293 (Idem,
1533 4222 1701 4277 lib.de
1721 4224 1930 4293 Anim,

282 4322 544 4395 cap.58).
578 4317 757 4390 Atqui
810 4316 919 4372 hos
976 4313 1164 4370 solius
1222 4312 1428 4368 anima:
1483 4316 1584 4367 aut
1613 4311 1798 4367 bonos
1831 4317 1932 4366 aut

282 4411 470 4467 malos
503 4413 689 4477 actus,
725 4406 957 4478 praemio
991 4408 1091 4459 aut
1121 4419 1292 4474 pmna
1322 4400 1532 4472 dignos
1566 4416 1672 4455 nec
1698 4417 1929 4471 corpus,

280 4517 386 4557 nec
418 4498 586 4567 nihil,
618 4498 718 4553 sed
778 4494 996 4567 aliquid
1028 4490 1445 4547 intermedium
1506 4505 1635 4544 esse
1692 4488 1933 4544 arbitra-

283 4592 487 4657 batur,
522 4594 665 4660 Ergo
726 4585 993 4658 quaedam
1041 4598 1169 4639 esse
1228 4580 1473 4652 putavit,
1534 4595 1660 4650 qua:
1699 4581 1929 4633 tantum

282 4679 573 4754 spiritalia
602 4694 708 4734 nec
732 4676 905 4748 plane
925 4670 1247 4745 corporalia
1277 4674 1435 4725 sunt.

359 4807 443 4861 Ad
477 4805 797 4862 secundam
827 4816 960 4857 vero
992 4798 1148 4853 illius
1180 4798 1251 4852 de
1301 4800 1411 4851 Deo
1472 4793 1931 4866 propositionem

289 4896 443 4967 quod
474 4898 715 4966 spectat,
750 4906 964 4959 nonne,
1000 4888 1082 4943 uti
1110 4886 1388 4953 diximus,
1421 4886 1637 4940 diserte
1680 4883 1934 4938 afﬁrmat

285 4986 413 5054 ejus
444 4983 654 5038 Filium
686 4998 815 5037 esse
845 4979 1157 5050 ipsiusmet
1202 4974 1576 5046 sapientiam,
1636 4972 1933 5028 internum

284 5074 531 5129 verbum
582 5076 632 5126 et
684 5085 1038 5137 sermonem,
1099 5066 1220 5121 sive
1279 5062 1756 5134 intelligentiam,
1807 5079 1933 5133 quae

282 5162 519 5235 penitus
561 5160 905 5230 incorporea
953 5156 1246 5228 planeque
1295 5152 1579 5225 spiritalis
1625 5149 1766 5207 est?
1825 5152 1935 5215 Qui

280 5270 416 5325 ergo
450 5251 506 5305 id
541 5248 668 5304 ﬁeri
698 5245 1030 5320 potest,nisi
1063 5251 1213 5300 Deus
1237 5242 1313 5298 sit
1346 5241 1514 5314 plane
1553 5240 1934 5312 incorporeus

287 5361 353 5400 ac
387 5340 669 5415 spiritus?
699 5338 782 5393 Ad
818 5336 941 5391 haec
962 5352 1117 5401 vero,
1146 5334 1315 5406 plane
1348 5329 1569 5388 sufﬁcit
1589 5329 1845 5401 aliquam
1862 5331 1934 5386 ab

285 5452 350 5491 eo
382 5430 616 5488 admitti
650 5426 1042 5485 substantiam
1067 5423 1460 5497 spiritualem,
1522 5421 1677 5475 inter
1723 5436 1935 5492 corpus

291 5530 347 5580 et
378 5521 520 5578 nihil
551 5519 988 5575 mediam.Nam
1013 5516 1061 5571 si
1089 5533 1215 5587 quis
1246 5514 1341 5585 sit,
1374 5512 1524 5568 hanc
1558 5508 1936 5583 potissimum

296 5618 476 5669 Deum
510 5627 639 5669 esse
670 5608 804 5682 quis
837 5604 1225 5664 difﬁtebitur?

360 5727 615 5785 lnstabis
639 5734 833 5784 tamen
856 5725 928 5782 ab
961 5723 1061 5781 illo
1093 5720 1241 5779 nihil
1274 5719 1519 5779 tertium
1552 5718 1703 5775 inter
1727 5734 1937 5791 corpo-

2031 588 2448 659 llermogenem
2480 588 2561 642 ita
2578 592 3052 659 argumentatur:
3090 590 3254 646 «Nisi
3287 590 3677 655 fallor.omnis

2032 692 2123 732 res
2154 681 2257 731 aut
2286 676 2606 749 corporalis
2638 682 2739 733 aut
2768 678 3150 750 incorporalis
3203 680 3281 735 sit
3318 697 3555 739 necesse
3588 688 3677 740 est

2033 768 2122 837 (ut
2150 767 2467 821 concedam
2502 766 2736 822 interim
2766 782 2894 823 esse
2927 767 3149 840 aliquid
3208 768 3573 842 incorporale
3604 773 3674 827 de

2033 857 2382 912 substantiis
2414 857 2717 922 duntaxat,
2752 873 2883 911 cum
2917 857 3046 929 ipsa
3083 858 3413 915 substantia
3463 877 3674 933 corpus

2033 946 2110 1000 sit
2148 944 2229 1000 rei
2261 946 2570 1016 cujusque)
2606 962 2619 1002 :
2648 950 2800 1000 certe
2832 951 2962 1017 post
2992 946 3289 1018 corporale
3319 953 3375 1003 et
3404 949 3677 1023 incorpo-

2034 1033 2152 1088 rale
2187 1033 2331 1088 nihil
2365 1034 2622 1089 tertium.
2663 1056 2690 1084 »
2720 1035 2926 1105 (idem,
2971 1036 3051 1091 ad
3082 1041 3363 1107 llermog.,
3407 1054 3531 1111 cap.
3564 1040 3673 1108 35.)

2030 1123 2247 1178 Verum
2278 1122 2358 1177 ibi
2417 1123 2805 1195 incorporalia
2862 1125 3169 1181 admittere
3225 1127 3438 1197 potius,
3497 1144 3671 1201 quam

2033 1228 2240 1282 negare
2274 1212 2474 1284 procul
2515 1212 2694 1268 dubio
2716 1213 2964 1269 videtur.
2999 1215 3145 1270 Nam
3208 1214 3288 1269 ibi
3343 1215 3560 1287 ipsum,
3612 1222 3678 1273 ut

2034 1302 2259 1358 dictum
2300 1305 2409 1368 est,
2446 1301 2658 1357 refellit
2689 1302 3135 1375 Hermogenem,
3191 1304 3293 1375 qui
3346 1305 3673 1373 materiam,

2034 1391 2143 1447 etsi
2176 1407 2373 1447 revera
2402 1390 2802 1459 exsistentem,
2834 1397 2893 1447 et
2938 1409 3276 1465 corpoream
3322 1398 3379 1450 et
3408 1394 3676 1467 incorpo-

2031 1497 2191 1536 ream
2248 1496 2375 1536 esse
2432 1480 2751 1536 etfutiebat.
2814 1481 3211 1539 Tertullianus
3269 1500 3424 1551 vero,
3479 1484 3675 1541 uthoc

2031 1586 2194 1626 vanae
2224 1570 2520 1641 opinionis
2542 1574 2943 1627 commentum
2980 1572 3244 1628 funditus
3274 1576 3514 1644 evertat,
3553 1590 3676 1630 rem

2033 1676 2267 1715 omnem
2299 1660 2503 1714 dividit
2533 1660 2591 1715 in
2624 1676 2962 1731 corpoream
2993 1665 3049 1717 et
3084 1660 3439 1734 incorpeam.
3476 1662 3678 1735 Itaque

2033 1749 2291 1820 aliquam
2326 1749 2540 1805 fatetur
2568 1764 2696 1805 esse
2728 1748 3174 1821 incorporalem.
3216 1755 3291 1807 At
3321 1752 3370 1808 si
3424 1768 3549 1823 quae
3581 1753 3675 1821 sit,

2036 1856 2148 1911 prin
2180 1839 2403 1894 creteris
2434 1842 2590 1894 certe
2619 1838 2896 1895 omnibus
2924 1839 3077 1895 Deus
3106 1844 3214 1896 est.

2106 1946 2350 2015 Urgebis
2379 1946 2625 2001 fortasse
2668 1946 2819 2002 hanc
2866 1946 3211 2003 divisionem
3266 1946 3380 2018 ipsi
3438 1947 3679 2005 omnino

2036 2036 2348 2108 perfectam
2382 2052 2496 2091 non
2518 2035 2722 2091 videri.
2772 2035 2897 2091 Non
2946 2036 3213 2092 absoluto
3272 2036 3567 2108 siquidem
3620 2038 3676 2093 id

2036 2124 2395 2196 pronuntiat,
2430 2125 2531 2179 sed
2565 2124 2893 2180 adversario
2923 2140 3029 2179 suo
3073 2124 3307 2180 interim
3357 2130 3413 2181 et
3472 2126 3675 2197 gratis,

2036 2214 2304 2285 nihilque
2333 2214 2488 2269 814
2529 2213 2865 2280 asserendo,
2914 2214 3181 2269 concedit
3238 2214 3496 2286 aliquam
3538 2216 3677 2271 sub-

2037 2303 2317 2357 stantiam
2348 2319 2479 2358 esse
2508 2303 2935 2375 incorpoream,
2961 2318 3091 2374 quae
3136 2306 3331 2359 tamen
3379 2304 3459 2360 rei
3493 2304 3680 2377 ipsius

2037 2408 2247 2462 corpus
2269 2396 2375 2447 est.
2408 2391 2562 2447 Nihil
2599 2391 2878 2463 ergo,nisi
2907 2408 3245 2461 corporeum
3297 2410 3427 2449 esse
3483 2394 3682 2466 Opina-

2037 2481 2232 2536 batur.
2284 2482 2393 2536 Sed
2443 2480 2896 2551 animadvertas,
2957 2480 3152 2548 velim,
3232 2480 3400 2537 illum
3461 2482 3679 2540 hazrere

2039 2571 2324 2626 duntaxat
2352 2570 2409 2626 in
2444 2570 2621 2641 hujus
2653 2569 3151 2642 nominis,corpus,
3186 2570 3677 2642 signiﬁcatu.Non

2040 2661 2285 2717 obscure
2314 2664 2509 2716 tamen
2540 2660 2759 2716 ibidem
2809 2660 3056 2732 eXplicat
3112 2661 3250 2732 quid
3297 2660 3404 2717 hoc
3446 2662 3681 2719 nomine

2040 2749 2390 2806 intellexerit
2418 2766 2431 2805 :
2457 2772 2485 2799 «
2520 2750 2674 2822 Ipsa,
2707 2749 2920 2821 inquit,
2952 2750 3285 2806 substantia
3340 2766 3553 2822 corpus
3592 2756 3684 2808 est

2042 2842 2122 2894 rei
2154 2840 2462 2910 cujusque.
2499 2861 2526 2888 »
2559 2840 2832 2911 Corporis
2865 2840 3061 2911 itaque
3102 2839 3335 2895 nomine
3363 2840 3683 2911 significari

2042 2932 2209 2998 putat
2228 2929 2511 2999 cujusque
2530 2926 2609 2983 rei
2640 2928 3133 2984 substantiam.At
3162 2945 3330 2984 nemo
3344 2934 3431 2984 est
3453 2929 3683 3000 quinon

2044 3018 2295 3072 fateatur
2326 3016 2553 3071 nullum
2586 3033 2828 3088 prorsus
2858 3034 2982 3073 esse
3015 3018 3269 3073 medium
3309 3022 3412 3072 aut
3443 3019 3681 3075 tertium

2042 3107 2199 3161 inter
2232 3106 2629 3162 substantiam
2691 3112 2747 3162 et
2795 3108 2990 3179 ipsum
3041 3107 3208 3163 nihil.
3271 3106 3418 3173 Quid
3492 3112 3683 3165 autem

2048 3195 2287 3265 mirum,
2322 3195 2371 3251 si
2404 3196 2664 3267 corporis
2722 3195 2959 3251 nomine
3016 3196 3204 3267 ipsam
3268 3197 3345 3251 rei
3395 3196 3684 3267 cujusque

2043 3285 2433 3339 substantiam
2465 3284 2908 3356 intelligendam
2940 3301 3068 3341 esse
3099 3285 3678 3352 existimaverit,cum

2038 3372 2257 3428 Paulus
2290 3373 2591 3444 apostolus
2644 3374 2748 3429 hoc
2788 3374 2985 3446 ipsum
3045 3391 3256 3429 nomen
3302 3390 3495 3446 corpus
3553 3392 3680 3431 um-

2037 3461 2159 3516 bris
2188 3467 2244 3517 et
2272 3462 2476 3533 figuris
2506 3468 2784 3534 Opponat,
2815 3479 2882 3518 ac
2911 3462 3056 3518 illud
3090 3479 3218 3519 esse
3248 3463 3480 3530 dixerit,
3524 3464 3679 3535 quod

2040 3564 2132 3605 res
2163 3550 2292 3622 ipsa
2321 3555 2376 3606 et
2396 3552 2607 3607 veritas
2639 3560 2725 3607 est
2748 3552 2775 3606 ‘I
2804 3552 2883 3607 De
2941 3554 3147 3608 veteris
3206 3553 3423 3625 quippe
3476 3557 3675 3609 Testa-
3754 3584 3759 3589 ο

2040 3640 2223 3696 menti
2257 3640 2460 3711 ﬁguris
2492 3640 2647 3697 hunc
2690 3641 2895 3697 scribit
2951 3641 3009 3697 in
3067 3642 3305 3697 modum
3362 3642 3586 3715 (Coloss.
3620 3658 3683 3709 11,

2043 3731 2169 3801 17):
2230 3734 2363 3800 Quae
2418 3739 2549 3785 sunt
2604 3731 2801 3786 umbra
2844 3734 3187 3802 futurorum,
3249 3748 3448 3803 corpus
3506 3736 3691 3789 autem

2041 3820 2269 3887 Christi,
2307 3820 2520 3875 idest:
2567 3820 2665 3876 Hae
2719 3822 3075 3877 caaremonise
3137 3821 3282 3876 nihil
3334 3820 3492 3876 aliud
3550 3825 3690 3877 sunt

2041 3925 2219 3979 quam
2245 3909 2485 3974 umbras,
2521 3908 2758 3966 illarum
2790 3918 2986 3966 autem
3018 3927 3253 3982 corpus,
3305 3912 3425 3966 sive
3448 3926 3539 3966 res
3564 3910 3694 3982 ipsa

2043 4002 2098 4052 et
2126 3997 2338 4053 veritas
2366 4002 2454 4053 est
2475 3998 2765 4069 Christus,
2800 4000 2857 4054 in
2891 4016 3005 4070 quo
3029 3998 3447 4071 adimplentur.

2113 4105 2502 4168 Quamobrem
2551 4104 2610 4159 in
2670 4106 2763 4174 iis,
2821 4123 2946 4177 quas
3005 4107 3171 4161 nobis
3238 4107 3467 4176 objecta
3526 4111 3686 4173 sunt,

2043 4192 2387 4248 Tertulliani
2437 4195 2621 4249 nostri
2670 4194 2833 4264 locis,
2892 4196 2993 4250 ubi
3053 4195 3197 4250 dixit
3255 4210 3489 4251 omnem
3549 4197 3689 4251 sub-

2045 4282 2324 4337 stantiam
2356 4299 2485 4338 esse
2516 4300 2751 4355 corpus,
2786 4290 2887 4339 aut
2943 4285 3231 4356 quidquid
3294 4290 3377 4339 est
3422 4284 3531 4340 hoc
3562 4300 3691 4341 esse

2042 4388 2276 4443 corpus,
2311 4372 2468 4427 haud
2499 4372 2830 4429 inconsulte
2889 4373 2971 4428 ibi
3032 4374 3260 4428 addidit
3308 4375 3403 4428 sui
3452 4376 3687 4444 generis,

2044 4461 2099 4515 id
2135 4466 2242 4530 est,
2277 4461 2669 4517 substantiam
2703 4479 2831 4518 esse
2864 4463 2955 4518 sui
2986 4463 3238 4535 generis,
3295 4463 3381 4518 vel
3431 4463 3689 4535 corporei

2044 4550 2133 4606 vel
2167 4550 2475 4623 spiritalis.

1964 4629 2010 4694 D
2117 4640 2324 4696 Verum
2356 4640 2597 4696 instabit
2631 4641 2869 4712 aliquis,
2904 4642 3137 4697 etiamsi
3184 4641 3292 4697 hoc
3323 4641 3691 4699 evidentissi-

2046 4746 2138 4785 me
2170 4731 2534 4801 probaretur,
2598 4729 2654 4785 in
2714 4731 2959 4786 dubium
3020 4736 3215 4787 tamen
3272 4732 3466 4787 vocari
3523 4748 3696 4802 posse

2045 4824 2243 4875 utrum
2274 4818 2673 4875 Tertullianus
2698 4820 3016 4893 aliquando
3058 4821 3479 4877 existimaverit
3510 4822 3695 4877 Deum

2049 4925 2176 4965 esse
2231 4926 2464 4980 corpus,
2523 4925 2589 4963 ac
2649 4916 2849 4980 postea
2916 4911 3182 4966 animum
3272 4912 3584 4967 mutaverit
3641 4918 3697 4967 et

2049 4998 2425 5055 sententiam.
2503 4998 2581 5053 De
2642 4999 2740 5054 illo
2792 5017 3049 5071 namque
3113 5002 3481 5073 Augustinus
3539 5002 3694 5057 hunc

2043 5089 2305 5160 loquitur
2334 5088 2393 5142 in
2447 5088 2689 5143 modum
2748 5089 2835 5159 (de
2892 5095 3024 5145 Gen.
3090 5091 3158 5145 ad
3186 5093 3379 5159 Μέση,
3441 5108 3567 5163 cap.
3599 5093 3688 5158 26,

2045 5195 2177 5251 pag.
2209 5176 2334 5248 275)
2361 5194 2373 5232 :
2400 5199 2428 5227 «
2462 5177 2863 5234 Tertullianus
2888 5180 3023 5252 quia
3041 5197 3252 5253 corpus
3274 5198 3403 5237 esse
3431 5180 3690 5237 animam

2046 5268 2313 5333 credidit,
2347 5284 2461 5322 non
2494 5268 2566 5323 ob
2601 5268 2756 5324 aliud
2792 5271 2945 5341 quod
2998 5287 3125 5326 eam
3162 5271 3555 5341 incorpoream
3597 5283 3691 5324 co-

2047 5359 2230 5430 gitare
2257 5375 2371 5413 non
2403 5357 2632 5429 potuit;
2668 5365 2725 5414 et
2754 5359 2884 5415 ideo
2916 5359 3115 5415 timuit
3151 5376 3221 5416 ne
3254 5358 3399 5413 nihil
3431 5362 3605 5428 esset,
3634 5363 3691 5414 et

2047 5465 2259 5520 corpus
2292 5463 2406 5501 non
2438 5453 2616 5515 esset,
2651 5466 2755 5504 nec
2786 5450 2855 5504 de
2891 5451 3000 5504 Deo
3032 5449 3214 5503 voluit
3243 5448 3411 5503 aliter
3464 5462 3688 5518 sapere,

2048 5540 2144 5608 qui
2179 5554 2320 5593 sane
2378 5536 2657 5607 quoniam
2709 5541 2917 5594 acutus
2977 5541 3085 5605 est,
3145 5536 3443 5593 interdum
3493 5542 3693 5594 contra

2048 5628 2384 5701 opinionem
2435 5642 2603 5683 suam
2662 5626 2785 5683 visa
2844 5627 3085 5681 veritate
3145 5630 3479 5699 superatur.
3543 5627 3692 5692 Quid

2048 5719 2207 5777 enim
2239 5719 2433 5774 verius
2458 5717 2648 5774 dicere
2677 5716 2887 5790 potuit,
2921 5732 3101 5790 quam
3134 5715 3193 5775 id
3224 5718 3381 5791 quod
3433 5717 3514 5776 ait
3545 5734 3689 5791 quo-
