4158 6368
521 386 642 447 899

1032 379 1561 444 TERTULLIANI
1602 376 1928 442 OPERUM
1968 377 2168 439 PARS
2212 376 2262 437 Ι.
2303 410 2383 423 -
2423 378 2704 440 SERIES
2745 379 2797 454 Ῑ,
2840 381 3408 444 APOLOGETICA.

3801 381 3933 445 900

524 518 659 573 dam
691 515 814 570 loco
844 515 930 586 (de
947 514 1132 569 Anim.
1167 512 1364 584 cap.7)
1399 529 1412 567 :
1446 511 1626 568 Omne
1679 509 1976 582 corporale
2017 525 2151 580 pas-
2183 510 2240 576 Α
2267 507 2562 576 dictionis,
2583 511 2804 567 fatetur
2831 516 3028 569 tamen
3062 511 3149 567 vir
3180 511 3276 568 ille
3305 512 3750 570 eruditissimus
3799 531 3930 571 ma-

524 605 692 662 sibile
731 601 871 659 est?
932 601 1137 657 Debuit
1167 616 1302 672 ergo
1351 603 1580 655 mutare
1635 597 1983 655 sententiam
2043 613 2158 669 qua
2259 598 2408 668 joris
2438 597 2584 655 illud
2617 617 2746 658 esse
2779 602 3083 672 momenti,
3118 601 3275 674 quod
3309 602 3677 675 Augustinus
3707 603 3820 660 alio
3854 604 3918 660 in

521 693 694 767 paulo
727 690 995 764 superius
1026 690 1249 746 dixerat
1278 689 1454 745 etiam
1512 689 1694 744 Deum
1744 704 1953 759 corpus
2008 701 2154 742 esse.

520 784 717 854 Neque
748 780 902 837 enim
926 779 1176 834 arbitror
1206 795 1339 833 eum
1367 778 1449 834 ita
1479 777 1826 849 desipuisse,
1885 781 1950 831 ut
1980 776 2156 830 etiam

521 872 616 927 Dei
651 874 922 925 naturam
972 867 1307 941 passibilem
1369 867 1646 937 crederet,
1709 871 1770 920 ut
1809 867 1934 936 jam
1992 863 2156 920 Chri-

521 965 650 1016 stus
709 976 823 1015 non
869 958 926 1012 in
961 974 1133 1013 carne
1188 960 1444 1026 tantum,
1503 956 1602 1010 sed
1646 956 1700 1009 in
1761 954 1884 1024 ipso
1945 954 2157 1022 Verbo,

519 1063 625 1122 per
654 1048 808 1119 quod
869 1046 1020 1102 facta
1077 1048 1216 1100 sunt
1276 1046 1488 1113 omnia,
1542 1043 1836 1115 passibilis
1880 1047 1936 1100 et
1993 1059 2153 1097 com-

522 1135 824 1192 mutabilis
891 1151 1019 1191 esse
1089 1133 1376 1203 credatur,
1437 1133 1590 1204 quod
1651 1133 1807 1188 absit
1898 1149 1931 1187 a
1985 1131 2158 1188 corde

519 1225 869 1282 Christiano.
907 1243 929 1274 ι)

584 1331 801 1386 Verum
859 1327 1128 1384 Petavius
1186 1327 1258 1382 ab
1317 1327 1647 1400 Augustino
1693 1325 1988 1392 dissentit,
2051 1341 2156 1380 nec

518 1424 715 1476 censet
736 1416 1163 1474 Tertullianum
1195 1432 1396 1472 secum
1427 1431 1711 1488 pugnare,
1743 1420 1845 1469 aut
1886 1431 2053 1470 suam
2085 1415 2157 1468 de

517 1509 634 1565 Deo
664 1522 936 1579 corporeo
969 1518 1230 1560 mutasse
1285 1504 1658 1570 sententiam,
1709 1504 1942 1559 tametsi
1984 1519 2157 1559 omne

521 1613 733 1669 corpus
757 1595 1022 1667 passible,
1054 1598 1319 1649 naturam
1353 1609 1488 1648 vero
1545 1594 1645 1648 Dei
1696 1593 1936 1648 minime
1967 1592 2154 1663 passi-

518 1686 695 1742 bilem
727 1701 856 1740 esse
911 1681 1223 1738 crediderit
1267 1682 1485 1752 (Petav.
1519 1683 1710 1737 tom.I
1755 1682 1962 1751 Thelog.
2021 1681 2155 1748 d09-

511 1785 649 1830 mat.
681 1791 809 1845 cap.
842 1774 892 1838 1,
923 1774 951 1839 §
977 1773 1013 1826 5
1045 1772 1256 1842 seqq.).
1291 1770 1437 1824 Nam
1472 1768 1641 1839 alias,
1675 1769 1890 1841 inquit,
1924 1771 2005 1825 rei
2028 1785 2154 1824 cor-

519 1879 726 1936 poreaa,
775 1877 951 1932 quam
1008 1859 1125 1916 Deo
1177 1858 1396 1954 tribuit
1437 1859 1762 1954 passiones,
1800 1858 1952 1954 -sive
2009 1858 2154 1913 alios
2185 1891 2232 1954 Β

519 1958 712 2008 motus
743 1955 800 2005 et
829 1949 1087 2005 affectus.
1123 1947 1400 2003 Marcioni
1447 1947 1738 2019 siquidem
1797 1947 1894 2002 iraa
1926 1953 2152 2002 motum

519 2041 580 2096 in
611 2040 726 2096 Deo
783 2054 911 2095 esse
957 2037 1212 2108 neganti,
1269 2040 1444 2108 atque
1500 2037 1793 2107 objicienti
1845 2035 2034 2104 illum,
2101 2035 2151 2092 si

519 2128 832 2201 aliquando
865 2127 1227 2192 irasceretur,
1289 2126 1644 2196 corruptioni
1701 2129 1758 2181 et
1816 2125 1984 2181 morti
2034 2125 2152 2181 fore

517 2217 859 2286 obnoxium,
892 2215 1205 2286 respondet
1237 2214 1360 2286 ipse
1393 2213 1790 2270 Tertullianus
1823 2214 2148 2285 passiones,

518 2308 638 2364 sive
671 2309 888 2372 motus,
918 2308 973 2360 et
1006 2320 1215 2359 sensus
1245 2302 1426 2358 animi
1459 2303 1516 2357 in
1549 2303 1664 2359 Deo
1699 2307 1754 2358 et
1784 2303 2017 2359 homine
2050 2303 2151 2359 iis-

519 2395 648 2451 dem
683 2411 878 2451 revera
909 2392 1247 2448 nominibus
1279 2391 1582 2463 appellari,
1645 2393 1743 2447 sed
1791 2397 2023 2448 tantum
2091 2393 2150 2448 in

519 2490 767 2557 utroque
797 2499 925 2539 esse
937 2482 1195 2538 diversos
1209 2485 1494 2553 quantum
1517 2481 1847 2537 substantia
1868 2485 1924 2537 et
1943 2498 2152 2553 corpus

521 2592 554 2630 a
584 2590 645 2629 se
686 2573 938 2628 invicem
991 2571 1342 2642 discrepant,
1393 2569 1736 2626 Marcionem
1795 2571 2009 2643 quippe
2058 2571 2150 2628 his

523 2663 670 2720 815
698 2660 1009 2733 compellat
1040 2659 1268 2715 verbis:
1306 2683 1332 2709 «
1371 2659 1640 2714 Discerne
1666 2659 2063 2728 substantias,
2098 2664 2154 2716 et.

523 2769 662 2807 suos
713 2751 796 2806 eis
855 2749 1142 2804 distribue
1175 2764 1404 2814 sensus,
1464 2751 1583 2802 tam
1648 2747 1926 2816 diversos,
1975 2765 2151 2820 quam

523 2840 868 2897 substantiae
893 2836 1291 2910 exigunt,licet
1309 2835 1603 2892 vocabulis
1617 2831 2050 2894 communicare
2070 2838 2153 2894 vi-

522 2931 790 2985 deantur.
826 2950 854 2977 υ
885 2925 1089 2998 (Idem,
1121 2925 1222 2980 lib.
1261 2927 1308 2981 II
1337 2927 1544 2980 advers.
1579 2926 1968 2999 Marcion.cap.
1999 2928 2153 2997 16)...

529 3040 554 3073 ι
587 3020 813 3085 Quanta
841 3016 950 3072 erit
979 3014 1282 3070 diversitas
1312 3013 1492 3068 divini
1537 3013 1793 3086 corporis
1825 3019 1879 3071 et
1910 3014 2154 3071 humani

522 3107 631 3164 sub
663 3106 870 3161 iisdem
904 3103 1242 3160 nominibus
1269 3103 1686 3172 membrorum,
1729 3107 1887 3159 tanta
1937 3104 2046 3160 erit
2100 3109 2157 3160 et

525 3195 705 3252 animi
734 3193 915 3249 divini
946 3197 1004 3248 et
1036 3191 1275 3248 humani
1307 3191 1632 3247 differentia
1660 3192 1769 3248 sub
1801 3192 2157 3249 iisdemlicet

2267 685 2414 743 libro
2447 689 2516 743 ad
2551 692 2950 746 excusandum
3007 689 3435 747 Tertullianum
3499 691 3619 747 hec
3645 692 3703 747 in
3738 694 3921 750 verba

2268 774 2464 830 retulit
2495 777 2580 849 (de
2601 779 2887 846 eresib.,
2911 796 3038 851 cap.
3064 781 3153 847 86,
3187 796 3320 851 pag.
3351 781 3437 851 15)
3463 799 3476 836 :
3511 803 3538 832 «
3597 781 3919 837 Tertullia-

2268 882 2378 919 nus
2406 871 2605 936 posset
2627 884 2861 939 quoquo
2908 869 3082 924 modo
3141 870 3337 940 putari
3395 869 3584 942 ipsam
3639 875 3918 926 naturam

2268 954 2778 1028 substantiamque
2838 957 3100 1013 divinam
3159 975 3394 1030 corpus,
3465 960 3632 1029 cujus
3691 965 3915 1030 partes,

2268 1041 2393 1097 aliae
2425 1045 2700 1115 majores,
2731 1045 2854 1101 alia:
2910 1046 3167 1103 minores
3224 1046 3457 1104 valeant
3511 1047 3597 1103 vel
3659 1050 3922 1105 debeant

2267 1131 2526 1201 cogitari,
2558 1132 2755 1204 qualia
2786 1138 2923 1190 sunt
2953 1136 3170 1206 omnia,
3205 1153 3332 1207 qua:
3363 1137 3598 1208 proprie
3656 1137 3919 1193 dicimus

2267 1236 2575 1292 corpora...
2609 1223 2709 1278 sed
2769 1224 2978 1296 potuit,
3033 1229 3098 1280 ut
3154 1224 3296 1294 dixi,
3354 1230 3660 1298 propterea
3714 1227 3919 1298 putari

2265 1323 2475 1380 corpus
2505 1309 2690 1366 Deum
2723 1311 2933 1379 dicere,
2966 1313 3105 1385 quia
3134 1331 3250 1368 non
3303 1320 3394 1369 est
3447 1314 3616 1385 nihil,
3675 1333 3790 1371 non
3822 1320 3920 1372 est

2266 1396 2541 1464 inanitas,
2577 1416 2692 1454 non
2725 1407 2812 1456 est
2842 1402 3097 1472 corporis
3125 1401 3211 1458 vel
3261 1402 3465 1458 anima
3497 1403 3773 1476 qualitas,
3807 1405 3915 1461 sed

2268 1487 2483 1558 ubique
2515 1493 2688 1555 totus,
2716 1494 2773 1544 et
2803 1507 2904 1561 per
2931 1489 3196 1546 locorum
3226 1493 3416 1563 spatia
3449 1492 3612 1548 nulla
3632 1493 3912 1564 partitus,

2265 1575 2323 1630 in
2358 1593 2465 1632 sua
2495 1581 2692 1633 tamen
2725 1584 2934 1634 natura
2955 1583 3129 1651 atque
3155 1580 3492 1637 substantia
3520 1580 3914 1638 immutabili-

2269 1667 2353 1719 ter
2382 1669 2704 1736 permanet.
2744 1687 2770 1714 υ

2335 1753 2543 1808 Mirum
2578 1763 2769 1810 tamen
2801 1754 3120 1825 nonnullis,
3181 1756 3400 1828 quibus
3449 1756 3593 1814 satis
3622 1761 3759 1815 nota
3789 1777 3911 1816 non

2265 1841 2342 1896 sit
2369 1843 2713 1914 Ausgustini
2761 1843 3069 1912 modestia,
3124 1845 3371 1901 fortasse
3432 1845 3742 1916 videbitur,
3804 1867 3916 1905 cur

2263 1929 2359 1986 ille
2406 1931 2640 2002 penitus
2689 1931 2984 1988 afﬁrmare
3042 1951 3156 1989 non
3217 1935 3434 1991 audeat
3513 1935 3665 1991 hanc
3712 1938 3910 2009 ipsam

2263 2036 2476 2089 revera,
2512 2021 2608 2076 sed
2641 2037 2851 2092 quoquo
2908 2021 3063 2077 modo
3121 2040 3294 2095 posse
3336 2025 3532 2095 putari
3560 2025 3912 2082 Tertulliani

2261 2109 2442 2164 fuisse
2471 2109 2838 2164 sententiam.
2858 2110 2990 2166 Jam
3014 2111 3168 2166 enim
3193 2113 3562 2168 ostendimus
3593 2129 3728 2168 eum
3753 2114 3915 2170 haud

2261 2199 2506 2253 obscure
2537 2197 2923 2254 declaravisse
2955 2200 3215 2272 corporis
3249 2201 3487 2257 nomine
3519 2219 3552 2257 a
3576 2218 3638 2257 se
3660 2203 3912 2276 intelligi

2260 2285 2674 2354 substantiam,
2709 2304 2835 2358 qua:
2867 2287 3069 2359 quovis
3131 2289 3304 2344 modo
3356 2290 3572 2358 existit,
3630 2295 3687 2346 et
3718 2291 3906 2348 nihilo

2260 2375 2590 2446 opponitur.
2627 2376 2901 2431 Praeterea
2948 2376 3470 2434 animadvertimus
3501 2379 3904 2436 substantiam

2261 2464 2331 2519 ab
2356 2480 2422 2518 eo
2453 2463 2628 2518 dividi
2653 2464 2711 2519 in
2741 2482 3079 2536 corpoream
3147 2471 3204 2521 et
3235 2466 3656 2539 incorpoream,
3703 2468 3759 2524 id
3789 2476 3904 2540 est,

2261 2553 2450 2608 omnis
2480 2553 2718 2608 omnino
2747 2555 3004 2626 corporis
3033 2559 3352 2626 expertem,
3385 2562 3442 2612 ct
3471 2574 3598 2628 quae
3620 2557 3698 2613 sit
3742 2574 3906 2615 mere

2262 2640 2566 2712 spiritalis.
2599 2641 2774 2713 Atqui
2805 2642 2853 2698 si
2887 2641 2970 2698 vel
3003 2659 3180 2699 unam
3230 2643 3574 2716 hujusmodi
3634 2663 3903 2718 unquam

2263 2745 2389 2786 esse
2419 2729 2735 2785 arbitratus
2763 2737 3225 2802 est,persuasum
3258 2732 3460 2804 utique
3494 2735 3701 2790 habuit
3717 2735 3908 2791 Deum

2263 2835 2390 2874 esse
2447 2817 2740 2890 spiritum,
2799 2823 2857 2875 et
2924 2821 3147 2877 caeteris
3202 2838 3343 2878 sane
3403 2824 3677 2880 omnibus
3731 2823 3911 2896 longe

2264 2907 2833 2979 praestantioremEt
2864 2912 3014 2965 certe
3032 2925 3281 2967 summa:
3313 2910 3472 2966 illius
3495 2912 3913 2984 perfectiones,

2263 3001 2432 3068 atque
2463 2996 2692 3052 inﬁnita
2723 3013 2916 3052 rerum
2950 2997 3214 3053 omnium
3245 2998 3501 3071 cognitio
3533 3007 3589 3056 et
3635 3000 3916 3070 scientia,

2266 3088 2702 3160 aTertulliano,
2736 3090 2908 3146 sicuti
2968 3089 3141 3162 paulo
3188 3091 3340 3147 816
3400 3108 3580 3163 supra
3637 3093 3914 3148 observa-

2263 3180 2474 3246 vimus,
2525 3184 2644 3234 tam
2701 3178 3025 3235 luculenter
3074 3180 3401 3250 vindicatae,
3463 3180 3607 3236 nihil
3668 3181 3914 3238 omnino

525 3283 864 3341 nominibus
919 3281 1338 3347 membrorum,
1384 3297 1530 3351 quos
1588 3285 1708 3336 tam
1762 3281 2157 3353 οοτι-υριοιιίοε
2189 3255 2230 3322 C
2269 3266 2764 3340 corporeihahore
2796 3271 3060 3340 possunt.
3091 3268 3330 3324 Nullum
3353 3269 3645 3341 siquidem
3669 3287 3910 3343 corpus,

525 3374 705 3430 efﬁcit
733 3372 791 3427 in
823 3371 1058 3427 homine
1089 3369 1542 3442 corruptibilitas
1581 3370 1918 3426 substantiae
1949 3371 2158 3427 huma-

526 3480 634 3529 nae,
668 3477 843 3532 quam
875 3459 1332 3531 incorruptorios
1389 3459 1447 3514 in
1505 3459 1620 3516 Deo
1657 3459 1830 3516 efficit
1856 3460 2158 3533 incorrup-

525 3549 770 3607 tibilitas
796 3547 1135 3605 substantiae
1167 3548 1395 3604 divinae.
1432 3571 1460 3598 ››

597 3654 866 3711 Petavius
893 3655 1088 3724 itaque
1111 3653 1246 3708 inde
1276 3652 1492 3720 colligit
1512 3652 1937 3709 Tertullianum
1960 3653 2158 3710 existi-

526 3747 777 3800 mavisse
805 3751 926 3798 tam
958 3743 1016 3797 in
1031 3741 1166 3812 Deo,
1199 3759 1376 3813 quam
1407 3742 1465 3797 in
1498 3741 1734 3798 homine
1762 3759 1891 3798 esse
1922 3759 2156 3814 corpus,

525 3833 1020 3904 quemadmodum
1083 3832 1387 3902 passiones
1417 3833 1535 3886 sive
1562 3847 1792 3895 sensus,
1855 3837 2045 3886 motus
2102 3837 2161 3887 et

525 3923 785 3989 allectus,
819 3923 920 3977 sed
954 3937 1019 3976 eo
1047 3920 1404 3985 discrimine,
1458 3920 1610 3989 quod
1667 3919 1722 3974 in
1782 3921 2018 3976 homine
2038 3937 2158 3976 cor-

525 4012 786 4082 ruptorii,
828 4010 886 4065 in
928 4011 1043 4065 Deo
1100 4015 1296 4064 autem
1353 4009 1751 4079 incorruptorii
1805 4008 1942 4064 sint.
2003 4009 2157 4064 Nihil

523 4117 658 4171 ergo
692 4103 996 4170 repugnat,
1029 4097 1221 4168 inquit
1251 4096 1367 4164 ille,
1399 4097 1737 4167 quominus,
1799 4103 1992 4152 stante
2021 4101 2160 4153 Ter-

524 4187 754 4243 tulliani
777 4187 1071 4258 Opinione,
1105 4185 1260 4241 Deus
1294 4185 1502 4240 habeat
1556 4201 1788 4255 corpus,
1847 4187 2000 4256 quod
2045 4204 2158 4242 non

522 4277 1050 4348 pauibilcquidem,
1085 4275 1185 4330 sed
1217 4275 1691 4344 irworruplorium
1709 4291 1834 4331 esse
1851 4276 2158 4346 putaverit.

523 4368 594 4421 At
623 4365 937 4436 expendas.
969 4363 1164 4431 velim,
1193 4368 1406 4432 .utrum
1466 4361 1734 4418 Petavius
1793 4372 2158 4434 perspectum

526 4456 766 4510 omnino
795 4452 1066 4508 habuerit
1094 4467 1209 4522 quo
1241 4466 1452 4505 sensus
1499 4451 1894 4507 Tertullianus
1927 4469 2162 4524 accepe-

526 4544 604 4599 rit
634 4543 778 4597 illud
809 4541 1088 4612 passibili:
1146 4555 1376 4606 nomen,
1410 4540 1562 4609 quod
1623 4557 1656 4594 a
1711 4540 1826 4596 Deo
1883 4543 2158 4596 excludit.

530 4633 654 4687 Non
687 4629 843 4685 enim
875 4628 1034 4683 aliud
1074 4643 1140 4682 eo
1171 4626 1500 4698 signiﬁcare
1528 4629 1774 4697 videtur,
1837 4629 1950 4684 nisi
2011 4631 2165 4702 quod
2196 4621 2243 4684 Ι)

533 4719 755 4789 aliquid
790 4715 1113 4787 imperfecti
1147 4722 1203 4770 et
1242 4717 1678 4772 commutabilis
1710 4735 1909 4773 secum
1946 4719 2166 4792 impor-

531 4811 636 4863 tat.
668 4805 870 4860 Nonne
915 4822 1046 4874 ergo
1095 4805 1464 4874 Augustinus
1521 4813 1671 4861 recte
1728 4807 1875 4862 dixit
1939 4809 2166 4864 Tertul-

531 4893 756 4950 lianum
787 4899 888 4948 aut
917 4909 1112 4948 secum
1147 4909 1422 4964 pugnare,
1456 4899 1556 4948 aut
1617 4901 1879 4951 mutasse
1935 4904 2168 4953 senten-

533 4984 694 5050 tiam,
727 4999 862 5037 cum
894 4982 1146 5037 asseruit
1188 4986 1372 5037 Deum
1421 4999 1549 5038 esse
1608 4999 1840 5055 corpus,
1899 4989 1959 5039 et
1996 5002 2169 5042 omne

531 5087 741 5143 corpus
773 5086 901 5126 esse
923 5069 1224 5142 possibile?
1265 5071 1412 5126 Nam
1471 5071 1625 5127 Deus
1680 5069 2164 5146 perfectissimus,

531 5177 596 5216 ac
653 5159 1029 5232 simplicitate
1115 5160 1393 5231 omnique
1450 5162 1870 5232 perfectionum
1955 5178 2167 5234 genere

530 5249 1041 5307 sumulatissimus
1072 5253 1178 5304 est.
1238 5248 1394 5304 Nihil
1454 5249 1630 5320 igitur
1677 5267 1918 5322 prorsus
1951 5251 2164 5323 imper-

531 5338 665 5396 fecti
714 5338 930 5394 habere
986 5342 1192 5409 potest.
1252 5338 1401 5410 Ergo
1458 5355 1690 5394 summa
1733 5339 2009 5410 perfectio
2066 5341 2165 5397 Dei

531 5438 588 5484 et
637 5445 847 5500 corpus
896 5443 1095 5483 secum
1153 5431 1436 5499 pugnant,
1486 5435 1544 5484 et
1588 5428 1646 5482 in
1692 5427 1806 5483 Deo
1863 5446 1991 5486 esse
2049 5448 2165 5487 non

531 5522 794 5589 possunt.

601 5608 908 5672 Caeterum,
943 5605 1209 5677 quamvis
1233 5606 1497 5662 Petavius
1544 5605 1910 5677 probavisset
1939 5608 2164 5666 Tertul-

532 5694 754 5752 lianum
787 5711 903 5750 non
947 5694 1222 5753 incidisse
1279 5696 1339 5752 in
1389 5695 1593 5753 vitium
1649 5695 1886 5768 aliquod
1931 5705 2162 5758 eontra-

2270 3357 2639 3428 quantumvis
2669 3361 2879 3425 tenue;
2935 3355 3098 3412 nulla
3130 3358 3394 3426 materia,
3447 3359 3710 3430 quolibet
3745 3364 3912 3414 motu

2268 3445 2524 3518 agitata;
2569 3443 2742 3500 nulla:
2800 3445 3000 3514 atomi,
3059 3445 3264 3516 quovis
3313 3463 3601 3504 concursu
3657 3447 3808 3504 inter
3847 3464 3916 3503 se

2267 3533 2898 3605 cohzerentes,possunt
2916 3533 2992 3589 rei
3009 3534 3473 3604 alicujus,multo
3497 3536 3694 3592 minus
3712 3553 3913 3592 rerum

2268 3621 2531 3677 omnium
2556 3621 2783 3676 efﬁcere
2808 3622 3218 3693 cognitionem.
3250 3624 3374 3679 Non
3401 3625 3593 3696 potuit
3621 3641 3756 3696 ergo
3772 3625 3919 3680 Ter-

2268 3709 2549 3766 tullianus
2585 3711 2696 3766 Deo
2728 3727 2962 3782 corpus,
2992 3709 3080 3766 vel
3115 3711 3378 3784 corporei
3409 3711 3631 3784 aliquid
3683 3712 3916 3770 tribue-

2267 3816 2347 3870 re,
2382 3799 2494 3854 nisi
2525 3799 2632 3854 hoc
2673 3799 2928 3867 nomine,
2985 3799 3138 3855 sicut
3183 3801 3463 3869 vidimus,
3515 3801 3917 3859 substantiam

2266 3890 2357 3943 sui
2375 3889 2610 3959 generis,
2644 3888 2698 3943 id
2735 3892 2842 3958 est,
2877 3889 3057 3943 divini
3091 3893 3148 3943 et
3196 3890 3479 3961 spiritalis
3538 3889 3914 3947 intellexerit.

2269 3978 2379 4032 Sed
2438 3976 2530 4032 his
2597 3976 2787 4031 lucem
2848 3977 3038 4032 adhuc
3097 3994 3165 4033 ea
3215 3979 3476 4046 afferent,
3538 3995 3670 4051 quin
3725 3980 3919 4052 capite

2269 4071 2546 4136 sequente
2578 4066 2650 4121 de
2681 4065 2896 4120 Christi
2957 4065 3282 4138 divinitate,
3332 4084 3398 4123 ac
3455 4073 3656 4140 postea
3698 4069 3769 4124 de
3816 4085 3922 4124 an-

2268 4153 2413 4226 gelis
2454 4170 2519 4209 ac
2549 4154 2938 4223 daemonibus,
2973 4159 3149 4226 atque
3176 4156 3374 4212 anima
3403 4156 3684 4225 humana,
3717 4156 3917 4214 dicen-

2270 4246 2386 4298 tur.

2889 4377 3191 4417 ARTICULUS
3224 4378 3296 4416 IV.

2269 4460 2412 4532 Qupt
2440 4457 2701 4532 qualesve
2755 4457 3004 4532 fuerint
3035 4459 3328 4526 gentilium
3385 4461 3831 4532 philosophorum
3857 4463 3928 4519 de

2343 4529 2446 4604 Deo
2468 4528 3134 4604 dissensiones,Thaletis,
3161 4547 3260 4584 seu
3286 4528 3706 4604 Sim07ii'dis,qui
3731 4533 3797 4588 de
3828 4535 3928 4591 illo

2343 4601 2889 4670 interrogatusmihil
2903 4601 3230 4668 respondere
3241 4607 3421 4666 potuit
3445 4601 3898 4671 ;Plalonicorum
3910 4649 3926 4672 ,

2345 4673 2444 4742 qui
2474 4673 2660 4727 omnia
2688 4697 2701 4732 ς
2737 4674 3259 4744 Epicureorum,qui
3277 4675 3422 4730 nihil
3451 4679 3926 4743 curantem;Pla~

2348 4745 2783 4814 tonicorum,qui
2813 4760 2937 4797 eum
2969 4744 3126 4799 intra,
3144 4747 3411 4800 mundum
3439 4764 3460 4808 ,ο
3490 4750 3936 4814 5toicorum,qui

2347 4817 2504 4893 emlra
2536 4819 2775 4893 positum
2795 4831 2816 4876 ,°
2847 4816 3204 4893 I’latonisqui
3233 4820 3426 4873 mundi
3454 4825 3792 4893 creaturam;
3812 4816 3926 4893 Py-

2349 4886 2625 4952 thagora),
2659 4888 2755 4958 qui
2777 4886 3045 4941 mundum
3078 4889 3381 4944 increatum
3417 4907 3530 4946 esse
3569 4886 3880 4946 docuerunf
3902 4909 3926 4954 ;

2347 4959 2396 5010 et
2443 4967 2631 5035 utrum
2678 4958 3077 5035 ⁸Τρεητιιιιίτιηιιδ
3149 4964 3295 5016 recte
3351 4961 3580 5017 illorum
3643 4965 3931 5035 Opinione:

2346 5027 2725 5097 explicaverit.

2345 5169 2692 5238 Quanquam
2727 5169 3058 5242 philosophi
3090 5173 3336 5244 gentiles
3367 5175 3453 5230 vel
3487 5177 3714 5233 ratione
3744 5184 3923 5233 natu-

2275 5256 2405 5322 rali,
2438 5257 2523 5312 vel
2551 5273 2620 5312 ex
2651 5258 2856 5328 sacris,
2908 5264 2970 5314 ut
3027 5261 3111 5316 ait
3158 5262 3556 5320 Tertullianus
3610 5266 3921 5337 (ApolOget.

2273 5360 2400 5417 cap.
2437 5347 2878 5420 li‘l’),Scripturis
2909 5351 3274 5420 agnoverint,
3309 5353 3396 5407 vel
3427 5369 3746 5424 agnoscere
3769 5356 3931 5411 haud

2275 5434 2595 5491 difficiliter
2623 5437 2920 5508 potuerint
2954 5455 3135 5494 unum
3179 5440 3464 5497 duntaxat
3517 5459 3644 5498 esse
3695 5444 3928 5513 Deum;

2274 5524 2427 5580 inter
2459 5541 2520 5581 se
2553 5531 2774 5594 tamen,
2807 5527 2896 5582 vel
2928 5527 3124 5584 inanis
3146 5527 3341 5600 glorias
3397 5532 3556 5596 vitio,
3589 5531 3678 5587 vel
3711 5533 3924 5603 dispu-

2275 5613 2438 5669 tandi
2465 5612 2727 5682 libidine,
2761 5616 2832 5670 do
2864 5616 2992 5687 ipsa
3013 5616 3112 5672 Dei
3143 5619 3666 5691 natura,qualitate
3683 5637 3750 5676 ac
3780 5625 3929 5678 sede

2275 5719 2578 5775 nunquam
2610 5721 2728 5762 non
2760 5703 3252 5778 digladiabantur.
3283 5731 3311 5760 «
3333 5708 3480 5776 Quid
3506 5709 3662 5768 enim
3681 5709 3928 5784 Thales,
