4158 6332
318 368 433 429 901

1222 370 1297 428 D.
1345 369 1443 429 LE
1486 365 1814 429 NOURRY
1854 364 2509 428 OBSERVATIONES
2557 365 2814 427 ΝονιΕ.

3610 369 3732 430 902

317 502 418 559 1110
447 502 719 576 princeps
768 501 1168 575 physicorum,
1204 524 1229 549 ››
1265 502 1521 559 auctoris
1568 501 1752 558 nostri
1794 501 1968 557 verba
2002 505 2056 571 Α
2088 517 2219 557 nem
2278 501 2703 567 adnotavimus,
2753 505 2875 557 tam
2925 506 3080 559 certo
3138 520 3307 559 cuam
3344 503 3488 560 falso
3526 504 3729 561 docuit

320 595 482 664 sunt,
519 615 545 645 ι
576 592 898 647 sciscitanti
948 592 1141 647 Crmso
1186 593 1255 648 de
1286 592 1599 649 Divinitate
1625 594 1848 646 certum
1881 605 1970 647 re-

323 682 658 737 nuntiavit?
693 703 720 731 »
753 681 908 736 Nihil
935 681 1126 753 plane,
1162 682 1263 737 sed
1296 704 1325 733 «
1359 686 1723 738 commeatus
1754 680 1972 737 delibe-

321 773 489 827 randi
534 788 685 842 saepe
740 771 1057 827 frustratus
1088 777 1196 826 est.
1228 792 1255 820 ιι
1295 771 1449 840 (Ibid.
1482 788 1605 843 cap.
1641 772 1748 837 46;
1781 774 1837 825 et
1865 769 1969 825 lib.

320 877 362 914 ιι
394 860 461 915 ad
504 863 725 917 Nation.
767 876 894 932 cap.
940 861 1017 931 2).
1072 865 1143 913 At
1191 860 1411 930 Cicero,
1463 864 1519 915 et
1574 860 1669 929 qui
1719 875 1875 924 eum,
1911 862 1975 913 ut

320 948 458 1004 alibi
489 950 771 1010 vidimus,
805 950 1094 1019 sequitur,
1130 949 1410 1005 Minatius
1444 948 1622 1013 Felix,
1656 948 1761 1002 hoc
1794 948 1975 1002 Simo-

321 1038 443 1092 nidi
484 1043 541 1093 et
574 1038 804 1093 Hieroni
838 1043 1085 1111 tyranno
1134 1039 1536 1111 ascripserunt
1567 1040 1880 1107 (Dissertat.
1911 1040 1974 1092 in

322 1128 517 1183 Minut.
543 1144 670 1199 cap.
701 1128 753 1195 3,
781 1133 890 1183 art.
923 1128 999 1196 2).
1034 1128 1234 1200 Neque
1263 1128 1621 1198 respondeas
1640 1128 1883 1183 subesse
1914 1126 1973 1181 in

321 1216 663 1273 Tertulliani
685 1221 844 1272 textu
870 1218 1040 1271 mend
1053 1233 1150 1272 um
1167 1216 1575 1287 aliquod.Nam
1592 1216 1803 1272 Thales
1820 1216 1894 1271 ab
1908 1232 1973 1271 eo

321 1306 651 1377 appellatur
678 1307 1031 1378 physicorum
1066 1309 1326 1377 princeps
1355 1307 1509 1376 (Ibib.
1544 1323 1673 1377 cap.
1710 1306 1760 1369 4,
1786 1310 1893 1360 art.
1921 1307 1972 1371 1,

317 1400 461 1450 tom.
498 1398 557 1461 I;
600 1397 865 1466 Apparat.
898 1411 1036 1468 pag.
1077 1396 1218 1449 1119
1249 1400 1307 1449 et
1346 1396 1517 1465 seq.),
1542 1394 1599 1449 id
1632 1398 1737 1463 est,
1772 1410 1973 1449 eorum

316 1484 564 1558 primus,
600 1485 700 1557 qui
753 1486 824 1540 de
868 1487 1043 1542 rebus
1091 1484 1379 1557 physicis,
1414 1484 1681 1539 utetiam
1709 1484 1976 1538 ostendi-

318 1592 472 1642 mus,
523 1575 914 1630 instituerunt
980 1573 1430 1645 disputationes.
1502 1578 1709 1628 Utrum
1779 1577 1974 1628 autem

318 1664 507 1719 verior
552 1664 628 1719 sit
673 1662 1041 1731 Tertulliani,
1086 1680 1262 1733 quam
1317 1662 1614 1718 Ciceronis
1661 1668 1718 1717 et
1748 1662 1981 1731 Minutii

322 1752 541 1823 opinio,
596 1757 663 1807 ut
710 1751 1087 1824 percipiatur,
1142 1752 1497 1823 inquirenda
1555 1756 1643 1806 est
1695 1750 1976 1816 Thaletis,

324 1842 645 1897 Simonidis
691 1846 750 1897 et
805 1842 984 1896 Crmsi
1017 1846 1179 1895 aetas.
1242 1844 1307 1895 At
1352 1842 1523 1912 juxta
1582 1841 1977 1895 Eusebianum

320 1932 697 1995 Chronicum,
731 1947 885 1985 anno
922 1931 1059 1984 1266
1091 1951 1119 1979 «
1150 1929 1362 1984 Thales
1404 1928 1666 1984 Milesius
1700 1929 1978 2001 physicus

318 2019 709 2091 philosophus
755 2018 1116 2091 agnoscitur.
1149 2040 1177 2069 ››
1212 2018 1296 2072 Ad
1329 2034 1549 2073 annum
1583 2022 1779 2073 autem
1816 2019 1975 2082 1465,

325 2131 346 2157 ι
384 2109 460 2164 Ea
491 2126 617 2181 quia
649 2110 718 2163 de
763 2110 955 2163 Crceso
994 2111 1419 2171 memorantur,
1453 2107 1746 2178 quomodo
1788 2112 1975 2163 tenta-

320 2203 408 2253 ret
438 2198 695 2263 oracula,
751 2197 844 2252 his
886 2197 1046 2252 fuere
1076 2195 1464 2268 temporibus.
1496 2218 1517 2246 ι
1564 2196 1631 2251 Et
1662 2196 1814 2251 duos
1848 2200 1978 2267 post

322 2303 529 2352 annos,
565 2287 758 2342 Thales
803 2287 1069 2342 moritur.
1103 2284 1226 2340 Duo
1252 2284 1475 2355 itaque,
1508 2292 1566 2339 ut
1601 2288 1764 2340 notat
1794 2283 1973 2339 Scali-

321 2392 443 2447 ger,
477 2375 753 2431 Thaletes
786 2379 1206 2439 memorantur,
1240 2390 1491 2445 quorum
1518 2374 1673 2443 prior
1702 2373 1978 2445 physicus

322 2465 711 2536 philosophus
770 2464 1017 2536 Lycurgi
1075 2468 1132 2519 et
1188 2462 1401 2534 Orphei
1444 2467 1633 2531 actate,
1694 2464 1980 2533 posterior

324 2560 456 2626 post
487 2555 772 2609 ducentos
806 2571 949 2625 pene
982 2569 1167 2608 annos
1207 2553 1381 2607 Croesi
1416 2559 1676 2623 tempore
1708 2552 1979 2609 ﬂoruisse

323 2642 699 2714 perhibentur
728 2642 964 2714 (Scalig.
999 2642 1117 2697 Not.
1153 2644 1215 2697 in
1243 2640 1446 2697 Chron.
1474 2642 1667 2696 Euseb.
1701 2658 1832 2712 pag.
1862 2642 1977 2711 74).

326 2732 505 2803 Atqui
546 2732 947 2787 Tertullianus
972 2732 1042 2786 de
1062 2730 1297 2785 Thalete
1348 2730 1722 2801 physicorum
1764 2730 1978 2801 princi-

324 2840 393 2894 pe
412 2820 798 2892 loquitur,qui
819 2821 1051 2875 duobus
1074 2819 1303 2875 saeculis
1322 2819 1503 2875 [Ξῖ-(1181
1525 2820 1822 2891 antiquior
1843 2836 1977 2875 cum

325 2927 392 2966 eo
424 2911 633 2978 vivere,
654 2926 718 2964 ac
748 2909 993 2981 proinde
1014 2908 1099 2962 illi
1132 2909 1481 2979 respondere
1512 2924 1624 2963 non
1654 2912 1941 2978 potuerat.

395 3017 727 3073 Simonides
757 3022 953 3071 autem
984 3016 1041 3068 in
1098 3014 1303 3070 eodem
1338 3014 1663 3070 Eusebiano
1693 3015 1979 3070 Chronico

323 3106 538 3162 vixisse
594 3106 850 3159 traditur
896 3120 1049 3159 anno
1102 3104 1259 3157 1531.
1310 3103 1395 3158 Ibi
1457 3105 1611 3158 enim
1674 3103 1976 3175 legimus:

326 3220 354 3247 «
390 3196 679 3250 Pindarus
703 3195 851 3250 817
882 3198 938 3248 et
968 3192 1298 3248 Simonides
1320 3192 1480 3264 lyrici
1502 3199 1682 3263 poetas
1715 3193 1977 3263 insignes

2083 606 2294 663 aquam
2347 608 2475 646 esse
2528 608 2720 646 rerum
2793 592 3058 647 omnium
3107 592 3368 663 initium,
3430 609 3495 649 ac
3550 595 3727 651 Deum

2086 685 2336 736 mentem
2362 698 2508 751 esse,
2533 698 2663 752 quae
2690 698 2755 737 ex
2779 698 2931 752 aqua
2954 670 3154 736 omnia
3188 681 3502 738 formavit?
3526 682 3728 753 (Cicer.

2086 770 2184 825 lib.
2218 788 2259 837 ι,
2290 771 2356 826 de
2399 771 2521 825 Nat.
2556 770 2700 826 deor.
2735 787 2867 842 pag.
2902 771 3004 825 199
3035 790 3047 840 ;
3111 774 3405 827 Disseruit.
3441 774 3496 827 in
3532 773 3727 828 Minui.

2084 877 2210 932 cap.
2266 861 2315 927 4,
2367 865 2477 916 art.
2534 861 2602 928 1;
2654 866 2711 915 et
2762 862 2822 915 in
2869 862 3117 916 Laclant.
3166 877 3293 933 cap.
3349 862 3435 928 12,
3490 866 3598 917 art.
3655 863 3729 935 1.)

2084 951 2265 1007 Nemo
2293 955 2484 1004 autem
2513 949 2679 1005 nobis
2701 950 2966 1021 probavit
2992 949 3154 1005 illum
3189 951 3258 1005 de
3278 950 3386 1006 hac
3416 952 3727 1008 sententia.

2084 1044 2183 1095 aut
2200 1038 2515 1110 aliquando
2539 1040 2861 1108 dubitasse,
2887 1044 2989 1094 aut
3009 1056 3135 1094 eam
3159 1057 3418 1111 unquam
3446 1045 3729 1098 mutasse.

2083 1126 2138 1181 Si
2173 1127 2304 1198 quis
2336 1143 2506 1197 porro
2539 1126 2681 1181 illud
2733 1128 2802 1181 de
2851 1132 2963 1182 Deo
2997 1144 3344 1198 responsum
3377 1127 3601 1184 Thaleti
3635 1146 3729 1184 se-

2084 1216 2273 1271 cundo
2304 1214 2685 1270 tribuendum
2726 1232 2857 1271 esse
2907 1216 3262 1286 probaverit,
3322 1215 3570 1273 delenda
3601 1234 3729 1273 esse

2085 1305 2355 1361 ostendet
2383 1321 2451 1360 ex
2500 1304 2845 1360 Tertulliani
2877 1309 3035 1361 textu
3068 1306 3189 1360 haec
3215 1309 3429 1361 verba:
3463 1308 3728 1379 Physica—

2084 1412 2209 1449 rum
2249 1396 2520 1465 princeps.
2574 1394 2879 1461 Caeterum,
2934 1396 3344 1467 cujuscunque
3390 1396 3728 1469 philosophi

2087 1484 2260 1539 luerit
2319 1483 2417 1538 illa
2464 1483 2788 1555 responsio,
2823 1484 2957 1554 quis
3015 1501 3142 1539 eam
3176 1483 3381 1540 abillo
3431 1486 3726 1541 adsertam

2085 1590 2214 1629 esse
2245 1572 2302 1627 in
2352 1573 2597 1628 dubium
2653 1572 2924 1627 vocabit?
2982 1573 3181 1629 Palam
3214 1573 3393 1648 igitur
3424 1575 3728 1632 confessus

2087 1668 2176 1718 est
2207 1662 2463 1735 ignotam
2498 1660 2610 1717 sibi
2642 1660 2823 1717 fuisse
2855 1660 3251 1718 Diviuitatem.

2161 1770 2221 1823 In
2246 1769 2503 1824 secundo
2535 1775 2731 1824 autem
2752 1769 2827 1824 ad
2864 1771 3125 1826 Nationes
3150 1770 3299 1825 libro
3329 1770 3729 1828 Tertullianus

2087 1857 2315 1914 Titaleti
2349 1858 2631 1929 praemisit
2670 1859 3009 1930 Diogenem,
3062 1861 3163 1930 qui
3188 1882 3215 1910 ‹‹
3249 1859 3555 1915 consultus
3586 1859 3729 1932 quid

2086 1948 2146 2003 in
2175 1946 2336 2003 caelis
2367 1952 2577 2019 agatur
2627 1946 2903 2019 (ipsamet
2934 1952 3073 2003 sunt
3105 1948 3265 2004 illius
3295 1950 3490 2020 verba)
3518 1966 3530 2004 :
3566 1950 3695 2005 Nun
3716 1980 3731 1991 -

2086 2054 2286 2108 quam,
2322 2035 2535 2108 inquit,
2567 2036 2625 2091 in
2685 2036 2893 2091 coelum
2944 2037 3179 2093 ascendi
3229 2037 3495 2109 (Tertull.
3528 2037 3630 2094 lib.
3668 2056 3729 2108 ιι,

2086 2126 2163 2183 ad
2205 2126 2330 2181 Nat.
2378 2142 2505 2197 cap.
2549 2126 2628 2196 2).
2680 2126 2850 2194 Item,
2899 2150 2925 2175 «
2980 2143 3052 2181 an
3107 2126 3186 2181 dii
3235 2132 3454 2197 essent,
3499 2127 3726 2193 Nescio,

2088 2215 2404 2287 respondit,
2442 2214 2553 2271 nisi
2588 2219 2649 2269 ut
2679 2214 2798 2270 sint
2827 2215 3117 2286 expedire,
3152 2236 3181 2265 ι)
3216 2215 3323 2271 hoc
3356 2221 3467 2284 est,
3498 2217 3727 2283 Nescio,

2088 2306 2183 2361 sed
2204 2303 2430 2359 cunctis
2465 2304 2606 2359 utile
2636 2309 2723 2358 est
2745 2306 2799 2358 et
2821 2304 3053 2375 expedit
3073 2304 3211 2359 deos
3243 2321 3391 2359 esse.
3420 2305 3543 2359 Non
3578 2304 3728 2360 mul-

2088 2399 2213 2449 tum
2247 2392 2483 2463 quidem
2515 2410 2548 2446 a
2580 2391 2769 2462 priore
2800 2409 3080 2463 responso
3116 2392 3259 2447 illud
3295 2393 3480 2463 abest,
3512 2394 3663 2464 quod
3697 2411 3731 2449 a

2086 2482 2340 2554 Diogene
2389 2480 2587 2552 cynico
2637 2480 2860 2535 homini
2911 2482 2982 2537 de
3033 2481 3365 2537 cmlestibus
3416 2482 3731 2538 disserenti

2088 2573 2289 2627 datum
2324 2570 2592 2626 Laertius
2623 2569 2706 2625 sic
2746 2570 2979 2626 retulit:
3013 2576 3275 2631 Ποσταῖος
3309 2569 3466 2645 πάρει
3496 2569 3603 2625 ἀπὸ
3634 2574 3730 2624 τοῦ

2089 2658 2353 2735 οὐρανοῢς
2389 2659 2757 2728 Quandonam
2797 2659 2864 2716 de
2912 2662 3041 2715 cwlo
3091 2662 3290 2716 venisti
3330 2661 3541 2733 (Laert.
3577 2660 3612 2715 1.
3649 2679 3727 2727 γι,

2086 2750 2150 2805 de
2188 2752 2267 2805 Vit
2297 2752 2486 2823 Diog.,
2512 2750 2539 2822 ἕ
2562 2750 2650 2820 39)
2676 2749 2703 2804 ?
2751 2752 2822 2805 At
2870 2750 3019 2817 vide,
3078 2767 3298 2820 quaeso,
3330 2756 3529 2805 utrum
3578 2768 3613 2806 a
3642 2768 3735 2806 se-

2089 2840 2279 2895 cunda
2314 2838 2543 2911 longius
2576 2839 2729 2894 absit
2766 2838 2887 2894 haec
2920 2840 3186 2908 ejusdem
3224 2839 3493 2910 Diogenis
3525 2839 3727 2895 scisci-

2091 2928 2230 2982 tanti
2264 2927 2444 2999 Lysiae
2495 2926 2976 3000 pharmacopolae,
3012 2946 3083 2983 an
3117 2928 3253 2983 deos
3287 2944 3415 2983 csse
3445 2929 3729 2995 crederet,

2088 3015 2430 3087 responsio:
2471 3018 2595 3075 Πῶς
2627 3013 2687 3067 οὐ
2745 3014 2975 3087 νομίζω,
3011 3014 3148 3069 ὅπου
3197 3014 3287 3069 καὶ
3343 3015 3401 3069 σὶ
3450 3017 3592 3076 Θεοῖς
3634 3013 3729 3089 ἰχ-

2088 3104 2212 3178 θρὸν
2270 3097 2682 3175 ὑπολαμϐάνω;
2722 3105 2993 3173 Quomodo
3043 3122 3153 3160 non
3200 3105 3379 3171 credo,
3413 3106 3594 3177 quite
3620 3103 3731 3159 dii:

2086 3194 2374 3249 inimicum
2415 3202 2543 3264 puto
2592 3194 2756 3265 (Ibid.
2804 3197 2830 3262 §
2869 3195 3007 3265 4‘3)?
3055 3194 3169 3249 Nos
3215 3198 3409 3249 tamen
3463 3192 3730 3249 Laertius

327 3286 635 3340 habentur.
677 3305 698 3334 ι
734 3288 944 3338 Postea
981 3298 1114 3337 vero
1167 3284 1237 3336 ad
1278 3254 1703 3347 an’num.1542,
1740 3254 1972 3351 Hieron,
2008 3254 2050 3320 Ο
2089 3282 2305 3337 ibidem
2340 3254 2614 3337 admonet
2646 3254 3167 3338 hancvsent’entiam
3194 3282 3369 3336 tribui
3401 3282 3728 3351 Theodoro,

326 3375 497 3445 cujus
567 3373 848 3427 Minutius
912 3371 1069 3425 Felix
1134 3370 1416 3435 meminit,
1454 3393 1481 3420 ‹‹
1531 3376 1659 3441 post
1699 3371 1975 3426 Gelonem

327 3464 631 3538 Syracusis
680 3463 1051 3531 tyrannidem
1097 3461 1420 3516 exercebat.
1454 3482 1481 3511 »
1514 3462 1808 3526 Quantum
1842 3479 1978 3533 ergo

328 3556 487 3625 prior
531 3552 743 3607 Thales
801 3568 833 3605 a
891 3551 1085 3606 Crcnso
1136 3550 1317 3605 distat
1362 3553 1552 3614 aetate,
1603 3556 1832 3605 tantum
1890 3552 1979 3606 Si-

330 3642 596 3698 monides
617 3641 807 3696 eidem
841 3639 1075 3695 Hieroni
1100 3638 1401 3711 proximus
1433 3639 1813 3695 essedicitur.
1836 3640 1979 3695 Huic

328 3733 505 3802 igitur
536 3730 825 3786 Simonidi
859 3728 1049 3800 magis
1100 3744 1277 3799 quam
1326 3728 1551 3783 Thaleti
1602 3729 1977 3801 physicorum

331 3820 601 3892 principi,
635 3819 993 3874 conveniunt
1042 3820 1231 3873 citatas
1280 3818 1351 3871 de
1392 3818 1700 3874 Divinitate
1734 3820 1979 3875 interro-

327 3910 479 3977 gatio
510 3914 567 3963 et
614 3907 937 3977 responsio.
982 3906 1065 3959 Ad
1121 3906 1242 3959 haec
1300 3922 1433 3960 vero
1496 3906 1724 3961 Minutii
1781 3909 1978 3980 Opinio

329 4016 395 4055 eo
426 3997 618 4053 adhuc
648 3996 880 4050 videtur
909 3993 1290 4065 probabilior,
1327 3995 1479 4065 quod
1516 3995 1811 4052 Ciceronis
1844 4015 1979 4054 auo-

330 4087 569 4142 toritate
599 4084 954 4141 stabiliatur.

402 4180 602 4246 Neque
647 4172 863 4227 dixeris
895 4171 1183 4241 plurimos
1215 4172 1274 4226 in
1324 4173 1652 4229 Eusebiano
1697 4175 1983 4232 Chronico

331 4282 460 4321 esse
485 4266 545 4319 in
578 4261 938 4334 assignanda
966 4260 1291 4316 illustrium
1322 4262 1577 4317 virorum
1630 4267 1799 4318 aetate
1830 4280 1985 4320 erro-

331 4372 465 4421 res;
498 4370 636 4408 nam
679 4352 1017 4423 quicunque
1061 4350 1145 4404 illi
1179 4351 1317 4418 sint,
1348 4366 1520 4405 nemo
1562 4368 1700 4407 sane
1751 4354 1988 4427 negabit

331 4443 588 4502 Thaletis
620 4440 841 4514 physici
875 4439 1169 4510 Crcesique
1216 4444 1480 4509 tempora
1514 4441 1703 4511 magis
1736 4458 1768 4495 a
1812 4459 1873 4497 se
1904 4442 1990 4497 in-

330 4532 514 4586 vicem
537 4528 787 4600 eejungi,
822 4543 999 4598 quam
1026 4531 1090 4580 ut
1122 4525 1533 4582 simulvixisse
1555 4527 1845 4583 dicantur.
1875 4530 1989 4585 Nec

2089 3372 2188 3442 qui
2219 3371 2371 3425 haud
2406 3371 2582 3426 dubie
2609 3372 2835 3433 atheus.
2874 3378 2935 3427 ut
2968 3390 2999 3426 a
3031 3372 3198 3427 nobis
3230 3371 3386 3426 haud
3421 3369 3597 3426 semel
3627 3370 3728 3425 ob-

2087 3466 2403 3528 servatum,
2463 3460 2911 3532 cognominatus
2962 3466 3070 3516 est.
3111 3460 3169 3515 Si
3225 3478 3293 3517 ea
3348 3468 3542 3515 tamen
3602 3476 3729 3531 qua:

2086 3548 2484 3605 Tertullianus
2540 3550 2692 3605 818
2764 3556 2961 3606 noster
3005 3550 3243 3620 Diogeni
3294 3549 3595 3618 adscribit,
3657 3548 3729 3603 ab

2089 3638 2201 3694 alio
2243 3640 2505 3709 ejusdem
2540 3638 2817 3710 nominis,
2877 3640 2978 3695 sed
3012 3639 3227 3712 {atheo,
3288 3638 3507 3710 scripta
3546 3637 3731 3693 fuisse

2089 3729 2429 3799 contendas,
2480 3728 2768 3784 habemus
2820 3730 3058 3800 quidem
3118 3727 3434 3794 .Elianum,
3488 3726 3610 3798 qui,
3671 3728 3735 3781 ut

2093 3818 2337 3888 quidam
2397 3817 2581 3887 aiunt,
2617 3818 3042 3890 flagitiosorum
3101 3818 3380 3873 horumce
3426 3816 3735 3872 hominum

2088 3905 2249 3979 gregi
2318 3907 2726 3962 adnumeravit
2776 3907 3091 3979 Diogenem
3166 3907 3429 3979 Phrygem
3488 3905 3723 3975 (.Elian.

2090 3995 2192 4050 lib.
2220 4012 2259 4049 11
2289 4000 2426 4050 Var.
2460 3998 2593 4051 Hist.
2626 3995 2655 4067 §
2696 3997 2809 4064 31).
2860 3995 3091 4062 Verum,
3127 4001 3515 4067 praeterquam
3577 3992 3733 4064 quod

2092 4084 2151 4139 in
2185 4089 2385 4139 nostra
2417 4084 2702 4139 librorum
2734 4084 2943 4138 ΙΕιίοηὶ
2995 4083 3247 4139 editione
3280 4082 3494 4152 legitur
3526 4079 3738 4152 Diony-

2094 4172 2218 4228 sius
2246 4172 2456 4245 Phryx,
2507 4172 2704 4228 nullus
2755 4173 2924 4228 nobis
2974 4172 3253 4227 indicavit
3302 4171 3398 4224 ubi
3454 4170 3739 4241 Diogenes

2094 4262 2224 4329 iste,
2296 4262 2417 4318 sive
2483 4262 2820 4334 Dionysius,
2870 4262 3047 4316 citata
3113 4260 3182 4317 ab
3250 4263 3485 4315 auctore
3535 4263 3738 4314 nostro

2096 4352 2269 4406 verba
2301 4350 2785 4422 pronuntiaverit.
3404 4370 3407 4371 ν

2167 4455 2428 4511 Aliorum
2488 4474 2621 4511 vero
2682 4455 3164 4527 philosophorum
3225 4453 3481 4510 maxima
3535 4452 3644 4507 fuit
3671 4452 3743 4507 de

2098 4545 2214 4601 Deo
2256 4545 2597 4617 opinionum
2656 4546 2907 4601 varietas
2965 4549 3022 4599 et
3050 4544 3364 4600 dissensio.
3397 4544 3505 4597 Alii
3561 4543 3740 4613 enim,

339 4626 430 4677 est
460 4620 614 4691 quod
650 4632 861 4687 urgeas
909 4619 1296 4670 memoratam
1362 4616 1802 4686 responsionem
1827 4618 1983 4675 Tha-

2097 4616 2716 4706 inquitTertullianus,
2754 4633 3030 4688 nimirum
3089 4631 3394 4697 Platonici,
3419 4647 3741 4703 (ηεοηονιι-

336 4710 436 4766 1011
468 4706 816 4781 philosopho
849 4710 906 4760 et
949 4704 1323 4775 physicorum
1377 4704 1627 4777 principi
1661 4712 1813 4763 recte
1855 4724 1989 4763 con-

336 4815 565 4873 gruere,
625 4795 869 4851 minime
927 4809 1061 4849 vero
1103 4792 1409 4859 Simonidi,
1471 4795 1571 4867 qui
1621 4797 1878 4867 poeticas,
1924 4804 1989 4854 ut

336 4889 471 4944 alibi
502 4887 783 4952 vidimus,
830 4898 1067 4955 operam
1129 4883 1305 4937 dabat
1356 4884 1602 4954 (Dissert.
1660 4888 1718 4941 in
1783 4890 1984 4943 Minue.

338 4978 517 5034 Octav.
561 4992 688 5046 cap.
748 4974 802 5040 3,
851 4977 960 5028 art.
993 4974 1048 5042 3,
1091 4976 1198 5027 art.
1246 4974 1317 5040 2;
1352 4979 1409 5028 et
1441 4979 1582 5029 tom.
1634 4974 1677 5042 I,
1718 4977 1983 5048 Apparet.

338 5081 469 5138 pag.
506 5065 693 5127 1284).
734 5063 881 5117 Nam
929 5064 1076 5132 potae
1121 5061 1278 5131 apud
1310 5061 1573 5119 ethnicos
1604 5064 1663 5119 in
1698 5065 1988 5137 theologo-

339 5171 472 5210 rum
522 5152 853 5208 habebantu
867 5168 892 5205 r
922 5165 1187 5205 numero.

408 5258 665 5329 Denique
680 5256 983 5325 Minatius,
1004 5254 1297 5309 Ciceronis
1313 5257 1649 5314 testimonio
1671 5260 1985 5333 tretus,po-

336 5349 449 5406 tuit
471 5346 839 5413 Tertulliani,
867 5343 1104 5400 tametsi
1128 5343 1317 5414 plura,
1342 5345 1493 5402 sicut
1523 5348 1984 5417 observavimus,

334 5457 403 5494 ex
433 5441 559 5508 ejus
592 5438 758 5491 libris
792 5434 1164 5506 excerpserit,
1210 5434 1360 5489 hanc
1388 5438 1675 5507 corrigere
1698 5438 1767 5493 de
1803 5440 1987 5509 primo

335 5529 574 5584 Thalete
606 5533 663 5581 et
687 5526 882 5580 Crceso
906 5523 1261 5594 opinionem.
1289 5525 1356 5578 Et
1386 5539 1538 5581 certe
1570 5531 1860 5598 quomodo
1895 5529 1987 5584 hic

334 5617 542 5673 Thales
575 5618 645 5673 de
679 5614 987 5671 Divinitate
1020 5612 1417 5685 interrogatus
1457 5616 1603 5672 nihil
1636 5619 1989 5689 respondere

337 5722 516 5763 ausus
546 5706 771 5778 luisset,
799 5704 922 5779 qui,
952 5701 1259 5760 sicutalibi
1290 5712 1421 5775 post
1451 5709 1723 5766 eumdem
1755 5708 1988 5767 Cicero-

2097 4724 2202 4780 tem
2234 4724 2415 4779 Deum
2446 4733 2768 4779 asseverant
2817 4722 3108 4794 (Apologet.
3144 4740 3269 4793 cap,
3304 4722 3391 4789 47,
3428 4737 3556 4792 pag.
3590 4720 3741 4791 515).

2098 4814 2276 4869 Visne
2308 4813 2563 4885 aliquem
2619 4813 2726 4869 tibi
2761 4818 2967 4868 testem
3020 4810 3311 4883 proferri?
3352 4812 3433 4865 En
3465 4811 3631 4865 adest
3660 4809 3746 4865 Ci-

2099 4903 2376 4974 cer0,qui
2410 4900 2691 4958 Velleium
2746 4902 2828 4956 sic
2861 4902 2929 4956 de
2978 4902 3218 4956 Platone
3274 4900 3611 4971 loquentem
3660 4898 3745 4953 in-

2098 4992 2283 5047 duxit:
2317 4992 2506 5056 -Quod
2529 5008 2659 5046 vero
2685 4991 2808 5046 sine
2833 5008 3069 5062 corpore
3092 4990 3209 5046 ullo
3234 4990 3414 5045 Deum
3452 4987 3575 5042 vult
3595 5002 3745 5056 esse,

2100 5087 2163 5137 ut
2187 5082 2366 5137 Grazci
2398 5081 2602 5136 dicunt
2622 5078 2935 5152 ἀσώματον,
2961 5080 3019 5135 id
3053 5079 3226 5151 quale
3257 5096 3383 5135 esse
3416 5076 3621 5149 possit,
3655 5074 3748 5129 in-

2097 5171 2281 5243 telligi
2314 5190 2427 5227 non
2464 5178 2670 5244 potest.
2702 5194 2728 5222 ››
2764 5172 2971 5242 (Cicer.
3006 5171 3044 5226 l.
3098 5188 3116 5226 1
3163 5170 3228 5226 do
3287 5172 3472 5225 Natur
3502 5166 3654 5221 deor.
3686 5181 3744 5235 p.

2096 5262 2287 5330 200,1.
2326 5268 2482 5335 xui.)
2516 5264 2727 5317 Eadem
2762 5262 2831 5317 de
2891 5262 3001 5317 hoc
3056 5258 3545 5331 philosophorum
3580 5253 3744 5325 prin-

2098 5352 2223 5424 cipe
2256 5356 2454 5407 narrat
2500 5352 2801 5407 Laertius:
2859 5351 3193 5419 Opinantur,
3250 5346 3463 5418 inquit,
3499 5344 3749 5400 animum

2098 5444 2238 5497 sicut
2302 5443 2492 5508 Deum,
2583 5458 2690 5496 ess;
2775 5440 3172 5509 incorporalem
3251 5434 3537 5505 ἀσώματον
3613 5430 3747 5483 εἶναι

2100 5532 2313 5602 (Laert.
2366 5532 2467 5586 lib.
2529 5549 2612 5597 111,
2686 5530 2744 5583 in
2826 5530 2938 5583 Vita
2989 5528 3230 5593 Platon.,
3281 5525 3311 5597 §
3357 5524 3468 5593 77).
3521 5520 3748 5577 Laertio

2100 5628 2293 5679 autem
2318 5621 2689 5687 Plutarchus,
2726 5616 3035 5685 Eusebius,
3068 5614 3370 5688 Apuleius,
3404 5618 3459 5670 01
3488 5610 3587 5669 alii
3629 5613 3752 5667 sut-

2096 5712 2403 5784 fragantur
2458 5706 2776 5783 (Plutarch.
2838 5704 2939 5762 lib.
3000 5723 3018 5762 ι
3086 5706 3150 5762 dc
3205 5705 3385 5763 Placit
3430 5701 3749 5777 philosoph.
