4158 6358
439 373 558 435 903

956 369 1486 432 TERTULLIANI
1529 365 1848 429 OPERUM
1894 367 2094 428 PARS
2138 368 2188 428 l.
2218 400 2298 412 —
2328 367 2600 432 SERIES
2644 372 2693 446 Ι,
2737 369 3305 432 APOLOGETICA.

3721 371 3842 434 904

439 522 568 579 cap.
591 506 651 572 ’7,
687 520 818 578 pag.
851 503 950 558 831
981 519 994 570 ;
1028 501 1231 556 Euseb.
1286 503 1428 556 Orat
1471 501 1787 564 Constant,
1827 515 1885 570 p.
1927 500 2034 553 200
2070 514 2085 568 ς
2119 499 2172 566 Α
2202 499 2348 554 Phil.
2383 503 2527 558 tom.
2559 501 2634 570 II,
2666 517 2800 574 pag.
2829 502 2898 556 28
2929 517 3089 572 seqq.
3120 504 3160 570 ).
3209 501 3336 558 Alio
3367 505 3564 558 autem
3594 500 3655 557 in
3685 501 3838 558 libro

434 595 659 651 Platon.
679 592 921 658 tom.IlI,
947 591 1171 663 pag.27,
1202 591 1293 659 28,
1317 592 1373 643 et
1394 587 1553 657 alibi;
1577 587 1779 660 Apulei
1803 587 1874 643 de
1910 588 2074 654 Deo}.

508 681 948 750 Quantumlibet
988 684 1182 736 autem
1239 693 1372 733 vera
1426 678 1503 732 sit
1560 677 1680 732 haec
1739 676 1954 748 opinio,
2005 677 2075 731 ab

2193 587 2476 659 scriptum
2507 589 2580 644 ab
2612 605 2676 645 eo
2708 589 2982 662 legimus,
3016 589 3222 654 Deum,
3255 589 3512 644 universi
3544 589 3836 662 guberna-

2188 679 2392 744 torem,
2425 682 2559 748 post
2590 678 2876 734 mundum
2910 694 3119 750 resque
3141 695 3343 734 omnes
3376 683 3623 744 creatas,
3657 679 3837 735 dimi-

435 772 568 828 aliis
601 775 796 825 tamen
821 767 1138 841 gentilibus
1161 766 1525 839 philosophis
1547 767 1760 835 rejects
1789 770 1897 820 est.
1932 765 2078 820 Nam
2188 765 2334 821 sisse
2364 765 2524 822 illius
2583 769 2818 839 regendi
2870 767 3152 838 habenas,
3185 772 3241 822 et
3295 768 3354 823 in
3388 785 3553 824 suam
3591 769 3840 826 rediisse

432 860 690 916 Velleius
751 858 902 930 apud
964 857 1323 925 Ciceronem,
1377 854 1460 910 uti
1530 871 1664 910 mox
1714 854 2074 924 dicebamus,

2187 854 2354 924 quasi
2380 854 2674 926 speculam
2700 856 2903 926 (Idem,
2927 856 3088 910 Polil.
3116 872 3247 927 pag.
3273 857 3378 910 272
3410 856 3596 928 seqq).
3630 861 3837 913 Postea

435 948 819 1006 contendebat
851 945 1092 1014 intelligi
1152 961 1267 1000 non
1320 961 1492 1015 posse
1542 943 1680 1014 quid
1715 942 1954 1014 qualeve
2000 942 2078 997 sit
2182 957 2335 1013 vero,
2369 959 2441 998 ne
2499 944 2776 1014 mundus,
2835 943 3010 1000 variis
3069 946 3519 1015 tempestatibus
3569 950 3626 1001 et
3656 945 3836 1001 malis

434 1039 585 1110 quod
648 1037 1052 1108 incorporeum
1110 1038 1350 1088 vocatur
1403 1033 1664 1104 (Socrat.,
1716 1031 1920 1098 Cicer.,
1972 1031 2070 1086 Ioc.

434 1131 529 1185 cit.
565 1127 801 1198 .Neque
859 1125 956 1181 alii
1017 1124 1192 1180 etiam
1253 1123 1586 1195 philosophi
1639 1121 1924 1193 explicare
1971 1137 2071 1192 po-

429 1221 669 1273 inerunt
701 1232 825 1288 qua:
859 1213 1092 1269 sitvera
1124 1212 1202 1268 rei
1244 1212 1596 1284 incorporeas
1619 1210 1748 1265 idea
1789 1214 1844 1265 et
1891 1208 2067 1264 notio.

497 1305 670 1361 Stoici
704 1320 859 1369 vero,
915 1302 1102 1373 pergit
1150 1304 1352 1356 auctor
1399 1303 1619 1369 noster,
1651 1299 1833 1354 Deum
1867 1313 2068 1368 corpo-

428 1395 608 1451 ralem
642 1409 770 1448 esse
801 1391 1191 1464 praedicarunt
1224 1389 1516 1462 (Apologct.
1552 1404 1678 1459 cap.
1710 1387 1835 1454 515,
1868 1390 2010 1441 tom.
2047 1385 2069 1440 Ι

429 1486 689 1556 Apparat.
728 1480 831 1537 lib.
873 1497 956 1549 ιιι,
1016 1479 1247 1535 dissert.
1301 1479 1350 1549 1,
1402 1494 1528 1550 cap.
1579 1477 1665 1546 11,
1699 1480 1808 1532 art.
1839 1478 1908 1542 2;
1947 1474 2068 1530 Dis-

426 1579 615 1627 sertat.
669 1573 730 1626 in
779 1569 971 1624 Minui.
1019 1584 1145 1640 cap.
1206 1569 1257 1633 4,
1304 1571 1411 1622 art.
1465 1566 1571 1638 10).
1606 1565 1685 1621 De
1730 1563 1838 1619 hac
1870 1566 2065 1618 autem

431 1659 761 1715 Stoicorum
794 1657 1087 1730 Opinione,
1122 1673 1247 1726 quas
1281 1655 1422 1722 suis,
1456 1651 1948 1726 propterillorum
1985 1667 2066 1705 re-

421 1747 803 1820 pugnantias,
861 1743 1310 1800 difficultatibus
1376 1759 1491 1799 non
1541 1746 1716 1807 caret,
1771 1757 1878 1795 nos
1928 1739 2062 1794 alibi

418 1836 877 1908 disputavimus.
929 1831 1130 1887 Plures
1170 1836 1363 1887 autem
1415 1830 1744 1897 citavimus,
1797 1829 1895 1900 qui
1929 1828 2060 1883 illos

421 1924 480 1980 in
514 1925 672 1980 hunc
696 1939 948 1979 errorem
982 1937 1176 1978 revera
1207 1922 1402 1993 lapsos
1443 1920 1624 1975 fuisse
1655 1918 2059 1975 testificantur.

494 2031 875 2102 Prosequitur
915 2027 1348 2085 Tertullianus:
1381 2028 1513 2096 Alii,
1537 2026 1815 2081 nimirum
1850 2025 2061 2096 Epicn-

423 2141 524 2181 rus
554 2123 796 2194 ejusque
823 2124 1161 2190 sectatores,
1193 2136 1262 2175 επ
1291 2121 1508 2186 atomis,
1544 2119 1650 2173 alii
1687 2133 1762 2172 ex
1790 2118 2062 2186 numeris,

422 2208 912 2284 quemadmodum
969 2206 1344 2278 Pythagoras,
1378 2206 1485 2260 alii
1511 2220 1579 2261 em
1607 2206 1751 2273 igne,
1778 2205 1929 2259 sicut
1959 2203 2063 2257 He-

424 2299 691 2366 raclitus,
738 2297 922 2352 Deum
974 2299 1240 2351 constare
1306 2294 1645 2367 garriebant
1695 2291 2060 2360 (Tertullian.

420 2389 516 2445 loc.
571 2389 663 2442 cit.
714 2389 857 2441 tom.
904 2385 925 2438 Ι
972 2383 1234 2454 Apparet.
1296 2399 1425 2454 pag.
1460 2383 1598 2448 435;
1658 2383 1940 2436 Dissertat.
2000 2382 2060 2434 in

421 2477 614 2532 Minut.
692 2473 802 2530 loc.
861 2472 1010 2542 cit.;
1070 2473 1299 2528 Dissert.
1351 2473 1407 2527 in
1467 2471 1737 2538 Lactant,
1795 2487 1920 2541 cap.
1975 2471 2059 2540 12,

422 2569 532 2623 art.
570 2566 643 2635 1).
679 2563 782 2619 [lic
812 2567 1006 2619 autem
1039 2577 1244 2618 omnes
1275 2559 1667 2633 cpinabantur
1689 2576 1756 2614 ea
1786 2575 1912 2614 esse
1945 2557 2061 2628 pri-

426 2671 522 2711 ma
555 2668 748 2709 rerum
793 2651 1058 2706 omnium
1090 2648 1399 2721 principia,
1431 2664 1534 2704 nec
1568 2646 1711 2703 alios
1741 2663 1870 2704 esse
1902 2646 2062 2715 deos,

429 2747 494 2799 ut
525 2741 660 2797 alibi
693 2755 799 2796 nec
829 2739 1009 2796 semel
1033 2739 1265 2810 quidem
1296 2735 1839 2793 animadvertimus.

499 2831 698 2903 Neque
747 2828 944 2885 minus
994 2828 1302 2884 manifeste
1359 2825 1728 2899 probavimus
1785 2825 1976 2884 varias
2007 2830 2064 2881 et

425 2919 539 2977 sibi
585 2918 833 2974 invicem
894 2917 1192 2990 oppositas
1250 2915 1431 2972 fuisse
1479 2914 1961 2987 philosohporum
1995 2916 2065 2970 de

433 3008 650 3078 divina,
685 3006 836 3063 sicut
881 3007 960 3062 ait
1001 3004 1418 3075 Tertullianus,
1449 3003 1809 3076 providentia
1841 3003 2063 3076 opinio-

427 3112 580 3153 nesa
631 3093 908 3152 Platonici
967 3093 1142 3164 enim,
1201 3093 1392 3164 inquit
1440 3091 1558 3163 ille,
1614 3097 1916 3148 curantem
1975 3109 2062 3148 re-

2184 1036 2518 1102 quassatus,
2563 1033 2798 1104 penitus
2847 1033 3286 1104 dissolveretur,
3332 1035 3653 1106 resumpsit
3700 1035 3834 1103 ejus

2181 1119 2668 1191 gubernaculum,
2701 1121 2906 1194 illique
2961 1121 3208 1178 sollicite
3241 1122 3529 1190 insidens,
3562 1124 3832 1197 ejusdem

2178 1209 2376 1264 mundi
2407 1215 2600 1282 partes
2630 1213 2857 1267 ornavit
2888 1215 2944 1266 et
2976 1212 3332 1266 moderatur.

2247 1299 2319 1352 At
2347 1298 2520 1354 Stoici
2555 1303 2758 1355 contra
2807 1299 2956 1355 hanc
2989 1292 3435 1356 Platonicorum
3485 1299 3826 1371 opinionem

2177 1386 2590 1457 praedicabant,
2625 1388 2708 1443 uti
2759 1388 2841 1444 ait
2885 1387 3302 1459 Tertullianus,
3337 1393 3519 1444 Deum
3563 1404 3691 1444 esse
3731 1405 3830 1460 po.

2175 1475 2341 1529 situm
2384 1481 2545 1532 extra
2584 1477 2880 1544 mundum,
2913 1479 3011 1550 qui
3055 1478 3216 1549 ﬁguli
3270 1477 3425 1534 modo
3473 1479 3818 1533 emlrinsecus

2176 1566 2419 1636 torqueat
2465 1566 2664 1622 molem
2722 1566 2862 1621 hanc
2915 1566 3220 1639 (Apologet.
3250 1583 3380 1638 cap.
3405 1567 3494 1636 47,
3527 1570 3585 1621 et
3623 1565 3728 1622 lib.
3772 1584 3817 1621 ιι

2175 1650 2245 1705 ad
2290 1653 2508 1709 Naiton.
2542 1669 2666 1726 cap.
2704 1655 2780 1726 2).
2829 1654 2940 1710 Sed
2991 1671 3106 1709 non
3170 1653 3455 1709 minimus
3505 1653 3819 1708 dubitandi

2173 1739 2336 1796 locus
2366 1749 2451 1796 est
2475 1746 2672 1798 utrum
2712 1743 2833 1797 haec
2864 1741 2993 1814 ipsa
3016 1742 3189 1797 fuerit
3219 1743 3548 1798 Stoicorum
3581 1747 3820 1797 senten-

2174 1828 2275 1883 tia.
2322 1829 2461 1883 Nam
2523 1834 2713 1885 Zenon
2771 1829 3005 1885 illorum
3075 1830 3524 1902 antesignanus,
3573 1832 3823 1902 ejusque

2173 1917 2427 1985 asseclse,
2461 1917 2543 1972 uti
2601 1935 2668 1974 ex
2699 1918 2928 1975 Laertio
2977 1922 3034 1974 et
3089 1918 3396 1974 Plutarcho
3451 1919 3673 1975 discere
3703 1925 3820 1988 est,

2173 2005 2568 2062 arbitrabatur
2597 2007 2779 2062 Deum
2822 2023 2950 2062 esse
2980 2011 3259 2079 mentem,
3293 2025 3419 2080 quas
3452 2008 3648 2063 omnia
3682 2025 3820 2081 per-

2175 2094 2361 2166 tingat
2420 2111 2484 2149 ac
2523 2098 2782 2166 penetret
2833 2098 3043 2166 (Laert.
3102 2095 3201 2150 lib.
3263 2114 3359 2165 vn,
3396 2097 3494 2152 Vit.
3554 2097 3823 2171 Zenon.§

2174 2183 2275 2237 138
2299 2186 2354 2237 et
2386 2183 2530 2250 147;
2591 2183 2883 2240 Plutarch.
2940 2186 3042 2241 lib.
3086 2201 3104 2241 ι
3135 2185 3200 2240 de
3261 2186 3467 2243 Placit.
3499 2185 3816 2258 Philosoph.

2171 2288 2296 2343 cap.
2330 2273 2385 2341 7,
2430 2288 2562 2344 pag.
2613 2274 2758 2345 882).
2799 2274 2916 2330 Nos
2959 2274 3134 2330 etiam
3186 2273 3329 2329 alibi
3379 2275 3820 2331 observavimus

2171 2360 2322 2415 hanc
2369 2377 2566 2416 revera
2611 2363 2790 2418 fuisse
2840 2363 3075 2420 illorum
3126 2364 3485 2436 opinionem.
3521 2363 3643 2427 Qua
3681 2381 3820 2437 ergo

2172 2450 2398 2506 ratione
2428 2457 2631 2508 auctor
2680 2458 2878 2509 noster
2923 2458 3044 2509 tam
3091 2459 3495 2510 asseveranter
3525 2455 3823 2511 affirmare

2172 2539 2364 2610 potuit
2393 2540 2614 2596 Stoicos
2660 2541 2928 2599 docuisse
2954 2544 3130 2598 Deum
3163 2543 3420 2616 positum
3471 2559 3599 2600 esse
3627 2543 3823 2601 instar

2173 2627 2335 2700 ﬁguli
2377 2633 2538 2685 extra
2584 2629 2927 2687 fabricatam
2961 2648 2994 2686 a
3045 2647 3105 2687 se
3131 2635 3315 2688 totam
3361 2632 3565 2687 mundi
3599 2633 3816 2689 molem

2172 2718 2359 2788 (Tom.
2411 2718 2454 2787 Ι,
2513 2722 2777 2790 Apparet.
2826 2736 2957 2792 pag.
2987 2719 3132 2787 780;
3165 2720 3322 2792 Lips.
3375 2719 3480 2775 lib.
3522 2738 3540 2775 ι
3573 2722 3815 2793 Psycha-

2174 2807 2276 2878 Iog.
2309 2808 2471 2864 Stoic.
2515 2809 2747 2864 dissert.
2781 2810 2870 2878 31,
2903 2825 3036 2882 pag.
3063 2809 3190 2877 565,
3214 2813 3358 2865 tom.
3393 2809 3540 2882 IV)?

2242 2912 2616 2968 Difﬁcultatis
2666 2912 2848 2984 hujus
2905 2914 3124 2969 nodum
3177 2917 3335 2969 secat
3377 2913 3594 2986 potius,
3635 2931 3815 2988 quam

2175 3000 2345 3057 solvit
2363 3001 2781 3074 Lipsius.Haud
2803 3002 3362 3058 dubitanteretenim
3385 3003 3816 3060 Tertullianum

2175 3090 2254 3145 ibi
2287 3090 2481 3163 arguit
2532 3091 2766 3160 erroris,
2798 3108 2910 3162 quo
2956 3091 3165 3148 Stoicis
3207 3091 3350 3147 illud
3394 3092 3621 3162 tribuit,
3654 3095 3815 3166 quod

428 3203 581 3253 rum,
613 3189 816 3240 contra
861 3183 1126 3256 Epicurei
1173 3181 1422 3238 otiosum
1473 3186 1529 3236 et
1571 3181 1974 3251 inexercitum,
2007 3185 2065 3238 et
2102 3246 2137 3256 _
2177 3181 2246 3236 ab
2281 3181 2352 3236 iis
2385 3197 2487 3236 nec
2548 3181 2792 3250 dictum,
2826 3196 2930 3237 nec
2977 3180 3296 3253 cogitatum
3328 3182 3566 3254 quidem
3599 3183 3811 3239 fuerat.

428 3279 493 3330 ut
516 3275 596 3330 ita
625 3246 1216 3342 dixerim,.nemtnem
1239 3269 1516 3326 humanis
1548 3271 1722 3327 rebus
1755 3287 1881 3327 esse
1914 3288 2061 3343 pra-
2094 3246 2138 3319 α
2177 3271 2334 3326 Itane
2362 3287 2495 3327 vero
2535 3272 2750 3327 erravit
2779 3269 3218 3327 Tertullianus?
3248 3271 3547 3344 Numquid
3579 3272 3818 3345 ignora-

426 3362 717 3419 dicebant.
751 3385 773 3414 ι
831 3360 1187 3433 (Tertullian.
1221 3360 1494 3431 Apologet.
1529 3376 1650 3431 cap.
1689 3361 1778 3431 47,
1800 3364 1857 3416 et
1886 3359 1986 3415 lib.
2021 3377 2062 3416 ιι

425 3451 496 3508 ad
549 3454 771 3509 Nalion.
812 3466 939 3521 cap.
971 3449 1049 3521 2.)
1094 3449 1172 3504 De
1204 3448 1442 3504 Platone
1471 3447 1521 3504 si
1576 3448 1745 3520 plura
1774 3449 1933 3515 velis,
1969 3449 2064 3505 adi

429 3538 743 3606 Laertium,
803 3543 862 3593 et
907 3537 1195 3593 dicentem
1257 3536 1498 3592 audies:
1533 3532 1712 3591 O'lstai
1761 3535 1849 3590 καὶ
1910 3535 2062 3599 θεοὺς

423 3625 610 3700 ἔνορᾷν
660 3625 726 3679 τὰ
789 3623 1115 3699 ἀνθρώπινα.
1151 3625 1302 3680 819
1348 3625 1665 3680 Arbitralur
1709 3630 1758 3682 et
1808 3626 1929 3682 deos
1959 3627 2062 3682 hu-

420 3732 589 3772 mana
619 3730 839 3771 cernere
885 3719 934 3771 et
962 3731 1158 3770 curare
1187 3714 1393 3786 (Laerl.
1428 3713 1528 3770 lib.
1561 3731 1624 3771 ιιι
1684 3717 1786 3770 Vit.
1821 3716 2059 3784 Platon.,

421 3805 585 3876 378).
619 3804 732 3860 Nec
780 3802 875 3858 alii
909 3801 1106 3875 plures
1155 3801 1395 3869 citandi,
1446 3803 1919 3874 quandoquidem
1953 3805 2063 3860 hoc

423 3901 479 3950 et
507 3893 752 3966 ipsemet
799 3892 959 3948 Plato
1014 3892 1226 3964 saepius
1277 3893 1528 3948 asseruit
1575 3893 1807 3960 (Phaod.,
1840 3898 1981 3950 tom.
2017 3895 2060 3965 Ι,

422 4000 478 4056 p.
511 3985 601 4053 62,
645 3986 793 4054 post.
848 3982 1047 4051 med).
1089 3980 1319 4036 Alieubi
1359 3981 1513 4036 enim
1547 3981 1629 4037 ait
1653 3983 1833 4038 Deum
1876 3983 2062 4039 nostri

423 4088 622 4127 curam
656 4086 875 4143 gerere,
911 4086 1023 4125 non
1056 4086 1226 4125 secus
1257 4085 1322 4123 ac
1359 4068 1436 4123 rei
1473 4085 1589 4124 suae
1621 4071 2014 4141 possessionis
2044 4072 2060 4142 )

421 4159 521 4214 Τὸν
546 4156 663 4214 Οεόν
677 4179 733 4213 τε
748 4159 877 4214 εἶναι
898 4159 988 4213 τὸν
1015 4156 1444 4231 ἐπιμελούμενον
1465 4157 1595 4212 εἶναι
1619 4160 1893 4231 ἡμῶν,καὶ
1913 4163 2058 4234 ἡμᾶς

423 4243 627 4303 ἐκείνου
681 4250 932 4322 κτήματα
991 4247 1122 4302 εἶναι
1155 4249 1361 4320 (Idem,
1395 4247 1433 4302 1.
1465 4265 1521 4319 Χ,
1567 4249 1634 4304 de
1663 4250 1786 4321 Leg.
1821 4269 1876 4324 p.
1911 4253 2056 4322 285).

420 4337 568 4394 Alibi
599 4355 731 4396 vero
756 4340 909 4396 haud
944 4339 1279 4394 dubitanter
1310 4342 1599 4393 asseverat
1627 4339 1877 4410 primam
1901 4341 2059 4397 insa-

425 4419 583 4476 niam
600 4436 727 4476 esse
743 4421 882 4476 deos
898 4419 1457 4491 negare,secundam
1473 4423 1668 4474 autem
1688 4436 1944 4477 asserere
1963 4439 2059 4479 eos

423 4525 621 4565 curam
653 4527 770 4566 non
807 4509 1020 4564 habere
1052 4506 1358 4562 hominum
1387 4504 1494 4560 εΤὸ
1519 4502 1784 4583 δεύτερον,
1821 4503 1975 4571 ὄντας
1997 4509 2056 4564 οὗ

2172 3359 2290 3428 bat,
2316 3364 2417 3416 aut
2455 3377 2523 3415 ex
2553 3364 2746 3416 mente
2779 3359 2938 3416 illius
2981 3360 3296 3430 exciderat,
3329 3361 3485 3431 quod
3517 3361 3692 3417 Stoici
3742 3363 3817 3418 de

2174 3454 2368 3504 mente
2416 3449 2633 3516 divina,
2682 3449 2971 3504 mundum
3047 3448 3385 3505 universum
3441 3451 3815 3524 pervadente,

2173 3537 2581 3593 tradiderant?
2623 3537 2861 3593 Minime
2901 3538 3160 3610 quidem.
3213 3539 3360 3595 Nam
3403 3539 3515 3596 alio
3568 3540 3627 3595 in
3667 3539 3821 3597 libro

2172 3627 2290 3683 haec
2323 3626 2558 3700 scriptis
2588 3627 2926 3683 mandavit:
2959 3628 3112 3684 820
3145 3649 3167 3678 α
3201 3627 3376 3684 Stoici
3400 3628 3601 3684 volunt
3629 3629 3821 3685 Deum

2174 3716 2257 3771 sic
2309 3732 2411 3786 per
2465 3716 2769 3771 materiam
2819 3716 3170 3784 decurrisse,
3224 3717 3517 3788 quomodo
3559 3718 3672 3774 mel
3714 3735 3822 3790 per

2173 3805 2417 3860 favos.»
2474 3804 2740 3876 (Tertull.
2773 3804 2899 3860 adv.
2954 3806 3276 3875 Hermogen.
3329 3821 3456 3878 cap.
3508 3806 3621 3879 44.)
3667 3809 3818 3863 Con-

2171 3894 2535 3950 tradictionis
2593 3894 2793 3966 itaque
2851 3894 3069 3966 potius,
3120 3911 3296 3965 quam
3357 3895 3666 3952 oblivionis
3713 3901 3820 3952 aut

2168 3981 2511 4054 ignorantiae
2551 3982 2883 4039 insimulari
2933 3982 3153 4038 debuit.
3188 3984 3297 4038 Sed
3325 3985 3578 4054 majores
3608 3985 3816 4057 procul

2170 4071 2348 4126 dubio
2379 4076 2546 4127 erant
2592 4071 2943 4137 Stoicorum,
2991 4087 3168 4141 quam
3219 4071 3586 4138 Tertulliani,
3636 4089 3817 4144 repu-

2169 4158 2444 4231 gnantia,
2478 4176 2625 4231 quas
2670 4159 3017 4215 Plutarchus
3066 4159 3311 4231 integris
3362 4160 3420 4214 in
3454 4160 3621 4216 libris
3648 4166 3818 4233 pate-

2169 4248 2323 4314 fecit,
2383 4265 2604 4319 nosque
2691 4248 2907 4304 alicubi
2982 4249 3360 4318 notavimus(
3407 4249 3688 4306 Dissertat.
3757 4253 3822 4306 in

2167 4338 2412 4392 Lactant.
2475 4354 2600 4409 cap.
2651 4338 2743 4407 21,
2803 4342 2910 4392 art.
2973 4338 3050 4407 2).
3112 4337 3314 4394 Nonne
3382 4353 3517 4410 ergo
3575 4338 3817 4394 illorum

2169 4425 2383 4496 potius,
2409 4442 2583 4498 quam
2609 4425 2787 4496 hujus
2808 4425 3212 4498 repugnantiis
3239 4426 3295 4481 id
3321 4427 3532 4482 ascribi
3566 4432 3822 4499 poterat!

2240 4532 2385 4596 Quid
2425 4549 2580 4599 vero,
2617 4533 2669 4588 si
2694 4533 2930 4600 Seneca,
2960 4536 3019 4587 et
3047 4531 3173 4604 ipse
3203 4533 3454 4605 Stoicus,
3488 4533 3641 4590 hanc
3672 4551 3820 4590 con-

421 4597 721 4673 φροντίζιιν
757 4595 1055 4670 ἀνθρώπων
1081 4594 1253 4664 (Ibid.
1289 4611 1420 4667 pag.
1462 4597 1566 4650 899
1598 4613 1718 4669 seq.
1826 4601 1930 4654 Sed
1955 4599 2062 4656 huc

2178 4594 2586 4676 tradictionem
2619 4619 2861 4676 tollendi
2894 4594 3380 4676 nobisorationem
3404 4594 3667 4694 suggerit
3692 4621 3820 4678 ‘IDe

423 4685 524 4743 ille
554 4691 755 4758 postea
780 4686 967 4741 fusius
1000 4684 1472 4757 prosequiturﬂfet
1492 4685 1763 4741 insanum
1800 4687 1944 4743 illud
1976 4706 2064 4746 er-

423 4790 616 4831 rorem
639 4773 1192 4847 proﬂigatetevertit
1215 4775 1517 4846 (Dissertat.
1544 4775 1603 4828 in
1625 4775 1869 4832 Lactant.
1895 4794 1944 4832 c.
1977 4780 2064 4848 14,

423 4867 534 4920 art.
570 4865 640 4934 1).
666 4866 735 4919 At
766 4864 1229 4920 absurdissimus
1255 4861 1354 4917 ille
1384 4878 1542 4917 error
1573 4867 1660 4918 est
1682 4864 1912 4935 Epicuri
1944 4884 2062 4923 sec.

420 4957 796 5025 tutorumque
826 4954 974 5026 ejus,
1011 4954 1163 5010 sicut
1192 4970 1224 5007 a
1257 4952 1424 5007 nobis
1456 4951 1918 5010 demonstratum
1954 4962 2060 5014 cst.

496 5061 885 5127 Quamobrem
946 5065 1149 5118 auctor
1198 5061 1395 5114 noster
1453 5058 1625 5130 paulo
1674 5066 1806 5132 post
1853 5064 2064 5133 adjecit

423 5149 855 5207 Platonicorum
889 5151 960 5207 de
991 5150 1127 5206 sede
1156 5146 1255 5204 Dei
1287 5146 1619 5218 opinionem
1651 5149 1852 5220 fuisse,
1894 5152 2062 5208 illum

423 5241 678 5298 residere
700 5263 727 5292 «
761 5242 918 5297 intra
935 5240 1246 5308 mundum,
1279 5236 1399 5307 qui,
1433 5237 1840 5308 gubernatoris
1871 5258 2061 5298 exem-

422 5329 540 5403 plo,
583 5331 736 5386 intra
782 5329 927 5386 illud
978 5329 1210 5384 maneat
1264 5325 1419 5396 quod
1470 5331 1652 5398 regat.
1678 5350 1707 5377 »
1762 5329 2060 5402 (Apoleget.

424 5436 552 5492 cap.
587 5420 674 5488 47,
698 5423 755 5475 et
784 5419 886 5476 lib.
937 5434 977 5473 ιι
1010 5416 1079 5472 ad
1108 5416 1334 5472 Nation.
1365 5430 1490 5487 cap.
1523 5416 1601 5481 2.)
1629 5416 1698 5470 Et
1727 5433 1868 5473 sane
1897 5417 2061 5475 Plato

426 5508 685 5564 decernit
715 5509 1036 5580 probatque
1085 5502 1338 5562 mirabili
1369 5503 1624 5575 quadam
1657 5511 1852 5562 mente
1882 5513 1938 5563 et
1968 5525 2060 5564 sa-

426 5597 664 5668 pientia,
699 5614 823 5668 quas
868 5598 1020 5653 Deus
1059 5596 1183 5669 ipse
1231 5597 1338 5661 est,
1373 5592 1530 5648 hunc
1578 5595 1865 5652 mundum
1908 5600 2061 5654 certo

429 5685 857 5760 constitutoque
894 5686 1096 5746 ordine
1147 5686 1484 5742 constanter
1530 5681 1844 5756 gubernari
1892 5687 2062 5761 (Plat.

2176 4710 2292 4765 Deo
2349 4709 2637 4781 siquidem
2712 4709 2868 4764 hunc
2940 4707 3037 4764 ille
3099 4708 3336 4765 disserit
3394 4710 3453 4765 in
3513 4712 3752 4767 modum
3801 4729 3816 4768 :

2175 4821 2202 4849 ‹‹
2237 4799 2384 4864 Quid
2433 4803 2522 4854 est
2560 4799 2714 4854 Deus
2738 4798 2765 4852 ?
2796 4803 2956 4853 Mens
3004 4798 3286 4854 universi.
3321 4800 3469 4864 Quid
3501 4806 3593 4856 est
3615 4799 3820 4856 Deus?

2175 4886 2334 4952 Quod
2368 4886 2527 4943 vides
2571 4892 2784 4954 totum,
2819 4893 2876 4942 et
2914 4888 3070 4958 quod
3120 4903 3237 4943 non
3282 4889 3446 4943 vides
3477 4893 3689 4944 totum.
3721 4889 3819 4945 Sic

2174 4976 2412 5031 demum
2445 4975 2787 5046 magnitudo
2809 4993 2917 5033 sua
2947 4976 3032 5031 illi
3064 4976 3351 5047 redditur,
3375 4994 3491 5049 qua
3521 4977 3665 5034 nihil
3689 4995 3820 5034 ma-

2166 5065 2266 5134 jus
2317 5062 2626 5134 excogitari
2683 5069 2892 5136 potest,
2947 5065 2996 5120 si
3058 5063 3219 5121 solus
3268 5069 3378 5121 est.
3436 5067 3645 5123 Omnia
3669 5083 3820 5138 Opus

2173 5167 2347 5208 suum
2379 5155 2436 5206 et
2466 5151 2617 5206 intra
2645 5158 2702 5207 et
2735 5157 2896 5208 extra
2926 5156 3104 5208 tenet.
3127 5174 3154 5204 »
3189 5157 3416 5219 (Senec.
3450 5155 3675 5211 Praefat.
3709 5154 3816 5210 lib.

2172 5257 2212 5307 1,
2235 5239 2497 5295 Natural.
2532 5241 2737 5309 Quaest.
2771 5257 2902 5314 pag.
2933 5242 3060 5296 793.
3089 5242 3106 5314 )
3154 5241 3356 5298 Nonne
3386 5242 3542 5299 enim
3575 5243 3666 5298 bis
3689 5259 3820 5300 ver-

2172 5329 2262 5385 bis
2311 5329 2603 5402 significat
2659 5337 2841 5388 Deum
2891 5335 2950 5387 et
3007 5331 3163 5387 intra
3209 5337 3268 5388 et
3313 5337 3475 5388 extra
3525 5333 3820 5389 mundum

2173 5434 2319 5488 esse,
2351 5418 2487 5491 quia
2546 5420 2705 5475 omni
2752 5435 2926 5492 opere
2973 5436 3080 5475 suo
3138 5420 3326 5490 major
3384 5421 3510 5478 est?
3537 5423 3606 5479 At
3635 5420 3685 5477 si
3718 5420 3823 5478 illa

2173 5509 2284 5566 fuit
2305 5508 2634 5567 Stoicorum
2661 5510 2878 5582 opinio,
2907 5509 3032 5566 dua:
3056 5511 3293 5566 fuerunt
3313 5511 3575 5582 ejusdem
3591 5511 3816 5584 Opinio-

2173 5599 2265 5656 nis
2297 5603 2510 5672 partes.
2535 5599 2682 5668 Quid
2708 5617 2864 5673 ergo,
2890 5599 2938 5657 si
2962 5599 3362 5657 Tertullianus
3387 5602 3560 5658 unius
3580 5606 3815 5658 tantum

2172 5689 2356 5764 partis
2386 5689 2736 5763 meminerit,
2769 5694 2833 5748 ut
2862 5689 3083 5748 Stoicos
3112 5689 3428 5752 Platonicis
3460 5692 3822 5768 opponeret?
