  <div class='ocr_page' id='page_1' title='image "/cluster/home/n/w/nwhite01/storage/ocr_20150623/1/umn.31951002477295j/458.png"; bbox 0 0 4158 6328; ppageno 0'>
   <div class='ocr_carea' id='block_1_1' title="bbox 278 368 394 428">
    <p class='ocr_par' dir='ltr' id='par_1_1' title="bbox 278 368 394 428">
     <span class='ocr_line' id='line_1_1' title="bbox 278 368 394 428; baseline -0.009 0"><span class='ocrx_word' id='word_1_1' title='bbox 278 368 394 428; x_wconf 78' lang='grc'><strong>905</strong></span> 
     </span>
    </p>
   </div>
   <div class='ocr_carea' id='block_1_2' title="bbox 1189 363 2774 428">
    <p class='ocr_par' dir='ltr' id='par_1_2' title="bbox 1189 363 2774 428">
     <span class='ocr_line' id='line_1_2' title="bbox 1189 363 2774 428; baseline -0.001 -3"><span class='ocrx_word' id='word_1_2' title='bbox 1189 366 1261 425; x_wconf 86' lang='grc'><strong>1).</strong></span> <span class='ocrx_word' id='word_1_3' title='bbox 1308 366 1405 427; x_wconf 90' lang='lat' dir='ltr'><strong>LE</strong></span> <span class='ocrx_word' id='word_1_4' title='bbox 1451 364 1773 427; x_wconf 79' lang='lat' dir='ltr'><strong>NOURRY</strong></span> <span class='ocrx_word' id='word_1_5' title='bbox 1819 363 2467 426; x_wconf 80' lang='lat' dir='ltr'><strong>OBSERVATIONES</strong></span> <span class='ocrx_word' id='word_1_6' title='bbox 2514 364 2774 428; x_wconf 75' lang='grc' dir='ltr'><strong>ΝονΑῑ.</strong></span> 
     </span>
    </p>
   </div>
   <div class='ocr_carea' id='block_1_3' title="bbox 3567 361 3685 421">
    <p class='ocr_par' dir='ltr' id='par_1_3' title="bbox 3567 361 3685 421">
     <span class='ocr_line' id='line_1_3' title="bbox 3567 361 3685 421; baseline 0 0"><span class='ocrx_word' id='word_1_7' title='bbox 3567 361 3685 421; x_wconf 84' lang='grc'>906</span> 
     </span>
    </p>
   </div>
   <div class='ocr_carea' id='block_1_4' title="bbox 350 493 3675 572">
    <p class='ocr_par' dir='ltr' id='par_1_4' title="bbox 350 493 3675 572">
     <span class='ocr_line' id='line_1_4' title="bbox 350 493 3675 572; baseline -0.002 -15"><span class='ocrx_word' id='word_1_8' title='bbox 350 500 535 572; x_wconf 90' lang='lat' dir='ltr'><strong>Objici</strong></span> <span class='ocrx_word' id='word_1_9' title='bbox 566 505 760 556; x_wconf 90' lang='lat' dir='ltr'><strong>tamen</strong></span> <span class='ocrx_word' id='word_1_10' title='bbox 792 504 985 572; x_wconf 98' lang='lat' dir='ltr'><strong>potest</strong></span> <span class='ocrx_word' id='word_1_11' title='bbox 1014 500 1163 556; x_wconf 89' lang='lat' dir='ltr'><strong>hanc</strong></span> <span class='ocrx_word' id='word_1_12' title='bbox 1193 499 1459 556; x_wconf 82' lang='lat' dir='ltr'><strong>eamdem</strong></span> <span class='ocrx_word' id='word_1_13' title='bbox 1488 499 1823 571; x_wconf 81' lang='lat' dir='ltr'><strong>opinionem</strong></span> <span class='ocrx_word' id='word_1_14' title='bbox 1848 498 1920 553; x_wconf 91' lang='lat' dir='ltr'><strong>ab</strong></span> <span class='ocrx_word' id='word_1_15' title='bbox 1948 497 2004 565; x_wconf 77' lang='grc' dir='ltr'><strong>Α</strong></span> <span class='ocrx_word' id='word_1_16' title='bbox 2108 498 2364 570; x_wconf 85' lang='lat' dir='ltr'><strong>Denique</strong></span> <span class='ocrx_word' id='word_1_17' title='bbox 2394 516 2509 555; x_wconf 92' lang='lat' dir='ltr'><strong>non</strong></span> <span class='ocrx_word' id='word_1_18' title='bbox 2541 498 2850 554; x_wconf 84' lang='lat' dir='ltr'><strong>minimam</strong></span> <span class='ocrx_word' id='word_1_19' title='bbox 2873 496 3066 553; x_wconf 87' lang='lat' dir='ltr'><strong>adhuc</strong></span> <span class='ocrx_word' id='word_1_20' title='bbox 3092 510 3159 552; x_wconf 88' lang='lat' dir='ltr'><strong>ea</strong></span> <span class='ocrx_word' id='word_1_21' title='bbox 3180 493 3525 552; x_wconf 72' lang='lat' dir='ltr'><strong>Tertulliani</strong></span> <span class='ocrx_word' id='word_1_22' title='bbox 3545 511 3675 552; x_wconf 88' lang='lat' dir='ltr'><strong>ver-</strong></span> 
     </span>
    </p>
   </div>
   <div class='ocr_carea' id='block_1_5' title="bbox 277 587 1924 663">
    <p class='ocr_par' dir='ltr' id='par_1_5' title="bbox 277 587 1924 663">
     <span class='ocr_line' id='line_1_5' title="bbox 277 587 1924 663; baseline -0.002 -18"><span class='ocrx_word' id='word_1_23' title='bbox 277 591 405 663; x_wconf 90' lang='lat' dir='ltr'><strong>ipso</strong></span> <span class='ocrx_word' id='word_1_24' title='bbox 438 594 655 646; x_wconf 77' lang='lat' dir='ltr'><strong>Seneca</strong></span> <span class='ocrx_word' id='word_1_25' title='bbox 700 590 881 645; x_wconf 89' lang='lat' dir='ltr'><strong>tribui</strong></span> <span class='ocrx_word' id='word_1_26' title='bbox 902 590 1223 662; x_wconf 89' lang='lat' dir='ltr'><strong>Epicureis,</strong></span> <span class='ocrx_word' id='word_1_27' title='bbox 1259 605 1406 661; x_wconf 88' lang='lat' dir='ltr'><strong>quos</strong></span> <span class='ocrx_word' id='word_1_28' title='bbox 1445 587 1661 643; x_wconf 90' lang='lat' dir='ltr'><strong>idcirco</strong></span> <span class='ocrx_word' id='word_1_29' title='bbox 1714 587 1924 643; x_wconf 82' lang='lat' dir='ltr'><strong>acriter</strong></span> 
     </span>
    </p>
   </div>
   <div class='ocr_carea' id='block_1_6' title="bbox 277 677 1922 752">
    <p class='ocr_par' dir='ltr' id='par_1_6' title="bbox 277 677 1922 752">
     <span class='ocr_line' id='line_1_6' title="bbox 277 677 1922 752; baseline -0.003 -16"><span class='ocrx_word' id='word_1_30' title='bbox 277 679 517 752; x_wconf 81' lang='lat' dir='ltr'><strong>corripit</strong></span> <span class='ocrx_word' id='word_1_31' title='bbox 565 684 623 736; x_wconf 88' lang='lat' dir='ltr'><strong>et</strong></span> <span class='ocrx_word' id='word_1_32' title='bbox 680 680 969 752; x_wconf 82' lang='lat' dir='ltr'><strong>exagitat:</strong></span> <span class='ocrx_word' id='word_1_33' title='bbox 1030 701 1058 730; x_wconf 85' lang='lat'><strong>«</strong></span> <span class='ocrx_word' id='word_1_34' title='bbox 1110 680 1216 746; x_wconf 91' lang='lat' dir='ltr'><strong>Tu,</strong></span> <span class='ocrx_word' id='word_1_35' title='bbox 1268 678 1536 751; x_wconf 86' lang='lat' dir='ltr'><strong>Epicure,</strong></span> <span class='ocrx_word' id='word_1_36' title='bbox 1596 677 1922 749; x_wconf 86' lang='lat' dir='ltr'><strong>inquiebat,</strong></span> 
     </span>
    </p>
   </div>
   <div class='ocr_carea' id='block_1_7' title="bbox 276 767 1919 840">
    <p class='ocr_par' dir='ltr' id='par_1_7' title="bbox 276 767 1919 840">
     <span class='ocr_line' id='line_1_7' title="bbox 276 767 1919 840; baseline -0.003 -15"><span class='ocrx_word' id='word_1_37' title='bbox 276 769 462 825; x_wconf 90' lang='lat' dir='ltr'><strong>Deum</strong></span> <span class='ocrx_word' id='word_1_38' title='bbox 485 769 768 824; x_wconf 88' lang='lat' dir='ltr'><strong>inermem</strong></span> <span class='ocrx_word' id='word_1_39' title='bbox 797 769 1006 824; x_wconf 90' lang='lat' dir='ltr'><strong>facis...</strong></span> <span class='ocrx_word' id='word_1_40' title='bbox 1032 767 1331 840; x_wconf 88' lang='lat' dir='ltr'><strong>projecisti</strong></span> <span class='ocrx_word' id='word_1_41' title='bbox 1355 784 1485 822; x_wconf 90' lang='lat' dir='ltr'><strong>cum</strong></span> <span class='ocrx_word' id='word_1_42' title='bbox 1512 771 1671 821; x_wconf 83' lang='lat' dir='ltr'><strong>extra</strong></span> <span class='ocrx_word' id='word_1_43' title='bbox 1698 771 1919 821; x_wconf 89' lang='lat' dir='ltr'><strong>metum</strong></span> 
     </span>
    </p>
   </div>
   <div class='ocr_carea' id='block_1_8' title="bbox 275 857 1918 930">
    <p class='ocr_par' dir='ltr' id='par_1_8' title="bbox 275 857 1918 930">
     <span class='ocr_line' id='line_1_8' title="bbox 275 857 1918 930; baseline -0.002 -17"><span class='ocrx_word' id='word_1_44' title='bbox 275 858 397 929; x_wconf 84' lang='lat' dir='ltr'><strong>(alii</strong></span> <span class='ocrx_word' id='word_1_45' title='bbox 429 857 542 930; x_wconf 86' lang='lat' dir='ltr'><strong>legi</strong></span> <span class='ocrx_word' id='word_1_46' title='bbox 573 858 793 927; x_wconf 88' lang='lat' dir='ltr'><strong>volunt,</strong></span> <span class='ocrx_word' id='word_1_47' title='bbox 819 863 979 913; x_wconf 83' lang='lat' dir='ltr'><strong>extra</strong></span> <span class='ocrx_word' id='word_1_48' title='bbox 1011 859 1267 927; x_wconf 88' lang='lat' dir='ltr'><strong>metam).</strong></span> <span class='ocrx_word' id='word_1_49' title='bbox 1295 861 1457 911; x_wconf 82' lang='lat' dir='ltr'><strong>Hunc</strong></span> <span class='ocrx_word' id='word_1_50' title='bbox 1491 857 1671 927; x_wconf 86' lang='lat' dir='ltr'><strong>igitur</strong></span> <span class='ocrx_word' id='word_1_51' title='bbox 1687 860 1918 926; x_wconf 90' lang='lat' dir='ltr'><strong>septum</strong></span> 
     </span>
    </p>
   </div>
   <div class='ocr_carea' id='block_1_9' title="bbox 275 944 1920 1019">
    <p class='ocr_par' dir='ltr' id='par_1_9' title="bbox 275 944 1920 1019">
     <span class='ocr_line' id='line_1_9' title="bbox 275 944 1920 1019; baseline -0.001 -18"><span class='ocrx_word' id='word_1_52' title='bbox 275 948 500 1019; x_wconf 86' lang='lat' dir='ltr'><strong>ingenti</strong></span> <span class='ocrx_word' id='word_1_53' title='bbox 529 948 784 1017; x_wconf 90' lang='lat' dir='ltr'><strong>quodam</strong></span> <span class='ocrx_word' id='word_1_54' title='bbox 818 952 875 1002; x_wconf 91' lang='lat' dir='ltr'><strong>et</strong></span> <span class='ocrx_word' id='word_1_55' title='bbox 898 946 1291 1018; x_wconf 86' lang='lat' dir='ltr'><strong>inexplicabili</strong></span> <span class='ocrx_word' id='word_1_56' title='bbox 1319 963 1508 1013; x_wconf 89' lang='lat' dir='ltr'><strong>muro,</strong></span> <span class='ocrx_word' id='word_1_57' title='bbox 1551 944 1920 1016; x_wconf 87' lang='lat' dir='ltr'><strong>divisumque</strong></span> 
     </span>
    </p>
   </div>
   <div class='ocr_carea' id='block_1_10' title="bbox 273 1034 1917 1109">
    <p class='ocr_par' dir='ltr' id='par_1_10' title="bbox 273 1034 1917 1109">
     <span class='ocr_line' id='line_1_10' title="bbox 273 1034 1917 1109; baseline -0.001 -18"><span class='ocrx_word' id='word_1_58' title='bbox 273 1038 344 1091; x_wconf 89' lang='lat' dir='ltr'><strong>de</strong></span> <span class='ocrx_word' id='word_1_59' title='bbox 374 1043 677 1092; x_wconf 89' lang='lat' dir='ltr'><strong>contractu</strong></span> <span class='ocrx_word' id='word_1_60' title='bbox 702 1042 759 1091; x_wconf 91' lang='lat' dir='ltr'><strong>et</strong></span> <span class='ocrx_word' id='word_1_61' title='bbox 790 1042 1105 1109; x_wconf 88' lang='lat' dir='ltr'><strong>conspectu</strong></span> <span class='ocrx_word' id='word_1_62' title='bbox 1151 1034 1510 1101; x_wconf 85' lang='lat' dir='ltr'><strong>mortalium,</strong></span> <span class='ocrx_word' id='word_1_63' title='bbox 1562 1051 1676 1090; x_wconf 91' lang='lat' dir='ltr'><strong>non</strong></span> <span class='ocrx_word' id='word_1_64' title='bbox 1738 1034 1917 1089; x_wconf 89' lang='lat' dir='ltr'><strong>habes</strong></span> 
     </span>
    </p>
   </div>
   <div class='ocr_carea' id='block_1_11' title="bbox 274 1122 1918 1198">
    <p class='ocr_par' dir='ltr' id='par_1_11' title="bbox 274 1122 1918 1198">
     <span class='ocr_line' id='line_1_11' title="bbox 274 1122 1918 1198; baseline -0.002 -17"><span class='ocrx_word' id='word_1_65' title='bbox 274 1143 455 1198; x_wconf 84' lang='lat' dir='ltr'><strong>quare</strong></span> <span class='ocrx_word' id='word_1_66' title='bbox 486 1126 757 1181; x_wconf 85' lang='lat' dir='ltr'><strong>verearis.</strong></span> <span class='ocrx_word' id='word_1_67' title='bbox 780 1125 955 1180; x_wconf 86' lang='lat' dir='ltr'><strong>Nulla</strong></span> <span class='ocrx_word' id='word_1_68' title='bbox 979 1125 1059 1180; x_wconf 91' lang='lat' dir='ltr'><strong>illi</strong></span> <span class='ocrx_word' id='word_1_69' title='bbox 1086 1140 1187 1179; x_wconf 91' lang='lat' dir='ltr'><strong>nec</strong></span> <span class='ocrx_word' id='word_1_70' title='bbox 1213 1124 1650 1193; x_wconf 88' lang='lat' dir='ltr'><strong>tribuendi,nec</strong></span> <span class='ocrx_word' id='word_1_71' title='bbox 1674 1122 1918 1179; x_wconf 86' lang='lat' dir='ltr'><strong>nocendi</strong></span> 
     </span>
    </p>
   </div>
   <div class='ocr_carea' id='block_1_12' title="bbox 273 1213 1917 1283">
    <p class='ocr_par' dir='ltr' id='par_1_12' title="bbox 273 1213 1917 1283">
     <span class='ocr_line' id='line_1_12' title="bbox 273 1213 1917 1283; baseline -0.001 -14"><span class='ocrx_word' id='word_1_72' title='bbox 273 1216 519 1269; x_wconf 84' lang='lat' dir='ltr'><strong>materia</strong></span> <span class='ocrx_word' id='word_1_73' title='bbox 552 1220 659 1269; x_wconf 85' lang='lat' dir='ltr'><strong>est.</strong></span> <span class='ocrx_word' id='word_1_74' title='bbox 698 1216 759 1272; x_wconf 91' lang='lat' dir='ltr'><strong>In</strong></span> <span class='ocrx_word' id='word_1_75' title='bbox 786 1215 979 1270; x_wconf 90' lang='lat' dir='ltr'><strong>medio</strong></span> <span class='ocrx_word' id='word_1_76' title='bbox 1014 1213 1318 1269; x_wconf 86' lang='lat' dir='ltr'><strong>intervallo</strong></span> <span class='ocrx_word' id='word_1_77' title='bbox 1350 1213 1530 1283; x_wconf 84' lang='lat' dir='ltr'><strong>hujus</strong></span> <span class='ocrx_word' id='word_1_78' title='bbox 1563 1218 1619 1267; x_wconf 89' lang='lat' dir='ltr'><strong>et</strong></span> <span class='ocrx_word' id='word_1_79' title='bbox 1675 1213 1917 1268; x_wconf 90' lang='lat' dir='ltr'><strong>alterius</strong></span> 
     </span>
    </p>
   </div>
   <div class='ocr_carea' id='block_1_13' title="bbox 273 1302 1913 1372">
    <p class='ocr_par' dir='ltr' id='par_1_13' title="bbox 273 1302 1913 1372">
     <span class='ocr_line' id='line_1_13' title="bbox 273 1302 1913 1372; baseline 0 -15"><span class='ocrx_word' id='word_1_80' title='bbox 273 1304 401 1358; x_wconf 81' lang='lat' dir='ltr'><strong>coeli</strong></span> <span class='ocrx_word' id='word_1_81' title='bbox 436 1305 727 1370; x_wconf 87' lang='lat' dir='ltr'><strong>desertus,</strong></span> <span class='ocrx_word' id='word_1_82' title='bbox 763 1305 891 1359; x_wconf 87' lang='lat' dir='ltr'><strong>sine</strong></span> <span class='ocrx_word' id='word_1_83' title='bbox 920 1303 1184 1372; x_wconf 80' lang='lat' dir='ltr'><strong>animali,</strong></span> <span class='ocrx_word' id='word_1_84' title='bbox 1218 1303 1344 1358; x_wconf 89' lang='lat' dir='ltr'><strong>sine</strong></span> <span class='ocrx_word' id='word_1_85' title='bbox 1375 1302 1634 1367; x_wconf 90' lang='lat' dir='ltr'><strong>homine,</strong></span> <span class='ocrx_word' id='word_1_86' title='bbox 1668 1302 1793 1357; x_wconf 88' lang='lat' dir='ltr'><strong>sine</strong></span> <span class='ocrx_word' id='word_1_87' title='bbox 1834 1319 1913 1369; x_wconf 92' lang='lat' dir='ltr'><strong>re,</strong></span> 
     </span>
    </p>
   </div>
   <div class='ocr_carea' id='block_1_14' title="bbox 280 1392 1915 1465">
    <p class='ocr_par' dir='ltr' id='par_1_14' title="bbox 280 1392 1915 1465">
     <span class='ocr_line' id='line_1_14' title="bbox 280 1392 1915 1465; baseline 0 -18"><span class='ocrx_word' id='word_1_88' title='bbox 280 1394 485 1449; x_wconf 87' lang='lat' dir='ltr'><strong>ruinas</strong></span> <span class='ocrx_word' id='word_1_89' title='bbox 516 1394 895 1459; x_wconf 91' lang='lat' dir='ltr'><strong>mundorum,</strong></span> <span class='ocrx_word' id='word_1_90' title='bbox 918 1410 1098 1465; x_wconf 84' lang='lat' dir='ltr'><strong>supra</strong></span> <span class='ocrx_word' id='word_1_91' title='bbox 1118 1410 1179 1448; x_wconf 92' lang='lat' dir='ltr'><strong>se</strong></span> <span class='ocrx_word' id='word_1_92' title='bbox 1199 1392 1468 1464; x_wconf 89' lang='lat' dir='ltr'><strong>circaque</strong></span> <span class='ocrx_word' id='word_1_93' title='bbox 1500 1407 1561 1447; x_wconf 88' lang='lat' dir='ltr'><strong>se</strong></span> <span class='ocrx_word' id='word_1_94' title='bbox 1585 1392 1915 1447; x_wconf 89' lang='lat' dir='ltr'><strong>cadentium</strong></span> 
     </span>
    </p>
   </div>
   <div class='ocr_carea' id='block_1_15' title="bbox 288 1480 1914 1551">
    <p class='ocr_par' dir='ltr' id='par_1_15' title="bbox 288 1480 1914 1551">
     <span class='ocr_line' id='line_1_15' title="bbox 288 1480 1914 1551; baseline -0.003 -15"><span class='ocrx_word' id='word_1_95' title='bbox 288 1483 485 1548; x_wconf 87' lang='lat' dir='ltr'><strong>evitat,</strong></span> <span class='ocrx_word' id='word_1_96' title='bbox 520 1499 634 1537; x_wconf 90' lang='lat' dir='ltr'><strong>non</strong></span> <span class='ocrx_word' id='word_1_97' title='bbox 668 1481 985 1537; x_wconf 83' lang='lat' dir='ltr'><strong>exaudiens</strong></span> <span class='ocrx_word' id='word_1_98' title='bbox 1017 1486 1168 1551; x_wconf 90' lang='lat' dir='ltr'><strong>vota,</strong></span> <span class='ocrx_word' id='word_1_99' title='bbox 1202 1498 1305 1538; x_wconf 91' lang='lat' dir='ltr'><strong>nec</strong></span> <span class='ocrx_word' id='word_1_100' title='bbox 1346 1482 1530 1537; x_wconf 86' lang='lat' dir='ltr'><strong>nostri</strong></span> <span class='ocrx_word' id='word_1_101' title='bbox 1572 1480 1857 1537; x_wconf 90' lang='lat' dir='ltr'><strong>curiosus.</strong></span> <span class='ocrx_word' id='word_1_102' title='bbox 1886 1501 1914 1530; x_wconf 84' lang='lat'>»</span> 
     </span>
    </p>
   </div>
   <div class='ocr_carea' id='block_1_16' title="bbox 270 1571 1913 1643">
    <p class='ocr_par' dir='ltr' id='par_1_16' title="bbox 270 1571 1913 1643">
     <span class='ocr_line' id='line_1_16' title="bbox 270 1571 1913 1643; baseline -0.001 -17"><span class='ocrx_word' id='word_1_103' title='bbox 270 1571 286 1643; x_wconf 97' lang='lat'><strong>(</strong></span> <span class='ocrx_word' id='word_1_104' title='bbox 325 1572 502 1643; x_wconf 87' lang='lat' dir='ltr'><strong>Idem,</strong></span> <span class='ocrx_word' id='word_1_105' title='bbox 535 1571 635 1627; x_wconf 88' lang='lat' dir='ltr'><strong>lib.</strong></span> <span class='ocrx_word' id='word_1_106' title='bbox 666 1588 723 1626; x_wconf 86' lang='lat' dir='ltr'><strong>IV</strong></span> <span class='ocrx_word' id='word_1_107' title='bbox 751 1571 817 1626; x_wconf 87' lang='lat' dir='ltr'><strong>de</strong></span> <span class='ocrx_word' id='word_1_108' title='bbox 835 1572 1067 1641; x_wconf 83' lang='lat' dir='ltr'><strong>Beneﬁc.</strong></span> <span class='ocrx_word' id='word_1_109' title='bbox 1102 1588 1226 1643; x_wconf 89' lang='lat' dir='ltr'><strong>cap.</strong></span> <span class='ocrx_word' id='word_1_110' title='bbox 1270 1571 1358 1637; x_wconf 82' lang='lat' dir='ltr'><strong>l9,</strong></span> <span class='ocrx_word' id='word_1_111' title='bbox 1383 1586 1514 1643; x_wconf 87' lang='lat' dir='ltr'><strong>pag.</strong></span> <span class='ocrx_word' id='word_1_112' title='bbox 1547 1572 1661 1643; x_wconf 89' lang='lat'><strong>79.)</strong></span> <span class='ocrx_word' id='word_1_113' title='bbox 1685 1572 1747 1625; x_wconf 92' lang='lat' dir='ltr'><strong>In</strong></span> <span class='ocrx_word' id='word_1_114' title='bbox 1769 1587 1913 1642; x_wconf 88' lang='lat' dir='ltr'><strong>qua-</strong></span> 
     </span>
    </p>
   </div>
   <div class='ocr_carea' id='block_1_17' title="bbox 269 1659 1915 1733">
    <p class='ocr_par' dir='ltr' id='par_1_17' title="bbox 269 1659 1915 1733">
     <span class='ocr_line' id='line_1_17' title="bbox 269 1659 1915 1733; baseline -0.001 -17"><span class='ocrx_word' id='word_1_115' title='bbox 269 1663 404 1717; x_wconf 91' lang='lat' dir='ltr'><strong>dam</strong></span> <span class='ocrx_word' id='word_1_116' title='bbox 439 1677 673 1733; x_wconf 87' lang='lat' dir='ltr'><strong>quoque</strong></span> <span class='ocrx_word' id='word_1_117' title='bbox 714 1660 955 1732; x_wconf 88' lang='lat' dir='ltr'><strong>epistola</strong></span> <span class='ocrx_word' id='word_1_118' title='bbox 982 1660 1251 1716; x_wconf 90' lang='lat' dir='ltr'><strong>eumdem</strong></span> <span class='ocrx_word' id='word_1_119' title='bbox 1284 1659 1519 1715; x_wconf 90' lang='lat' dir='ltr'><strong>illorum</strong></span> <span class='ocrx_word' id='word_1_120' title='bbox 1542 1676 1798 1716; x_wconf 90' lang='lat' dir='ltr'><strong>errorem</strong></span> <span class='ocrx_word' id='word_1_121' title='bbox 1830 1660 1915 1715; x_wconf 89' lang='lat' dir='ltr'><strong>sic</strong></span> 
     </span>
    </p>
   </div>
   <div class='ocr_carea' id='block_1_18' title="bbox 267 1748 1913 1823">
    <p class='ocr_par' dir='ltr' id='par_1_18' title="bbox 267 1748 1913 1823">
     <span class='ocr_line' id='line_1_18' title="bbox 267 1748 1913 1823; baseline -0.001 -17"><span class='ocrx_word' id='word_1_122' title='bbox 267 1751 541 1823; x_wconf 87' lang='lat' dir='ltr'><strong>reprobat</strong></span> <span class='ocrx_word' id='word_1_123' title='bbox 569 1766 635 1805; x_wconf 92' lang='lat' dir='ltr'><strong>ac</strong></span> <span class='ocrx_word' id='word_1_124' title='bbox 666 1750 979 1822; x_wconf 89' lang='lat' dir='ltr'><strong>proscribit</strong></span> <span class='ocrx_word' id='word_1_125' title='bbox 1004 1767 1016 1806; x_wconf 92' lang='lat'><strong>:</strong></span> <span class='ocrx_word' id='word_1_126' title='bbox 1052 1773 1078 1799; x_wconf 85' lang='lat'><strong>«</strong></span> <span class='ocrx_word' id='word_1_127' title='bbox 1102 1750 1227 1805; x_wconf 92' lang='lat' dir='ltr'><strong>Non</strong></span> <span class='ocrx_word' id='word_1_128' title='bbox 1259 1750 1329 1805; x_wconf 92' lang='lat' dir='ltr'><strong>de</strong></span> <span class='ocrx_word' id='word_1_129' title='bbox 1350 1765 1419 1807; x_wconf 88' lang='lat' dir='ltr'><strong>ea</strong></span> <span class='ocrx_word' id='word_1_130' title='bbox 1441 1749 1811 1821; x_wconf 86' lang='lat' dir='ltr'><strong>philosophia</strong></span> <span class='ocrx_word' id='word_1_131' title='bbox 1832 1748 1913 1805; x_wconf 86' lang='lat' dir='ltr'><strong>lo-</strong></span> 
     </span>
    </p>
   </div>
   <div class='ocr_carea' id='block_1_19' title="bbox 2034 584 3677 660">
    <p class='ocr_par' dir='ltr' id='par_1_19' title="bbox 2034 584 3677 660">
     <span class='ocr_line' id='line_1_19' title="bbox 2034 584 3677 660; baseline -0.001 -18"><span class='ocrx_word' id='word_1_132' title='bbox 2034 588 2107 643; x_wconf 90' lang='lat' dir='ltr'><strong>ba</strong></span> <span class='ocrx_word' id='word_1_133' title='bbox 2136 588 2351 645; x_wconf 87' lang='lat' dir='ltr'><strong>habent</strong></span> <span class='ocrx_word' id='word_1_134' title='bbox 2380 588 2805 657; x_wconf 89' lang='lat' dir='ltr'><strong>difﬁcultatem,</strong></span> <span class='ocrx_word' id='word_1_135' title='bbox 2841 586 3058 660; x_wconf 88' lang='lat' dir='ltr'><strong>quibus</strong></span> <span class='ocrx_word' id='word_1_136' title='bbox 3088 584 3247 643; x_wconf 88' lang='lat' dir='ltr'><strong>aliud</strong></span> <span class='ocrx_word' id='word_1_137' title='bbox 3298 584 3677 657; x_wconf 87' lang='lat' dir='ltr'><strong>philosopho-</strong></span> 
     </span>
    </p>
   </div>
   <div class='ocr_carea' id='block_1_20' title="bbox 2031 673 3673 733">
    <p class='ocr_par' dir='ltr' id='par_1_20' title="bbox 2031 673 3673 733">
     <span class='ocr_line' id='line_1_20' title="bbox 2031 673 3673 733; baseline -0.002 -1"><span class='ocrx_word' id='word_1_138' title='bbox 2031 694 2161 733; x_wconf 88' lang='lat' dir='ltr'><strong>rum</strong></span> <span class='ocrx_word' id='word_1_139' title='bbox 2193 678 2264 733; x_wconf 90' lang='lat' dir='ltr'><strong>de</strong></span> <span class='ocrx_word' id='word_1_140' title='bbox 2313 678 2428 733; x_wconf 91' lang='lat' dir='ltr'><strong>Deo</strong></span> <span class='ocrx_word' id='word_1_141' title='bbox 2482 676 2687 732; x_wconf 91' lang='lat' dir='ltr'><strong>mundi</strong></span> <span class='ocrx_word' id='word_1_142' title='bbox 2747 680 3003 731; x_wconf 86' lang='lat' dir='ltr'><strong>creatore</strong></span> <span class='ocrx_word' id='word_1_143' title='bbox 3062 673 3376 731; x_wconf 90' lang='lat' dir='ltr'><strong>dissidium</strong></span> <span class='ocrx_word' id='word_1_144' title='bbox 3428 674 3673 730; x_wconf 90' lang='lat' dir='ltr'><strong>notavit.</strong></span> 
     </span>
    </p>
   </div>
   <div class='ocr_carea' id='block_1_21' title="bbox 2034 764 3670 837">
    <p class='ocr_par' dir='ltr' id='par_1_21' title="bbox 2034 764 3670 837">
     <span class='ocr_line' id='line_1_21' title="bbox 2034 764 3670 837; baseline 0.001 -20"><span class='ocrx_word' id='word_1_145' title='bbox 2034 771 2313 834; x_wconf 80' lang='lat' dir='ltr'><strong>«Totum,</strong></span> <span class='ocrx_word' id='word_1_146' title='bbox 2364 766 2578 837; x_wconf 90' lang='lat' dir='ltr'><strong>inquit,</strong></span> <span class='ocrx_word' id='word_1_147' title='bbox 2628 766 2739 821; x_wconf 90' lang='lat' dir='ltr'><strong>hoc</strong></span> <span class='ocrx_word' id='word_1_148' title='bbox 2782 764 2985 821; x_wconf 92' lang='lat' dir='ltr'><strong>mundi</strong></span> <span class='ocrx_word' id='word_1_149' title='bbox 3041 781 3276 836; x_wconf 89' lang='lat' dir='ltr'><strong>corpus,</strong></span> <span class='ocrx_word' id='word_1_150' title='bbox 3335 764 3458 821; x_wconf 88' lang='lat' dir='ltr'><strong>sive</strong></span> <span class='ocrx_word' id='word_1_151' title='bbox 3504 764 3670 819; x_wconf 87' lang='lat' dir='ltr'><strong>inna-</strong></span> 
     </span>
    </p>
   </div>
   <div class='ocr_carea' id='block_1_22' title="bbox 2030 853 3673 928">
    <p class='ocr_par' dir='ltr' id='par_1_22' title="bbox 2030 853 3673 928">
     <span class='ocr_line' id='line_1_22' title="bbox 2030 853 3673 928; baseline -0.001 -17"><span class='ocrx_word' id='word_1_152' title='bbox 2030 861 2154 911; x_wconf 89' lang='lat' dir='ltr'><strong>tum</strong></span> <span class='ocrx_word' id='word_1_153' title='bbox 2223 861 2281 911; x_wconf 92' lang='lat' dir='ltr'><strong>et</strong></span> <span class='ocrx_word' id='word_1_154' title='bbox 2340 856 2643 922; x_wconf 90' lang='lat' dir='ltr'><strong>infectum,</strong></span> <span class='ocrx_word' id='word_1_155' title='bbox 2700 855 3024 911; x_wconf 90' lang='lat' dir='ltr'><strong>secundum</strong></span> <span class='ocrx_word' id='word_1_156' title='bbox 3091 854 3499 928; x_wconf 81' lang='lat' dir='ltr'><strong>Pythagoram,</strong></span> <span class='ocrx_word' id='word_1_157' title='bbox 3552 853 3673 910; x_wconf 87' lang='lat' dir='ltr'><strong>sive</strong></span> 
     </span>
    </p>
   </div>
   <div class='ocr_carea' id='block_1_23' title="bbox 2030 942 3669 1015">
    <p class='ocr_par' dir='ltr' id='par_1_23' title="bbox 2030 942 3669 1015">
     <span class='ocr_line' id='line_1_23' title="bbox 2030 942 3669 1015; baseline -0.001 -14"><span class='ocrx_word' id='word_1_158' title='bbox 2030 951 2237 1002; x_wconf 89' lang='lat' dir='ltr'><strong>natum</strong></span> <span class='ocrx_word' id='word_1_159' title='bbox 2276 949 2333 1003; x_wconf 85' lang='lat' dir='ltr'><strong>et</strong></span> <span class='ocrx_word' id='word_1_160' title='bbox 2385 946 2626 1013; x_wconf 91' lang='lat' dir='ltr'><strong>factum,</strong></span> <span class='ocrx_word' id='word_1_161' title='bbox 2698 947 3025 1001; x_wconf 90' lang='lat' dir='ltr'><strong>secundum</strong></span> <span class='ocrx_word' id='word_1_162' title='bbox 3067 944 3391 1001; x_wconf 87' lang='lat' dir='ltr'><strong>Platonem.</strong></span> <span class='ocrx_word' id='word_1_163' title='bbox 3422 964 3453 995; x_wconf 84' lang='lat'><strong><em>»</em></strong></span> <span class='ocrx_word' id='word_1_164' title='bbox 3503 942 3669 1015; x_wconf 81' lang='lat' dir='ltr'><strong>(Ter-</strong></span> 
     </span>
    </p>
   </div>
   <div class='ocr_carea' id='block_1_24' title="bbox 2027 1032 3667 1107">
    <p class='ocr_par' dir='ltr' id='par_1_24' title="bbox 2027 1032 3667 1107">
     <span class='ocr_line' id='line_1_24' title="bbox 2027 1032 3667 1107; baseline -0.001 -17"><span class='ocrx_word' id='word_1_165' title='bbox 2027 1035 2259 1090; x_wconf 91' lang='lat' dir='ltr'><strong>tullian.</strong></span> <span class='ocrx_word' id='word_1_166' title='bbox 2296 1035 2585 1105; x_wconf 69' lang='lat' dir='ltr'><strong>Apologet.</strong></span> <span class='ocrx_word' id='word_1_167' title='bbox 2646 1051 2773 1107; x_wconf 90' lang='lat' dir='ltr'><strong>cap.</strong></span> <span class='ocrx_word' id='word_1_168' title='bbox 2831 1036 2919 1104; x_wconf 90' lang='grc'><strong>11,</strong></span> <span class='ocrx_word' id='word_1_169' title='bbox 2974 1052 3032 1107; x_wconf 93' lang='lat' dir='ltr'><strong>p.</strong></span> <span class='ocrx_word' id='word_1_170' title='bbox 3086 1035 3235 1105; x_wconf 90' lang='lat'><strong>332.)</strong></span> <span class='ocrx_word' id='word_1_171' title='bbox 3270 1036 3453 1101; x_wconf 90' lang='lat' dir='ltr'><strong>Quam</strong></span> <span class='ocrx_word' id='word_1_172' title='bbox 3511 1032 3667 1089; x_wconf 90' lang='lat' dir='ltr'><strong>enim</strong></span> 
     </span>
    </p>
   </div>
   <div class='ocr_carea' id='block_1_25' title="bbox 2028 1120 3667 1195">
    <p class='ocr_par' dir='ltr' id='par_1_25' title="bbox 2028 1120 3667 1195">
     <span class='ocr_line' id='line_1_25' title="bbox 2028 1120 3667 1195; baseline -0.002 -15"><span class='ocrx_word' id='word_1_173' title='bbox 2028 1130 2251 1180; x_wconf 90' lang='lat' dir='ltr'><strong>certum</strong></span> <span class='ocrx_word' id='word_1_174' title='bbox 2287 1128 2374 1179; x_wconf 90' lang='lat' dir='ltr'><strong>est</strong></span> <span class='ocrx_word' id='word_1_175' title='bbox 2404 1124 2553 1179; x_wconf 89' lang='lat' dir='ltr'><strong>hanc</strong></span> <span class='ocrx_word' id='word_1_176' title='bbox 2584 1124 2657 1179; x_wconf 92' lang='lat' dir='ltr'><strong>de</strong></span> <span class='ocrx_word' id='word_1_177' title='bbox 2688 1125 2909 1180; x_wconf 83' lang='lat' dir='ltr'><strong>mundo</strong></span> <span class='ocrx_word' id='word_1_178' title='bbox 2958 1130 3150 1181; x_wconf 89' lang='lat' dir='ltr'><strong>creato</strong></span> <span class='ocrx_word' id='word_1_179' title='bbox 3181 1124 3385 1195; x_wconf 90' lang='lat' dir='ltr'><strong>fuisse,</strong></span> <span class='ocrx_word' id='word_1_180' title='bbox 3416 1126 3483 1179; x_wconf 87' lang='lat' dir='ltr'><strong>ut</strong></span> <span class='ocrx_word' id='word_1_181' title='bbox 3529 1120 3667 1178; x_wconf 85' lang='lat' dir='ltr'><strong>alibi</strong></span> 
     </span>
    </p>
   </div>
   <div class='ocr_carea' id='block_1_26' title="bbox 2027 1212 3667 1287">
    <p class='ocr_par' dir='ltr' id='par_1_26' title="bbox 2027 1212 3667 1287">
     <span class='ocr_line' id='line_1_26' title="bbox 2027 1212 3667 1287; baseline -0.002 -17"><span class='ocrx_word' id='word_1_182' title='bbox 2027 1214 2414 1281; x_wconf 88' lang='lat' dir='ltr'><strong>ostendimus,</strong></span> <span class='ocrx_word' id='word_1_183' title='bbox 2446 1214 2703 1270; x_wconf 84' lang='lat' dir='ltr'><strong>Platonis</strong></span> <span class='ocrx_word' id='word_1_184' title='bbox 2725 1215 3081 1287; x_wconf 89' lang='lat' dir='ltr'><strong>opinionem,</strong></span> <span class='ocrx_word' id='word_1_185' title='bbox 3116 1222 3233 1271; x_wconf 91' lang='lat' dir='ltr'><strong>tam</strong></span> <span class='ocrx_word' id='word_1_186' title='bbox 3265 1215 3476 1270; x_wconf 89' lang='lat' dir='ltr'><strong>falsum</strong></span> <span class='ocrx_word' id='word_1_187' title='bbox 3508 1212 3667 1269; x_wconf 86' lang='lat' dir='ltr'><strong>vide-</strong></span> 
     </span>
    </p>
   </div>
   <div class='ocr_carea' id='block_1_27' title="bbox 2026 1302 3665 1375">
    <p class='ocr_par' dir='ltr' id='par_1_27' title="bbox 2026 1302 3665 1375">
     <span class='ocr_line' id='line_1_27' title="bbox 2026 1302 3665 1375; baseline -0.001 -16"><span class='ocrx_word' id='word_1_188' title='bbox 2026 1308 2122 1359; x_wconf 91' lang='lat' dir='ltr'><strong>tur</strong></span> <span class='ocrx_word' id='word_1_189' title='bbox 2152 1304 2538 1375; x_wconf 82' lang='lat' dir='ltr'><strong>Pythagoram</strong></span> <span class='ocrx_word' id='word_1_190' title='bbox 2568 1304 2840 1359; x_wconf 87' lang='lat' dir='ltr'><strong>docuisse</strong></span> <span class='ocrx_word' id='word_1_191' title='bbox 2870 1304 3038 1360; x_wconf 91' lang='lat' dir='ltr'><strong>illum</strong></span> <span class='ocrx_word' id='word_1_192' title='bbox 3073 1306 3342 1361; x_wconf 89' lang='lat' dir='ltr'><strong>innatum</strong></span> <span class='ocrx_word' id='word_1_193' title='bbox 3374 1308 3430 1359; x_wconf 90' lang='lat' dir='ltr'><strong>et</strong></span> <span class='ocrx_word' id='word_1_194' title='bbox 3483 1302 3665 1358; x_wconf 88' lang='lat' dir='ltr'><strong>infec-</strong></span> 
     </span>
    </p>
   </div>
   <div class='ocr_carea' id='block_1_28' title="bbox 2025 1391 3663 1450">
    <p class='ocr_par' dir='ltr' id='par_1_28' title="bbox 2025 1391 3663 1450">
     <span class='ocr_line' id='line_1_28' title="bbox 2025 1391 3663 1450; baseline -0.002 -2"><span class='ocrx_word' id='word_1_195' title='bbox 2025 1398 2153 1448; x_wconf 90' lang='lat' dir='ltr'><strong>tum</strong></span> <span class='ocrx_word' id='word_1_196' title='bbox 2182 1391 2385 1448; x_wconf 84' lang='lat' dir='ltr'><strong>fuisse.</strong></span> <span class='ocrx_word' id='word_1_197' title='bbox 2422 1391 2567 1449; x_wconf 90' lang='lat' dir='ltr'><strong>Nam</strong></span> <span class='ocrx_word' id='word_1_198' title='bbox 2602 1392 2822 1448; x_wconf 91' lang='lat' dir='ltr'><strong>ibidem</strong></span> <span class='ocrx_word' id='word_1_199' title='bbox 2854 1395 3287 1450; x_wconf 88' lang='lat' dir='ltr'><strong>observarimus</strong></span> <span class='ocrx_word' id='word_1_200' title='bbox 3308 1411 3342 1449; x_wconf 89' lang='lat' dir='ltr'><strong>a</strong></span> <span class='ocrx_word' id='word_1_201' title='bbox 3362 1391 3663 1449; x_wconf 85' lang='lat' dir='ltr'><strong>Lactantio</strong></span> 
     </span>
    </p>
   </div>
   <div class='ocr_carea' id='block_1_29' title="bbox 2026 1480 3666 1555">
    <p class='ocr_par' dir='ltr' id='par_1_29' title="bbox 2026 1480 3666 1555">
     <span class='ocr_line' id='line_1_29' title="bbox 2026 1480 3666 1555; baseline -0.001 -18"><span class='ocrx_word' id='word_1_202' title='bbox 2026 1482 2332 1537; x_wconf 79' lang='lat' dir='ltr'><strong>adﬁrmata</strong></span> <span class='ocrx_word' id='word_1_203' title='bbox 2355 1480 2723 1553; x_wconf 90' lang='lat' dir='ltr'><strong>pronuntiari</strong></span> <span class='ocrx_word' id='word_1_204' title='bbox 2745 1498 2947 1538; x_wconf 89' lang='lat' dir='ltr'><strong>omnes</strong></span> <span class='ocrx_word' id='word_1_205' title='bbox 2969 1483 3043 1537; x_wconf 91' lang='lat' dir='ltr'><strong>ad</strong></span> <span class='ocrx_word' id='word_1_206' title='bbox 3072 1482 3387 1555; x_wconf 81' lang='lat' dir='ltr'><strong>Epicurum</strong></span> <span class='ocrx_word' id='word_1_207' title='bbox 3410 1481 3666 1554; x_wconf 84' lang='lat' dir='ltr'><strong>philoso-</strong></span> 
     </span>
    </p>
   </div>
   <div class='ocr_carea' id='block_1_30' title="bbox 2027 1570 3664 1646">
    <p class='ocr_par' dir='ltr' id='par_1_30' title="bbox 2027 1570 3664 1646">
     <span class='ocr_line' id='line_1_30' title="bbox 2027 1570 3664 1646; baseline 0 -19"><span class='ocrx_word' id='word_1_208' title='bbox 2027 1571 2197 1646; x_wconf 90' lang='lat' dir='ltr'><strong>phos,</strong></span> <span class='ocrx_word' id='word_1_209' title='bbox 2228 1587 2295 1626; x_wconf 91' lang='lat' dir='ltr'><strong>ac</strong></span> <span class='ocrx_word' id='word_1_210' title='bbox 2317 1570 2666 1625; x_wconf 88' lang='lat' dir='ltr'><strong>nominatim</strong></span> <span class='ocrx_word' id='word_1_211' title='bbox 2694 1570 3131 1644; x_wconf 86' lang='lat' dir='ltr'><strong>Pythagoricos,</strong></span> <span class='ocrx_word' id='word_1_212' title='bbox 3147 1577 3484 1629; x_wconf 87' lang='lat' dir='ltr'><strong>constanter</strong></span> <span class='ocrx_word' id='word_1_213' title='bbox 3500 1586 3664 1628; x_wconf 86' lang='lat' dir='ltr'><strong>asse-</strong></span> 
     </span>
    </p>
   </div>
   <div class='ocr_carea' id='block_1_31' title="bbox 2026 1659 3662 1733">
    <p class='ocr_par' dir='ltr' id='par_1_31' title="bbox 2026 1659 3662 1733">
     <span class='ocr_line' id='line_1_31' title="bbox 2026 1659 3662 1733; baseline -0.002 -14"><span class='ocrx_word' id='word_1_214' title='bbox 2026 1662 2215 1720; x_wconf 89' lang='lat' dir='ltr'><strong>ruisse</strong></span> <span class='ocrx_word' id='word_1_215' title='bbox 2238 1659 2527 1714; x_wconf 91' lang='lat' dir='ltr'><strong>mundum</strong></span> <span class='ocrx_word' id='word_1_216' title='bbox 2560 1675 2690 1715; x_wconf 88' lang='lat' dir='ltr'><strong>esse</strong></span> <span class='ocrx_word' id='word_1_217' title='bbox 2719 1659 2936 1715; x_wconf 88' lang='lat' dir='ltr'><strong>factum</strong></span> <span class='ocrx_word' id='word_1_218' title='bbox 2970 1665 3030 1717; x_wconf 92' lang='lat' dir='ltr'><strong>et</strong></span> <span class='ocrx_word' id='word_1_219' title='bbox 3057 1667 3320 1718; x_wconf 88' lang='lat' dir='ltr'><strong>creatum</strong></span> <span class='ocrx_word' id='word_1_220' title='bbox 3352 1662 3662 1733; x_wconf 75' lang='lat' dir='ltr'><strong>(Dissertat.</strong></span> 
     </span>
    </p>
   </div>
   <div class='ocr_carea' id='block_1_32' title="bbox 2023 1749 3665 1820">
    <p class='ocr_par' dir='ltr' id='par_1_32' title="bbox 2023 1749 3665 1820">
     <span class='ocr_line' id='line_1_32' title="bbox 2023 1749 3665 1820; baseline 0.001 -14"><span class='ocrx_word' id='word_1_221' title='bbox 2023 1752 2089 1806; x_wconf 86' lang='lat' dir='ltr'><strong>in</strong></span> <span class='ocrx_word' id='word_1_222' title='bbox 2116 1750 2370 1805; x_wconf 77' lang='lat' dir='ltr'><strong>Lactant.</strong></span> <span class='ocrx_word' id='word_1_223' title='bbox 2395 1765 2523 1820; x_wconf 91' lang='lat' dir='ltr'><strong>cap.</strong></span> <span class='ocrx_word' id='word_1_224' title='bbox 2555 1749 2645 1817; x_wconf 88' lang='grc'><strong>21,</strong></span> <span class='ocrx_word' id='word_1_225' title='bbox 2678 1752 2790 1805; x_wconf 90' lang='lat' dir='ltr'><strong>art.</strong></span> <span class='ocrx_word' id='word_1_226' title='bbox 2821 1751 2899 1819; x_wconf 87' lang='lat'><strong>2.)</strong></span> <span class='ocrx_word' id='word_1_227' title='bbox 2931 1750 3080 1815; x_wconf 92' lang='lat' dir='ltr'><strong>Quin</strong></span> <span class='ocrx_word' id='word_1_228' title='bbox 3110 1752 3284 1807; x_wconf 89' lang='lat' dir='ltr'><strong>etiam</strong></span> <span class='ocrx_word' id='word_1_229' title='bbox 3316 1751 3665 1808; x_wconf 86' lang='lat' dir='ltr'><strong>Plutarchus</strong></span> 
     </span>
    </p>
   </div>
   <div class='ocr_carea' id='block_1_33' title="bbox 266 1836 3663 1941">
    <p class='ocr_par' dir='ltr' id='par_1_33' title="bbox 266 1836 3663 1941">
     <span class='ocr_line' id='line_1_33' title="bbox 266 1836 3663 1941; baseline 0.001 -46"><span class='ocrx_word' id='word_1_230' title='bbox 266 1858 433 1941; x_wconf 85' lang='lat' dir='ltr'><strong>quor,</strong></span> <span class='ocrx_word' id='word_1_231' title='bbox 457 1857 584 1941; x_wconf 77' lang='lat' dir='ltr'><strong>quae</strong></span> <span class='ocrx_word' id='word_1_232' title='bbox 616 1839 799 1895; x_wconf 91' lang='lat' dir='ltr'><strong>civem</strong></span> <span class='ocrx_word' id='word_1_233' title='bbox 834 1844 999 1941; x_wconf 80' lang='lat' dir='ltr'><strong>extra</strong></span> <span class='ocrx_word' id='word_1_234' title='bbox 1017 1839 1264 1941; x_wconf 80' lang='lat' dir='ltr'><strong>patriam</strong></span> <span class='ocrx_word' id='word_1_235' title='bbox 1300 1838 1523 1941; x_wconf 76' lang='lat' dir='ltr'><strong>posuit,</strong></span> <span class='ocrx_word' id='word_1_236' title='bbox 1545 1844 1911 1941; x_wconf 48' lang='lat' dir='ltr'><strong>extra&#39;mun-</strong></span> <span class='ocrx_word' id='word_1_237' title='bbox 1942 1874 1990 1941; x_wconf 74' lang='grc' dir='ltr'><strong>Β</strong></span> <span class='ocrx_word' id='word_1_238' title='bbox 2026 1836 2707 1941; x_wconf 34' lang='grc' dir='ltr'><strong>ᾶὶεθνῑέεἱξηθαάθοὶαξαι</strong></span> <span class='ocrx_word' id='word_1_239' title='bbox 2757 1840 3038 1940; x_wconf 38' lang='lat' dir='ltr'><strong>eamdem.</strong></span> <span class='ocrx_word' id='word_1_240' title='bbox 3086 1840 3267 1898; x_wconf 86' lang='lat' dir='ltr'><strong>fuisse</strong></span> <span class='ocrx_word' id='word_1_241' title='bbox 3316 1842 3663 1941; x_wconf 63' lang='lat' dir='ltr'><strong>Pythagora</strong></span> 
     </span>
    </p>
   </div>
   <div class='ocr_carea' id='block_1_34' title="bbox 264 1928 1906 2000">
    <p class='ocr_par' dir='ltr' id='par_1_34' title="bbox 264 1928 1906 2000">
     <span class='ocr_line' id='line_1_34' title="bbox 264 1928 1906 2000; baseline -0.001 -14"><span class='ocrx_word' id='word_1_242' title='bbox 264 1933 407 1986; x_wconf 91' lang='lat' dir='ltr'><strong>dum</strong></span> <span class='ocrx_word' id='word_1_243' title='bbox 441 1931 601 1997; x_wconf 91' lang='lat' dir='ltr'><strong>deos,</strong></span> <span class='ocrx_word' id='word_1_244' title='bbox 631 1945 763 2000; x_wconf 72' lang='lat' dir='ltr'><strong>quae</strong></span> <span class='ocrx_word' id='word_1_245' title='bbox 810 1929 1085 1984; x_wconf 88' lang='lat' dir='ltr'><strong>virtutem</strong></span> <span class='ocrx_word' id='word_1_246' title='bbox 1146 1928 1427 2000; x_wconf 87' lang='lat' dir='ltr'><strong>voluptati</strong></span> <span class='ocrx_word' id='word_1_247' title='bbox 1458 1929 1638 1997; x_wconf 89' lang='lat' dir='ltr'><strong>dedit,</strong></span> <span class='ocrx_word' id='word_1_248' title='bbox 1664 1954 1685 1982; x_wconf 73' lang='grc' dir='ltr'><strong><em>ι</em></strong></span> <span class='ocrx_word' id='word_1_249' title='bbox 1723 1930 1906 1995; x_wconf 90' lang='lat' dir='ltr'><strong>Idem,</strong></span> 
     </span>
    </p>
   </div>
   <div class='ocr_carea' id='block_1_35' title="bbox 264 2016 1907 2091">
    <p class='ocr_par' dir='ltr' id='par_1_35' title="bbox 264 2016 1907 2091">
     <span class='ocr_line' id='line_1_35' title="bbox 264 2016 1907 2091; baseline -0.001 -16"><span class='ocrx_word' id='word_1_250' title='bbox 264 2038 305 2085; x_wconf 84' lang='lat'><strong>1,</strong></span> <span class='ocrx_word' id='word_1_251' title='bbox 331 2020 502 2090; x_wconf 88' lang='lat' dir='ltr'><strong>epist.</strong></span> <span class='ocrx_word' id='word_1_252' title='bbox 524 2020 614 2086; x_wconf 88' lang='lat'><strong>79,</strong></span> <span class='ocrx_word' id='word_1_253' title='bbox 647 2035 781 2091; x_wconf 90' lang='lat' dir='ltr'><strong>pag.</strong></span> <span class='ocrx_word' id='word_1_254' title='bbox 815 2018 1292 2091; x_wconf 80' lang='lat' dir='ltr'><strong>7l)philosophia</strong></span> <span class='ocrx_word' id='word_1_255' title='bbox 1313 2016 1576 2074; x_wconf 89' lang='lat' dir='ltr'><strong>videlicet</strong></span> <span class='ocrx_word' id='word_1_256' title='bbox 1605 2019 1907 2091; x_wconf 87' lang='lat' dir='ltr'><strong>Epicurea.</strong></span> 
     </span>
    </p>
   </div>
   <div class='ocr_carea' id='block_1_36' title="bbox 264 2107 1909 2179">
    <p class='ocr_par' dir='ltr' id='par_1_36' title="bbox 264 2107 1909 2179">
     <span class='ocr_line' id='line_1_36' title="bbox 264 2107 1909 2179; baseline -0.001 -15"><span class='ocrx_word' id='word_1_257' title='bbox 264 2109 389 2164; x_wconf 94' lang='lat' dir='ltr'><strong>Non</strong></span> <span class='ocrx_word' id='word_1_258' title='bbox 420 2108 751 2163; x_wconf 89' lang='lat' dir='ltr'><strong>Stoicorum</strong></span> <span class='ocrx_word' id='word_1_259' title='bbox 772 2124 929 2179; x_wconf 90' lang='lat' dir='ltr'><strong>ergo,</strong></span> <span class='ocrx_word' id='word_1_260' title='bbox 955 2108 1055 2162; x_wconf 91' lang='lat' dir='ltr'><strong>sed</strong></span> <span class='ocrx_word' id='word_1_261' title='bbox 1087 2108 1505 2179; x_wconf 89' lang='lat' dir='ltr'><strong>Epicureorum</strong></span> <span class='ocrx_word' id='word_1_262' title='bbox 1528 2108 1679 2164; x_wconf 93' lang='lat' dir='ltr'><strong>hanc</strong></span> <span class='ocrx_word' id='word_1_263' title='bbox 1700 2107 1909 2164; x_wconf 82' lang='lat' dir='ltr'><strong>falsam</strong></span> 
     </span>
    </p>
   </div>
   <div class='ocr_carea' id='block_1_37' title="bbox 267 2197 1151 2270">
    <p class='ocr_par' dir='ltr' id='par_1_37' title="bbox 267 2197 1151 2270">
     <span class='ocr_line' id='line_1_37' title="bbox 267 2197 1151 2270; baseline -0.003 -17"><span class='ocrx_word' id='word_1_264' title='bbox 267 2197 536 2270; x_wconf 89' lang='lat' dir='ltr'><strong>epionem</strong></span> <span class='ocrx_word' id='word_1_265' title='bbox 565 2198 746 2253; x_wconf 86' lang='lat' dir='ltr'><strong>fuisse</strong></span> <span class='ocrx_word' id='word_1_266' title='bbox 779 2198 1151 2253; x_wconf 89' lang='lat' dir='ltr'><strong>testiﬁcatur.</strong></span> 
     </span>
    </p>
   </div>
   <div class='ocr_carea' id='block_1_38' title="bbox 341 2302 1911 2375">
    <p class='ocr_par' dir='ltr' id='par_1_38' title="bbox 341 2302 1911 2375">
     <span class='ocr_line' id='line_1_38' title="bbox 341 2302 1911 2375; baseline 0 -14"><span class='ocrx_word' id='word_1_267' title='bbox 341 2305 543 2361; x_wconf 89' lang='lat' dir='ltr'><strong>Nonne</strong></span> <span class='ocrx_word' id='word_1_268' title='bbox 573 2308 769 2361; x_wconf 89' lang='lat' dir='ltr'><strong>autem</strong></span> <span class='ocrx_word' id='word_1_269' title='bbox 802 2320 871 2360; x_wconf 83' lang='lat' dir='ltr'><strong>ex</strong></span> <span class='ocrx_word' id='word_1_270' title='bbox 930 2302 1060 2372; x_wconf 92' lang='lat' dir='ltr'><strong>hoc,</strong></span> <span class='ocrx_word' id='word_1_271' title='bbox 1114 2304 1341 2375; x_wconf 89' lang='lat' dir='ltr'><strong>inquiet</strong></span> <span class='ocrx_word' id='word_1_272' title='bbox 1397 2303 1633 2375; x_wconf 88' lang='lat' dir='ltr'><strong>aliquis,</strong></span> <span class='ocrx_word' id='word_1_273' title='bbox 1683 2306 1911 2361; x_wconf 68' lang='lat' dir='ltr'><strong>Seneca:</strong></span> 
     </span>
    </p>
   </div>
   <div class='ocr_carea' id='block_1_39' title="bbox 268 2393 1915 2465">
    <p class='ocr_par' dir='ltr' id='par_1_39' title="bbox 268 2393 1915 2465">
     <span class='ocr_line' id='line_1_39' title="bbox 268 2393 1915 2465; baseline 0.001 -15"><span class='ocrx_word' id='word_1_274' title='bbox 268 2394 605 2450; x_wconf 82' lang='lat' dir='ltr'><strong>testimonio</strong></span> <span class='ocrx_word' id='word_1_275' title='bbox 665 2393 936 2450; x_wconf 89' lang='lat' dir='ltr'><strong>concludi</strong></span> <span class='ocrx_word' id='word_1_276' title='bbox 996 2397 1215 2465; x_wconf 88' lang='lat' dir='ltr'><strong>potest,</strong></span> <span class='ocrx_word' id='word_1_277' title='bbox 1288 2394 1725 2449; x_wconf 89' lang='lat' dir='ltr'><strong>emendandum</strong></span> <span class='ocrx_word' id='word_1_278' title='bbox 1783 2412 1915 2453; x_wconf 86' lang='lat' dir='ltr'><strong>esse</strong></span> 
     </span>
    </p>
   </div>
   <div class='ocr_carea' id='block_1_40' title="bbox 272 2481 1917 2555">
    <p class='ocr_par' dir='ltr' id='par_1_40' title="bbox 272 2481 1917 2555">
     <span class='ocr_line' id='line_1_40' title="bbox 272 2481 1917 2555; baseline 0.001 -18"><span class='ocrx_word' id='word_1_279' title='bbox 272 2481 619 2537; x_wconf 90' lang='lat' dir='ltr'><strong>Tertulliani</strong></span> <span class='ocrx_word' id='word_1_280' title='bbox 650 2486 897 2552; x_wconf 86' lang='lat' dir='ltr'><strong>textum,</strong></span> <span class='ocrx_word' id='word_1_281' title='bbox 930 2485 1105 2554; x_wconf 85' lang='lat' dir='ltr'><strong>atque</strong></span> <span class='ocrx_word' id='word_1_282' title='bbox 1136 2482 1193 2537; x_wconf 92' lang='lat' dir='ltr'><strong>in</strong></span> <span class='ocrx_word' id='word_1_283' title='bbox 1226 2497 1292 2537; x_wconf 89' lang='lat' dir='ltr'><strong>eo</strong></span> <span class='ocrx_word' id='word_1_284' title='bbox 1315 2482 1691 2538; x_wconf 88' lang='lat' dir='ltr'><strong>scribendum</strong></span> <span class='ocrx_word' id='word_1_285' title='bbox 1724 2486 1917 2555; x_wconf 85' lang='lat' dir='ltr'><strong>Epicu-</strong></span> 
     </span>
    </p>
   </div>
   <div class='ocr_carea' id='block_1_41' title="bbox 272 2572 1919 2647">
    <p class='ocr_par' dir='ltr' id='par_1_41' title="bbox 272 2572 1919 2647">
     <span class='ocr_line' id='line_1_41' title="bbox 272 2572 1919 2647; baseline 0.002 -21"><span class='ocrx_word' id='word_1_286' title='bbox 272 2573 354 2628; x_wconf 83' lang='lat' dir='ltr'><strong>rei</strong></span> <span class='ocrx_word' id='word_1_287' title='bbox 384 2588 485 2643; x_wconf 92' lang='lat' dir='ltr'><strong>pro</strong></span> <span class='ocrx_word' id='word_1_288' title='bbox 518 2572 726 2627; x_wconf 83' lang='lat' dir='ltr'><strong>Stoici?</strong></span> <span class='ocrx_word' id='word_1_289' title='bbox 744 2572 917 2628; x_wconf 80' lang='lat' dir='ltr'><strong>Recte</strong></span> <span class='ocrx_word' id='word_1_290' title='bbox 939 2573 1201 2644; x_wconf 88' lang='lat' dir='ltr'><strong>quidem,</strong></span> <span class='ocrx_word' id='word_1_291' title='bbox 1226 2572 1274 2627; x_wconf 86' lang='lat' dir='ltr'><strong>si</strong></span> <span class='ocrx_word' id='word_1_292' title='bbox 1307 2572 1449 2627; x_wconf 90' lang='lat' dir='ltr'><strong>illud</strong></span> <span class='ocrx_word' id='word_1_293' title='bbox 1474 2575 1699 2629; x_wconf 87' lang='lat' dir='ltr'><strong>ratione</strong></span> <span class='ocrx_word' id='word_1_294' title='bbox 1719 2574 1919 2647; x_wconf 90' lang='lat' dir='ltr'><strong>aliqua</strong></span> 
     </span>
    </p>
   </div>
   <div class='ocr_carea' id='block_1_42' title="bbox 272 2660 1919 2733">
    <p class='ocr_par' dir='ltr' id='par_1_42' title="bbox 272 2660 1919 2733">
     <span class='ocr_line' id='line_1_42' title="bbox 272 2660 1919 2733; baseline 0.002 -15"><span class='ocrx_word' id='word_1_295' title='bbox 272 2662 417 2718; x_wconf 88' lang='lat' dir='ltr'><strong>satis</strong></span> <span class='ocrx_word' id='word_1_296' title='bbox 449 2662 650 2733; x_wconf 86' lang='lat' dir='ltr'><strong>utique</strong></span> <span class='ocrx_word' id='word_1_297' title='bbox 689 2660 881 2716; x_wconf 90' lang='lat' dir='ltr'><strong>valida</strong></span> <span class='ocrx_word' id='word_1_298' title='bbox 942 2662 1237 2732; x_wconf 87' lang='lat' dir='ltr'><strong>probetur.</strong></span> <span class='ocrx_word' id='word_1_299' title='bbox 1290 2668 1366 2717; x_wconf 80' lang='lat' dir='ltr'><strong>At</strong></span> <span class='ocrx_word' id='word_1_300' title='bbox 1423 2668 1578 2719; x_wconf 88' lang='lat' dir='ltr'><strong>certe</strong></span> <span class='ocrx_word' id='word_1_301' title='bbox 1621 2680 1735 2719; x_wconf 89' lang='lat' dir='ltr'><strong>non</strong></span> <span class='ocrx_word' id='word_1_302' title='bbox 1802 2682 1919 2722; x_wconf 90' lang='lat' dir='ltr'><strong>una</strong></span> 
     </span>
    </p>
   </div>
   <div class='ocr_carea' id='block_1_43' title="bbox 274 2751 1919 2824">
    <p class='ocr_par' dir='ltr' id='par_1_43' title="bbox 274 2751 1919 2824">
     <span class='ocr_line' id='line_1_43' title="bbox 274 2751 1919 2824; baseline 0.001 -17"><span class='ocrx_word' id='word_1_303' title='bbox 274 2752 387 2807; x_wconf 85' lang='lat' dir='ltr'><strong>fuit</strong></span> <span class='ocrx_word' id='word_1_304' title='bbox 414 2752 738 2807; x_wconf 87' lang='lat' dir='ltr'><strong>Stoicorum</strong></span> <span class='ocrx_word' id='word_1_305' title='bbox 771 2751 842 2805; x_wconf 91' lang='lat' dir='ltr'><strong>de</strong></span> <span class='ocrx_word' id='word_1_306' title='bbox 873 2755 986 2806; x_wconf 94' lang='lat' dir='ltr'><strong>Deo</strong></span> <span class='ocrx_word' id='word_1_307' title='bbox 1016 2751 1332 2819; x_wconf 75' lang='lat' dir='ltr'><strong>sententia,</strong></span> <span class='ocrx_word' id='word_1_308' title='bbox 1365 2752 1466 2808; x_wconf 92' lang='lat' dir='ltr'><strong>sed</strong></span> <span class='ocrx_word' id='word_1_309' title='bbox 1516 2753 1791 2824; x_wconf 86' lang='lat' dir='ltr'><strong>maxima,</strong></span> <span class='ocrx_word' id='word_1_310' title='bbox 1837 2755 1919 2809; x_wconf 89' lang='lat' dir='ltr'><strong>uti</strong></span> 
     </span>
    </p>
   </div>
   <div class='ocr_carea' id='block_1_44' title="bbox 274 2840 1917 2912">
    <p class='ocr_par' dir='ltr' id='par_1_44' title="bbox 274 2840 1917 2912">
     <span class='ocr_line' id='line_1_44' title="bbox 274 2840 1917 2912; baseline 0.001 -16"><span class='ocrx_word' id='word_1_311' title='bbox 274 2841 551 2909; x_wconf 83' lang='lat' dir='ltr'><strong>diximus,</strong></span> <span class='ocrx_word' id='word_1_312' title='bbox 574 2840 919 2912; x_wconf 85' lang='lat' dir='ltr'><strong>Opinionum</strong></span> <span class='ocrx_word' id='word_1_313' title='bbox 953 2840 1222 2895; x_wconf 89' lang='lat' dir='ltr'><strong>varietas.</strong></span> <span class='ocrx_word' id='word_1_314' title='bbox 1252 2840 1310 2895; x_wconf 90' lang='lat' dir='ltr'><strong>Si</strong></span> <span class='ocrx_word' id='word_1_315' title='bbox 1342 2840 1441 2912; x_wconf 92' lang='lat' dir='ltr'><strong>qui</strong></span> <span class='ocrx_word' id='word_1_316' title='bbox 1464 2846 1659 2897; x_wconf 90' lang='lat' dir='ltr'><strong>autem</strong></span> <span class='ocrx_word' id='word_1_317' title='bbox 1683 2860 1751 2897; x_wconf 85' lang='lat' dir='ltr'><strong>ex</strong></span> <span class='ocrx_word' id='word_1_318' title='bbox 1778 2842 1917 2910; x_wconf 90' lang='lat' dir='ltr'><strong>illis,</strong></span> 
     </span>
    </p>
   </div>
   <div class='ocr_carea' id='block_1_45' title="bbox 276 2929 1921 3001">
    <p class='ocr_par' dir='ltr' id='par_1_45' title="bbox 276 2929 1921 3001">
     <span class='ocr_line' id='line_1_45' title="bbox 276 2929 1921 3001; baseline 0.002 -17"><span class='ocrx_word' id='word_1_319' title='bbox 276 2930 363 2985; x_wconf 91' lang='lat' dir='ltr'><strong>uti</strong></span> <span class='ocrx_word' id='word_1_320' title='bbox 414 2930 694 3001; x_wconf 68' lang='lat' dir='ltr'><strong>praefatus</strong></span> <span class='ocrx_word' id='word_1_321' title='bbox 749 2936 985 2995; x_wconf 81' lang='lat' dir='ltr'><strong>Seneca,</strong></span> <span class='ocrx_word' id='word_1_322' title='bbox 1046 2929 1230 2984; x_wconf 90' lang='lat' dir='ltr'><strong>Deum</strong></span> <span class='ocrx_word' id='word_1_323' title='bbox 1278 2929 1474 3001; x_wconf 92' lang='lat' dir='ltr'><strong>aliquo</strong></span> <span class='ocrx_word' id='word_1_324' title='bbox 1531 2932 1703 2987; x_wconf 92' lang='lat' dir='ltr'><strong>modo</strong></span> <span class='ocrx_word' id='word_1_325' title='bbox 1759 2937 1921 2989; x_wconf 86' lang='lat' dir='ltr'><strong>extra</strong></span> 
     </span>
    </p>
   </div>
   <div class='ocr_carea' id='block_1_46' title="bbox 276 3016 1920 3089">
    <p class='ocr_par' dir='ltr' id='par_1_46' title="bbox 276 3016 1920 3089">
     <span class='ocr_line' id='line_1_46' title="bbox 276 3016 1920 3089; baseline 0.001 -15"><span class='ocrx_word' id='word_1_326' title='bbox 276 3018 484 3075; x_wconf 88' lang='lat' dir='ltr'><strong>mundi</strong></span> <span class='ocrx_word' id='word_1_327' title='bbox 516 3020 660 3073; x_wconf 85' lang='lat' dir='ltr'><strong>ﬁnes</strong></span> <span class='ocrx_word' id='word_1_328' title='bbox 693 3016 950 3089; x_wconf 90' lang='lat' dir='ltr'><strong>positum</strong></span> <span class='ocrx_word' id='word_1_329' title='bbox 993 3017 1456 3084; x_wconf 89' lang='lat' dir='ltr'><strong>somniaverunt,</strong></span> <span class='ocrx_word' id='word_1_330' title='bbox 1514 3018 1657 3073; x_wconf 92' lang='lat' dir='ltr'><strong>illud</strong></span> <span class='ocrx_word' id='word_1_331' title='bbox 1699 3021 1920 3076; x_wconf 87' lang='lat' dir='ltr'><strong>Tertul-</strong></span> 
     </span>
    </p>
   </div>
   <div class='ocr_carea' id='block_1_47' title="bbox 276 3106 1922 3178">
    <p class='ocr_par' dir='ltr' id='par_1_47' title="bbox 276 3106 1922 3178">
     <span class='ocr_line' id='line_1_47' title="bbox 276 3106 1922 3178; baseline 0.002 -16"><span class='ocrx_word' id='word_1_332' title='bbox 276 3107 434 3162; x_wconf 91' lang='lat' dir='ltr'><strong>liano</strong></span> <span class='ocrx_word' id='word_1_333' title='bbox 467 3107 611 3163; x_wconf 88' lang='lat' dir='ltr'><strong>satis</strong></span> <span class='ocrx_word' id='word_1_334' title='bbox 634 3106 816 3162; x_wconf 90' lang='lat' dir='ltr'><strong>fuisse</strong></span> <span class='ocrx_word' id='word_1_335' title='bbox 838 3106 969 3178; x_wconf 89' lang='lat' dir='ltr'><strong>quis</strong></span> <span class='ocrx_word' id='word_1_336' title='bbox 1000 3122 1263 3177; x_wconf 88' lang='lat' dir='ltr'><strong>unquam</strong></span> <span class='ocrx_word' id='word_1_337' title='bbox 1291 3107 1649 3164; x_wconf 86' lang='lat' dir='ltr'><strong>inﬁciabitur</strong></span> <span class='ocrx_word' id='word_1_338' title='bbox 1669 3109 1696 3164; x_wconf 85' lang='lat'><strong>?</strong></span> <span class='ocrx_word' id='word_1_339' title='bbox 1727 3110 1922 3167; x_wconf 82' lang='lat' dir='ltr'><strong>Potuit</strong></span> 
     </span>
    </p>
   </div>
   <div class='ocr_carea' id='block_1_48' title="bbox 276 3195 1918 3269">
    <p class='ocr_par' dir='ltr' id='par_1_48' title="bbox 276 3195 1918 3269">
     <span class='ocr_line' id='line_1_48' title="bbox 276 3195 1918 3269; baseline 0.001 -16"><span class='ocrx_word' id='word_1_340' title='bbox 276 3197 433 3253; x_wconf 92' lang='lat' dir='ltr'><strong>enim</strong></span> <span class='ocrx_word' id='word_1_341' title='bbox 468 3196 789 3269; x_wconf 86' lang='lat' dir='ltr'><strong>Epicureis,</strong></span> <span class='ocrx_word' id='word_1_342' title='bbox 823 3212 973 3266; x_wconf 88' lang='lat' dir='ltr'><strong>quos</strong></span> <span class='ocrx_word' id='word_1_343' title='bbox 990 3195 1207 3251; x_wconf 82' lang='lat' dir='ltr'><strong>ethnici</strong></span> <span class='ocrx_word' id='word_1_344' title='bbox 1229 3197 1718 3267; x_wconf 88' lang='lat' dir='ltr'><strong>aspernabantur,</strong></span> <span class='ocrx_word' id='word_1_345' title='bbox 1740 3200 1918 3256; x_wconf 92' lang='lat' dir='ltr'><strong>omis-</strong></span> 
     </span>
    </p>
   </div>
   <div class='ocr_carea' id='block_1_49' title="bbox 278 3284 1918 3361">
    <p class='ocr_par' dir='ltr' id='par_1_49' title="bbox 278 3284 1918 3361">
     <span class='ocr_line' id='line_1_49' title="bbox 278 3284 1918 3361; baseline 0.003 -20"><span class='ocrx_word' id='word_1_346' title='bbox 278 3286 382 3352; x_wconf 89' lang='lat' dir='ltr'><strong>sis,</strong></span> <span class='ocrx_word' id='word_1_347' title='bbox 414 3286 744 3342; x_wconf 90' lang='lat' dir='ltr'><strong>Stoicorum</strong></span> <span class='ocrx_word' id='word_1_348' title='bbox 786 3286 974 3341; x_wconf 88' lang='lat' dir='ltr'><strong>facere</strong></span> <span class='ocrx_word' id='word_1_349' title='bbox 1015 3284 1392 3341; x_wconf 86' lang='lat' dir='ltr'><strong>mentionem.</strong></span> <span class='ocrx_word' id='word_1_350' title='bbox 1453 3286 1918 3361; x_wconf 89' lang='lat' dir='ltr'><strong>Verumtamem,</strong></span> 
     </span>
    </p>
   </div>
   <div class='ocr_carea' id='block_1_50' title="bbox 281 3374 1921 3449">
    <p class='ocr_par' dir='ltr' id='par_1_50' title="bbox 281 3374 1921 3449">
     <span class='ocr_line' id='line_1_50' title="bbox 281 3374 1921 3449; baseline 0.001 -16"><span class='ocrx_word' id='word_1_351' title='bbox 281 3393 643 3449; x_wconf 68' lang='lat' dir='ltr'><strong>quascunque</strong></span> <span class='ocrx_word' id='word_1_352' title='bbox 673 3374 930 3447; x_wconf 88' lang='lat' dir='ltr'><strong>genuina</strong></span> <span class='ocrx_word' id='word_1_353' title='bbox 986 3375 1061 3430; x_wconf 90' lang='lat' dir='ltr'><strong>sit</strong></span> <span class='ocrx_word' id='word_1_354' title='bbox 1118 3374 1461 3430; x_wconf 88' lang='lat' dir='ltr'><strong>Tertulliani</strong></span> <span class='ocrx_word' id='word_1_355' title='bbox 1519 3375 1710 3445; x_wconf 90' lang='lat' dir='ltr'><strong>lectio,</strong></span> <span class='ocrx_word' id='word_1_356' title='bbox 1770 3379 1921 3435; x_wconf 90' lang='lat' dir='ltr'><strong>idem</strong></span> 
     </span>
    </p>
   </div>
   <div class='ocr_carea' id='block_1_51' title="bbox 281 3464 1922 3537">
    <p class='ocr_par' dir='ltr' id='par_1_51' title="bbox 281 3464 1922 3537">
     <span class='ocr_line' id='line_1_51' title="bbox 281 3464 1922 3537; baseline 0.002 -15"><span class='ocrx_word' id='word_1_357' title='bbox 281 3468 394 3523; x_wconf 93' lang='lat' dir='ltr'><strong>erit</strong></span> <span class='ocrx_word' id='word_1_358' title='bbox 423 3464 954 3537; x_wconf 85' lang='lat' dir='ltr'><strong>argumentationis</strong></span> <span class='ocrx_word' id='word_1_359' title='bbox 983 3465 1110 3535; x_wconf 90' lang='lat' dir='ltr'><strong>ejus</strong></span> <span class='ocrx_word' id='word_1_360' title='bbox 1143 3465 1373 3535; x_wconf 89' lang='lat' dir='ltr'><strong>pondus</strong></span> <span class='ocrx_word' id='word_1_361' title='bbox 1405 3481 1469 3519; x_wconf 90' lang='lat' dir='ltr'><strong>ac</strong></span> <span class='ocrx_word' id='word_1_362' title='bbox 1527 3468 1723 3524; x_wconf 90' lang='lat' dir='ltr'><strong>robur.</strong></span> <span class='ocrx_word' id='word_1_363' title='bbox 1778 3467 1922 3525; x_wconf 90' lang='lat' dir='ltr'><strong>Nam</strong></span> 
     </span>
    </p>
   </div>
   <div class='ocr_carea' id='block_1_52' title="bbox 279 3553 1921 3629">
    <p class='ocr_par' dir='ltr' id='par_1_52' title="bbox 279 3553 1921 3629">
     <span class='ocr_line' id='line_1_52' title="bbox 279 3553 1921 3629; baseline 0.001 -17"><span class='ocrx_word' id='word_1_364' title='bbox 279 3574 347 3612; x_wconf 86' lang='lat' dir='ltr'><strong>ex</strong></span> <span class='ocrx_word' id='word_1_365' title='bbox 378 3572 445 3611; x_wconf 93' lang='lat' dir='ltr'><strong>ea</strong></span> <span class='ocrx_word' id='word_1_366' title='bbox 477 3560 535 3611; x_wconf 88' lang='lat' dir='ltr'><strong>et</strong></span> <span class='ocrx_word' id='word_1_367' title='bbox 563 3554 655 3610; x_wconf 93' lang='lat' dir='ltr'><strong>his</strong></span> <span class='ocrx_word' id='word_1_368' title='bbox 677 3554 953 3609; x_wconf 90' lang='lat' dir='ltr'><strong>omnibus</strong></span> <span class='ocrx_word' id='word_1_369' title='bbox 976 3570 1101 3624; x_wconf 61' lang='lat' dir='ltr'><strong>qua</strong></span> <span class='ocrx_word' id='word_1_370' title='bbox 1132 3553 1416 3610; x_wconf 87' lang='lat' dir='ltr'><strong>hactenus</strong></span> <span class='ocrx_word' id='word_1_371' title='bbox 1446 3555 1746 3628; x_wconf 90' lang='lat' dir='ltr'><strong>disputata</strong></span> <span class='ocrx_word' id='word_1_372' title='bbox 1762 3562 1921 3629; x_wconf 90' lang='lat' dir='ltr'><strong>sunt,</strong></span> 
     </span>
    </p>
   </div>
   <div class='ocr_carea' id='block_1_53' title="bbox 280 3642 1923 3716">
    <p class='ocr_par' dir='ltr' id='par_1_53' title="bbox 280 3642 1923 3716">
     <span class='ocr_line' id='line_1_53' title="bbox 280 3642 1923 3716; baseline 0.002 -15"><span class='ocrx_word' id='word_1_373' title='bbox 280 3644 701 3716; x_wconf 89' lang='lat' dir='ltr'><strong>cuivisliquido</strong></span> <span class='ocrx_word' id='word_1_374' title='bbox 720 3642 961 3715; x_wconf 88' lang='lat' dir='ltr'><strong>patebit,</strong></span> <span class='ocrx_word' id='word_1_375' title='bbox 988 3660 1165 3713; x_wconf 89' lang='lat' dir='ltr'><strong>quam</strong></span> <span class='ocrx_word' id='word_1_376' title='bbox 1187 3644 1541 3714; x_wconf 88' lang='lat' dir='ltr'><strong>meritojure</strong></span> <span class='ocrx_word' id='word_1_377' title='bbox 1559 3646 1655 3701; x_wconf 89' lang='lat' dir='ltr'><strong>ille</strong></span> <span class='ocrx_word' id='word_1_378' title='bbox 1695 3664 1923 3705; x_wconf 87' lang='lat' dir='ltr'><strong>asseve-</strong></span> 
     </span>
    </p>
   </div>
   <div class='ocr_carea' id='block_1_54' title="bbox 282 3731 1922 3805">
    <p class='ocr_par' dir='ltr' id='par_1_54' title="bbox 282 3731 1922 3805">
     <span class='ocr_line' id='line_1_54' title="bbox 282 3731 1922 3805; baseline 0.002 -16"><span class='ocrx_word' id='word_1_379' title='bbox 282 3738 369 3789; x_wconf 90' lang='lat' dir='ltr'><strong>ret</strong></span> <span class='ocrx_word' id='word_1_380' title='bbox 384 3738 500 3788; x_wconf 91' lang='lat' dir='ltr'><strong>tam</strong></span> <span class='ocrx_word' id='word_1_381' title='bbox 516 3731 751 3788; x_wconf 88' lang='lat' dir='ltr'><strong>difﬁcile</strong></span> <span class='ocrx_word' id='word_1_382' title='bbox 766 3732 947 3787; x_wconf 87' lang='lat' dir='ltr'><strong>fuisse</strong></span> <span class='ocrx_word' id='word_1_383' title='bbox 960 3731 1325 3803; x_wconf 90' lang='lat' dir='ltr'><strong>philosophis</strong></span> <span class='ocrx_word' id='word_1_384' title='bbox 1338 3736 1615 3792; x_wconf 88' lang='lat' dir='ltr'><strong>omnibus</strong></span> <span class='ocrx_word' id='word_1_385' title='bbox 1630 3741 1896 3793; x_wconf 86' lang='lat' dir='ltr'><strong>naturam</strong></span> <span class='ocrx_word' id='word_1_386' title='bbox 1909 3780 1922 3805; x_wconf 92' lang='lat'><strong>,</strong></span> 
     </span>
    </p>
   </div>
   <div class='ocr_carea' id='block_1_55' title="bbox 278 3820 1925 3895">
    <p class='ocr_par' dir='ltr' id='par_1_55' title="bbox 278 3820 1925 3895">
     <span class='ocr_line' id='line_1_55' title="bbox 278 3820 1925 3895; baseline 0.003 -19"><span class='ocrx_word' id='word_1_387' title='bbox 278 3822 621 3894; x_wconf 86' lang='lat' dir='ltr'><strong>qualitatem</strong></span> <span class='ocrx_word' id='word_1_388' title='bbox 635 3826 689 3876; x_wconf 90' lang='lat' dir='ltr'><strong>et</strong></span> <span class='ocrx_word' id='word_1_389' title='bbox 710 3822 908 3876; x_wconf 88' lang='lat' dir='ltr'><strong>sedem</strong></span> <span class='ocrx_word' id='word_1_390' title='bbox 927 3820 1025 3874; x_wconf 89' lang='lat' dir='ltr'><strong>Dei</strong></span> <span class='ocrx_word' id='word_1_391' title='bbox 1040 3821 1365 3892; x_wconf 87' lang='lat' dir='ltr'><strong>designare,</strong></span> <span class='ocrx_word' id='word_1_392' title='bbox 1407 3823 1553 3879; x_wconf 74' lang='lat'><strong>82]</strong></span> <span class='ocrx_word' id='word_1_393' title='bbox 1575 3842 1747 3895; x_wconf 88' lang='lat' dir='ltr'><strong>quam</strong></span> <span class='ocrx_word' id='word_1_394' title='bbox 1764 3827 1820 3882; x_wconf 91' lang='lat' dir='ltr'><strong>id</strong></span> <span class='ocrx_word' id='word_1_395' title='bbox 1842 3828 1925 3883; x_wconf 83' lang='lat' dir='ltr'><strong>vel</strong></span> 
     </span>
    </p>
   </div>
   <div class='ocr_carea' id='block_1_56' title="bbox 286 3909 1923 3985">
    <p class='ocr_par' dir='ltr' id='par_1_56' title="bbox 286 3909 1923 3985">
     <span class='ocr_line' id='line_1_56' title="bbox 286 3909 1923 3985; baseline 0.004 -20"><span class='ocrx_word' id='word_1_396' title='bbox 286 3912 500 3967; x_wconf 78' lang='lat' dir='ltr'><strong>inﬁmae</strong></span> <span class='ocrx_word' id='word_1_397' title='bbox 525 3910 700 3966; x_wconf 90' lang='lat' dir='ltr'><strong>sortis</strong></span> <span class='ocrx_word' id='word_1_398' title='bbox 730 3909 1059 3965; x_wconf 86' lang='lat' dir='ltr'><strong>Christiano</strong></span> <span class='ocrx_word' id='word_1_399' title='bbox 1092 3915 1429 3981; x_wconf 91' lang='lat' dir='ltr'><strong>promptum</strong></span> <span class='ocrx_word' id='word_1_400' title='bbox 1463 3913 1749 3985; x_wconf 86' lang='lat' dir='ltr'><strong>facileque</strong></span> <span class='ocrx_word' id='word_1_401' title='bbox 1795 3916 1923 3971; x_wconf 88' lang='lat' dir='ltr'><strong>fuit.</strong></span> 
     </span>
    </p>
   </div>
   <div class='ocr_carea' id='block_1_57' title="bbox 351 4015 1924 4078">
    <p class='ocr_par' dir='ltr' id='par_1_57' title="bbox 351 4015 1924 4078">
     <span class='ocr_line' id='line_1_57' title="bbox 351 4015 1924 4078; baseline 0.003 -6"><span class='ocrx_word' id='word_1_402' title='bbox 351 4018 568 4074; x_wconf 89' lang='lat' dir='ltr'><strong>Verum</strong></span> <span class='ocrx_word' id='word_1_403' title='bbox 592 4015 737 4070; x_wconf 90' lang='lat' dir='ltr'><strong>illud</strong></span> <span class='ocrx_word' id='word_1_404' title='bbox 762 4015 953 4071; x_wconf 87' lang='lat' dir='ltr'><strong>adhuc</strong></span> <span class='ocrx_word' id='word_1_405' title='bbox 978 4015 1325 4073; x_wconf 86' lang='lat' dir='ltr'><strong>auctoritate</strong></span> <span class='ocrx_word' id='word_1_406' title='bbox 1372 4020 1759 4076; x_wconf 88' lang='lat' dir='ltr'><strong>conﬁrmatur</strong></span> <span class='ocrx_word' id='word_1_407' title='bbox 1797 4022 1924 4078; x_wconf 87' lang='lat' dir='ltr'><strong>Pla-</strong></span> 
     </span>
    </p>
   </div>
   <div class='ocr_carea' id='block_1_58' title="bbox 287 4103 1927 4181">
    <p class='ocr_par' dir='ltr' id='par_1_58' title="bbox 287 4103 1927 4181">
     <span class='ocr_line' id='line_1_58' title="bbox 287 4103 1927 4181; baseline 0.002 -18"><span class='ocrx_word' id='word_1_408' title='bbox 287 4107 466 4174; x_wconf 87' lang='lat' dir='ltr'><strong>tonis,</strong></span> <span class='ocrx_word' id='word_1_409' title='bbox 490 4104 726 4160; x_wconf 90' lang='lat' dir='ltr'><strong>illorum</strong></span> <span class='ocrx_word' id='word_1_410' title='bbox 759 4103 1023 4159; x_wconf 89' lang='lat' dir='ltr'><strong>omnium</strong></span> <span class='ocrx_word' id='word_1_411' title='bbox 1058 4105 1223 4161; x_wconf 83' lang='lat' dir='ltr'><strong>facile</strong></span> <span class='ocrx_word' id='word_1_412' title='bbox 1256 4106 1554 4179; x_wconf 80' lang='lat' dir='ltr'><strong>principis,</strong></span> <span class='ocrx_word' id='word_1_413' title='bbox 1590 4111 1713 4181; x_wconf 88' lang='lat' dir='ltr'><strong>qui,</strong></span> <span class='ocrx_word' id='word_1_414' title='bbox 1773 4112 1927 4166; x_wconf 91' lang='lat' dir='ltr'><strong>sicut</strong></span> 
     </span>
    </p>
   </div>
   <div class='ocr_carea' id='block_1_59' title="bbox 282 4192 1926 4270">
    <p class='ocr_par' dir='ltr' id='par_1_59' title="bbox 282 4192 1926 4270">
     <span class='ocr_line' id='line_1_59' title="bbox 282 4192 1926 4270; baseline 0.001 -18"><span class='ocrx_word' id='word_1_415' title='bbox 282 4198 409 4270; x_wconf 90' lang='lat' dir='ltr'><strong>ipse</strong></span> <span class='ocrx_word' id='word_1_416' title='bbox 430 4192 828 4251; x_wconf 89' lang='lat' dir='ltr'><strong>Tertullianus</strong></span> <span class='ocrx_word' id='word_1_417' title='bbox 861 4199 1149 4248; x_wconf 90' lang='lat' dir='ltr'><strong>memorat</strong></span> <span class='ocrx_word' id='word_1_418' title='bbox 1170 4210 1395 4267; x_wconf 90' lang='lat' dir='ltr'><strong>nosque</strong></span> <span class='ocrx_word' id='word_1_419' title='bbox 1420 4194 1576 4251; x_wconf 90' lang='lat' dir='ltr'><strong>haud</strong></span> <span class='ocrx_word' id='word_1_420' title='bbox 1599 4198 1781 4254; x_wconf 89' lang='lat' dir='ltr'><strong>semel</strong></span> <span class='ocrx_word' id='word_1_421' title='bbox 1800 4200 1926 4255; x_wconf 88' lang='lat' dir='ltr'><strong>ani-</strong></span> 
     </span>
    </p>
   </div>
   <div class='ocr_carea' id='block_1_60' title="bbox 289 4281 1926 4355">
    <p class='ocr_par' dir='ltr' id='par_1_60' title="bbox 289 4281 1926 4355">
     <span class='ocr_line' id='line_1_60' title="bbox 289 4281 1926 4355; baseline 0.002 -14"><span class='ocrx_word' id='word_1_422' title='bbox 289 4283 732 4351; x_wconf 89' lang='lat' dir='ltr'><strong>madvertimus,</strong></span> <span class='ocrx_word' id='word_1_423' title='bbox 757 4281 952 4355; x_wconf 91' lang='lat' dir='ltr'><strong>palam</strong></span> <span class='ocrx_word' id='word_1_424' title='bbox 982 4283 1278 4353; x_wconf 89' lang='lat' dir='ltr'><strong>professus</strong></span> <span class='ocrx_word' id='word_1_425' title='bbox 1320 4289 1429 4352; x_wconf 90' lang='lat' dir='ltr'><strong>est,</strong></span> <span class='ocrx_word' id='word_1_426' title='bbox 1469 4308 1489 4334; x_wconf 74' lang='grc' dir='ltr'>ι</span> <span class='ocrx_word' id='word_1_427' title='bbox 1538 4286 1926 4343; x_wconf 87' lang='lat' dir='ltr'><strong>factitatorem</strong></span> 
     </span>
    </p>
   </div>
   <div class='ocr_carea' id='block_1_61' title="bbox 290 4372 1927 4444">
    <p class='ocr_par' dir='ltr' id='par_1_61' title="bbox 290 4372 1927 4444">
     <span class='ocr_line' id='line_1_61' title="bbox 290 4372 1927 4444; baseline 0.001 -13"><span class='ocrx_word' id='word_1_428' title='bbox 290 4373 694 4431; x_wconf 89' lang='lat' dir='ltr'><strong>universitatis</strong></span> <span class='ocrx_word' id='word_1_429' title='bbox 724 4388 915 4444; x_wconf 89' lang='lat' dir='ltr'><strong>neque</strong></span> <span class='ocrx_word' id='word_1_430' title='bbox 944 4372 1189 4428; x_wconf 90' lang='lat' dir='ltr'><strong>inveniri</strong></span> <span class='ocrx_word' id='word_1_431' title='bbox 1223 4372 1476 4441; x_wconf 89' lang='lat' dir='ltr'><strong>facilem,</strong></span> <span class='ocrx_word' id='word_1_432' title='bbox 1521 4379 1578 4430; x_wconf 90' lang='lat' dir='ltr'><strong>et</strong></span> <span class='ocrx_word' id='word_1_433' title='bbox 1626 4377 1927 4433; x_wconf 90' lang='lat' dir='ltr'><strong>inventum</strong></span> 
     </span>
    </p>
   </div>
   <div class='ocr_carea' id='block_1_62' title="bbox 287 4461 1925 4539">
    <p class='ocr_par' dir='ltr' id='par_1_62' title="bbox 287 4461 1925 4539">
     <span class='ocr_line' id='line_1_62' title="bbox 287 4461 1925 4539; baseline 0.001 -18"><span class='ocrx_word' id='word_1_434' title='bbox 287 4465 545 4521; x_wconf 88' lang='lat' dir='ltr'><strong>enarrari</strong></span> <span class='ocrx_word' id='word_1_435' title='bbox 570 4464 629 4519; x_wconf 93' lang='lat' dir='ltr'><strong>in</strong></span> <span class='ocrx_word' id='word_1_436' title='bbox 662 4480 865 4520; x_wconf 91' lang='lat' dir='ltr'><strong>omnes</strong></span> <span class='ocrx_word' id='word_1_437' title='bbox 914 4461 1235 4518; x_wconf 89' lang='lat' dir='ltr'><strong>difﬁcilem.</strong></span> <span class='ocrx_word' id='word_1_438' title='bbox 1266 4484 1294 4513; x_wconf 85' lang='lat'><strong>»</strong></span> <span class='ocrx_word' id='word_1_439' title='bbox 1331 4463 1692 4533; x_wconf 89' lang='lat' dir='ltr'><strong>(Tertullian.</strong></span> <span class='ocrx_word' id='word_1_440' title='bbox 1726 4467 1925 4539; x_wconf 84' lang='lat' dir='ltr'><strong>Apolo-</strong></span> 
     </span>
    </p>
   </div>
   <div class='ocr_carea' id='block_1_63' title="bbox 286 4552 1927 4626">
    <p class='ocr_par' dir='ltr' id='par_1_63' title="bbox 286 4552 1927 4626">
     <span class='ocr_line' id='line_1_63' title="bbox 286 4552 1927 4626; baseline -0.005 -16"><span class='ocrx_word' id='word_1_441' title='bbox 286 4558 391 4626; x_wconf 80' lang='lat' dir='ltr'><strong>get.</strong></span> <span class='ocrx_word' id='word_1_442' title='bbox 415 4571 544 4626; x_wconf 88' lang='lat' dir='ltr'><strong>cap.</strong></span> <span class='ocrx_word' id='word_1_443' title='bbox 578 4554 686 4622; x_wconf 64' lang='lat'><strong>46;</strong></span> <span class='ocrx_word' id='word_1_444' title='bbox 717 4552 866 4608; x_wconf 86' lang='lat' dir='ltr'><strong>Plat.</strong></span> <span class='ocrx_word' id='word_1_445' title='bbox 900 4553 1032 4606; x_wconf 88' lang='lat' dir='ltr'><strong>Tim.</strong></span> <span class='ocrx_word' id='word_1_446' title='bbox 1066 4568 1195 4622; x_wconf 79' lang='lat' dir='ltr'><strong>pag.</strong></span> <span class='ocrx_word' id='word_1_447' title='bbox 1225 4552 1317 4623; x_wconf 85' lang='lat'><strong>28)</strong></span> <span class='ocrx_word' id='word_1_448' title='bbox 1368 4554 1754 4618; x_wconf 89' lang='lat' dir='ltr'><strong>Quamobrem</strong></span> <span class='ocrx_word' id='word_1_449' title='bbox 1809 4573 1927 4613; x_wconf 87' lang='lat' dir='ltr'><strong>sec.</strong></span> 
     </span>
    </p>
   </div>
   <div class='ocr_carea' id='block_1_64' title="bbox 290 4623 2003 4715">
    <p class='ocr_par' dir='ltr' id='par_1_64' title="bbox 290 4623 2003 4715">
     <span class='ocr_line' id='line_1_64' title="bbox 290 4623 2003 4715; baseline 0.001 -15"><span class='ocrx_word' id='word_1_450' title='bbox 290 4623 509 4700; x_wconf 79' lang='lat' dir='ltr'><strong>tatores</strong></span> <span class='ocrx_word' id='word_1_451' title='bbox 549 4645 700 4715; x_wconf 86' lang='lat' dir='ltr'><strong>ejus,</strong></span> <span class='ocrx_word' id='word_1_452' title='bbox 750 4641 834 4697; x_wconf 92' lang='lat' dir='ltr'><strong>uti</strong></span> <span class='ocrx_word' id='word_1_453' title='bbox 869 4641 983 4697; x_wconf 92' lang='lat' dir='ltr'><strong>alio</strong></span> <span class='ocrx_word' id='word_1_454' title='bbox 1009 4640 1070 4696; x_wconf 93' lang='lat' dir='ltr'><strong>in</strong></span> <span class='ocrx_word' id='word_1_455' title='bbox 1100 4639 1252 4696; x_wconf 91' lang='lat' dir='ltr'><strong>libro</strong></span> <span class='ocrx_word' id='word_1_456' title='bbox 1313 4642 1395 4698; x_wconf 88' lang='lat' dir='ltr'><strong>ait</strong></span> <span class='ocrx_word' id='word_1_457' title='bbox 1447 4648 1651 4700; x_wconf 90' lang='lat' dir='ltr'><strong>auctor</strong></span> <span class='ocrx_word' id='word_1_458' title='bbox 1705 4651 1925 4715; x_wconf 90' lang='lat' dir='ltr'><strong>noster,</strong></span> <span class='ocrx_word' id='word_1_459' title='bbox 1961 4623 2003 4687; x_wconf 75' lang='grc' dir='ltr'>θ</span> 
     </span>
    </p>
   </div>
   <div class='ocr_carea' id='block_1_65' title="bbox 288 4729 1934 4806">
    <p class='ocr_par' dir='ltr' id='par_1_65' title="bbox 288 4729 1934 4806">
     <span class='ocr_line' id='line_1_65' title="bbox 288 4729 1934 4806; baseline 0.002 -18"><span class='ocrx_word' id='word_1_460' title='bbox 288 4733 480 4802; x_wconf 90' lang='lat' dir='ltr'><strong>illum,</strong></span> <span class='ocrx_word' id='word_1_461' title='bbox 516 4756 543 4784; x_wconf 83' lang='lat'><strong>«</strong></span> <span class='ocrx_word' id='word_1_462' title='bbox 577 4746 754 4805; x_wconf 86' lang='lat' dir='ltr'><strong>quem</strong></span> <span class='ocrx_word' id='word_1_463' title='bbox 786 4747 899 4787; x_wconf 90' lang='lat' dir='ltr'><strong>non</strong></span> <span class='ocrx_word' id='word_1_464' title='bbox 923 4729 1159 4803; x_wconf 88' lang='lat' dir='ltr'><strong>penitus</strong></span> <span class='ocrx_word' id='word_1_465' title='bbox 1181 4731 1562 4802; x_wconf 88' lang='lat' dir='ltr'><strong>admiserant,</strong></span> <span class='ocrx_word' id='word_1_466' title='bbox 1588 4751 1776 4806; x_wconf 90' lang='lat' dir='ltr'><strong>neque</strong></span> <span class='ocrx_word' id='word_1_467' title='bbox 1798 4752 1934 4792; x_wconf 90' lang='lat' dir='ltr'><strong>nos-</strong></span> 
     </span>
    </p>
   </div>
   <div class='ocr_carea' id='block_1_66' title="bbox 292 4820 1933 4895">
    <p class='ocr_par' dir='ltr' id='par_1_66' title="bbox 292 4820 1933 4895">
     <span class='ocr_line' id='line_1_66' title="bbox 292 4820 1933 4895; baseline 0.002 -17"><span class='ocrx_word' id='word_1_468' title='bbox 292 4840 355 4878; x_wconf 89' lang='lat' dir='ltr'><strong>se</strong></span> <span class='ocrx_word' id='word_1_469' title='bbox 386 4828 723 4895; x_wconf 88' lang='lat' dir='ltr'><strong>potuerunt,</strong></span> <span class='ocrx_word' id='word_1_470' title='bbox 759 4836 947 4892; x_wconf 90' lang='lat' dir='ltr'><strong>neque</strong></span> <span class='ocrx_word' id='word_1_471' title='bbox 969 4820 1199 4887; x_wconf 90' lang='lat' dir='ltr'><strong>timere,</strong></span> <span class='ocrx_word' id='word_1_472' title='bbox 1226 4836 1331 4876; x_wconf 90' lang='lat' dir='ltr'><strong>nec</strong></span> <span class='ocrx_word' id='word_1_473' title='bbox 1354 4820 1490 4878; x_wconf 90' lang='lat' dir='ltr'><strong>inde</strong></span> <span class='ocrx_word' id='word_1_474' title='bbox 1521 4839 1745 4895; x_wconf 88' lang='lat' dir='ltr'><strong>sapere,</strong></span> <span class='ocrx_word' id='word_1_475' title='bbox 1768 4843 1933 4881; x_wconf 85' lang='lat' dir='ltr'><strong>exor-</strong></span> 
     </span>
    </p>
   </div>
   <div class='ocr_carea' id='block_1_67' title="bbox 295 4909 1935 4982">
    <p class='ocr_par' dir='ltr' id='par_1_67' title="bbox 295 4909 1935 4982">
     <span class='ocr_line' id='line_1_67' title="bbox 295 4909 1935 4982; baseline 0.004 -17"><span class='ocrx_word' id='word_1_476' title='bbox 295 4911 551 4967; x_wconf 87' lang='lat' dir='ltr'><strong>bitantes</strong></span> <span class='ocrx_word' id='word_1_477' title='bbox 584 4911 806 4967; x_wconf 91' lang='lat' dir='ltr'><strong>scilicet</strong></span> <span class='ocrx_word' id='word_1_478' title='bbox 835 4912 906 4965; x_wconf 90' lang='lat' dir='ltr'><strong>ab</strong></span> <span class='ocrx_word' id='word_1_479' title='bbox 937 4909 1105 4965; x_wconf 87' lang='lat' dir='ltr'><strong>initio</strong></span> <span class='ocrx_word' id='word_1_480' title='bbox 1136 4910 1457 4981; x_wconf 67' lang='lat' dir='ltr'><strong>sapientiae,</strong></span> <span class='ocrx_word' id='word_1_481' title='bbox 1500 4912 1558 4967; x_wconf 92' lang='lat' dir='ltr'><strong>id</strong></span> <span class='ocrx_word' id='word_1_482' title='bbox 1607 4919 1717 4982; x_wconf 89' lang='lat' dir='ltr'><strong>est,</strong></span> <span class='ocrx_word' id='word_1_483' title='bbox 1777 4921 1935 4971; x_wconf 91' lang='lat' dir='ltr'><strong>metu</strong></span> 
     </span>
    </p>
   </div>
   <div class='ocr_carea' id='block_1_68' title="bbox 302 5000 1933 5071">
    <p class='ocr_par' dir='ltr' id='par_1_68' title="bbox 302 5000 1933 5071">
     <span class='ocr_line' id='line_1_68' title="bbox 302 5000 1933 5071; baseline 0.003 -17"><span class='ocrx_word' id='word_1_484' title='bbox 302 5000 359 5054; x_wconf 91' lang='lat' dir='ltr'><strong>in</strong></span> <span class='ocrx_word' id='word_1_485' title='bbox 394 5001 579 5054; x_wconf 90' lang='lat' dir='ltr'><strong>Deum</strong></span> <span class='ocrx_word' id='word_1_486' title='bbox 611 5022 639 5051; x_wconf 85' lang='lat'>»</span> <span class='ocrx_word' id='word_1_487' title='bbox 673 5001 863 5071; x_wconf 91' lang='lat' dir='ltr'><strong>(Tom.</strong></span> <span class='ocrx_word' id='word_1_488' title='bbox 898 5004 921 5052; x_wconf 92' lang='grc' dir='ltr'><strong>Ι</strong></span> <span class='ocrx_word' id='word_1_489' title='bbox 951 5000 1214 5070; x_wconf 76' lang='lat' dir='ltr'><strong>Apparet.</strong></span> <span class='ocrx_word' id='word_1_490' title='bbox 1273 5016 1411 5071; x_wconf 87' lang='lat' dir='ltr'><strong>pag.</strong></span> <span class='ocrx_word' id='word_1_491' title='bbox 1450 5002 1592 5071; x_wconf 71' lang='lat'><strong>948;</strong></span> <span class='ocrx_word' id='word_1_492' title='bbox 1650 5005 1933 5060; x_wconf 74' lang='lat' dir='ltr'><strong>Dissertat.</strong></span> 
     </span>
    </p>
   </div>
   <div class='ocr_carea' id='block_1_69' title="bbox 298 5089 1937 5161">
    <p class='ocr_par' dir='ltr' id='par_1_69' title="bbox 298 5089 1937 5161">
     <span class='ocr_line' id='line_1_69' title="bbox 298 5089 1937 5161; baseline 0.004 -17"><span class='ocrx_word' id='word_1_493' title='bbox 298 5090 357 5144; x_wconf 85' lang='lat' dir='ltr'><strong>in</strong></span> <span class='ocrx_word' id='word_1_494' title='bbox 402 5089 592 5143; x_wconf 79' lang='lat' dir='ltr'><strong>Minut.</strong></span> <span class='ocrx_word' id='word_1_495' title='bbox 655 5094 847 5145; x_wconf 89' lang='lat' dir='ltr'><strong>Octav.</strong></span> <span class='ocrx_word' id='word_1_496' title='bbox 910 5105 1037 5160; x_wconf 87' lang='lat' dir='ltr'><strong>cap.</strong></span> <span class='ocrx_word' id='word_1_497' title='bbox 1093 5089 1145 5143; x_wconf 82' lang='grc'><strong>4.</strong></span> <span class='ocrx_word' id='word_1_498' title='bbox 1210 5094 1319 5143; x_wconf 89' lang='lat' dir='ltr'><strong>art.</strong></span> <span class='ocrx_word' id='word_1_499' title='bbox 1376 5091 1456 5161; x_wconf 88' lang='lat'><strong>2.)</strong></span> <span class='ocrx_word' id='word_1_500' title='bbox 1504 5092 1758 5155; x_wconf 88' lang='lat' dir='ltr'><strong>Quilibet</strong></span> <span class='ocrx_word' id='word_1_501' title='bbox 1806 5111 1937 5150; x_wconf 90' lang='lat' dir='ltr'><strong>vero</strong></span> 
     </span>
    </p>
   </div>
   <div class='ocr_carea' id='block_1_70' title="bbox 297 5176 1941 5254">
    <p class='ocr_par' dir='ltr' id='par_1_70' title="bbox 297 5176 1941 5254">
     <span class='ocr_line' id='line_1_70' title="bbox 297 5176 1941 5254; baseline 0.004 -22"><span class='ocrx_word' id='word_1_502' title='bbox 297 5176 665 5233; x_wconf 87' lang='lat' dir='ltr'><strong>Christianus</strong></span> <span class='ocrx_word' id='word_1_503' title='bbox 695 5177 861 5231; x_wconf 90' lang='lat' dir='ltr'><strong>illum</strong></span> <span class='ocrx_word' id='word_1_504' title='bbox 895 5176 1136 5247; x_wconf 90' lang='lat' dir='ltr'><strong>invenit,</strong></span> <span class='ocrx_word' id='word_1_505' title='bbox 1168 5182 1225 5232; x_wconf 89' lang='lat' dir='ltr'><strong>et</strong></span> <span class='ocrx_word' id='word_1_506' title='bbox 1257 5199 1286 5227; x_wconf 90' lang='grc'><strong>‹‹</strong></span> <span class='ocrx_word' id='word_1_507' title='bbox 1320 5180 1475 5249; x_wconf 91' lang='lat' dir='ltr'><strong>quod</strong></span> <span class='ocrx_word' id='word_1_508' title='bbox 1508 5180 1567 5235; x_wconf 91' lang='lat' dir='ltr'><strong>in</strong></span> <span class='ocrx_word' id='word_1_509' title='bbox 1627 5186 1739 5238; x_wconf 91' lang='lat' dir='ltr'><strong>Deo</strong></span> <span class='ocrx_word' id='word_1_510' title='bbox 1788 5199 1941 5254; x_wconf 76' lang='lat' dir='ltr'><strong>quaa-</strong></span> 
     </span>
    </p>
   </div>
   <div class='ocr_carea' id='block_1_71' title="bbox 301 5265 1941 5338">
    <p class='ocr_par' dir='ltr' id='par_1_71' title="bbox 301 5265 1941 5338">
     <span class='ocr_line' id='line_1_71' title="bbox 301 5265 1941 5338; baseline 0.003 -15"><span class='ocrx_word' id='word_1_511' title='bbox 301 5268 470 5335; x_wconf 88' lang='lat' dir='ltr'><strong>ritur,</strong></span> <span class='ocrx_word' id='word_1_512' title='bbox 503 5284 563 5323; x_wconf 91' lang='lat' dir='ltr'><strong>re</strong></span> <span class='ocrx_word' id='word_1_513' title='bbox 585 5282 818 5338; x_wconf 90' lang='lat' dir='ltr'><strong>quoque</strong></span> <span class='ocrx_word' id='word_1_514' title='bbox 850 5265 1135 5337; x_wconf 87' lang='lat' dir='ltr'><strong>assignat,</strong></span> <span class='ocrx_word' id='word_1_515' title='bbox 1165 5286 1191 5317; x_wconf 72' lang='grc' dir='ltr'><strong><em>ι</em></strong></span> <span class='ocrx_word' id='word_1_516' title='bbox 1229 5268 1596 5337; x_wconf 88' lang='lat' dir='ltr'><strong>(Tertullian.</strong></span> <span class='ocrx_word' id='word_1_517' title='bbox 1650 5271 1751 5326; x_wconf 91' lang='lat' dir='ltr'><strong>lib.</strong></span> <span class='ocrx_word' id='word_1_518' title='bbox 1799 5289 1840 5327; x_wconf 84' lang='grc' dir='ltr'>ιι</span> <span class='ocrx_word' id='word_1_519' title='bbox 1871 5271 1941 5328; x_wconf 87' lang='lat' dir='ltr'><strong>ad</strong></span> 
     </span>
    </p>
   </div>
   <div class='ocr_carea' id='block_1_72' title="bbox 302 5355 1942 5431">
    <p class='ocr_par' dir='ltr' id='par_1_72' title="bbox 302 5355 1942 5431">
     <span class='ocr_line' id='line_1_72' title="bbox 302 5355 1942 5431; baseline 0.003 -18"><span class='ocrx_word' id='word_1_520' title='bbox 302 5359 523 5414; x_wconf 83' lang='lat' dir='ltr'><strong>Natinn.</strong></span> <span class='ocrx_word' id='word_1_521' title='bbox 557 5374 683 5428; x_wconf 93' lang='lat' dir='ltr'><strong>cap.</strong></span> <span class='ocrx_word' id='word_1_522' title='bbox 716 5357 771 5427; x_wconf 86' lang='lat'><strong>2)</strong></span> <span class='ocrx_word' id='word_1_523' title='bbox 802 5355 998 5425; x_wconf 89' lang='lat' dir='ltr'><strong>ipsum</strong></span> <span class='ocrx_word' id='word_1_524' title='bbox 1058 5355 1330 5411; x_wconf 88' lang='lat' dir='ltr'><strong>videlicet</strong></span> <span class='ocrx_word' id='word_1_525' title='bbox 1375 5374 1504 5413; x_wconf 83' lang='lat' dir='ltr'><strong>esse</strong></span> <span class='ocrx_word' id='word_1_526' title='bbox 1559 5377 1765 5431; x_wconf 88' lang='lat' dir='ltr'><strong>unum,</strong></span> <span class='ocrx_word' id='word_1_527' title='bbox 1822 5378 1942 5418; x_wconf 89' lang='lat' dir='ltr'><strong>om-</strong></span> 
     </span>
    </p>
   </div>
   <div class='ocr_carea' id='block_1_73' title="bbox 301 5446 1940 5524">
    <p class='ocr_par' dir='ltr' id='par_1_73' title="bbox 301 5446 1940 5524">
     <span class='ocr_line' id='line_1_73' title="bbox 301 5446 1940 5524; baseline 0.002 -22"><span class='ocrx_word' id='word_1_528' title='bbox 301 5449 680 5520; x_wconf 89' lang='lat' dir='ltr'><strong>nipotentem,</strong></span> <span class='ocrx_word' id='word_1_529' title='bbox 731 5446 1053 5516; x_wconf 88' lang='lat' dir='ltr'><strong>inﬁnitum,</strong></span> <span class='ocrx_word' id='word_1_530' title='bbox 1087 5446 1286 5501; x_wconf 91' lang='lat' dir='ltr'><strong>mundi</strong></span> <span class='ocrx_word' id='word_1_531' title='bbox 1321 5452 1661 5515; x_wconf 89' lang='lat' dir='ltr'><strong>creatorem,</strong></span> <span class='ocrx_word' id='word_1_532' title='bbox 1710 5453 1768 5504; x_wconf 93' lang='lat' dir='ltr'><strong>et</strong></span> <span class='ocrx_word' id='word_1_533' title='bbox 1825 5465 1940 5524; x_wconf 91' lang='lat' dir='ltr'><strong>quo</strong></span> 
     </span>
    </p>
   </div>
   <div class='ocr_carea' id='block_1_74' title="bbox 297 5534 1944 5612">
    <p class='ocr_par' dir='ltr' id='par_1_74' title="bbox 297 5534 1944 5612">
     <span class='ocr_line' id='line_1_74' title="bbox 297 5534 1944 5612; baseline 0.001 -18"><span class='ocrx_word' id='word_1_534' title='bbox 297 5537 445 5594; x_wconf 88' lang='lat' dir='ltr'><strong>nihil</strong></span> <span class='ocrx_word' id='word_1_535' title='bbox 469 5538 661 5607; x_wconf 89' lang='lat' dir='ltr'><strong>majus</strong></span> <span class='ocrx_word' id='word_1_536' title='bbox 692 5534 1021 5608; x_wconf 89' lang='lat' dir='ltr'><strong>meliusque</strong></span> <span class='ocrx_word' id='word_1_537' title='bbox 1051 5535 1363 5607; x_wconf 88' lang='lat' dir='ltr'><strong>excogitari</strong></span> <span class='ocrx_word' id='word_1_538' title='bbox 1415 5542 1624 5609; x_wconf 89' lang='lat' dir='ltr'><strong>potest.</strong></span> <span class='ocrx_word' id='word_1_539' title='bbox 1687 5539 1944 5612; x_wconf 83' lang='lat' dir='ltr'><strong>Quapro-</strong></span> 
     </span>
    </p>
   </div>
   <div class='ocr_carea' id='block_1_75' title="bbox 300 5625 1941 5701">
    <p class='ocr_par' dir='ltr' id='par_1_75' title="bbox 300 5625 1941 5701">
     <span class='ocr_line' id='line_1_75' title="bbox 300 5625 1941 5701; baseline 0.003 -20"><span class='ocrx_word' id='word_1_540' title='bbox 300 5631 429 5698; x_wconf 85' lang='lat' dir='ltr'><strong>pter</strong></span> <span class='ocrx_word' id='word_1_541' title='bbox 456 5643 588 5683; x_wconf 91' lang='lat' dir='ltr'><strong>eum</strong></span> <span class='ocrx_word' id='word_1_542' title='bbox 614 5628 801 5697; x_wconf 87' lang='lat' dir='ltr'><strong>timet,</strong></span> <span class='ocrx_word' id='word_1_543' title='bbox 832 5631 892 5683; x_wconf 89' lang='lat' dir='ltr'><strong>et</strong></span> <span class='ocrx_word' id='word_1_544' title='bbox 921 5626 1092 5698; x_wconf 83' lang='lat' dir='ltr'><strong>longe</strong></span> <span class='ocrx_word' id='word_1_545' title='bbox 1111 5625 1297 5696; x_wconf 82' lang='lat' dir='ltr'><strong>magis</strong></span> <span class='ocrx_word' id='word_1_546' title='bbox 1331 5627 1502 5699; x_wconf 89' lang='lat' dir='ltr'><strong>sapit,</strong></span> <span class='ocrx_word' id='word_1_547' title='bbox 1538 5644 1715 5701; x_wconf 88' lang='lat' dir='ltr'><strong>quam</strong></span> <span class='ocrx_word' id='word_1_548' title='bbox 1740 5628 1798 5685; x_wconf 91' lang='lat' dir='ltr'><strong>hi</strong></span> <span class='ocrx_word' id='word_1_549' title='bbox 1834 5646 1941 5686; x_wconf 69' lang='lat' dir='ltr'><strong>caa-</strong></span> 
     </span>
    </p>
   </div>
   <div class='ocr_carea' id='block_1_76' title="bbox 297 5716 1271 5791">
    <p class='ocr_par' dir='ltr' id='par_1_76' title="bbox 297 5716 1271 5791">
     <span class='ocr_line' id='line_1_76' title="bbox 297 5716 1271 5791; baseline 0.001 -20"><span class='ocrx_word' id='word_1_550' title='bbox 297 5716 446 5774; x_wconf 86' lang='lat' dir='ltr'><strong>teris</strong></span> <span class='ocrx_word' id='word_1_551' title='bbox 474 5716 841 5791; x_wconf 81' lang='lat' dir='ltr'><strong>philosOpbis</strong></span> <span class='ocrx_word' id='word_1_552' title='bbox 863 5716 1271 5790; x_wconf 83' lang='lat' dir='ltr'><strong>sapientiores.</strong></span> 
     </span>
    </p>
   </div>
   <div class='ocr_carea' id='block_1_77' title="bbox 586 5843 945 5908">
    <p class='ocr_par' dir='ltr' id='par_1_77' title="bbox 586 5843 945 5908">
     <span class='ocr_line' id='line_1_77' title="bbox 586 5843 945 5908; baseline -0.003 -1"><span class='ocrx_word' id='word_1_553' title='bbox 586 5847 848 5908; x_wconf 63' lang='lat' dir='ltr'><strong>Panos.</strong></span> <span class='ocrx_word' id='word_1_554' title='bbox 894 5843 945 5906; x_wconf 91' lang='grc' dir='ltr'><strong>Ι.</strong></span> 
     </span>
    </p>
   </div>
   <div class='ocr_carea' id='block_1_78' title="bbox 2020 1926 3663 2003">
    <p class='ocr_par' dir='ltr' id='par_1_78' title="bbox 2020 1926 3663 2003">
     <span class='ocr_line' id='line_1_78' title="bbox 2020 1926 3663 2003; baseline 0.003 -18"><span class='ocrx_word' id='word_1_555' title='bbox 2020 1937 2189 2001; x_wconf 85' lang='lat' dir='ltr'><strong>atque</strong></span> <span class='ocrx_word' id='word_1_556' title='bbox 2219 1926 2475 1984; x_wconf 91' lang='lat' dir='ltr'><strong>Platonis</strong></span> <span class='ocrx_word' id='word_1_557' title='bbox 2508 1944 2576 1983; x_wconf 91' lang='lat' dir='ltr'><strong>ea</strong></span> <span class='ocrx_word' id='word_1_558' title='bbox 2598 1927 2670 1983; x_wconf 91' lang='lat' dir='ltr'><strong>de</strong></span> <span class='ocrx_word' id='word_1_559' title='bbox 2699 1944 2761 1984; x_wconf 88' lang='lat' dir='ltr'><strong>re</strong></span> <span class='ocrx_word' id='word_1_560' title='bbox 2791 1930 3164 1986; x_wconf 90' lang='lat' dir='ltr'><strong>sententiam.</strong></span> <span class='ocrx_word' id='word_1_561' title='bbox 3198 1936 3278 1986; x_wconf 90' lang='lat' dir='ltr'><strong>En</strong></span> <span class='ocrx_word' id='word_1_562' title='bbox 3308 1932 3508 1989; x_wconf 75' lang='lat' dir='ltr'><strong>Grtsca</strong></span> <span class='ocrx_word' id='word_1_563' title='bbox 3535 1933 3663 2003; x_wconf 88' lang='lat' dir='ltr'><strong>ejus</strong></span> 
     </span>
    </p>
   </div>
   <div class='ocr_carea' id='block_1_79' title="bbox 2017 2013 3661 2095">
    <p class='ocr_par' dir='ltr' id='par_1_79' title="bbox 2017 2013 3661 2095">
     <span class='ocr_line' id='line_1_79' title="bbox 2017 2013 3661 2095; baseline 0.001 -20"><span class='ocrx_word' id='word_1_564' title='bbox 2017 2018 2233 2075; x_wconf 90' lang='lat' dir='ltr'><strong>verba:</strong></span> <span class='ocrx_word' id='word_1_565' title='bbox 2270 2013 2583 2090; x_wconf 79' lang='grc' dir='ltr'><strong>Πυθαγόρας</strong></span> <span class='ocrx_word' id='word_1_566' title='bbox 2642 2014 2731 2070; x_wconf 80' lang='grc' dir='ltr'>καὶ</span> <span class='ocrx_word' id='word_1_567' title='bbox 2790 2015 3020 2072; x_wconf 76' lang='grc' dir='ltr'><strong>Πλάτων</strong></span> <span class='ocrx_word' id='word_1_568' title='bbox 3077 2018 3300 2095; x_wconf 81' lang='grc' dir='ltr'><strong>γενητὸν</strong></span> <span class='ocrx_word' id='word_1_569' title='bbox 3365 2021 3469 2076; x_wconf 82' lang='grc' dir='ltr'>ὑπὸ</span> <span class='ocrx_word' id='word_1_570' title='bbox 3526 2025 3661 2076; x_wconf 78' lang='grc' dir='ltr'><strong>Θεοῦ</strong></span> 
     </span>
    </p>
   </div>
   <div class='ocr_carea' id='block_1_80' title="bbox 2018 2104 3661 2179">
    <p class='ocr_par' dir='ltr' id='par_1_80' title="bbox 2018 2104 3661 2179">
     <span class='ocr_line' id='line_1_80' title="bbox 2018 2104 3661 2179; baseline 0.004 -17"><span class='ocrx_word' id='word_1_571' title='bbox 2018 2107 2110 2162; x_wconf 84' lang='grc' dir='ltr'><strong>τὸν</strong></span> <span class='ocrx_word' id='word_1_572' title='bbox 2138 2104 2367 2177; x_wconf 80' lang='grc' dir='ltr'><strong>κόσμον,</strong></span> <span class='ocrx_word' id='word_1_573' title='bbox 2410 2110 2519 2161; x_wconf 91' lang='lat' dir='ltr'><strong>etc.</strong></span> <span class='ocrx_word' id='word_1_574' title='bbox 2554 2108 2914 2179; x_wconf 71' lang='lat' dir='ltr'><strong>Pythagoras</strong></span> <span class='ocrx_word' id='word_1_575' title='bbox 2926 2113 2979 2164; x_wconf 85' lang='lat' dir='ltr'><strong>et</strong></span> <span class='ocrx_word' id='word_1_576' title='bbox 3000 2110 3155 2166; x_wconf 89' lang='lat' dir='ltr'><strong>Plato</strong></span> <span class='ocrx_word' id='word_1_577' title='bbox 3192 2113 3464 2167; x_wconf 85' lang='lat' dir='ltr'><strong>mundum</strong></span> <span class='ocrx_word' id='word_1_578' title='bbox 3491 2130 3526 2168; x_wconf 80' lang='grc' dir='ltr'><em>α</em></span> <span class='ocrx_word' id='word_1_579' title='bbox 3555 2114 3661 2169; x_wconf 86' lang='lat' dir='ltr'><strong>Deo</strong></span> 
     </span>
    </p>
   </div>
   <div class='ocr_carea' id='block_1_81' title="bbox 2019 2195 3660 2275">
    <p class='ocr_par' dir='ltr' id='par_1_81' title="bbox 2019 2195 3660 2275">
     <span class='ocr_line' id='line_1_81' title="bbox 2019 2195 3660 2275; baseline 0.003 -21"><span class='ocrx_word' id='word_1_580' title='bbox 2019 2201 2228 2269; x_wconf 84' lang='lat' dir='ltr'><strong>factum</strong></span> <span class='ocrx_word' id='word_1_581' title='bbox 2257 2195 2518 2251; x_wconf 81' lang='lat' dir='ltr'><strong>arbritati</strong></span> <span class='ocrx_word' id='word_1_582' title='bbox 2544 2200 2674 2251; x_wconf 74' lang='lat' dir='ltr'><strong>sunt</strong></span> <span class='ocrx_word' id='word_1_583' title='bbox 2703 2196 3022 2267; x_wconf 89' lang='lat' dir='ltr'><strong>(Plutarch.</strong></span> <span class='ocrx_word' id='word_1_584' title='bbox 3046 2198 3149 2255; x_wconf 92' lang='lat' dir='ltr'><strong>lib.</strong></span> <span class='ocrx_word' id='word_1_585' title='bbox 3180 2217 3219 2256; x_wconf 87' lang='grc' dir='ltr'><strong>ιι</strong></span> <span class='ocrx_word' id='word_1_586' title='bbox 3252 2203 3326 2257; x_wconf 87' lang='lat' dir='ltr'><strong>De</strong></span> <span class='ocrx_word' id='word_1_587' title='bbox 3352 2203 3504 2259; x_wconf 84' lang='lat' dir='ltr'><strong>Plac.</strong></span> <span class='ocrx_word' id='word_1_588' title='bbox 3528 2202 3660 2275; x_wconf 85' lang='lat' dir='ltr'><strong>phi-</strong></span> 
     </span>
    </p>
   </div>
   <div class='ocr_carea' id='block_1_82' title="bbox 2024 2284 3661 2361">
    <p class='ocr_par' dir='ltr' id='par_1_82' title="bbox 2024 2284 3661 2361">
     <span class='ocr_line' id='line_1_82' title="bbox 2024 2284 3661 2361; baseline 0.004 -17"><span class='ocrx_word' id='word_1_589' title='bbox 2024 2286 2234 2359; x_wconf 86' lang='lat' dir='ltr'><strong>losoph.</strong></span> <span class='ocrx_word' id='word_1_590' title='bbox 2266 2301 2393 2356; x_wconf 88' lang='lat' dir='ltr'><strong>cap.</strong></span> <span class='ocrx_word' id='word_1_591' title='bbox 2429 2284 2480 2354; x_wconf 82' lang='grc'><strong>4,</strong></span> <span class='ocrx_word' id='word_1_592' title='bbox 2514 2301 2649 2357; x_wconf 89' lang='lat' dir='ltr'><strong>pag.</strong></span> <span class='ocrx_word' id='word_1_593' title='bbox 2706 2286 2853 2358; x_wconf 90' lang='lat'><strong>886).</strong></span> <span class='ocrx_word' id='word_1_594' title='bbox 2905 2288 3054 2351; x_wconf 89' lang='lat' dir='ltr'><strong>Quid</strong></span> <span class='ocrx_word' id='word_1_595' title='bbox 3114 2289 3300 2361; x_wconf 85' lang='lat' dir='ltr'><strong>ergo?</strong></span> <span class='ocrx_word' id='word_1_596' title='bbox 3359 2292 3661 2350; x_wconf 88' lang='lat' dir='ltr'><strong>Erravitne</strong></span> 
     </span>
    </p>
   </div>
   <div class='ocr_carea' id='block_1_83' title="bbox 2023 2372 3662 2453">
    <p class='ocr_par' dir='ltr' id='par_1_83' title="bbox 2023 2372 3662 2453">
     <span class='ocr_line' id='line_1_83' title="bbox 2023 2372 3662 2453; baseline 0.002 -19"><span class='ocrx_word' id='word_1_597' title='bbox 2023 2377 2215 2434; x_wconf 90' lang='lat' dir='ltr'><strong>adhuc</strong></span> <span class='ocrx_word' id='word_1_598' title='bbox 2244 2372 2643 2430; x_wconf 89' lang='lat' dir='ltr'><strong>Tertullianus</strong></span> <span class='ocrx_word' id='word_1_599' title='bbox 2673 2392 2739 2431; x_wconf 92' lang='lat' dir='ltr'><strong>ac</strong></span> <span class='ocrx_word' id='word_1_600' title='bbox 2762 2392 2976 2432; x_wconf 91' lang='lat' dir='ltr'><strong>nomen</strong></span> <span class='ocrx_word' id='word_1_601' title='bbox 3008 2377 3344 2451; x_wconf 67' lang='lat' dir='ltr'><strong>Pythagorae</strong></span> <span class='ocrx_word' id='word_1_602' title='bbox 3398 2398 3500 2453; x_wconf 92' lang='lat' dir='ltr'><strong>pro</strong></span> <span class='ocrx_word' id='word_1_603' title='bbox 3547 2382 3662 2439; x_wconf 87' lang='lat' dir='ltr'><strong>alio</strong></span> 
     </span>
    </p>
   </div>
   <div class='ocr_carea' id='block_1_84' title="bbox 2024 2460 3667 2537">
    <p class='ocr_par' dir='ltr' id='par_1_84' title="bbox 2024 2460 3667 2537">
     <span class='ocr_line' id='line_1_84' title="bbox 2024 2460 3667 2537; baseline 0.004 -16"><span class='ocrx_word' id='word_1_604' title='bbox 2024 2466 2104 2521; x_wconf 92' lang='lat' dir='ltr'><strong>ibi</strong></span> <span class='ocrx_word' id='word_1_605' title='bbox 2135 2464 2281 2537; x_wconf 83' lang='lat' dir='ltr'><strong>ipse,</strong></span> <span class='ocrx_word' id='word_1_606' title='bbox 2340 2460 2427 2517; x_wconf 87' lang='lat' dir='ltr'><strong>vel</strong></span> <span class='ocrx_word' id='word_1_607' title='bbox 2484 2461 2763 2519; x_wconf 86' lang='lat' dir='ltr'><strong>librarius</strong></span> <span class='ocrx_word' id='word_1_608' title='bbox 2816 2464 3124 2537; x_wconf 82' lang='lat' dir='ltr'><strong>scripsisse</strong></span> <span class='ocrx_word' id='word_1_609' title='bbox 3180 2468 3465 2526; x_wconf 89' lang='lat' dir='ltr'><strong>dicendus</strong></span> <span class='ocrx_word' id='word_1_610' title='bbox 3524 2471 3667 2527; x_wconf 80' lang='lat' dir='ltr'><strong>est?</strong></span> 
     </span>
    </p>
   </div>
   <div class='ocr_carea' id='block_1_85' title="bbox 2025 2551 3667 2631">
    <p class='ocr_par' dir='ltr' id='par_1_85' title="bbox 2025 2551 3667 2631">
     <span class='ocr_line' id='line_1_85' title="bbox 2025 2551 3667 2631; baseline 0.005 -22"><span class='ocrx_word' id='word_1_611' title='bbox 2025 2552 2325 2624; x_wconf 84' lang='lat' dir='ltr'><strong>Numquid</strong></span> <span class='ocrx_word' id='word_1_612' title='bbox 2348 2551 2561 2623; x_wconf 90' lang='lat' dir='ltr'><strong>potius,</strong></span> <span class='ocrx_word' id='word_1_613' title='bbox 2586 2551 2723 2621; x_wconf 89' lang='lat' dir='ltr'><strong>quia</strong></span> <span class='ocrx_word' id='word_1_614' title='bbox 2752 2553 3001 2610; x_wconf 88' lang='lat' dir='ltr'><strong>celebris</strong></span> <span class='ocrx_word' id='word_1_615' title='bbox 3022 2554 3116 2610; x_wconf 89' lang='lat' dir='ltr'><strong>hic</strong></span> <span class='ocrx_word' id='word_1_616' title='bbox 3156 2556 3541 2631; x_wconf 89' lang='lat' dir='ltr'><strong>philosophus</strong></span> <span class='ocrx_word' id='word_1_617' title='bbox 3592 2561 3667 2617; x_wconf 87' lang='lat' dir='ltr'><strong>ab</strong></span> 
     </span>
    </p>
   </div>
   <div class='ocr_carea' id='block_1_86' title="bbox 2026 2639 3670 2711">
    <p class='ocr_par' dir='ltr' id='par_1_86' title="bbox 2026 2639 3670 2711">
     <span class='ocr_line' id='line_1_86' title="bbox 2026 2639 3670 2711; baseline 0.004 -11"><span class='ocrx_word' id='word_1_618' title='bbox 2026 2644 2231 2701; x_wconf 91' lang='lat' dir='ltr'><strong>eodem</strong></span> <span class='ocrx_word' id='word_1_619' title='bbox 2294 2639 2629 2708; x_wconf 89' lang='lat' dir='ltr'><strong>Plutarcho,</strong></span> <span class='ocrx_word' id='word_1_620' title='bbox 2687 2641 2940 2711; x_wconf 87' lang='lat' dir='ltr'><strong>Laertio,</strong></span> <span class='ocrx_word' id='word_1_621' title='bbox 2996 2644 3359 2703; x_wconf 89' lang='lat' dir='ltr'><strong>Theodoreto</strong></span> <span class='ocrx_word' id='word_1_622' title='bbox 3423 2652 3482 2704; x_wconf 93' lang='lat' dir='ltr'><strong>et</strong></span> <span class='ocrx_word' id='word_1_623' title='bbox 3536 2648 3670 2706; x_wconf 86' lang='lat' dir='ltr'><strong>aliis</strong></span> 
     </span>
    </p>
   </div>
   <div class='ocr_carea' id='block_1_87' title="bbox 2028 2729 3670 2801">
    <p class='ocr_par' dir='ltr' id='par_1_87' title="bbox 2028 2729 3670 2801">
     <span class='ocr_line' id='line_1_87' title="bbox 2028 2729 3670 2801; baseline 0.003 -11"><span class='ocrx_word' id='word_1_624' title='bbox 2028 2733 2298 2790; x_wconf 90' lang='lat' dir='ltr'><strong>docuisse</strong></span> <span class='ocrx_word' id='word_1_625' title='bbox 2328 2729 2668 2801; x_wconf 90' lang='lat' dir='ltr'><strong>perhibetur</strong></span> <span class='ocrx_word' id='word_1_626' title='bbox 2700 2731 2985 2789; x_wconf 89' lang='lat' dir='ltr'><strong>unitatam</strong></span> <span class='ocrx_word' id='word_1_627' title='bbox 3016 2749 3145 2790; x_wconf 89' lang='lat' dir='ltr'><strong>esse</strong></span> <span class='ocrx_word' id='word_1_628' title='bbox 3175 2752 3370 2792; x_wconf 88' lang='lat' dir='ltr'><strong>rerum</strong></span> <span class='ocrx_word' id='word_1_629' title='bbox 3403 2737 3670 2795; x_wconf 89' lang='lat' dir='ltr'><strong>omnium</strong></span> 
     </span>
    </p>
   </div>
   <div class='ocr_carea' id='block_1_88' title="bbox 2030 2819 3673 2895">
    <p class='ocr_par' dir='ltr' id='par_1_88' title="bbox 2030 2819 3673 2895">
     <span class='ocr_line' id='line_1_88' title="bbox 2030 2819 3673 2895; baseline 0.005 -20"><span class='ocrx_word' id='word_1_630' title='bbox 2030 2819 2408 2895; x_wconf 91' lang='lat' dir='ltr'><strong>principium,</strong></span> <span class='ocrx_word' id='word_1_631' title='bbox 2443 2822 2620 2888; x_wconf 87' lang='lat' dir='ltr'><strong>atque</strong></span> <span class='ocrx_word' id='word_1_632' title='bbox 2669 2834 2737 2873; x_wconf 88' lang='lat' dir='ltr'><strong>ex</strong></span> <span class='ocrx_word' id='word_1_633' title='bbox 2786 2822 3051 2877; x_wconf 89' lang='lat' dir='ltr'><strong>numeris</strong></span> <span class='ocrx_word' id='word_1_634' title='bbox 3099 2823 3298 2880; x_wconf 89' lang='lat' dir='ltr'><strong>omnia</strong></span> <span class='ocrx_word' id='word_1_635' title='bbox 3336 2826 3486 2893; x_wconf 88' lang='lat' dir='ltr'><strong>ﬁeri,</strong></span> <span class='ocrx_word' id='word_1_636' title='bbox 3535 2828 3673 2884; x_wconf 88' lang='lat' dir='ltr'><strong>inde</strong></span> 
     </span>
    </p>
   </div>
   <div class='ocr_carea' id='block_1_89' title="bbox 2029 2907 3672 2987">
    <p class='ocr_par' dir='ltr' id='par_1_89' title="bbox 2029 2907 3672 2987">
     <span class='ocr_line' id='line_1_89' title="bbox 2029 2907 3672 2987; baseline 0.005 -21"><span class='ocrx_word' id='word_1_637' title='bbox 2029 2916 2236 2966; x_wconf 86' lang='lat' dir='ltr'><strong>auctor</strong></span> <span class='ocrx_word' id='word_1_638' title='bbox 2280 2912 2481 2962; x_wconf 86' lang='lat' dir='ltr'><strong>noster</strong></span> <span class='ocrx_word' id='word_1_639' title='bbox 2511 2907 2718 2963; x_wconf 88' lang='lat' dir='ltr'><strong>conﬁci</strong></span> <span class='ocrx_word' id='word_1_640' title='bbox 2741 2925 2914 2980; x_wconf 91' lang='lat' dir='ltr'><strong>posse</strong></span> <span class='ocrx_word' id='word_1_641' title='bbox 2943 2911 3497 2987; x_wconf 77' lang='lat' dir='ltr'><strong>putavitmundum,</strong></span> <span class='ocrx_word' id='word_1_642' title='bbox 3520 2916 3672 2974; x_wconf 85' lang='lat' dir='ltr'><strong>sicut</strong></span> 
     </span>
    </p>
   </div>
   <div class='ocr_carea' id='block_1_90' title="bbox 2030 2999 3669 3063">
    <p class='ocr_par' dir='ltr' id='par_1_90' title="bbox 2030 2999 3669 3063">
     <span class='ocr_line' id='line_1_90' title="bbox 2030 2999 3669 3063; baseline 0.005 -8"><span class='ocrx_word' id='word_1_643' title='bbox 2030 2999 2316 3055; x_wconf 89' lang='lat' dir='ltr'><strong>unitatem</strong></span> <span class='ocrx_word' id='word_1_644' title='bbox 2348 3000 2407 3051; x_wconf 91' lang='lat' dir='ltr'><strong>et</strong></span> <span class='ocrx_word' id='word_1_645' title='bbox 2439 3012 2719 3053; x_wconf 91' lang='lat' dir='ltr'><strong>numeros</strong></span> <span class='ocrx_word' id='word_1_646' title='bbox 2760 3015 2865 3054; x_wconf 89' lang='lat' dir='ltr'><strong>nec</strong></span> <span class='ocrx_word' id='word_1_647' title='bbox 2887 3004 3081 3057; x_wconf 91' lang='lat' dir='ltr'><strong>ortum</strong></span> <span class='ocrx_word' id='word_1_648' title='bbox 3109 3002 3288 3059; x_wconf 84' lang='lat' dir='ltr'><strong>fuisse</strong></span> <span class='ocrx_word' id='word_1_649' title='bbox 3317 3021 3422 3061; x_wconf 90' lang='lat' dir='ltr'><strong>nec</strong></span> <span class='ocrx_word' id='word_1_650' title='bbox 3448 3006 3669 3063; x_wconf 88' lang='lat' dir='ltr'><strong>factum</strong></span> 
     </span>
    </p>
   </div>
   <div class='ocr_carea' id='block_1_91' title="bbox 2030 3085 3667 3163">
    <p class='ocr_par' dir='ltr' id='par_1_91' title="bbox 2030 3085 3667 3163">
     <span class='ocr_line' id='line_1_91' title="bbox 2030 3085 3667 3163; baseline -0.002 -18"><span class='ocrx_word' id='word_1_651' title='bbox 2030 3088 2186 3163; x_wconf 85' lang='lat' dir='ltr'><strong>(Ibid.</strong></span> <span class='ocrx_word' id='word_1_652' title='bbox 2212 3086 2311 3142; x_wconf 93' lang='lat' dir='ltr'><strong>lib.</strong></span> <span class='ocrx_word' id='word_1_653' title='bbox 2345 3102 2406 3156; x_wconf 81' lang='lat' dir='ltr'><strong>Il,</strong></span> <span class='ocrx_word' id='word_1_654' title='bbox 2442 3101 2568 3156; x_wconf 91' lang='lat' dir='ltr'><strong>cap.</strong></span> <span class='ocrx_word' id='word_1_655' title='bbox 2603 3087 2666 3154; x_wconf 91' lang='lat'><strong>3;</strong></span> <span class='ocrx_word' id='word_1_656' title='bbox 2700 3085 2888 3143; x_wconf 87' lang='lat' dir='ltr'><strong>Laert.</strong></span> <span class='ocrx_word' id='word_1_657' title='bbox 2914 3088 3017 3144; x_wconf 92' lang='lat' dir='ltr'><strong>lib.</strong></span> <span class='ocrx_word' id='word_1_658' title='bbox 3052 3107 3170 3158; x_wconf 80' lang='lat' dir='ltr'><strong>vui,</strong></span> <span class='ocrx_word' id='word_1_659' title='bbox 3201 3096 3229 3162; x_wconf 89' lang='lat'><strong>§</strong></span> <span class='ocrx_word' id='word_1_660' title='bbox 3257 3093 3367 3161; x_wconf 84' lang='lat'><strong>25;</strong></span> <span class='ocrx_word' id='word_1_661' title='bbox 3400 3095 3667 3153; x_wconf 81' lang='lat' dir='ltr'><strong>Theodo.</strong></span> 
     </span>
    </p>
   </div>
   <div class='ocr_carea' id='block_1_92' title="bbox 2029 3177 3671 3250">
    <p class='ocr_par' dir='ltr' id='par_1_92' title="bbox 2029 3177 3671 3250">
     <span class='ocr_line' id='line_1_92' title="bbox 2029 3177 3671 3250; baseline 0.004 -14"><span class='ocrx_word' id='word_1_662' title='bbox 2029 3183 2135 3236; x_wconf 87' lang='lat' dir='ltr'><strong>ret.</strong></span> <span class='ocrx_word' id='word_1_663' title='bbox 2171 3194 2346 3233; x_wconf 90' lang='lat' dir='ltr'><strong>serm.</strong></span> <span class='ocrx_word' id='word_1_664' title='bbox 2390 3180 2444 3245; x_wconf 86' lang='lat'><strong>2,</strong></span> <span class='ocrx_word' id='word_1_665' title='bbox 2468 3179 2544 3232; x_wconf 84' lang='lat' dir='ltr'><strong>De</strong></span> <span class='ocrx_word' id='word_1_666' title='bbox 2568 3177 2871 3249; x_wconf 83' lang='lat' dir='ltr'><strong>principio,</strong></span> <span class='ocrx_word' id='word_1_667' title='bbox 2906 3194 3039 3250; x_wconf 87' lang='lat' dir='ltr'><strong>pag.</strong></span> <span class='ocrx_word' id='word_1_668' title='bbox 3088 3180 3260 3245; x_wconf 69' lang='lat'><strong>489)?</strong></span> <span class='ocrx_word' id='word_1_669' title='bbox 3313 3183 3424 3239; x_wconf 90' lang='lat' dir='ltr'><strong>Sed</strong></span> <span class='ocrx_word' id='word_1_670' title='bbox 3477 3185 3529 3240; x_wconf 93' lang='lat' dir='ltr'><strong>si</strong></span> <span class='ocrx_word' id='word_1_671' title='bbox 3589 3186 3671 3244; x_wconf 92' lang='lat' dir='ltr'><strong>ita</strong></span> 
     </span>
    </p>
   </div>
   <div class='ocr_carea' id='block_1_93' title="bbox 2031 3267 3672 3347">
    <p class='ocr_par' dir='ltr' id='par_1_93' title="bbox 2031 3267 3672 3347">
     <span class='ocr_line' id='line_1_93' title="bbox 2031 3267 3672 3347; baseline 0.004 -22"><span class='ocrx_word' id='word_1_672' title='bbox 2031 3286 2124 3325; x_wconf 89' lang='lat' dir='ltr'><strong>res</strong></span> <span class='ocrx_word' id='word_1_673' title='bbox 2156 3284 2219 3325; x_wconf 89' lang='lat' dir='ltr'><strong>se</strong></span> <span class='ocrx_word' id='word_1_674' title='bbox 2250 3268 2482 3337; x_wconf 90' lang='lat' dir='ltr'><strong>habeat,</strong></span> <span class='ocrx_word' id='word_1_675' title='bbox 2517 3268 2678 3325; x_wconf 91' lang='lat' dir='ltr'><strong>citati</strong></span> <span class='ocrx_word' id='word_1_676' title='bbox 2704 3284 2738 3323; x_wconf 95' lang='lat' dir='ltr'><strong>a</strong></span> <span class='ocrx_word' id='word_1_677' title='bbox 2767 3267 2938 3323; x_wconf 93' lang='lat' dir='ltr'><strong>nobis</strong></span> <span class='ocrx_word' id='word_1_678' title='bbox 2968 3274 3237 3327; x_wconf 90' lang='lat' dir='ltr'><strong>auctores</strong></span> <span class='ocrx_word' id='word_1_679' title='bbox 3266 3272 3481 3329; x_wconf 88' lang='lat' dir='ltr'><strong>erroris</strong></span> <span class='ocrx_word' id='word_1_680' title='bbox 3538 3292 3672 3347; x_wconf 88' lang='lat' dir='ltr'><strong>pro-</strong></span> 
     </span>
    </p>
   </div>
   <div class='ocr_carea' id='block_1_94' title="bbox 2032 3358 3672 3436">
    <p class='ocr_par' dir='ltr' id='par_1_94' title="bbox 2032 3358 3672 3436">
     <span class='ocr_line' id='line_1_94' title="bbox 2032 3358 3672 3436; baseline 0.004 -21"><span class='ocrx_word' id='word_1_681' title='bbox 2032 3358 2122 3415; x_wconf 92' lang='lat' dir='ltr'><strong>cul</strong></span> <span class='ocrx_word' id='word_1_682' title='bbox 2154 3358 2331 3415; x_wconf 90' lang='lat' dir='ltr'><strong>dubio</strong></span> <span class='ocrx_word' id='word_1_683' title='bbox 2360 3360 2797 3416; x_wconf 88' lang='lat' dir='ltr'><strong>convincentur.</strong></span> <span class='ocrx_word' id='word_1_684' title='bbox 2835 3358 3129 3430; x_wconf 88' lang='lat' dir='ltr'><strong>Numquid</strong></span> <span class='ocrx_word' id='word_1_685' title='bbox 3164 3360 3343 3433; x_wconf 89' lang='lat' dir='ltr'><strong>igitur</strong></span> <span class='ocrx_word' id='word_1_686' title='bbox 3393 3364 3672 3436; x_wconf 87' lang='lat' dir='ltr'><strong>probabi-</strong></span> 
     </span>
    </p>
   </div>
   <div class='ocr_carea' id='block_1_95' title="bbox 2033 3446 3674 3521">
    <p class='ocr_par' dir='ltr' id='par_1_95' title="bbox 2033 3446 3674 3521">
     <span class='ocr_line' id='line_1_95' title="bbox 2033 3446 3674 3521; baseline 0.005 -18"><span class='ocrx_word' id='word_1_687' title='bbox 2033 3448 2151 3504; x_wconf 92' lang='lat' dir='ltr'><strong>lius</strong></span> <span class='ocrx_word' id='word_1_688' title='bbox 2199 3448 2314 3505; x_wconf 91' lang='lat' dir='ltr'><strong>dici</strong></span> <span class='ocrx_word' id='word_1_689' title='bbox 2347 3452 2539 3521; x_wconf 91' lang='lat' dir='ltr'><strong>potest</strong></span> <span class='ocrx_word' id='word_1_690' title='bbox 2594 3446 2975 3519; x_wconf 88' lang='lat' dir='ltr'><strong>Pythagoram</strong></span> <span class='ocrx_word' id='word_1_691' title='bbox 3036 3450 3357 3507; x_wconf 86' lang='lat' dir='ltr'><strong>errantium</strong></span> <span class='ocrx_word' id='word_1_692' title='bbox 3414 3469 3574 3511; x_wconf 89' lang='lat' dir='ltr'><strong>more</strong></span> <span class='ocrx_word' id='word_1_693' title='bbox 3613 3456 3674 3512; x_wconf 93' lang='lat' dir='ltr'><strong>in</strong></span> 
     </span>
    </p>
   </div>
   <div class='ocr_carea' id='block_1_96' title="bbox 2034 3536 3675 3610">
    <p class='ocr_par' dir='ltr' id='par_1_96' title="bbox 2034 3536 3675 3610">
     <span class='ocr_line' id='line_1_96' title="bbox 2034 3536 3675 3610; baseline 0.005 -17"><span class='ocrx_word' id='word_1_694' title='bbox 2034 3538 2238 3594; x_wconf 91' lang='lat' dir='ltr'><strong>eadem</strong></span> <span class='ocrx_word' id='word_1_695' title='bbox 2297 3554 2412 3593; x_wconf 92' lang='lat' dir='ltr'><strong>non</strong></span> <span class='ocrx_word' id='word_1_696' title='bbox 2476 3536 2875 3610; x_wconf 87' lang='lat' dir='ltr'><strong>permansisse</strong></span> <span class='ocrx_word' id='word_1_697' title='bbox 2931 3539 3271 3594; x_wconf 84' lang='lat' dir='ltr'><strong>sententia?</strong></span> <span class='ocrx_word' id='word_1_698' title='bbox 3323 3541 3454 3598; x_wconf 79' lang='lat' dir='ltr'><strong>Haec</strong></span> <span class='ocrx_word' id='word_1_699' title='bbox 3500 3543 3675 3601; x_wconf 88' lang='lat' dir='ltr'><strong>velim</strong></span> 
     </span>
    </p>
   </div>
   <div class='ocr_carea' id='block_1_97' title="bbox 2033 3625 2830 3698">
    <p class='ocr_par' dir='ltr' id='par_1_97' title="bbox 2033 3625 2830 3698">
     <span class='ocr_line' id='line_1_97' title="bbox 2033 3625 2830 3698; baseline -0.003 -15"><span class='ocrx_word' id='word_1_700' title='bbox 2033 3627 2347 3698; x_wconf 85' lang='lat' dir='ltr'><strong>expendas,</strong></span> <span class='ocrx_word' id='word_1_701' title='bbox 2379 3630 2435 3681; x_wconf 91' lang='lat' dir='ltr'><strong>et</strong></span> <span class='ocrx_word' id='word_1_702' title='bbox 2466 3625 2830 3698; x_wconf 88' lang='lat' dir='ltr'><strong>pronunties.</strong></span> 
     </span>
    </p>
   </div>
   <div class='ocr_carea' id='block_1_98' title="bbox 2107 3714 3674 3794">
    <p class='ocr_par' dir='ltr' id='par_1_98' title="bbox 2107 3714 3674 3794">
     <span class='ocr_line' id='line_1_98' title="bbox 2107 3714 3674 3794; baseline 0.006 -24"><span class='ocrx_word' id='word_1_703' title='bbox 2107 3715 2286 3770; x_wconf 86' lang='lat' dir='ltr'><strong>Multo</strong></span> <span class='ocrx_word' id='word_1_704' title='bbox 2320 3715 2517 3788; x_wconf 90' lang='lat' dir='ltr'><strong>itaque</strong></span> <span class='ocrx_word' id='word_1_705' title='bbox 2546 3714 2739 3771; x_wconf 88' lang='lat' dir='ltr'><strong>verius</strong></span> <span class='ocrx_word' id='word_1_706' title='bbox 2771 3715 3106 3788; x_wconf 89' lang='lat' dir='ltr'><strong>certiusque</strong></span> <span class='ocrx_word' id='word_1_707' title='bbox 3149 3716 3299 3773; x_wconf 89' lang='lat' dir='ltr'><strong>illud</strong></span> <span class='ocrx_word' id='word_1_708' title='bbox 3352 3724 3460 3791; x_wconf 89' lang='lat' dir='ltr'><strong>est,</strong></span> <span class='ocrx_word' id='word_1_709' title='bbox 3518 3723 3674 3794; x_wconf 89' lang='lat' dir='ltr'><strong>quod</strong></span> 
     </span>
    </p>
   </div>
   <div class='ocr_carea' id='block_1_99' title="bbox 2035 3804 3677 3875">
    <p class='ocr_par' dir='ltr' id='par_1_99' title="bbox 2035 3804 3677 3875">
     <span class='ocr_line' id='line_1_99' title="bbox 2035 3804 3677 3875; baseline 0.005 -14"><span class='ocrx_word' id='word_1_710' title='bbox 2035 3810 2238 3861; x_wconf 89' lang='lat' dir='ltr'><strong>auctor</strong></span> <span class='ocrx_word' id='word_1_711' title='bbox 2264 3810 2461 3861; x_wconf 89' lang='lat' dir='ltr'><strong>noster</strong></span> <span class='ocrx_word' id='word_1_712' title='bbox 2494 3804 2756 3875; x_wconf 86' lang='lat' dir='ltr'><strong>tradidit,</strong></span> <span class='ocrx_word' id='word_1_713' title='bbox 2792 3806 3078 3861; x_wconf 90' lang='lat' dir='ltr'><strong>mundum</strong></span> <span class='ocrx_word' id='word_1_714' title='bbox 3133 3823 3201 3862; x_wconf 86' lang='lat' dir='ltr'><strong>ex</strong></span> <span class='ocrx_word' id='word_1_715' title='bbox 3230 3808 3413 3865; x_wconf 91' lang='lat' dir='ltr'><strong>nihilo</strong></span> <span class='ocrx_word' id='word_1_716' title='bbox 3471 3829 3505 3867; x_wconf 88' lang='lat' dir='ltr'><strong>a</strong></span> <span class='ocrx_word' id='word_1_717' title='bbox 3561 3812 3677 3870; x_wconf 89' lang='lat' dir='ltr'><strong>Deo</strong></span> 
     </span>
    </p>
   </div>
   <div class='ocr_carea' id='block_1_100' title="bbox 2034 3894 3673 3973">
    <p class='ocr_par' dir='ltr' id='par_1_100' title="bbox 2034 3894 3673 3973">
     <span class='ocr_line' id='line_1_100' title="bbox 2034 3894 3673 3973; baseline 0.003 -21"><span class='ocrx_word' id='word_1_718' title='bbox 2034 3900 2319 3966; x_wconf 88' lang='lat' dir='ltr'><strong>creatum,</strong></span> <span class='ocrx_word' id='word_1_719' title='bbox 2352 3917 2380 3945; x_wconf 83' lang='lat'><strong>«</strong></span> <span class='ocrx_word' id='word_1_720' title='bbox 2413 3894 2585 3951; x_wconf 90' lang='lat' dir='ltr'><strong>verbo</strong></span> <span class='ocrx_word' id='word_1_721' title='bbox 2619 3911 2733 3966; x_wconf 90' lang='lat' dir='ltr'><strong>quo</strong></span> <span class='ocrx_word' id='word_1_722' title='bbox 2758 3895 2962 3965; x_wconf 84' lang='lat' dir='ltr'><strong>jussit,</strong></span> <span class='ocrx_word' id='word_1_723' title='bbox 2988 3895 3340 3969; x_wconf 88' lang='lat' dir='ltr'><strong>rationequa</strong></span> <span class='ocrx_word' id='word_1_724' title='bbox 3361 3899 3673 3973; x_wconf 88' lang='lat' dir='ltr'><strong>disposuit,</strong></span> 
     </span>
    </p>
   </div>
   <div class='ocr_carea' id='block_1_101' title="bbox 2034 3982 3675 4063">
    <p class='ocr_par' dir='ltr' id='par_1_101' title="bbox 2034 3982 3675 4063">
     <span class='ocr_line' id='line_1_101' title="bbox 2034 3982 3675 4063; baseline 0.001 -22"><span class='ocrx_word' id='word_1_725' title='bbox 2034 3985 2248 4041; x_wconf 89' lang='lat' dir='ltr'><strong>virtute</strong></span> <span class='ocrx_word' id='word_1_726' title='bbox 2283 4000 2398 4055; x_wconf 88' lang='lat' dir='ltr'><strong>qua</strong></span> <span class='ocrx_word' id='word_1_727' title='bbox 2426 3982 2637 4054; x_wconf 91' lang='lat' dir='ltr'><strong>potuit.</strong></span> <span class='ocrx_word' id='word_1_728' title='bbox 2671 4006 2698 4035; x_wconf 81' lang='grc'><strong>››</strong></span> <span class='ocrx_word' id='word_1_729' title='bbox 2726 3983 3085 4055; x_wconf 89' lang='lat' dir='ltr'><strong>(Tertullian.</strong></span> <span class='ocrx_word' id='word_1_730' title='bbox 3119 3986 3391 4057; x_wconf 84' lang='lat' dir='ltr'><strong>Apologet.</strong></span> <span class='ocrx_word' id='word_1_731' title='bbox 3424 4005 3553 4061; x_wconf 89' lang='lat' dir='ltr'><strong>cap.</strong></span> <span class='ocrx_word' id='word_1_732' title='bbox 3588 3991 3675 4063; x_wconf 80' lang='grc'><strong>17,</strong></span> 
     </span>
    </p>
   </div>
   <div class='ocr_carea' id='block_1_102' title="bbox 2036 4073 3668 4149">
    <p class='ocr_par' dir='ltr' id='par_1_102' title="bbox 2036 4073 3668 4149">
     <span class='ocr_line' id='line_1_102' title="bbox 2036 4073 3668 4149; baseline 0.004 -20"><span class='ocrx_word' id='word_1_733' title='bbox 2036 4078 2093 4129; x_wconf 90' lang='lat' dir='ltr'><strong>et</strong></span> <span class='ocrx_word' id='word_1_734' title='bbox 2122 4090 2248 4144; x_wconf 90' lang='lat' dir='ltr'><strong>cap.</strong></span> <span class='ocrx_word' id='word_1_735' title='bbox 2281 4074 2395 4144; x_wconf 86' lang='grc'><strong>21.)</strong></span> <span class='ocrx_word' id='word_1_736' title='bbox 2426 4073 2580 4129; x_wconf 86' lang='lat'><strong>822</strong></span> <span class='ocrx_word' id='word_1_737' title='bbox 2615 4074 2777 4139; x_wconf 90' lang='lat' dir='ltr'><strong>Quod</strong></span> <span class='ocrx_word' id='word_1_738' title='bbox 2811 4073 3048 4144; x_wconf 89' lang='lat' dir='ltr'><strong>quidem</strong></span> <span class='ocrx_word' id='word_1_739' title='bbox 3079 4075 3153 4130; x_wconf 89' lang='lat' dir='ltr'><strong>ab</strong></span> <span class='ocrx_word' id='word_1_740' title='bbox 3208 4092 3275 4133; x_wconf 91' lang='lat' dir='ltr'><strong>eo</strong></span> <span class='ocrx_word' id='word_1_741' title='bbox 3330 4079 3668 4149; x_wconf 87' lang='lat' dir='ltr'><strong>repetitum,</strong></span> 
     </span>
    </p>
   </div>
   <div class='ocr_carea' id='block_1_103' title="bbox 2035 4161 3677 4238">
    <p class='ocr_par' dir='ltr' id='par_1_103' title="bbox 2035 4161 3677 4238">
     <span class='ocr_line' id='line_1_103' title="bbox 2035 4161 3677 4238; baseline 0.004 -19"><span class='ocrx_word' id='word_1_742' title='bbox 2035 4168 2145 4219; x_wconf 90' lang='lat' dir='ltr'><strong>eta</strong></span> <span class='ocrx_word' id='word_1_743' title='bbox 2172 4161 2418 4218; x_wconf 90' lang='lat' dir='ltr'><strong>Minutio</strong></span> <span class='ocrx_word' id='word_1_744' title='bbox 2448 4161 2654 4229; x_wconf 89' lang='lat' dir='ltr'><strong>Felice,</strong></span> <span class='ocrx_word' id='word_1_745' title='bbox 2686 4167 2747 4217; x_wconf 93' lang='lat' dir='ltr'><strong>ut</strong></span> <span class='ocrx_word' id='word_1_746' title='bbox 2778 4161 2919 4218; x_wconf 88' lang='lat' dir='ltr'><strong>alibi</strong></span> <span class='ocrx_word' id='word_1_747' title='bbox 2952 4164 3497 4238; x_wconf 87' lang='lat' dir='ltr'><strong>animadvertimus,</strong></span> <span class='ocrx_word' id='word_1_748' title='bbox 3522 4173 3677 4227; x_wconf 88' lang='lat' dir='ltr'><strong>tran-</strong></span> 
     </span>
    </p>
   </div>
   <div class='ocr_carea' id='block_1_104' title="bbox 2037 4251 3676 4331">
    <p class='ocr_par' dir='ltr' id='par_1_104' title="bbox 2037 4251 3676 4331">
     <span class='ocr_line' id='line_1_104' title="bbox 2037 4251 3676 4331; baseline 0.004 -24"><span class='ocrx_word' id='word_1_749' title='bbox 2037 4251 2325 4322; x_wconf 90' lang='lat' dir='ltr'><strong>scriptum</strong></span> <span class='ocrx_word' id='word_1_750' title='bbox 2351 4255 2443 4306; x_wconf 91' lang='lat' dir='ltr'><strong>est</strong></span> <span class='ocrx_word' id='word_1_751' title='bbox 2501 4253 2786 4307; x_wconf 73' lang='lat' dir='ltr'><strong>Dissertat.</strong></span> <span class='ocrx_word' id='word_1_752' title='bbox 2838 4252 2900 4306; x_wconf 83' lang='lat' dir='ltr'><strong>in</strong></span> <span class='ocrx_word' id='word_1_753' title='bbox 2952 4253 3145 4309; x_wconf 65' lang='grc' dir='ltr'><strong>Μίνωι.</strong></span> <span class='ocrx_word' id='word_1_754' title='bbox 3199 4254 3378 4311; x_wconf 82' lang='lat' dir='ltr'><strong>Octav.</strong></span> <span class='ocrx_word' id='word_1_755' title='bbox 3447 4274 3572 4331; x_wconf 89' lang='lat' dir='ltr'><strong>cap.</strong></span> <span class='ocrx_word' id='word_1_756' title='bbox 3620 4260 3676 4331; x_wconf 89' lang='lat'><strong>2,</strong></span> 
     </span>
    </p>
   </div>
   <div class='ocr_carea' id='block_1_105' title="bbox 2038 4339 3678 4411">
    <p class='ocr_par' dir='ltr' id='par_1_105' title="bbox 2038 4339 3678 4411">
     <span class='ocr_line' id='line_1_105' title="bbox 2038 4339 3678 4411; baseline 0.006 -15"><span class='ocrx_word' id='word_1_757' title='bbox 2038 4344 2145 4396; x_wconf 91' lang='lat' dir='ltr'><strong>art.</strong></span> <span class='ocrx_word' id='word_1_758' title='bbox 2177 4340 2258 4410; x_wconf 89' lang='lat'><strong>5).</strong></span> <span class='ocrx_word' id='word_1_759' title='bbox 2292 4339 2401 4395; x_wconf 91' lang='lat' dir='ltr'><strong>Sed</strong></span> <span class='ocrx_word' id='word_1_760' title='bbox 2457 4341 2611 4411; x_wconf 93' lang='lat' dir='ltr'><strong>quod</strong></span> <span class='ocrx_word' id='word_1_761' title='bbox 2657 4341 2726 4396; x_wconf 94' lang='lat' dir='ltr'><strong>de</strong></span> <span class='ocrx_word' id='word_1_762' title='bbox 2773 4340 2884 4396; x_wconf 92' lang='lat' dir='ltr'><strong>hoc</strong></span> <span class='ocrx_word' id='word_1_763' title='bbox 2922 4340 3021 4397; x_wconf 91' lang='lat' dir='ltr'><strong>Dei</strong></span> <span class='ocrx_word' id='word_1_764' title='bbox 3077 4343 3250 4399; x_wconf 90' lang='lat' dir='ltr'><strong>verbo</strong></span> <span class='ocrx_word' id='word_1_765' title='bbox 3299 4346 3678 4405; x_wconf 88' lang='lat' dir='ltr'><strong>Tertulianus</strong></span> 
     </span>
    </p>
   </div>
   <div class='ocr_carea' id='block_1_106' title="bbox 2038 4427 3555 4504">
    <p class='ocr_par' dir='ltr' id='par_1_106' title="bbox 2038 4427 3555 4504">
     <span class='ocr_line' id='line_1_106' title="bbox 2038 4427 3555 4504; baseline 0.005 -18"><span class='ocrx_word' id='word_1_766' title='bbox 2038 4431 2226 4497; x_wconf 90' lang='lat' dir='ltr'><strong>docet,</strong></span> <span class='ocrx_word' id='word_1_767' title='bbox 2252 4429 2394 4500; x_wconf 89' lang='lat' dir='ltr'><strong>jam,</strong></span> <span class='ocrx_word' id='word_1_768' title='bbox 2427 4428 2478 4484; x_wconf 90' lang='lat' dir='ltr'><strong>si</strong></span> <span class='ocrx_word' id='word_1_769' title='bbox 2519 4427 2729 4500; x_wconf 90' lang='lat' dir='ltr'><strong>placet,</strong></span> <span class='ocrx_word' id='word_1_770' title='bbox 2790 4429 3101 4502; x_wconf 88' lang='lat' dir='ltr'><strong>diligenter</strong></span> <span class='ocrx_word' id='word_1_771' title='bbox 3130 4435 3555 4504; x_wconf 87' lang='lat' dir='ltr'><strong>expendamus.</strong></span> 
     </span>
    </p>
   </div>
   <div class='ocr_carea' id='block_1_107' title="bbox 2652 4535 3057 4592">
    <p class='ocr_par' dir='ltr' id='par_1_107' title="bbox 2652 4535 3057 4592">
     <span class='ocr_line' id='line_1_107' title="bbox 2652 4535 3057 4592; baseline 0.005 -2"><span class='ocrx_word' id='word_1_772' title='bbox 2652 4535 2879 4591; x_wconf 87' lang='lat' dir='ltr'><strong>CAPUT</strong></span> <span class='ocrx_word' id='word_1_773' title='bbox 2906 4536 3057 4592; x_wconf 85' lang='lat' dir='ltr'><strong>VIII.</strong></span> 
     </span>
    </p>
   </div>
   <div class='ocr_carea' id='block_1_108' title="bbox 2529 4606 3187 4668">
    <p class='ocr_par' dir='ltr' id='par_1_108' title="bbox 2529 4606 3187 4668">
     <span class='ocr_line' id='line_1_108' title="bbox 2529 4606 3187 4668; baseline 0.008 -5"><span class='ocrx_word' id='word_1_774' title='bbox 2529 4608 2606 4664; x_wconf 89' lang='lat' dir='ltr'><strong>De</strong></span> <span class='ocrx_word' id='word_1_775' title='bbox 2630 4606 2838 4664; x_wconf 75' lang='lat' dir='ltr'><strong>Christi</strong></span> <span class='ocrx_word' id='word_1_776' title='bbox 2860 4608 3187 4668; x_wconf 82' lang='lat' dir='ltr'><strong>divinitate.</strong></span> 
     </span>
    </p>
   </div>
   <div class='ocr_carea' id='block_1_109' title="bbox 2554 4713 3154 4757">
    <p class='ocr_par' dir='ltr' id='par_1_109' title="bbox 2554 4713 3154 4757">
     <span class='ocr_line' id='line_1_109' title="bbox 2554 4713 3154 4757; baseline 0.01 -6"><span class='ocrx_word' id='word_1_777' title='bbox 2554 4713 2871 4754; x_wconf 76' lang='lat' dir='ltr'><strong>ARTICULUS</strong></span> <span class='ocrx_word' id='word_1_778' title='bbox 2912 4714 3154 4757; x_wconf 79' lang='lat' dir='ltr'><strong>PRIMUS.</strong></span> 
     </span>
    </p>
   </div>
   <div class='ocr_carea' id='block_1_110' title="bbox 2044 4784 3686 4862">
    <p class='ocr_par' dir='ltr' id='par_1_110' title="bbox 2044 4784 3686 4862">
     <span class='ocr_line' id='line_1_110' title="bbox 2044 4784 3686 4862; baseline 0.006 -19"><span class='ocrx_word' id='word_1_779' title='bbox 2044 4787 2324 4862; x_wconf 77' lang='lat' dir='ltr'><strong>De_variis_</strong></span> <span class='ocrx_word' id='word_1_780' title='bbox 2342 4784 2489 4862; x_wconf 67' lang='lat' dir='ltr'><strong>Filii</strong></span> <span class='ocrx_word' id='word_1_781' title='bbox 2518 4787 2618 4862; x_wconf 76' lang='lat' dir='ltr'><strong>Dei</strong></span> <span class='ocrx_word' id='word_1_782' title='bbox 2672 4787 3007 4862; x_wconf 71' lang='lat' dir='ltr'><strong>nominibus,</strong></span> <span class='ocrx_word' id='word_1_783' title='bbox 3035 4806 3100 4845; x_wconf 88' lang='lat' dir='ltr'><strong>ac</strong></span> <span class='ocrx_word' id='word_1_784' title='bbox 3153 4806 3320 4862; x_wconf 86' lang='lat' dir='ltr'><strong>quam</strong></span> <span class='ocrx_word' id='word_1_785' title='bbox 3381 4792 3686 4853; x_wconf 71' lang='lat' dir='ltr'><strong>luculenter</strong></span> 
     </span>
    </p>
   </div>
   <div class='ocr_carea' id='block_1_111' title="bbox 2118 4857 3687 4933">
    <p class='ocr_par' dir='ltr' id='par_1_111' title="bbox 2118 4857 3687 4933">
     <span class='ocr_line' id='line_1_111' title="bbox 2118 4857 3687 4933; baseline 0.01 -22"><span class='ocrx_word' id='word_1_786' title='bbox 2118 4857 2491 4933; x_wconf 62' lang='lat' dir='ltr'><strong>Tertullianus</strong></span> <span class='ocrx_word' id='word_1_787' title='bbox 2547 4858 2731 4913; x_wconf 85' lang='lat' dir='ltr'><strong>doceat</strong></span> <span class='ocrx_word' id='word_1_788' title='bbox 2761 4861 2883 4915; x_wconf 83' lang='lat' dir='ltr'><strong>veri</strong></span> <span class='ocrx_word' id='word_1_789' title='bbox 2901 4857 3216 4933; x_wconf 68' lang='lat' dir='ltr'><strong>summique</strong></span> <span class='ocrx_word' id='word_1_790' title='bbox 3258 4865 3366 4919; x_wconf 89' lang='lat' dir='ltr'><strong>Dei</strong></span> <span class='ocrx_word' id='word_1_791' title='bbox 3418 4868 3687 4927; x_wconf 83' lang='lat' dir='ltr'><strong>attributa</strong></span> 
     </span>
    </p>
   </div>
   <div class='ocr_carea' id='block_1_112' title="bbox 2114 4931 3685 5002">
    <p class='ocr_par' dir='ltr' id='par_1_112' title="bbox 2114 4931 3685 5002">
     <span class='ocr_line' id='line_1_112' title="bbox 2114 4931 3685 5002; baseline 0.009 -18"><span class='ocrx_word' id='word_1_792' title='bbox 2114 4931 2206 4985; x_wconf 82' lang='lat' dir='ltr'><strong>illi</strong></span> <span class='ocrx_word' id='word_1_793' title='bbox 2235 4932 2545 5000; x_wconf 86' lang='lat' dir='ltr'><strong>convenire,</strong></span> <span class='ocrx_word' id='word_1_794' title='bbox 2578 4946 2804 5002; x_wconf 87' lang='lat' dir='ltr'><strong>cumque</strong></span> <span class='ocrx_word' id='word_1_795' title='bbox 2835 4948 3010 4987; x_wconf 86' lang='lat' dir='ltr'><strong>unum</strong></span> <span class='ocrx_word' id='word_1_796' title='bbox 3032 4938 3082 4989; x_wconf 87' lang='lat' dir='ltr'><strong>et</strong></span> <span class='ocrx_word' id='word_1_797' title='bbox 3110 4931 3379 4993; x_wconf 61' lang='lat' dir='ltr'><strong>isternum</strong></span> <span class='ocrx_word' id='word_1_798' title='bbox 3404 4954 3529 4995; x_wconf 86' lang='lat' dir='ltr'><strong>cum</strong></span> <span class='ocrx_word' id='word_1_799' title='bbox 3575 4942 3685 4998; x_wconf 86' lang='lat' dir='ltr'><strong>Pa-</strong></span> 
     </span>
    </p>
   </div>
   <div class='ocr_carea' id='block_1_113' title="bbox 2117 5003 2670 5058">
    <p class='ocr_par' dir='ltr' id='par_1_113' title="bbox 2117 5003 2670 5058">
     <span class='ocr_line' id='line_1_113' title="bbox 2117 5003 2670 5058; baseline 0 -1"><span class='ocrx_word' id='word_1_800' title='bbox 2117 5010 2202 5057; x_wconf 85' lang='lat' dir='ltr'><strong>tre</strong></span> <span class='ocrx_word' id='word_1_801' title='bbox 2220 5019 2317 5058; x_wconf 80' lang='lat' dir='ltr'><strong>suo</strong></span> <span class='ocrx_word' id='word_1_802' title='bbox 2340 5017 2455 5058; x_wconf 75' lang='lat' dir='ltr'><strong>esse</strong></span> <span class='ocrx_word' id='word_1_803' title='bbox 2484 5003 2670 5057; x_wconf 84' lang='lat' dir='ltr'><strong>Deum.</strong></span> 
     </span>
    </p>
   </div>
   <div class='ocr_carea' id='block_1_114' title="bbox 2122 5088 3681 5170">
    <p class='ocr_par' dir='ltr' id='par_1_114' title="bbox 2122 5088 3681 5170">
     <span class='ocr_line' id='line_1_114' title="bbox 2122 5088 3681 5170; baseline 0.008 -28"><span class='ocrx_word' id='word_1_804' title='bbox 2122 5089 2268 5152; x_wconf 89' lang='lat' dir='ltr'><strong>Quid</strong></span> <span class='ocrx_word' id='word_1_805' title='bbox 2305 5090 2380 5144; x_wconf 91' lang='lat' dir='ltr'><strong>sit</strong></span> <span class='ocrx_word' id='word_1_806' title='bbox 2410 5088 2689 5159; x_wconf 89' lang='lat' dir='ltr'><strong>Verbum,</strong></span> <span class='ocrx_word' id='word_1_807' title='bbox 2723 5090 2911 5161; x_wconf 85' lang='lat' dir='ltr'><strong>Ratio,</strong></span> <span class='ocrx_word' id='word_1_808' title='bbox 2946 5092 3172 5161; x_wconf 90' lang='lat' dir='ltr'><strong>Sermo,</strong></span> <span class='ocrx_word' id='word_1_809' title='bbox 3221 5099 3279 5150; x_wconf 92' lang='lat' dir='ltr'><strong>et</strong></span> <span class='ocrx_word' id='word_1_810' title='bbox 3306 5095 3510 5154; x_wconf 87' lang='lat' dir='ltr'><strong>Fillius</strong></span> <span class='ocrx_word' id='word_1_811' title='bbox 3558 5098 3681 5170; x_wconf 70' lang='lat' dir='ltr'><strong>Dei,</strong></span> 
     </span>
    </p>
   </div>
   <div class='ocr_carea' id='block_1_115' title="bbox 2049 5179 3687 5255">
    <p class='ocr_par' dir='ltr' id='par_1_115' title="bbox 2049 5179 3687 5255">
     <span class='ocr_line' id='line_1_115' title="bbox 2049 5179 3687 5255; baseline 0.008 -22"><span class='ocrx_word' id='word_1_812' title='bbox 2049 5183 2115 5233; x_wconf 92' lang='lat' dir='ltr'><strong>ut</strong></span> <span class='ocrx_word' id='word_1_813' title='bbox 2138 5179 2535 5235; x_wconf 88' lang='lat' dir='ltr'><strong>Tertullianus</strong></span> <span class='ocrx_word' id='word_1_814' title='bbox 2565 5180 2841 5236; x_wconf 88' lang='lat' dir='ltr'><strong>omnibus</strong></span> <span class='ocrx_word' id='word_1_815' title='bbox 2874 5182 3201 5255; x_wconf 89' lang='lat' dir='ltr'><strong>patefaciat,</strong></span> <span class='ocrx_word' id='word_1_816' title='bbox 3235 5187 3466 5244; x_wconf 90' lang='lat' dir='ltr'><strong>duobus</strong></span> <span class='ocrx_word' id='word_1_817' title='bbox 3496 5190 3687 5248; x_wconf 88' lang='lat' dir='ltr'><strong>modis</strong></span> 
     </span>
    </p>
   </div>
   <div class='ocr_carea' id='block_1_116' title="bbox 2049 5268 3688 5349">
    <p class='ocr_par' dir='ltr' id='par_1_116' title="bbox 2049 5268 3688 5349">
     <span class='ocr_line' id='line_1_116' title="bbox 2049 5268 3688 5349; baseline 0.009 -26"><span class='ocrx_word' id='word_1_818' title='bbox 2049 5272 2106 5323; x_wconf 89' lang='lat' dir='ltr'><strong>et</strong></span> <span class='ocrx_word' id='word_1_819' title='bbox 2135 5268 2343 5335; x_wconf 83' lang='lat' dir='ltr'><strong>Deum,</strong></span> <span class='ocrx_word' id='word_1_820' title='bbox 2368 5274 2424 5324; x_wconf 88' lang='lat' dir='ltr'><strong>et</strong></span> <span class='ocrx_word' id='word_1_821' title='bbox 2454 5269 2707 5324; x_wconf 88' lang='lat' dir='ltr'><strong>Verbum</strong></span> <span class='ocrx_word' id='word_1_822' title='bbox 2746 5270 2838 5325; x_wconf 90' lang='lat' dir='ltr'><strong>Dei</strong></span> <span class='ocrx_word' id='word_1_823' title='bbox 2865 5270 3097 5327; x_wconf 82' lang='lat' dir='ltr'><strong>Fillium</strong></span> <span class='ocrx_word' id='word_1_824' title='bbox 3130 5275 3483 5333; x_wconf 88' lang='lat' dir='ltr'><strong>considerari</strong></span> <span class='ocrx_word' id='word_1_825' title='bbox 3514 5295 3688 5349; x_wconf 86' lang='lat' dir='ltr'><strong>posse</strong></span> 
     </span>
    </p>
   </div>
   <div class='ocr_carea' id='block_1_117' title="bbox 2048 5357 3690 5439">
    <p class='ocr_par' dir='ltr' id='par_1_117' title="bbox 2048 5357 3690 5439">
     <span class='ocr_line' id='line_1_117' title="bbox 2048 5357 3690 5439; baseline 0.009 -28"><span class='ocrx_word' id='word_1_826' title='bbox 2048 5357 2236 5411; x_wconf 91' lang='lat' dir='ltr'><strong>docet.</strong></span> <span class='ocrx_word' id='word_1_827' title='bbox 2268 5359 2450 5414; x_wconf 83' lang='lat' dir='ltr'><strong>Ambo</strong></span> <span class='ocrx_word' id='word_1_828' title='bbox 2482 5358 2637 5413; x_wconf 91' lang='lat' dir='ltr'><strong>enim</strong></span> <span class='ocrx_word' id='word_1_829' title='bbox 2671 5361 2924 5431; x_wconf 88' lang='lat' dir='ltr'><strong>spectari</strong></span> <span class='ocrx_word' id='word_1_830' title='bbox 2946 5366 3194 5430; x_wconf 87' lang='lat' dir='ltr'><strong>possunt</strong></span> <span class='ocrx_word' id='word_1_831' title='bbox 3222 5369 3539 5435; x_wconf 88' lang='lat' dir='ltr'><strong>antequam</strong></span> <span class='ocrx_word' id='word_1_832' title='bbox 3562 5367 3690 5439; x_wconf 88' lang='lat' dir='ltr'><strong>ipse</strong></span> 
     </span>
    </p>
   </div>
   <div class='ocr_carea' id='block_1_118' title="bbox 2052 5446 3690 5524">
    <p class='ocr_par' dir='ltr' id='par_1_118' title="bbox 2052 5446 3690 5524">
     <span class='ocr_line' id='line_1_118' title="bbox 2052 5446 3690 5524; baseline 0.009 -24"><span class='ocrx_word' id='word_1_833' title='bbox 2052 5446 2204 5501; x_wconf 90' lang='lat' dir='ltr'><strong>Deus</strong></span> <span class='ocrx_word' id='word_1_834' title='bbox 2236 5448 2524 5502; x_wconf 91' lang='lat' dir='ltr'><strong>mundum</strong></span> <span class='ocrx_word' id='word_1_835' title='bbox 2551 5447 2640 5503; x_wconf 90' lang='lat' dir='ltr'><strong>vel</strong></span> <span class='ocrx_word' id='word_1_836' title='bbox 2681 5453 3001 5503; x_wconf 89' lang='lat' dir='ltr'><strong>creaturam</strong></span> <span class='ocrx_word' id='word_1_837' title='bbox 3022 5449 3202 5505; x_wconf 87' lang='lat' dir='ltr'><strong>ullam</strong></span> <span class='ocrx_word' id='word_1_838' title='bbox 3233 5454 3579 5524; x_wconf 88' lang='lat' dir='ltr'><strong>condiderit,</strong></span> <span class='ocrx_word' id='word_1_839' title='bbox 3602 5458 3690 5514; x_wconf 88' lang='lat' dir='ltr'><strong>vel</strong></span> 
     </span>
    </p>
   </div>
   <div class='ocr_carea' id='block_1_119' title="bbox 2052 5534 3691 5617">
    <p class='ocr_par' dir='ltr' id='par_1_119' title="bbox 2052 5534 3691 5617">
     <span class='ocr_line' id='line_1_119' title="bbox 2052 5534 3691 5617; baseline 0.009 -29"><span class='ocrx_word' id='word_1_840' title='bbox 2052 5534 2284 5604; x_wconf 88' lang='lat' dir='ltr'><strong>quando</strong></span> <span class='ocrx_word' id='word_1_841' title='bbox 2307 5536 2567 5592; x_wconf 90' lang='lat' dir='ltr'><strong>mundus</strong></span> <span class='ocrx_word' id='word_1_842' title='bbox 2594 5536 2667 5591; x_wconf 92' lang='lat' dir='ltr'><strong>ab</strong></span> <span class='ocrx_word' id='word_1_843' title='bbox 2698 5552 2764 5592; x_wconf 92' lang='lat' dir='ltr'><strong>eo</strong></span> <span class='ocrx_word' id='word_1_844' title='bbox 2812 5540 3043 5591; x_wconf 89' lang='lat' dir='ltr'><strong>creatus</strong></span> <span class='ocrx_word' id='word_1_845' title='bbox 3065 5542 3174 5593; x_wconf 89' lang='lat' dir='ltr'><strong>est.</strong></span> <span class='ocrx_word' id='word_1_846' title='bbox 3207 5539 3287 5596; x_wconf 91' lang='lat' dir='ltr'><strong>De</strong></span> <span class='ocrx_word' id='word_1_847' title='bbox 3316 5546 3566 5617; x_wconf 90' lang='lat' dir='ltr'><strong>utroque</strong></span> <span class='ocrx_word' id='word_1_848' title='bbox 3583 5562 3691 5604; x_wconf 82' lang='lat' dir='ltr'><strong>au-</strong></span> 
     </span>
    </p>
   </div>
   <div class='ocr_carea' id='block_1_120' title="bbox 2051 5624 3693 5702">
    <p class='ocr_par' dir='ltr' id='par_1_120' title="bbox 2051 5624 3693 5702">
     <span class='ocr_line' id='line_1_120' title="bbox 2051 5624 3693 5702; baseline 0.011 -24"><span class='ocrx_word' id='word_1_849' title='bbox 2051 5626 2168 5679; x_wconf 90' lang='lat' dir='ltr'><strong>tem</strong></span> <span class='ocrx_word' id='word_1_850' title='bbox 2198 5630 2333 5681; x_wconf 85' lang='lat' dir='ltr'><strong>ante</strong></span> <span class='ocrx_word' id='word_1_851' title='bbox 2360 5627 2711 5682; x_wconf 89' lang='lat' dir='ltr'><strong>creationem</strong></span> <span class='ocrx_word' id='word_1_852' title='bbox 2747 5625 2951 5680; x_wconf 87' lang='lat' dir='ltr'><strong>mundi</strong></span> <span class='ocrx_word' id='word_1_853' title='bbox 2983 5624 3092 5682; x_wconf 87' lang='lat' dir='ltr'><strong>hoc</strong></span> <span class='ocrx_word' id='word_1_854' title='bbox 3123 5631 3404 5702; x_wconf 89' lang='lat' dir='ltr'><strong>tanquam</strong></span> <span class='ocrx_word' id='word_1_855' title='bbox 3435 5636 3693 5695; x_wconf 79' lang='lat' dir='ltr'><strong>certissi-</strong></span> 
     </span>
    </p>
   </div>
   <div class='ocr_carea' id='block_1_121' title="bbox 2051 5724 3690 5813">
    <p class='ocr_par' dir='ltr' id='par_1_121' title="bbox 2051 5724 3690 5813">
     <span class='ocr_line' id='line_1_121' title="bbox 2051 5724 3690 5813; baseline 0.012 -34"><span class='ocrx_word' id='word_1_856' title='bbox 2051 5738 2216 5781; x_wconf 87' lang='lat' dir='ltr'><strong>mum</strong></span> <span class='ocrx_word' id='word_1_857' title='bbox 2248 5724 2588 5784; x_wconf 86' lang='lat' dir='ltr'><strong>constituit:</strong></span> <span class='ocrx_word' id='word_1_858' title='bbox 2625 5746 2654 5774; x_wconf 85' lang='lat'>«</span> <span class='ocrx_word' id='word_1_859' title='bbox 2686 5724 2833 5784; x_wconf 84' lang='lat' dir='ltr'><strong>Ante</strong></span> <span class='ocrx_word' id='word_1_860' title='bbox 2878 5724 3077 5785; x_wconf 78' lang='lat' dir='ltr'><strong>omnia</strong></span> <span class='ocrx_word' id='word_1_861' title='bbox 3122 5725 3279 5789; x_wconf 84' lang='lat' dir='ltr'><strong>Deus</strong></span> <span class='ocrx_word' id='word_1_862' title='bbox 3324 5736 3450 5791; x_wconf 80' lang='lat' dir='ltr'><strong>erat</strong></span> <span class='ocrx_word' id='word_1_863' title='bbox 3503 5735 3690 5813; x_wconf 82' lang='lat' dir='ltr'><strong>solus,</strong></span> 
     </span>
    </p>
   </div>
   <div class='ocr_carea' id='block_1_122' title="bbox 3344 5864 3422 5928">
    <p class='ocr_par' dir='ltr' id='par_1_122' title="bbox 3344 5864 3422 5928">
     <span class='ocr_line' id='line_1_122' title="bbox 3344 5864 3422 5928; baseline 0.064 -5"><span class='ocrx_word' id='word_1_864' title='bbox 3344 5864 3422 5928; x_wconf 75' lang='lat'><strong>29</strong></span> 
     </span>
    </p>
   </div>
  </div>
