4158 6376
493 413 611 474 907

1010 399 1534 466 TERTULLIANI
1579 391 1902 458 ΟΡΕῆοΜ
1949 388 2145 449 PARS
2190 383 2235 444 Ι.
2270 416 2347 428 --
2378 381 2650 444 SEltlES
2697 379 2744 453 Ι,
2790 364 3350 440 APOLOGBTICA.

3766 368 3896 434 908

499 546 627 620 ipse
656 543 768 601 sibi
790 540 1068 610 mundus,
1092 541 1149 594 et
1175 536 1362 602 locus,
1394 538 1453 590 et
1476 531 1696 590 omnia.
1721 527 1893 586 Solus
1911 527 2130 590 autem,
2171 521 2219 588 Α
2248 515 2491 581 tantius,
2525 518 2589 570 ut
2617 531 2724 572 suo
2754 514 2879 570 loco
2901 509 3177 578 vidimus,
3206 509 3476 567 certiores
3498 524 3604 565 nos
3627 508 3901 564 fecerunt

1957 617 1963 620 .
2251 607 2264 620 ς
2428 602 2490 620 \s
2691 605 2724 620 η
2894 619 2903 620 κ
2952 601 3025 620 ,ιικ
3064 600 3166 620 γε--
3225 598 3562 620 μι-ει----ι.-
3628 597 3896 620 _.__21-_._

506 597 1006 707 quia—nihilaliud
1037 597 1400 684 extrinsecus
1422 627 1628 696 praeter
1643 620 1836 675 illum.
1861 617 2142 671 Caeterum
2251 607 2406 662 hunc
2428 602 2590 679 λόγον
2623 621 2656 660 a
2686 605 2912 660 Zenone
2942 600 3174 658 ethnico
3221 598 3566 672 philosopho
3626 597 3902 670 agnitum

507 741 580 781 ne
609 727 748 779 tunc
768 719 1001 793 quidem
1031 715 1192 772 solus
1215 733 1228 782 ;
1253 712 1509 770 habebat
1538 710 1695 766 enim
1722 722 1946 773 secum,
1969 715 2144 772 quam

507 789 850 870 habebatin
876 807 1213 878 semetipso,
1248 805 1533 858 rationem
1564 815 1732 855 suam
1764 795 2002 852 scilicet.
2037 789 2144 844 Ra-

507 900 768 969 tionalis,
800 902 857 955 et
885 898 1031 954 ratio
1060 877 1119 949 in
1150 894 1278 964 ipso
1303 891 1561 964 prius,et
1589 884 1896 957 itaabipso
1929 877 2146 934 omnia.

510 991 644 1057 Qum
676 964 822 1046 ratio
852 1003 1063 1044 sensus
1094 981 1279 1054 ipsius
1306 984 1415 1036 est.
1447 978 1606 1033 Hanc
1637 974 1816 1030 Graeci
1849 968 2014 1043 Λόγος
2063 964 2149 1020 di-

514 1084 675 1146 cunt,
707 1095 823 1150 quo
844 1073 1123 1133 vocabulo
1170 1071 1346 1127 etiam
1377 1082 1707 1123 sermonem
1765 1059 2152 1134 appellamus.

517 1145 769 1240 Ideoque
789 1167 918 1239 jam
953 1165 1013 1219 in
1047 1178 1156 1217 usu
1187 1165 1278 1215 est
1307 1161 1641 1213 nostrorum
1673 1169 1775 1223 per
1804 1145 2155 1219 simplicita-

516 1263 637 1316 tem
668 1251 1164 1328 interpretationis
1186 1261 1516 1304 sermonem
1533 1243 1723 1300 dicere
1754 1241 1813 1294 in
1840 1234 2157 1310 primordio

521 1347 677 1420 apud
713 1347 892 1402 Deum
923 1342 1125 1408 fuisse,
1157 1354 1290 1394 cum
1324 1334 1512 1405 magis
1546 1331 1832 1388 rationem
1868 1328 2161 1396 competat

525 1435 920 1508 antiquiorem
935 1429 1158 1496 haberi;
1176 1425 1316 1499 quia
1334 1441 1447 1479 non
1461 1419 1810 1478 sermonalis
1827 1436 1859 1473 a
1873 1412 2160 1488 principio

525 1526 627 1583 sed
660 1501 960 1580 rationalis
987 1520 1141 1574 Deus
1168 1514 1340 1572 etiam
1373 1519 1508 1567 ante
1527 1507 1912 1581 principium,
1943 1507 2000 1558 ct
2027 1501 2166 1575 quia

527 1616 652 1688 ipse
699 1627 928 1686 quoque
975 1624 1168 1667 sermo
1228 1604 1451 1660 ratione
1509 1600 1860 1663 consistens,
1911 1595 2163 1666 priorem

527 1686 680 1772 eam,
713 1707 778 1761 ut
806 1697 1202 1758 substantiam
1234 1708 1426 1760 suam,
1487 1688 1775 1746 ostendat.
1832 1686 2052 1740 Tamen
2111 1689 2168 1738 et

530 1794 616 1852 sic
646 1791 794 1849 nihil
824 1792 1087 1846 interest.
1118 1785 1264 1842 Nam
1294 1787 1352 1838 et
1381 1779 1430 1837 si
1450 1779 1604 1835 Deus
1652 1776 1914 1832 nondum
1947 1788 2167 1829 sermo-

533 1900 668 1942 nem
698 1898 877 1940 suum
909 1880 1169 1943 miserat,
1205 1872 1446 1948 proinde
1476 1885 1612 1926 eum
1643 1883 1776 1923 cum
1821 1865 1952 1938 ipsa
2006 1868 2062 1919 et
2109 1863 2168 1918 in
2201 1891 2249 1957 Β

533 1971 660 2045 ipsa
683 1971 908 2029 ratione
938 1969 1094 2025 intra
1122 1962 1507 2034 semetipsum
1538 1958 1794 2025 habetat,
1843 1953 2018 2009 tacite
2073 1969 2172 2008 co-

537 2062 778 2135 gitando
807 2066 864 2118 et
878 2055 1240 2129 disponendo
1267 2067 1488 2118 secum,
1521 2065 1648 2119 quae
1698 2061 1798 2116 per
1836 2057 2169 2100 sermonem

540 2169 675 2209 mox
702 2156 827 2208 erat
854 2149 1142 2205 dicturus.
1173 2143 1318 2198 Cum
1351 2139 1572 2195 ratione
1588 2137 1746 2192 enim
1770 2151 1878 2190 sua
1910 2133 2176 2204 cogitans

542 2246 716 2312 atque
746 2239 1062 2311 disponens
1092 2245 1420 2290 sermonem
1469 2241 1596 2281 eam
1630 2223 1942 2292 efficiebat,
2002 2236 2176 2293 quam

543 2344 811 2387 sermone
831 2325 1118 2383 tractabat
1147 2343 1175 2372 «
1210 2315 1571 2391 (Tertullian.
1605 2314 1726 2368 adv.
1751 2314 1920 2367 Prax.
1954 2327 2060 2382 cap
2095 2312 2174 2382 5.)

541 2422 674 2474 Hac
724 2420 942 2483 autem,
972 2411 1084 2469 etsi
1132 2405 1306 2481 paulo
1351 2402 1631 2474 longiora,
1692 2400 1906 2456 idcirco
1952 2399 2178 2470 integra

542 2509 877 2579 retulimus,
935 2505 1071 2577 quia
1141 2497 1342 2556 omnia
1389 2492 1676 2567 singulari
1748 2491 2069 2549 attentione
2121 2496 2179 2546 et

543 2599 815 2657 examine
844 2595 1023 2666 digna
1053 2592 1212 2648 sunt.

611 2687 807 2744 Primo
837 2683 1036 2753 itaque
1056 2677 1314 2734 declarat
1340 2674 1525 2729 Deum
1555 2676 1690 2725 ante
1709 2669 2088 2740 principium,
2116 2668 2173 2724 id

543 2783 635 2834 est
663 2775 736 2833 ab
767 2771 928 2829 omni
948 2768 1292 2831 aeternitate,
1314 2779 1380 2818 ac
1405 2759 1645 2832 proinde
1675 2763 1988 2830 antequam
2011 2774 2178 2813 mun-

543 2867 655 2922 dus
681 2867 996 2925 crearetur,
1015 2857 1194 2911 fuisse
1232 2856 1289 2907 et
1315 2849 1504 2906 solum
1536 2853 1591 2902 et
1613 2863 1727 2901 non
1759 2846 1972 2902 solum.
2031 2849 2178 2901 Ante

545 2953 753 3011 mundi
784 2950 1001 3024 quippe
1029 2941 1379 3000 creationem
1403 2936 1564 2993 solus
1596 2939 1738 3000 erat,
1764 2936 2176 3006 ipsesibimun-

543 3045 668 3109 dus,
711 3043 860 3097 locus
887 3046 938 3094 et
964 3035 1174 3102 omnia,
1207 3029 1343 3100 quia
1373 3026 1518 3082 nihil
1569 3029 1774 3096 praeter
1802 3040 1863 3079 se
1895 3025 2174 3081 extrinse-

545 3149 651 3190 cus
681 3129 952 3186 habebat.
1001 3123 1149 3178 Tum
1181 3125 1374 3174 tamen
1400 3120 1524 3170 erat
1575 3112 1758 3178 solus,
1811 3114 1950 3182 quia
2007 3130 2176 3171 suam

543 3220 797 3279 habebat
827 3215 1134 3270 rationem.
1184 3212 1332 3262 Ante
1390 3201 1741 3276 principium
1782 3218 1936 3269 vero,
1985 3220 2085 3257 seu
2145 3218 2179 3258 a

545 3314 666 3367 tota
691 3304 1014 3364 aeternitate
1042 3293 1346 3354 rationalis
1368 3293 1497 3360 fuit,
1531 3289 2004 3362 quandoquidem
2025 3291 2178 3348 Deus

545 3415 676 3456 esse
703 3412 822 3453 non
851 3394 1062 3465 potest,
1094 3385 1208 3442 nisi
1239 3385 1316 3440 sit
1345 3398 1522 3438 sensu
1552 3386 1610 3434 et
1639 3379 1862 3434 ratione
1880 3379 2180 3450 przsditus.

616 3501 905 3565 Secundo,
935 3496 1192 3552 divinam
1221 3490 1382 3545 illam
1415 3493 1811 3557 aeternamque
1858 3486 1959 3541 Dei
2010 3488 2185 3543 ratio-

549 3608 684 3650 nem
717 3589 912 3655 (ἓνκαὶ,
942 3583 1154 3655 inquit,
1187 3578 1350 3652 λόγον
1383 3577 1594 3642 dicunt,
1627 3573 1784 3629 haud
1812 3573 1990 3630 dubie
2045 3574 2187 3646 quia

546 3682 802 3740 Joannes
832 3673 1128 3746 Evangelii
1156 3669 1249 3726 sui
1279 3667 1446 3723 initio
1495 3662 1765 3735 scripsit:
1816 3662 1900 3715 ’Ev
1936 3661 2082 3736 ἀρχῆ
2117 3663 2182 3730 ἦν

553 3772 581 3826 ὁ
614 3769 777 3846 λόγος
813 3763 1023 3839 (Ιοαη.)
1053 3779 1093 3832 ι,
1135 3761 1210 3832 1).
1244 3757 1390 3813 Nam
1447 3755 1572 3825 ipse
1619 3750 2015 3807 Tertullianus
2067 3752 2188 3808 hinc

552 3840 754 3918 Latine
786 3858 866 3912 ita
898 3853 1130 3910 citavit:
1190 3850 1252 3903 In
1315 3843 1589 3916 principio
1643 3840 1973 3896 eratSermo.

552 3955 607 4008 et
624 3951 812 4004 Sermo
838 3943 991 4016 apud
1027 3942 1194 3996 Deum
1229 3944 1280 3992 et
1335 3936 1474 3989 Deus
1529 3939 1651 3986 erat
1708 3929 1894 3985 Sermo
1941 3931 2188 4000 (Ter-tul.

553 4039 696 4097 lian.
727 4036 856 4094 adv.
889 4034 1071 4088 Hem.
1103 4044 1233 4098 cap.
1265 4025 1379 4094 20).
1429 4020 1581 4076 823
1637 4018 1773 4088 Ejus
1805 4023 1996 4073 autem
2040 4025 2190 4074 tem-

556 4145 696 4203 pore
727 4141 853 4182 mos
882 4120 1226 4180 invaluerat,
1259 4119 1324 4169 ut
1354 4110 1533 4166 Filius
1574 4108 1674 4163 Dei
1706 4125 1738 4160 a
1771 4107 1992 4163 Latinis
2032 4110 2190 4165 dice-

554 4196 716 4275 retur
741 4220 963 4279 Sermo,
995 4223 1129 4264 cum
1162 4203 1372 4260 melius
1393 4201 1655 4255 Graecum
1691 4197 1832 4253 illud
1865 4214 2076 4254 nomen
2096 4196 2192 4252 λό-

551 4326 646 4384 γος
678 4305 751 4362 ab
779 4302 898 4359 illis
930 4299 1076 4354 ratio
1105 4295 1221 4350 dici
1251 4291 1568 4347 debuisset.
1601 4289 1725 4352 Qua
1745 4287 1979 4357 quidem
2013 4288 2083 4342 de
2105 4289 2190 4342 in-

550 4377 966 4468 terpretatione
994 4387 1244 4458 egimus,
1273 4377 1751 4436 ubiostendimus
1772 4378 2191 4447 transcriptum

553 4464 738 4542 fuisse
761 4498 796 4538 a
825 4473 1120 4536 Lactantio
1151 4472 1306 4526 hunc
1335 4465 1675 4523 Tertulliani
1722 4464 1914 4520 locum
1963 4466 2192 4536 (Disser.

554 4578 654 4631 tat.
676 4574 740 4627 in
767 4571 1019 4626 Lactant.
1055 4579 1180 4634 cap.
1215 4561 1300 4627 16,
1329 4563 1418 4612 art
1444 4556 1520 4626 2).

627 4678 845 4743 Tertio,
882 4690 987 4730 nos
1017 4670 1115 4726 ille
1145 4667 1395 4722 monitos
1420 4661 1555 4718 facit
1575 4678 1681 4716 cur
1695 4661 1955 4716 Graecum
1979 4676 2189 4714 nomen

561 4766 726 4842 λόγος
750 4763 952 4821 Latine
991 4759 1138 4816 ratio
1161 4757 1355 4830 potius
1388 4768 1562 4824 quam
1595 4765 1773 4806 sermo
1803 4750 2189 4803 vertidebeat.

561 4837 738 4924 Deus,
769 4852 980 4925 inquit,
1014 4853 1148 4905 ante
1177 4844 1528 4918 principium
1563 4838 1854 4894 rationalis
1881 4837 2010 4905 fuit,
2043 4854 2192 4892 non-

559 4949 698 5005 dum
729 4951 926 5001 tamen
956 4938 1303 5000 sermonalis,
1331 4934 1473 5004 quia
1523 4929 1774 4984 habebat
1833 4926 1986 4980 intra
2010 4941 2071 4980 se
2102 4943 2193 4981 ra-

560 5039 804 5101 tionem,
833 5034 932 5090 sed
957 5030 1217 5086 nondum
1240 5035 1568 5080 sermonem
1583 5022 1743 5074 extra
1766 5030 1826 5070 se
1849 5016 2040 5085 ipsum
2055 5015 2196 5069 emi-

561 5131 737 5186 serat.
768 5126 841 5180 At
869 5121 1147 5194 quoniam
1189 5116 1258 5170 ab
1292 5120 1508 5167 aeterno
1539 5108 1692 5162 sicut
1749 5103 2057 5171 rationem,
2116 5103 2195 5157 ita

559 5223 616 5273 et
669 5191 1021 5270 sermomem
1100 5206 1252 5259 intra
1305 5217 1366 5255 se
1424 5196 1648 5262 habuit,
1707 5193 2002 5248 licentiam
2053 5191 2193 5245 Ter-

556 5305 844 5361 tullianus
903 5294 1219 5364 unicuique
1299 5288 1463 5343 dedit
1530 5290 1780 5351 utroque
1840 5279 2083 5334 rationis
2141 5284 2196 5334 et

558 5389 850 5449 sermonis
933 5381 1171 5439 nomine
1219 5393 1321 5448 pro
1398 5372 1562 5426 libito
1631 5368 1850 5424 utendi.
1927 5367 2010 5420 Ab
2095 5365 2194 5421 ilio

562 5486 760 5538 autem
779 5475 958 5532 Filius
971 5472 1073 5527 Dei
1092 5485 1205 5523 non
1222 5473 1453 5521 tantum
1470 5476 1683 5527 sermo,
1701 5457 1843 5512 ratio
1858 5462 1914 5511 et
1931 5456 2194 5516 verbum,

563 5570 662 5626 sed
687 5564 897 5638 sophia
925 5561 1099 5617 etiam
1133 5573 1234 5614 seu
1266 5550 1549 5624 sapientia
1567 5552 1805 5605 vocatur
1827 5543 2194 5617 (Tertullian.

566 5659 630 5715 de
671 5633 836 5711 carne
879 5651 1103 5718 Christi,
1137 5662 1264 5716 cap.
1302 5645 1405 5710 18;
1436 5642 1560 5696 adv.
1605 5643 1862 5706 Hermog.
1923 5651 2050 5705 cap.
2084 5633 2194 5705 18).

637 5746 919 5808 Preteres
943 5739 1041 5798 ille
1063 5737 1125 5794 in
1153 5750 1260 5794 suo
1287 5731 1651 5805 Apologetico,
1682 5743 1748 5786 ac
1796 5729 1998 5800 postea
2053 5723 2196 5781 Lac-

2254 712 2428 768 quem
2484 695 2868 750 universitati:
2923 691 3312 747 factitatorem
3357 703 3485 745 esse
3539 687 3907 760 praedicabat

2255 785 2460 856 (ldcm,
2511 785 2768 855 Apologet
2826 799 2951 852 cap.
3007 781 3114 847 21;
3171 779 3464 835 Dissertat.
3522 778 3586 832 in
3642 778 3904 832 Lactant.

2258 892 2383 946 cap.
2418 875 2502 942 16,
2535 878 2644 928 art.
2679 872 2751 944 1).
2789 870 2966 925 Addit
3001 872 3204 924 auctor
3229 872 3457 923 noster:
3500 886 3522 914 ι
3581 865 3907 923 Cleanthes

2258 965 2319 1019 in
2351 963 2623 1036 spiritum
2657 960 2936 1032 congerit,
2967 973 3141 1029 quem
3166 960 3587 1029 permeatorem
3617 954 3910 1010 universi-

2261 1055 2398 1109 tatis
2430 1052 2704 1107 afﬁrmat.
2733 1071 2759 1098 ‹‹
2787 1046 3156 1118 (Tertullian.
3208 1047 3306 1102 loc.
3340 1047 3432 1102 cit.
3453 1061 3475 1108 ;
3497 1049 3640 1100 tom.
3672 1043 3694 1099 Ι
3726 1045 3914 1115 Appa-

2264 1151 2374 1198 ναι.
2412 1157 2543 1214 pag.
2584 1141 2724 1208 782;
2781 1139 3072 1194 Dissertat.
3132 1137 3192 1191 in
3239 1135 3439 1204 Minue,
3486 1133 3601 1190 Oct.
3656 1149 3784 1205 cap.
3848 1133 3907 1202 4,

2268 1236 2378 1287 art.
2415 1233 2480 1298 1;
2517 1235 2572 1285 et
2614 1231 2910 1284 Dissertat.
2968 1228 3030 1281 in
3058 1227 3330 1290 Lactant,
3389 1239 3516 1294 cap.
3559 1223 3650 1289 12,
3683 1229 3794 1278 art.
3834 1223 3916 1289 1.)

2270 1325 2344 1376 At
2364 1320 2456 1374 hic
2486 1317 2793 1375 Cleanthes
2814 1315 3058 1370 Zenonis
3079 1313 3406 1384 discipulus
3429 1312 3557 1382 fuit,
3581 1312 3916 1384 quedmad-

2273 1410 2512 1465 modum
2545 1407 2681 1462 alibi
2715 1403 3150 1470 annotavimus,
3182 1402 3282 1458 ubi
3322 1401 3498 1458 etiam
3528 1399 3918 1474 exposuimus

2272 1517 2396 1572 qua:
2428 1497 2586 1552 illius
2621 1497 2792 1551 fuerit
2819 1495 2890 1548 de
2925 1493 3037 1550 Deo
3056 1491 3366 1559 sententia,
3402 1508 3471 1546 cx
3499 1507 3615 1562 qua
3645 1490 3723 1562 id,
3756 1491 3920 1562 quod

2275 1593 2474 1644 narrat
2501 1584 2919 1654 Tertullianus,
2957 1581 3614 1652 desumptumpvidetur.

2345 1699 2476 1751 Jam
2506 1710 2640 1750 vero
2679 1709 2747 1748 ex
2767 1691 2880 1760 his,
2906 1707 3030 1763 quae
3061 1689 3155 1745 ille
3185 1689 3256 1745 de
3283 1688 3384 1745 Dei
3416 1688 3623 1760 Verbo,
3647 1703 3925 1746 sermone

2278 1789 2336 1841 et
2381 1784 2604 1840 ratione
2633 1781 2798 1847 dixit,
2827 1781 2908 1836 ita
2939 1778 3260 1852 explicatis,
3287 1777 3479 1850 colligi
3505 1778 3705 1850 utique
3729 1782 3927 1850 potest

2281 1887 2629 1945 persuasum
2661 1869 2899 1925 omnino
2933 1865 3046 1939 ipsi
3094 1865 3276 1921 fuisse
3311 1863 3458 1920 illud
3517 1863 3771 1921 interius
3816 1864 3925 1922 Dei

2286 1962 2542 2017 Verbum
2566 1965 2683 2015 tam
2705 1964 2984 2014 aeternum
3015 1971 3164 2022 esse,
3213 1969 3390 2026 quam
3445 1954 3765 2025 ipsummet
3791 1955 3928 2024 ejus

2284 2051 2538 2117 Patrem,
2572 2048 2671 2119 qui
2704 2046 2869 2102 illum
2895 2046 2967 2100 ab
3013 2049 3225 2100 aeterno
3284 2042 3545 2114 quidem,
3604 2042 3706 2098 sed
3767 2041 3929 2096 intra

2287 2137 2668 2210 semetipsum
2691 2137 2992 2202 duntaxat,
3019 2130 3277 2206 protulit.
3302 2131 3382 2188 De
3404 2131 3511 2187 hac
3527 2133 3725 2187 autem
3746 2129 3924 2187 Verbi

2287 2227 2468 2284 divini
2490 2225 2810 2282 aeternitate
2839 2224 2993 2278 infra
3022 2223 3208 2278 fusius
3238 2221 3528 2292 agendum
3558 2220 3716 2291 (in/r.
3747 2222 3858 2275 art.
3889 2221 3928 2276 8

2287 2324 2343 2374 et
2371 2317 2574 2389 seqq.).
2610 2315 2776 2371 Prius
2799 2313 2953 2369 enim
2985 2328 3117 2366 vera
3129 2327 3194 2366 ac
3211 2310 3442 2366 sincera
3457 2309 3713 2365 auctoris
3735 2309 3927 2364 nostri

2285 2408 2355 2463 de
2387 2423 2660 2478 suprema
2677 2404 2834 2459 illius
2848 2401 3146 2457 divinitate
3170 2398 3464 2455 sententia
3483 2398 3928 2454 accuratissime

2287 2511 2319 2549 a
2349 2493 2517 2548 nobis
2537 2489 2898 2547 enucleanda
2925 2487 3382 2560 exponendaque
3411 2491 3520 2541 est.

2360 2580 2621 2634 Primum
2644 2577 2841 2648 itaque
2869 2576 3036 2629 docet
3065 2573 3201 2628 huic
3231 2572 3426 2627 divino
3462 2570 3652 2627 Verbo
3711 2576 3770 2628 et
3824 2572 3926 2627 Dei

2286 2669 2430 2725 Filio
2458 2667 2654 2724 omnia
2685 2663 2868 2721 Patris
2901 2664 2994 2719 sui
3023 2661 3220 2718 aeterni
3279 2661 3518 2717 nomina
3547 2665 3605 2716 et
3641 2661 3930 2718 attributa

2286 2759 2591 2815 convenire
2622 2773 2634 2810 :
2675 2777 2697 2806 ι
2732 2753 2998 2822 Nomina,
3023 2752 3216 2822 inquit
3246 2750 3467 2806 Patris:
3521 2751 3672 2806 Deus
3727 2752 3928 2806 omni-

2288 2855 2513 2924 potens,
2547 2844 2873 2901 altissimus
2895 2841 3184 2897 Dominus
3203 2840 3508 2910 virtutum,
3543 2857 3639 2896 rex
3663 2841 3920 2907 Israelis,

2289 2941 2396 3007 Qui
2427 2942 2535 3004 est,
2568 2937 2856 3007 quatenus
2888 2932 2967 2986 ita
2997 2929 3312 3000 Scriptura
3345 2929 3572 2996 docent,
3607 2929 3728 2984 hac
3773 2929 3923 2984 dici-

2289 3046 2420 3085 mus
2449 3031 2504 3083 et
2533 3025 2591 3080 in
2627 3021 2860 3079 Fillium
2891 3017 3258 3090 competisse,
3285 3021 3341 3073 et
3370 3017 3428 3073 in
3473 3016 3565 3072 his
3597 3017 3923 3074 Filiumve—

2289 3119 2465 3184 nisse,
2500 3120 2557 3170 et
2587 3114 2644 3168 in
2675 3111 2766 3167 his
2793 3124 3025 3180 semper
3054 3107 3264 3179 egisse,
3295 3110 3352 3162 et
3381 3106 3466 3161 sic
3497 3124 3564 3162 ea
3612 3106 3670 3162 in
3721 3124 3783 3162 se
3813 3106 3924 3164 ho-

2292 3207 2550 3263 minibus
2583 3201 3006 3256 manifestasse.
3040 3194 3266 3265 Omnia,
3305 3194 3515 3266 inquit,
3549 3193 3738 3251 Patris
3794 3211 3928 3252 mea

2290 3301 2446 3354 sunt.
2470 3295 2587 3349 Cur
2617 3306 2731 3344 non
2763 3291 2821 3341 et
2848 3282 3292 3340 nominai’Cum
3347 3298 3483 3354 ergo
3539 3281 3682 3354 legis
3740 3284 3926 3341 Deum

2291 3382 2774 3452 omnipotentem,
2808 3377 2865 3429 et
2893 3371 3270 3438 altissimum,
3302 3373 3359 3426 et
3382 3370 3565 3426 Deum
3610 3372 3928 3441 virtutum,

2292 3479 2347 3528 et
2378 3472 2589 3542 Regem
2623 3462 2878 3531 Israelis,
2909 3465 2966 3517 et
2985 3459 3092 3536 Qui
3141 3463 3252 3530 est,
3300 3460 3428 3516 vide
3485 3477 3557 3516 ne
3627 3478 3729 3532 per
3806 3461 3932 3518 hac

2294 3560 2474 3616 Filius
2504 3557 2678 3613 etiam
2707 3553 3157 3616 demonstretur,
3199 3565 3306 3604 suo
3350 3550 3486 3620 jure
3531 3549 3928 3622 omnipotens,

2294 3666 2410 3720 qua
2436 3661 2626 3703 sermo
2657 3641 2757 3699 Dei
2780 3637 3216 3711 omnipotentis,
3256 3654 3490 3710 quaque
3537 3640 3805 3694 omnium
3837 3657 3934 3696 ac~

2296 3739 2449 3810 cepit
2501 3737 2876 3807 potestatem:
2935 3727 3297 3798 Altissimus,
3369 3744 3486 3799 qua
3536 3728 3771 3784 dextera
3828 3728 3934 3785 Dei

2297 3829 2608 3895 exaltatus,
2641 3824 2792 3879 sicut
2822 3820 3026 3876 Petrus
3069 3818 3128 3873 in
3170 3817 3330 3872 Actis
3361 3817 3775 3874 concionatur:
3810 3817 3930 3874 Do-

2299 3919 2496 3974 minus
2527 3913 2832 3978 virtutum,
2852 3907 2988 3979 quia
3009 3905 3206 3961 omnia
3229 3906 3492 3976 subjecta
3507 3911 3648 3961 sunt
3679 3906 3760 3961 illi
3781 3908 3933 3962 aPa-

2299 4015 2414 4065 tre:
2446 4007 2564 4061 Rex
2593 3999 2846 4068 Israelis,
2861 3995 2998 4067 quia
3013 3994 3097 4050 illi
3113 3993 3344 4066 proprie
3365 3993 3575 4049 cecidit
3594 4011 3720 4051 sors
3737 3995 3932 4067 gentis

2299 4098 2494 4152 istius.
2530 4098 2694 4156 item,
2718 4088 2825 4154 Qui
2855 4089 2945 4141 est
2974 4083 3250 4156 quoniam
3283 4083 3437 4140 824
3460 4083 3626 4139 multi
3658 4084 3938 4141 dicuntur

2299 4185 2422 4255 iilii,
2447 4182 2544 4254 qui
2579 4196 2691 4236 non
2723 4180 2885 4233 sunt.
2923 4196 2950 4224 ››
2969 4171 3330 4245 (Tertullian.
3354 4171 3667 4228 adv.Praa:.
3686 4189 3792 4245 cap
3818 4175 3934 4246 17.)

2370 4298 2440 4348 At
2468 4289 2704 4362 quit-us,
2736 4283 2974 4339 obsecro
2997 4286 3074 4342 te,
3131 4278 3323 4334 verbis
3380 4278 3597 4334 clarius
3653 4280 3937 4336 declarari

2301 4389 2359 4438 et
2390 4377 2573 4436 asseri
2606 4379 2791 4445 potest
2815 4385 3088 4441 suprema
3110 4367 3325 4424 Christi
3352 4367 3479 4422 Filii
3499 4367 3600 4423 Dei
3624 4369 3940 4425 divinitas?

2301 4469 2441 4533 Quis
2470 4482 2537 4521 ea
2566 4461 2766 4518 omnia
2793 4458 2912 4513 veri
2942 4455 3277 4524 summique
3306 4454 3407 4510 Dei
3467 4455 3747 4511 attributa
3807 4473 3938 4528 pos-

2303 4559 2491 4614 sidere
2511 4556 2720 4626 potest,
2755 4548 2867 4603 nisi
2888 4561 3158 4602 summus
3179 4547 3237 4599 et
3266 4560 3420 4598 unus
3442 4560 3576 4600 cum
3597 4551 3811 4601 esterno
3833 4546 3940 4602 Pa-

2221 4621 2268 4686 D
2301 4654 2388 4705 tre
2419 4621 2610 4700 Deus?
2634 4640 2780 4704 Quid
2807 4635 3124 4706 vero,quod
3158 4633 3558 4689 Tertullianus
3590 4634 3711 4690 haec
3741 4637 3942 4691 omnia

2301 4743 2359 4793 et
2387 4734 2619 4804 singula
2645 4725 2907 4783 Sermoni
2941 4723 3200 4794 Filioque
3228 4723 3328 4778 Dei
3351 4723 3682 4790 convenire,
3707 4741 3822 4780 non
3847 4741 3940 4781 so-

2301 4827 2422 4881 lum
2444 4821 2736 4882 adfirmat,
2757 4815 2856 4870 sed
2880 4811 3291 4885 probatetiam,
3307 4812 3600 4883 variisque
3613 4813 3941 4869 rationibus

2303 4913 2648 4971 conﬁrmare
2678 4905 2885 4959 nititur
2902 4901 2929 4956 7
2950 4901 3303 4956 Persuasum
3327 4917 3463 4972 ergo
3493 4899 3702 4956 habuit
3723 4900 3934 4958 Filium

2303 5001 2403 5058 Dei
2437 5014 2617 5055 unum
2648 4993 3036 5061 eamdemque
3061 5005 3194 5044 cum
3221 5006 3327 5044 suo
3359 4989 3524 5045 Patre
3555 5007 3682 5045 esse
3727 4990 3933 5046 Deum.

2375 5093 2572 5161 Neque
2602 5086 2865 5153 insurgat
2887 5080 3079 5136 nescio
3110 5079 3246 5151 quis
3269 5085 3370 5136 aut
3388 5081 3643 5137 Arianus
3660 5089 3764 5136 aut
3783 5081 3938 5136 Soci-

2303 5184 2540 5245 nianus,
2571 5183 2627 5232 et
2658 5175 2824 5230 nobis
2856 5171 3096 5240 objiciet
3127 5170 3199 5225 ab
3229 5186 3296 5226 eo
3327 5186 3444 5226 non
3490 5177 3645 5226 recte
3706 5171 3937 5242 probari

2303 5271 2594 5345 quomodo
2624 5265 2817 5322 divina
2844 5261 2945 5317 illa
2975 5263 3255 5316 attributa
3285 5261 3426 5317 Filio
3448 5261 3547 5317 Dei
3572 5263 3937 5329 conveniant,

2303 5368 2466 5423 Nunc
2495 5361 2653 5418 enim
2686 5373 2795 5412 non
2822 5352 3177 5424 inquirimus
3197 5369 3374 5425 quam
3392 5353 3607 5420 valida,
3630 5354 3781 5421 quod
3803 5369 3940 5424 pro-

2303 5457 2440 5511 batu
2469 5463 2666 5508 tamen
2697 5443 3174 5511 facillimum,est,
3197 5459 3262 5498 ac
3284 5443 3452 5498 ﬁrma
3474 5443 3596 5498 sint
3614 5445 3742 5512 ejus
3763 5456 3940 5512 argu-

2306 5548 2524 5608 menta,
2558 5539 2658 5594 sed
2693 5551 2818 5607 qua
2849 5531 2926 5588 sit
2954 5533 3081 5602 ejus
3111 5534 3423 5602 sententia,
3467 5547 3643 5604 quam
3695 5531 3943 5603 probare

2303 5633 2504 5689 voluit.
2537 5625 2710 5698 Atqui
2735 5641 2804 5680 ex
2832 5621 3020 5693 ipsius
3034 5621 3222 5677 verbis
3251 5620 3687 5678 evidentissime
3702 5617 3943 5675 confici-

2305 5725 2403 5778 tur
2431 5718 2600 5775 illum
2629 5711 2891 5784 aliosque
2921 5723 3124 5772 omnes
3161 5708 3512 5772 orthodoxos
3566 5709 3698 5784 ejus
3752 5710 3943 5768 aetatis
