4158 6334
315 321 430 381 909

1234 316 1305 379 D.
1354 316 1449 379 LE
1494 314 1818 379 NOURRY
1862 316 2512 381 OBSERVATIONES
2558 320 2823 383 ΝονιΕ.

3615 326 3737 390 910

311 453 687 510 Christianos
720 468 821 523 pro
863 458 1018 508 certo
1052 452 1290 523 penitus
1326 451 1602 507 habuisse
1630 450 1882 507 Verbum
1913 455 1969 506 et
1997 454 2049 518 Α
2084 450 2483 521 ρθΙΙαῐξνθώὶι
2531 470 2543 508 :
2575 454 2777 511 Dicere
2808 472 2923 510 non
2967 455 3214 527 potestis
3259 456 3558 516 Christum
3604 473 3736 517 esse

312 543 527 598 Filium
560 542 661 597 Dei
700 558 899 596 verum
933 558 1060 596 esse
1088 541 1294 608 Deum,
1329 558 1565 611 eosque,
1601 540 1776 595 sicuti
1829 541 1963 593 Pra-

316 649 506 700 xeam,
541 635 747 687 contra
772 647 947 701 quem
982 630 1061 684 ibi
1095 629 1192 685 ille
1215 630 1565 701 disputat,ot
1595 628 1741 684 alios
1775 628 1964 683 omni-

311 738 385 776 no
416 736 666 785 errasse,
702 720 804 791 qui
838 736 1007 775 secus
1040 719 1390 775 sentiebant.

379 828 746 899 Quapropter
779 826 914 881 alibi
944 826 1100 880 hunc
1133 826 1233 880 Dei
1257 826 1600 880 Sermonem
1635 830 1692 881 et
1754 824 1960 878 Filium

307 916 461 971 Patri
489 932 594 970 suo
620 931 818 986 parem
839 919 895 968 et
918 913 1367 984 mqualem,alibi
1395 916 1520 984 ipso
1545 931 1656 968 non
1675 915 1960 967 minorem

306 1020 435 1059 esse
456 1002 847 1058 disertissime
873 1003 1351 1073 prolitetur.Nam
1397 1026 1422 1052 ‹‹
1471 1020 1605 1057 cum
1658 1003 1955 1072 (Patrem),

300 1092 725 1163 inquit,parem
755 1092 867 1146 sibi
893 1092 1132 1160 faciens,
1168 1093 1238 1145 de
1271 1108 1386 1162 quo
1445 1092 1813 1162 procedendo
1877 1090 1958 1144 Fi-

297 1180 415 1235 lius
451 1182 639 1235 factus
672 1184 780 1236 est.
817 1202 845 1229 »
880 1180 1035 1248 (Ibid.
1070 1196 1197 1251 cap.
1228 1181 1308 1250 7.)
1352 1180 1559 1235 Postea
1590 1197 1751 1235 vero:
1788 1181 1949 1235 Idem

298 1270 399 1324 Dei
434 1269 639 1335 Filius,
674 1292 700 1318 «
738 1268 931 1324 Unum
965 1285 1194 1335 sumus,
1230 1268 1451 1339 dicens,
1494 1285 1598 1338 ego
1658 1273 1713 1323 et
1763 1268 1952 1336 Pater,

296 1360 555 1414 ostendit
581 1359 729 1413 duos
752 1374 902 1424 esse,
933 1374 1081 1429 quos
1114 1364 1307 1429 aequat
1350 1363 1406 1412 et
1442 1358 1663 1428 jungit.
1703 1379 1731 1405 »
1789 1359 1951 1427 (Ibid.

296 1464 424 1518 cap.
447 1447 565 1517 22.)
601 1446 828 1501 Rursus
859 1450 1056 1502 autem
1091 1446 1204 1500 alio
1238 1446 1297 1500 in
1322 1445 1470 1499 libro
1507 1462 1519 1499 ε
1553 1467 1580 1494 ‹‹
1614 1444 1678 1499 Et
1721 1445 1948 1515 Sermo,

296 1535 509 1605 inquit,
549 1540 719 1599 Deus,
753 1536 855 1606 qui
908 1534 965 1589 in
1008 1534 1201 1604 efﬁgie
1261 1534 1361 1589 Dei
1407 1533 1786 1598 constitutus,
1834 1549 1949 1588 non

299 1627 565 1694 rapinam
600 1623 952 1677 existimavit
982 1623 1193 1693 pariari
1230 1622 1399 1677 Deo.»
1436 1622 1702 1691 (ldem,de
1722 1625 1947 1677 Itesurr.

297 1730 451 1766 curn.
486 1711 989 1783 cap.6).Audivisti
1017 1726 1157 1765 sane
1180 1726 1358 1780 quam
1394 1711 1701 1780 perspicue
1735 1709 1946 1764 Filium

2077 545 2385 597 communi:
2458 544 2787 599 conditionis
2849 544 3143 600 hominem
3194 546 3353 617 (Ibid.
3433 563 3563 617 cap.
3612 549 3729 620 23).

2074 627 2372 685 Venturus
2404 632 2697 703 siquidem
2732 638 2821 688 est
2849 632 2907 688 in
2944 634 3057 687 fine
3083 634 3311 702 mundi,
3346 639 3405 690 ut
3428 637 3525 691 Dei
3554 638 3733 694 virtus

2072 724 2123 770 ei
2156 717 2249 771 Dei
2294 721 2545 788 spiritus,
2578 725 2627 776 et
2656 738 2852 791 sermo,
2894 730 2948 777 et
2992 724 3289 793 sapientia,
3342 726 3393 779 et
3450 726 3627 795 ratio,
3673 734 3729 782 et

2071 804 2169 860 Dei
2197 808 2391 862 Filius.
2420 809 2617 863 Palam
2672 810 2868 882 igitur,
2924 817 3099 883 atque
3157 812 3216 867 in
3277 829 3375 867 ore
3423 818 3482 868 et
3537 814 3724 872 oculis

2070 894 2611 953 infensissimorum
2642 899 2957 955 Christiani
3008 901 3267 955 nominis
3298 902 3557 957 hostium
3616 920 3721 958 au-

2069 983 2268 1039 dacter
2317 994 2656 1057 pronuntiat
2713 995 2769 1044 et
2826 994 3186 1045 contestatur
3236 990 3532 1046 Christum
3592 1009 3723 1049 esse

2067 1073 2265 1127 aeterni
2300 1075 2482 1131 Patris
2516 1077 2606 1132 sui
2656 1078 3019 1133 Sermonem.
3080 1079 3435 1149 Sapientiam
3493 1082 3554 1134 et
3606 1084 3721 1136 Ita-

2066 1160 2307 1231 tionem,
2342 1182 2456 1234 qua
2485 1166 2556 1220 ab
2591 1172 2803 1221 esterno
2836 1166 3018 1221 Filius
3050 1169 3179 1236 ejus
3212 1173 3321 1222 est.
3354 1169 3723 1240 Quapropter

2067 1248 2283 1306 diserte
2316 1253 2573 1308 affirmat
2606 1254 2663 1309 in
2697 1255 2929 1310 Christo
2962 1256 3109 1311 duas
3163 1272 3293 1311 esse
3349 1257 3449 1312 Dei
3503 1261 3559 1312 et
3614 1260 3720 1313 ho-

2069 1339 2246 1395 minis
2269 1347 2533 1408 naturas,
2566 1344 2853 1415 illumque
2885 1349 3006 1399 tam
3066 1361 3267 1401 verum
3322 1362 3453 1402 esse
3507 1350 3715 1416 Deum,

2064 1442 2245 1498 quam
2280 1447 2481 1487 verum
2505 1432 2828 1487 hominem.

2668 1580 2987 1621 ARTICULUS
3044 1583 3103 1621 II.

2063 1653 2240 1719 Quam
2268 1652 2469 1706 diserte
2500 1654 2870 1707 Tertullianus
2896 1662 3173 1710 assereret
3190 1671 3359 1709 unam
3387 1661 3442 1710 et
3470 1659 3717 1713 eamdem

2130 1738 2243 1777 esse
2276 1728 2465 1797 Patris
2517 1727 2711 1797 aeterni
2756 1728 2976 1797 ejusque
3025 1728 3157 1781 I-‘ilii
3212 1730 3585 1784 salutantium
3638 1746 3707 1786 ac

294 1804 391 1857 Dei
427 1804 578 1859 Patri
603 1818 710 1857 suo
739 1818 935 1873 parem
963 1800 1366 1870 sequalemque
1390 1804 1615 1853 asserat
1635 1800 1774 1868 gjam
1808 1800 1946 1855 audi
1978 1818 2025 1882 Β
2128 1804 2406 1865 naturam,
2440 1796 2562 1851 licet
2607 1796 2875 1853 distincta
2902 1800 2974 1852 sit
3003 1800 3291 1870 utriusque
3314 1815 3567 1871 persona.

297 1892 591 1962 quomodo
622 1889 788 1945 illum
809 1906 924 1944 non
950 1890 1235 1944 minorem
1270 1905 1398 1942 esse
1429 1888 1700 1958 praedicet
1728 1904 1777 1941 ευ
1812 1888 1945 1943 Om-

294 1980 393 2035 nia
425 1980 534 2034 sibi
562 1980 777 2034 tradita
807 1979 950 2033 dicit
980 1995 1013 2033 a
1046 1978 1233 2033 Patre.
1269 1978 1504 2044 Credas,
1564 1978 1611 2031 si
1669 1976 1948 2032 creatoris

294 2074 383 2124 est
412 2069 883 2138 Christus,cujus
908 2068 1125 2135 omnia,
1162 2068 1300 2138 quia
1332 2083 1446 2121 non
1474 2066 1687 2120 minori
1721 2082 1782 2121 se
1830 2071 1948 2120 tra-

297 2158 448 2213 didit
475 2158 678 2215 omnia
708 2158 851 2211 Filio
878 2164 1129 2223 creator,
1180 2173 1316 2227 quas
1348 2171 1450 2227 per
1479 2171 1610 2209 eum
1669 2154 1949 2225 condidit,

298 2264 401 2319 per
430 2263 763 2302 sermonem
793 2263 967 2300 suum
1001 2245 1281 2300 scilicet.»
1316 2246 1521 2317 (Idem.
1547 2244 1765 2299 advers.
1798 2250 1949 2300 Mar-

297 2337 442 2391 cion.
477 2353 603 2407 cap.
636 2338 747 2407 25).
773 2335 944 2403 Atqui
978 2335 1026 2388 si
1054 2351 1167 2389 non
1201 2334 1519 2401 minor,sed
1555 2351 1659 2404 par
1679 2343 1729 2387 et
1761 2350 1951 2404 mqua-

301 2425 377 2481 lis
410 2428 559 2480 Patri
593 2442 700 2479 suo
727 2425 804 2479 sit
850 2425 948 2479 Dei
986 2423 1185 2489 Filius,
1218 2440 1389 2478 verus
1423 2422 1621 2494 procul
1654 2423 1833 2477 dubio
1864 2426 1953 2477 est

306 2530 441 2568 cum
473 2529 539 2567 eo
574 2514 744 2567 Deus.
776 2513 1007 2567 Etenim
1040 2514 1110 2568 ab
1142 2514 1343 2567 eodem
1377 2511 1761 2578 'Iertulliano,
1797 2512 1952 2567 sicut

304 2620 439 2658 mox
469 2602 743 2667 vidimus,
788 2601 1120 2657 altissimus
1176 2604 1233 2656 et
1293 2600 1667 2671 omnipotens
1714 2600 1947 2656 dicitur.

301 2696 378 2745 At
432 2706 539 2746 nec
587 2692 703 2745 duo
767 2689 1043 2745 altissimi
1083 2694 1141 2745 et
1170 2689 1626 2761 omnipotentes,
1660 2689 1817 2744 sicut
1846 2704 1953 2745 nec

306 2779 421 2835 duo
452 2778 533 2833 dii
555 2795 685 2834 esse
719 2784 992 2850 possunt.
1034 2778 1179 2834 Nam
1202 2777 1363 2844 alibi,
1395 2778 1477 2832 uti
1532 2776 1949 2833 animadverti-

303 2867 688 2939 mus,dixerat
713 2867 896 2922 Deum
932 2868 1059 2922 ideo
1082 2882 1211 2922 esse
1244 2882 1449 2933 unum,
1484 2866 1619 2937 quia
1648 2872 1739 2921 est
1789 2883 1948 2921 sum-

304 2974 460 3023 mus,
496 2962 671 3027 atque
705 2956 944 3024 idcirco,
965 2980 991 3006 ‹‹
1024 2960 1196 3021 Deus,
1221 2956 1436 3026 inquit,
1464 2956 1511 3010 si
1538 2960 1950 3025 nonunusest,

305 3064 423 3101 non
457 3050 567 3101 est.
605 3068 633 3095 ››
666 3045 827 3117 (Cap.
861 3061 1053 3117 super.
1090 3052 1198 3099 art.
1234 3045 1309 3114 1.)

379 3134 556 3189 Plura
584 3139 781 3189 autem
813 3133 863 3188 si
895 3133 1029 3206 quis
1059 3133 1371 3203 desideret,
1404 3132 1453 3188 is
1484 3132 1701 3204 ipsum,
1734 3132 1805 3187 de
1831 3148 1947 3202 quo

311 3226 566 3295 agimus,
598 3224 994 3295 Apologeticum
1013 3224 1141 3293 ejus
1189 3221 1405 3277 librum
1456 3222 1645 3291 adeat,
1689 3222 1787 3276 ubi
1836 3221 1953 3289 ille,

312 3318 446 3385 post
478 3314 709 3367 brevem
740 3312 1082 3367 Christianas
1114 3312 1185 3366 de
1220 3310 1358 3366 Filio
1408 3312 1525 3377 Dei,
1567 3311 1795 3366 Christo
1840 3311 1951 3365 Do-

314 3402 496 3467 mino,
523 3402 800 3456 doctrinae
831 3402 1274 3473 expositionem,
1330 3400 1593 3455 ethnicos
1642 3400 1762 3453 hanc
1817 3399 1956 3453 allo-

312 3491 512 3562 quitur
538 3491 595 3545 in
626 3490 804 3546 verba
839 3508 850 3545 :
886 3513 913 3541 «
937 3490 1185 3554 Quaerite
1214 3506 1371 3561 ergo,
1406 3490 1455 3544 si
1510 3505 1641 3543 vera
1696 3494 1786 3543 est
1842 3489 1954 3543 ista

310 3580 589 3635 divinitas
617 3580 830 3635 Christi
859 3598 870 3635 :
897 3581 945 3636 si
986 3598 1053 3636 ea
1083 3586 1191 3647 est,
1227 3596 1343 3649 qua
1365 3580 1597 3650 cognita
1627 3580 1695 3634 ad
1733 3580 1948 3633 bonum

310 3670 445 3739 quis
478 3670 831 3725 reformatur
864 3690 877 3736 ς
911 3671 1179 3741 sequitur
1202 3676 1264 3723 ut
1294 3670 1441 3723 falsa
1471 3669 1547 3721 sit
1578 3668 1794 3737 quaevis
1835 3666 1950 3721 alia

307 3764 623 3829 comperta,
659 3760 716 3813 in
753 3759 957 3830 primis
990 3759 1112 3826 illa,
1147 3776 1272 3829 quis
1304 3757 1715 3829 (manuscripti
1762 3756 1946 3811 nostri

305 3847 533 3904 codices
565 3853 623 3902 et
653 3846 793 3902 editi
827 3848 1222 3903 adduntomni
1252 3849 1483 3914 ratione,
1508 3862 1635 3916 qua:
1659 3845 1947 3917 Rigaltius

305 3936 567 4006 sustulit)
599 3935 948 3991 delitescens
979 3936 1088 3991 sub
1121 3934 1459 3990 nominibus
1489 3940 1544 3988 et
1586 3933 1945 4005 imaginibus

304 4030 695 4094 mortuorum,
720 4024 1076 4095 quibusdam
1110 4022 1294 4094 signis
1325 4028 1381 4077 et
1408 4020 1707 4077 miraculis
1738 4025 1943 4076 etora—

307 4113 456 4168 culis
479 4114 652 4167 fidem
684 4112 1005 4167 divinitatis
1037 4116 1368 4183 operatur.»
1402 4111 1601 4180 (Idem,
1624 4110 1771 4166 825
1809 4110 1944 4180 Apo-

307 4202 465 4273 logct.
500 4219 626 4274 cap.
659 4203 775 4273 2|.)
807 4204 928 4268 Quo
960 4207 1153 4257 autem
1178 4200 1351 4255 modo
1382 4217 1515 4255 vera
1569 4205 1625 4254 et
1672 4215 1945 4270 suprema

305 4290 519 4346 Christi
549 4291 825 4347 divinitas
854 4291 1041 4362 potuit
1071 4306 1332 4362 unquam
1396 4288 1582 4359 magis
1640 4293 1833 4357 aperte
1891 4292 1947 4343 et

307 4385 709 4437 asseveranter
781 4380 962 4435 asseri
1022 4396 1087 4435 ac
1144 4377 1493 4447 praedicari?
1550 4375 1945 4431 Tertullianus

307 4470 521 4541 quippe
550 4470 743 4542 palam
768 4474 1062 4525 asseverat
1083 4484 1210 4523 eam
1240 4471 1358 4523 tam
1391 4482 1519 4521 esse
1541 4482 1942 4536 verain,quam

304 4540 569 4615 falsaiest
599 4558 873 4631 quislibet
903 4558 1018 4613 alia
1049 4556 1323 4612 divinitas
1356 4572 1389 4611 a
1410 4553 1728 4627 gentilibus
1755 4554 1952 4625 agnita
1987 4540 2029 4604 Ι)

306 4652 363 4704 et
396 4649 745 4706 introducta.
785 4650 905 4704 Imo
937 4665 1068 4703 vero
1087 4647 1301 4702 clamat
1324 4646 1407 4700 ita
1431 4661 1623 4700 veram
1657 4661 1786 4700 esse
1807 4644 1946 4699 alio-

308 4753 438 4794 rum
473 4738 762 4804 omnium,
795 4744 970 4809 atque
998 4737 1171 4793 etiam
1196 4735 1525 4790 daemonum
1561 4733 1945 4803 divinitatem,

306 4827 406 4899 qui
426 4827 538 4882 sub
558 4833 918 4884 mortuorum
937 4825 1274 4882 nominibus
1294 4828 1350 4880 et
1369 4823 1729 4895 imaginibus
1753 4822 1949 4878 delite-

309 4921 560 4983 scentes,
593 4916 799 4988 signis,
834 4916 1154 4982 miraculis,
1191 4912 1444 4969 oraculis
1467 4914 1640 4967 fidem
1682 4911 1951 4966 divinita-

311 5004 388 5059 tis
421 5007 898 5075 operabantur,id
930 5012 1038 5076 est,
1073 5004 1348 5060 omnibus
1398 5004 1745 5074 persuadere
1776 5018 1947 5056 cona-

314 5094 530 5148 bantur
561 5093 678 5149 htec
710 5095 899 5166 signa,
936 5093 1219 5150 miracula
1249 5098 1306 5149 et
1333 5091 1572 5148 oracula
1601 5091 1725 5146 fieri
1756 5090 1951 5146 divina

314 5200 423 5237 sua
452 5186 757 5252 potestate,
792 5201 857 5238 ac
890 5200 1055 5238 veros
1114 5199 1175 5237 se
1230 5198 1359 5236 esse
1405 5181 1564 5235 deos.
1623 5180 1763 5243 Quis
1815 5195 1951 5251 ergo

314 5290 427 5327 non
462 5270 652 5325 videat
685 5270 792 5326 hac
820 5273 1125 5342 utriusque
1156 5288 1297 5325 verae
1329 5274 1385 5325 et
1424 5267 1640 5323 fictitias
1688 5268 1954 5323 divinita-

318 5361 391 5416 tis
425 5361 790 5431 oppositione
823 5378 1015 5416 veram
1067 5377 1133 5416 ac
1191 5376 1540 5416 summama
1596 5357 1952 5414 Tertulliano

314 5448 596 5506 declarari
629 5450 843 5506 Christi
868 5450 1231 5506 divinitatem
1254 5451 1281 5504 ‘I

390 5557 589 5629 Neque
620 5558 766 5613 satis
786 5558 979 5614 adhuc
1011 5574 1139 5614 esse
1172 5555 1397 5629 putavit
1420 5555 1529 5610 hoc
1577 5554 1659 5610 ibi
1715 5554 1954 5625 dixisse,

317 5648 420 5704 sed
452 5646 627 5722 paulo
656 5653 790 5722 post
820 5649 1057 5707 eosdem
1088 5648 1356 5705 ethnicos
1404 5645 1499 5703 bis
1555 5645 1749 5702 adhuc
1796 5660 1957 5702 com-

2129 1913 2311 1973 Quam
2346 1911 2559 1967 diserte
2582 1928 2647 1967 ac
2678 1917 3018 1969 constanter
3048 1914 3449 1971 Tertullianus
3478 1917 3701 1983 docuit,

2059 1997 2269 2052 Filium
2304 1999 2397 2053 Dei
2434 2017 2616 2056 unum
2648 2004 2705 2055 et
2734 2002 3006 2057 eumdem
3042 2017 3172 2059 esse
3214 2020 3348 2059 cum
3396 2008 3561 2061 Patre
3604 2022 3712 2063 suo

2058 2087 2372 2158 Deum,ita
2402 2104 2544 2143 sane
2571 2106 2746 2144 unam
2781 2094 2837 2145 et
2884 2091 3149 2145 eamdem
3202 2093 3511 2164 utriusque
3567 2096 3712 2150 sub-

2060 2176 2338 2231 stantiam
2374 2194 2439 2231 ac
2472 2183 2764 2245 naturam,
2790 2179 2888 2233 sed
2922 2179 3230 2235 distinctas
3266 2196 3550 2253 personas
3581 2200 3713 2240 esse

2060 2266 2333 2319 asseruit.
2369 2269 2491 2320 Non
2526 2266 2702 2321 semel
2736 2266 2952 2337 quippe
2984 2268 3039 2322 id
3088 2268 3255 2337 dixit,
3313 2271 3412 2325 sed
3473 2272 3713 2343 saepius,

2061 2369 2126 2407 ac
2156 2354 2477 2423 praesertim
2504 2354 2561 2408 in
2591 2370 2696 2408 suo
2718 2355 3088 2426 Apologetico,
3132 2357 3231 2411 ubi
3262 2358 3332 2413 de
3363 2360 3535 2414 Verbi
3591 2360 3713 2417 sive

2065 2440 2188 2495 Filii
2235 2442 2328 2496 Dei
2362 2442 2737 2513 generatione
2769 2444 2851 2498 sic
2884 2443 3147 2515 disputat
3180 2461 3191 2499 :
3219 2467 3247 2495 ‹‹
3281 2446 3467 2514 Hunc,
3496 2448 3711 2519 inquit,

2059 2524 2236 2603 Λόγων
2272 2548 2339 2585 ex
2370 2530 2488 2585 Deo
2548 2530 2837 2603 prolatum
2888 2531 3227 2596 didicimus.
3283 2540 3341 2590 et
3380 2535 3711 2607 prolatione

2060 2625 2427 2691 generatum,
2464 2625 2518 2675 et
2552 2620 2768 2677 idcirco
2794 2621 3005 2676 Filium
3028 2622 3152 2687 Dei,
3175 2628 3233 2678 et
3262 2623 3443 2679 Deum
3475 2626 3697 2681 dictum

2060 2724 2128 2764 ex
2164 2709 2388 2764 unitate
2421 2710 2789 2765 substantiae.
2840 2709 2985 2765 Nam
3020 2716 3077 2765 et
3126 2716 3277 2766 Deus
3308 2712 3552 2784 spiritus
3586 2730 3601 2770 :
3651 2719 3711 2770 et

2062 2813 2194 2852 cum
2223 2798 2425 2853 radius
2450 2815 2518 2853 ex
2549 2798 2669 2854 sole
2701 2798 3042 2870 porrigitur,
3076 2800 3265 2872 portio
3291 2816 3361 2855 ex
3418 2817 3657 2858 summa
3689 2820 3705 2872 ς

2062 2887 2160 2942 sed
2196 2886 2281 2941 sol
2311 2888 2421 2943 erit
2451 2888 2509 2942 in
2543 2888 2726 2952 radio,
2750 2887 2889 2959 quia
2919 2887 3061 2943 solis
3091 2892 3182 2943 est
3207 2889 3430 2953 radius,
3464 2905 3571 2947 nec
3599 2907 3702 2947 se-

2063 2981 2305 3047 paratur
2333 2976 2684 3039 substantia,
2719 2977 2819 3032 sed
2853 2977 3219 3043 extenditur;
3255 2978 3335 3031 ita
3364 2984 3421 3033 et
3450 2983 3521 3033 de
3577 2980 3709 3051 Spi-

2064 3064 2177 3117 ritu
2208 3064 2478 3135 Spiritus,
2507 3069 2562 3119 et
2592 3066 2662 3120 de
2695 3066 2806 3119 Deo
2838 3064 3011 3134 Deus,
3046 3065 3328 3121 utlumen
3362 3067 3433 3122 de
3489 3067 3711 3125 lumine

2018 3169 2401 3209 .aocensum.
2462 3158 2652 3208 Manet
2694 3153 2921 3225 integra
2970 3158 3027 3208 et
3092 3153 3383 3211 indefecta
3452 3157 3711 3213 materia

2067 3242 2303 3307 matrix,
2334 3243 2442 3297 etsi
2476 3242 2672 3311 plures
2702 3242 2838 3297 inde
2868 3243 3141 3297 traduces
3171 3243 3526 3314 qualitatum
3581 3261 3713 3301 mu-

2066 3334 2290 3399 tueris;
2326 3332 2409 3386 ita
2440 3333 2593 3402 quod
2630 3332 2699 3386 de
2732 3336 2844 3386 Deo
2875 3334 3199 3403 profectum
3231 3337 3341 3398 est,
3391 3338 3541 3389 Deus
3596 3340 3708 3401 est,

2063 3426 2119 3476 et
2150 3421 2248 3475 Dei
2288 3420 2549 3485 Filius,et
2573 3437 2726 3476 unus
2758 3421 2929 3474 ambo
2957 3421 3059 3475 :ita
3079 3421 3151 3476 de
3181 3422 3404 3493 Spiritu
3429 3423 3710 3496 Spiritus,

2061 3514 2117 3565 et
2148 3511 2217 3565 de
2250 3510 2364 3564 Deo
2389 3510 2543 3564 Deus
2576 3509 2812 3564 modulo
2845 3508 3139 3564 alternum
3163 3526 3474 3566 numerum
3497 3514 3709 3585 gradu,

2061 3616 2175 3654 non
2211 3602 2363 3652 statu
2392 3598 2549 3662 fecit,
2581 3602 2637 3652 et
2667 3614 2699 3651 a
2730 3597 2968 3651 matrice
2988 3598 3379 3665 excessit,non
3406 3601 3703 3657 recessit.»

2059 3688 2217 3759 (Ibid.
2245 3704 2370 3758 cap.
2404 3687 2627 3754 2i.)lta
2658 3702 2799 3741 sane
2848 3685 2926 3740 ibi
2975 3687 3297 3757 gentilibus
3356 3688 3705 3761 simpliciter

2057 3794 2124 3833 ac
2156 3779 2381 3832 sincere
2412 3774 2671 3830 declarat
2701 3774 2837 3846 quid
2871 3775 3186 3831 Christiani
3208 3777 3477 3832 dedivini
3501 3778 3700 3849 Verbi,

2056 3883 2121 3922 ac
2155 3865 2397 3937 proinde
2429 3864 2551 3919 Filii
2585 3864 2683 3919 Dei
2718 3868 2929 3919 natura
2958 3880 3022 3919 ac
3080 3867 3456 3935 generatione
3514 3868 3701 3924 senti-

2055 3956 2394 4018 rent.Quam
2430 3954 2654 4008 sincera
2678 3957 2872 4008 autem
2907 3953 2983 4007 sit
3014 3954 3136 4008 haec
3174 3954 3501 4025 explicatio,
3560 3956 3699 4013 inde

2054 4044 2256 4115 liquet,
2287 4044 2437 4114 quod
2473 4044 2520 4097 si
2555 4042 2743 4097 celare
2765 4046 2866 4096 aut
2895 4042 3273 4097 dissimulare
3313 4043 3532 4114 aliquid
3594 4061 3699 4116 po-

2054 4133 2289 4196 tuisset,
2338 4131 2483 4185 illud
2529 4135 2683 4185 certe
2713 4147 2825 4185 non
2850 4134 2975 4185 erat
3003 4130 3268 4185 dicturus
3302 4131 3359 4185 in
3390 4130 3539 4187 libro
3590 4150 3697 4205 pu-

2059 4221 2227 4289 blico,
2262 4236 2433 4290 quem
2467 4219 2720 4275 ethnicis
2758 4217 3054 4284 omnibus,
3088 4234 3154 4274 ao
3211 4220 3456 4275 Romani
3515 4222 3695 4279 etiam

2054 4309 2285 4380 imperii
2310 4308 2676 4363 antistitibus
2697 4307 2993 4362 offerebat.
3026 4306 3180 4362 826
3230 4313 3303 4363 At
3344 4325 3460 4379 quo
3508 4311 3700 4383 magis

2056 4414 2188 4454 vera
2218 4405 2493 4468 certaque
2523 4402 2611 4451 est
2642 4397 2756 4451 ista
2787 4396 3096 4466 expositio,
3129 4412 3195 4452 eo
3227 4398 3417 4469 magis
3434 4399 3700 4457 studiose

2061 4504 2094 4541 a
2125 4484 2293 4540 nobis
2324 4484 2645 4539 examinari
2677 4483 2865 4538 debet.

2130 4573 2279 4629 Dicit
2310 4572 2508 4644 itaque
2540 4572 2728 4644 primo
2756 4587 2770 4637 ;
2800 4575 2960 4626 Hunc
2987 4588 3060 4627 ex
3089 4575 3191 4628 Deo
3221 4574 3495 4645 prolatum
3547 4576 3701 4634 didi-

2057 4664 2259 4720 cimus.
2291 4663 2398 4717 Sed
2434 4662 2607 4729 unde,
2641 4677 2862 4732 quaeso,
2894 4660 2990 4715 ille
3023 4662 3239 4733 aliique
3267 4662 3583 4721 Christiani
3641 4666 3700 4723 id

2058 4753 2386 4808 didicerant
2416 4749 2440 4804 Ρ
2475 4750 2597 4806 Non
2626 4749 2865 4804 aliunde
2897 4752 3175 4821 profecto,
3211 4751 3324 4807 nisi
3381 4770 3451 4809 ex
3515 4756 3701 4811 sacris

2056 4840 2397 4913 Scripturis,
2430 4856 2495 4894 ac
2522 4842 2678 4895 certa
2708 4839 3117 4910 constantique
3163 4840 3233 4895 ab
3293 4842 3572 4912 apostolis
3627 4845 3701 4901 ad

2060 4949 2235 4988 suum
2270 4946 2458 5001 usque
2488 4934 2719 5000 tempus
2742 4926 3075 4984 traditione.
3111 4928 3285 4985 Plura
3313 4935 3510 4989 autem
3560 4933 3700 4991 alibi

2060 5022 2201 5077 citat
2233 5020 2383 5074 hanc
2414 5018 2471 5071 in
2496 5034 2615 5073 rem
2650 5018 2913 5087 ejusdem
2957 5034 3134 5072 sacrae
3182 5020 3495 5092 Scriptura:
3553 5022 3705 5090 loca,

2062 5116 2237 5180 atque
2275 5108 2334 5162 in
2370 5107 2577 5178 primis
2608 5106 2665 5161 in
2698 5106 2847 5162 libro
2876 5107 3144 5162 adversus
3183 5109 3474 5177 I’raxeam,
3521 5109 3702 5167 hare-

2063 5216 2193 5255 seos
2244 5196 2813 5267 Patripassianorum
2866 5196 3178 5251 fautorem.
3211 5200 3281 5250 At
3331 5198 3408 5252 ibi
3465 5213 3703 5269 quoque

2063 5286 2336 5360 praeclare
2357 5287 2521 5341 docet
2553 5284 2702 5339 hanc
2724 5300 2852 5340 esse
2885 5284 3015 5339 ﬁdei
3049 5289 3261 5339 nostra:
3284 5283 3543 5356 regulam
3574 5302 3703 5357 qum

2063 5379 2136 5434 ab
2168 5373 2463 5445 Evangelii
2492 5373 2658 5429 initio
2689 5374 3040 5439 decucurrit,
3073 5376 3130 5427 et
3179 5372 3539 5443 quibuslibet
3586 5375 3704 5431 ha)-

2064 5466 2261 5523 reticis
2293 5464 2722 5533 estantiquior.
2755 5464 3048 5516 «Constat
3094 5466 3288 5515 autem
3347 5460 3427 5529 id,
3487 5463 3703 5535 inquit,

2062 5571 2269 5611 verum
2298 5568 2428 5608 esse
2459 5552 2871 5623 quodcumque
2902 5547 3185 5620 primum,
3212 5548 3269 5604 id
3300 5566 3430 5608 esse
3487 5552 3702 5610 falsum

2068 5645 2483 5722 quodcumque
2538 5639 2851 5713 posterius.
2913 5658 2943 5689 »
3001 5636 3270 5713 (Tertull.
3329 5641 3453 5699 adv.
3502 5643 3704 5723 Praua,
