4158 6394
488 366 602 430 9H

1019 365 1543 428 TERTULLIANI
1594 363 1910 425 OPEBUM
1963 357 2159 420 PARS
2206 358 2250 417 1.
2291 391 2364 400 -
2395 354 2666 418 SERIES
2712 351 2761 426 Ι,
2805 351 3362 416 APOLOGETICA.

3775 345 3904 410 912

491 517 620 573 oap.
651 461 730 571 2..)
761 500 1067 571 Perperam
1099 496 1278 570 igitur
1307 496 1544 568 quidam
1595 492 1976 552 insulsissimi
2024 491 2122 545 ho-

2248 523 2352 562 non
2384 505 2513 561 ideo
2545 504 2692 559 duos
2723 501 2871 558 Deos
2894 501 3090 567 faciat,
3141 500 3241 555 sed
3298 514 3507 567 unum,
3566 496 3677 554 hoc
3733 496 3898 568 ipso,

491 589 682 647 mines
708 589 1084 645 venditarunt
1103 586 1248 642 illud
1271 587 1342 642 de
1362 583 1524 658 Λόγῳ
1544 589 1600 642 et
1628 584 1768 640 Filio
1790 582 1890 639 Dei
1913 583 2126 653 dogma

493 676 773 750 apostolis
792 677 1118 750 primisque
1148 691 1346 732 eorum
1378 673 1685 746 discipulis
1732 673 1913 728 fuisse
1966 669 2125 725 inco-

493 767 745 841 gnitum,
828 782 894 822 ac
967 765 1223 822 secundo
1275 765 1556 820 duntaxat
1600 763 1867 818 Ecclesiae
1916 757 2127 816 saeculo

493 855 774 912 haustum
805 871 873 910 ex
902 853 1388 927 philosophorum
1409 851 1876 925 opinionibus,el
1897 866 1931 905 a
1959 847 2128 904 Chri-

493 943 701 1002 stianis
727 947 1048 1016 receptum.
1082 942 1141 998 Si
1160 959 1286 1014 quas
1334 941 1490 997 enim
1538 941 1598 995 in
1654 939 1944 1012 praecipuo
1995 935 2131 991 fidei

495 1031 832 1092 Christianas
862 1033 1050 1106 capite
1071 1032 1224 1087 facta
1253 1029 1833 1098 fuissetimmutatio,
1863 1028 1984 1082 hac
2007 1041 2132 1082 om-

496 1121 662 1178 nium
695 1138 760 1178 ac
790 1121 1078 1195 praecipue
1126 1119 1467 1192 Tertulliani
1515 1120 1796 1176 animum
1821 1115 2132 1190 percellere

496 1210 766 1268 debebat.
789 1211 914 1268 Non
933 1210 1305 1267 mediocriter
1326 1209 1480 1266 enim
1503 1207 1879 1265 eruditusille
1908 1207 1994 1261 vir
2024 1205 2132 1260 sub

497 1301 741 1356 secundi
773 1299 969 1356 seculi
999 1304 1055 1356 et
1084 1299 1237 1354 tertii
1269 1298 1501 1354 initium
1531 1298 1865 1362 ﬂoruit,nec
1896 1294 2135 1368 proinde

497 1389 688 1461 potuit
702 1389 971 1462 ignorare
992 1405 1170 1460 quam
1195 1392 1350 1444 certo
1369 1388 1490 1444 haec
1513 1387 1844 1444 communis
1871 1385 2134 1441 omnium

497 1477 762 1535 doctrina
783 1478 856 1535 ab
877 1476 1160 1551 apostolis
1177 1477 1249 1533 ad
1272 1493 1448 1534 suum
1473 1493 1659 1548 usque
1684 1480 1914 1548 tempus
1943 1479 2134 1530 trans-

497 1565 683 1623 missa
709 1565 808 1623 sit.

566 1655 859 1722 Secundo,
917 1654 1016 1710 ille
1071 1655 1240 1712 docet
1287 1653 1547 1710 Verbum
1605 1653 1866 1710 divinum
1915 1667 2043 1710 esse
2071 1653 2138 1709 de

499 1744 713 1816 Spiritu
743 1744 1016 1816 Spiritum
1048 1762 1062 1812 ;
1097 1743 1236 1816 quia
1267 1743 1364 1799 Dei
1396 1747 1484 1799 est
1511 1743 1785 1809 Verbum,
1814 1743 2019 1815 (Ratio,
2079 1745 2138 1797 et

2234 594 2387 667 quod
2421 598 2479 650 et
2521 599 2670 648 Deus
2721 607 2788 647 ex
2836 591 3060 646 unitate
3109 588 3295 645 Patris
3340 587 3530 643 vocari
3583 585 3820 642 habeat.
3866 604 3900 633 ››

2243 682 2511 754 (Tertull.
2543 682 2670 738 adv.
2702 683 2876 736 Prax.
2909 696 3043 752 cap.
3104 679 3214 747 49).
3273 676 3449 732 Vides
3505 692 3648 732 sane
3706 691 3896 748 quam

2238 774 2457 828 diserte
2489 772 2571 827 ibi
2595 771 2713 840 ille,
2747 770 2900 826 sicut
2950 768 3110 835 alibi,
3169 771 3459 823 asseveret
3516 764 3727 821 Filium
3787 765 3898 822 Dei

2239 862 2416 916 alium
2446 877 2576 916 esse
2604 877 2637 915 a
2667 859 2832 914 Patre
2862 875 2990 924 suo,
3023 873 3131 912 non
3192 861 3360 918 statu.
3417 854 3509 910 sed
3566 854 3765 926 gradu,
3829 855 3897 909 id

2240 953 2348 1016 est,
2375 965 2488 1004 non
2509 953 2742 1014 natura,
2777 946 2880 1002 sed
2914 962 3186 1019 persona,
3221 961 3348 1016 qua
3369 943 3574 999 ordine
3630 943 3899 999 secunda

2243 1038 2650 1108 distinguitur,
2673 1041 2850 1107 atque
2897 1033 3006 1090 hac
3036 1033 3410 1089 distinctione
3460 1047 3588 1087 esse
3645 1031 3896 1102 quidem

2242 1128 2412 1194 duos,
2445 1127 2566 1182 sive
2595 1126 2742 1180 duas
2794 1139 3096 1196 personas,
3141 1139 3174 1178 a
3201 1139 3262 1179 se
3286 1121 3534 1177 invicem
3553 1119 3893 1188 distinctas,

2244 1217 2340 1272 sed
2400 1216 2548 1270 duos
2606 1219 2752 1270 Deos
2810 1213 2926 1269 dici
2985 1229 3102 1268 non
3161 1226 3353 1284 posse,
3396 1209 3536 1282 quia
3565 1209 3769 1265 eadem
3800 1214 3898 1265 est

2243 1303 2549 1376 utriusque
2581 1302 2933 1374 substantia,
2966 1306 3022 1357 et
3051 1301 3268 1357 idcirco
3300 1299 3472 1356 ambo
3520 1315 3676 1356 unus
3731 1298 3895 1355 Deus

2242 1393 2405 1466 (Ibid.
2439 1410 2564 1465 cap.
2593 1395 2670 1464 2).

2311 1499 2511 1572 Neque
2540 1496 2754 1554 dixeris
2785 1496 2865 1553 ibi
2898 1496 3068 1553 taceri
3115 1511 3375 1568 personaa
3433 1509 3670 1550 nomen.
3731 1493 3889 1552 Nam

2242 1587 2390 1644 illud
2422 1587 2531 1643 hac
2561 1587 2750 1643 Patris
2777 1591 2833 1642 et
2853 1585 2983 1641 Filii
3020 1584 3393 1641 distinctione
3425 1583 3570 1640 satis
3603 1582 3895 1640 subintel-

2241 1677 2464 1749 ligitur.
2497 1676 2642 1742 Quia
2671 1675 2828 1731 enim
2860 1691 3040 1732 unam
3071 1674 3218 1729 dixit
3246 1689 3374 1729 esse
3432 1671 3742 1744 utriusque
3774 1689 3888 1728 na-

2243 1771 2458 1835 turam,
2491 1765 2615 1821 sola
2643 1765 2928 1820 duntaxat
2949 1780 3196 1836 persona
3218 1761 3501 1834 distingui
3522 1766 3581 1817 et
3605 1761 3723 1818 duo
3751 1777 3886 1818 esse

501 1833 704 1932 83ml?
735 1833 940 1932 (15191“:
973 1833 1247 1932 4P91‘3g6‘;
1284 1849 1410 1904 (⁵³9·
1436 1832 1553 1932 21)·
1591 1856 1611 1882 ⁸
1646 1836 1788 1932 sum
1818 1829 2135 1930 Sicut’aljbi
2166 1867 2212 1932 Β
2245 1829 2512 1927 possunt.
2554 1853 2771 1910 Deinde
2827 1829 3039 1909 nomen
3091 1868 3374 1925 personas,
3404 1829 3528 1905 inoo
3586 1849 3714 1922 ipso
3764 1867 3886 1921 quo

503 1922 604 1990 ait,
633 1921 939 1994 [Spiritum
993 1920 1381 1995 intelligimus
1432 1922 1492 1977 in
1523 1921 1758 1978 nomine
1807 1919 2134 1990 sermonis;

504 2011 586 2067 ita
615 2015 674 2067 et
705 2027 1036 2068 sermonem
1078 2028 1311 2084 quoque
1362 2010 1738 2084 agnoscimus
1794 2009 1855 2065 in
1904 2010 2138 2065 nomine

502 2099 768 2172 spiritus.
798 2101 942 2157 Nam
974 2105 1030 2157 et
1059 2099 1302 2173 spiritus
1331 2100 1663 2157 substantia
1693 2104 1781 2156 est
1827 2098 2135 2168 sermonis,

501 2193 560 2245 et
587 2206 780 2246 sermo
800 2190 1059 2263 operatio
1090 2189 1352 2262 spiritus,
1383 2193 1461 2260 [et
1515 2190 1630 2246 duo
1678 2206 1861 2245 unum
1912 2192 2070 2244 sunt.
2105 2209 2134 2238 »

497 2279 704 2351 (Idem,
752 2279 875 2334 adv.
933 2281 1104 2335 Prax.
1165 2296 1290 2351 cap.
1347 2279 1464 2351 26.)
1519 2278 1886 2334 Existimavit
1939 2279 2136 2350 itaque

496 2368 974 2440 Sermonem,ssu
1004 2369 1284 2440 Verbum,
1327 2372 1385 2424 et
1435 2369 1643 2424 Filium
1702 2367 1799 2423 Dei
1846 2383 1974 2424 esse
2012 2367 2133 2439 spi-

493 2455 694 2526 ritum,
749 2473 991 2527 remque
1037 2456 1210 2530 plane
1260 2455 1648 2528 spiritualem,
1699 2473 1732 2510 a
1789 2471 2137 2528 quacunque

487 2544 738 2602 materia
793 2549 851 2601 et
897 2545 1060 2601 omni
1119 2562 1178 2602 re
1234 2561 1514 2617 corporea
1572 2545 1910 2600 discretam.
2000 2546 2134 2609 Quas

491 2630 735 2702 quidem
785 2630 944 2687 illius
1003 2632 1297 2688 sententia
1341 2633 1476 2688 inde
1523 2633 1928 2699 conﬁrmatur,
1978 2631 2134 2702 quod

490 2717 622 2790 ipse
652 2719 872 2775 ibidem
906 2719 1243 2791 pronuntiat
1272 2719 1437 2776 illum
1467 2735 1596 2776 esse
1628 2721 1889 2789 spiritum
1919 2722 1991 2776 de
2018 2722 2134 2791 spi-

492 2808 634 2875 ritu,
657 2807 714 2863 id
743 2814 853 2876 est,
886 2808 1100 2880 spiritu
1132 2825 1198 2864 ac
1218 2809 1566 2881 cogitatione
1599 2809 1799 2865 aeterni
1831 2810 2016 2865 Patris
2039 2809 2131 2864 sui

496 2894 790 2968 prolatum
821 2913 888 2954 ac
917 2897 1180 2969 genitum
1240 2898 1442 2966 (Idem,
1501 2899 1774 2970 Apotoget.
1834 2915 1961 2970 cap.
2017 2899 2130 2970 21).

496 2983 713 3041 Divinas
743 2985 1039 3059 siquidem
1070 2986 1439 3058 cogitationis
1471 2987 1715 3059 prolatio
1765 3005 1879 3043 non
1939 2987 2132 3043 solum

497 3073 644 3130 nihil
673 3074 936 3147 corporei
966 3075 1244 3146 admittit,
1269 3076 1368 3131 sed
1403 3093 1554 3132 unus
1588 3092 1719 3131 cum
1780 3093 1886 3132 suo
1946 3077 2132 3148 Patre,

496 3179 530 3219 a
560 3179 674 3234 quo
706 3164 1018 3235 profertur,
1044 3163 1200 3220 Deus
1230 3168 1338 3220 est.
1371 3166 1443 3220 At
1470 3165 1608 3236 quid
1643 3181 1791 3236 cpus
1845 3171 1933 3220 est
1977 3166 2033 3219 id
2102 3183 2135 3220 a

496 3250 667 3308 nobis
695 3252 951 3324 probari,
998 3251 1152 3323 quod
1209 3252 1280 3308 ab
1328 3252 1426 3308 illo
1485 3253 1873 3310 disertissime
1925 3255 2134 3326 bisque
2166 3237 2208 3302 Ο

496 3339 769 3411 ipsismet
815 3340 1008 3398 verbis
1051 3341 1372 3397 asseritur:
1412 3366 1432 3391 α
1495 3342 1657 3408 Quod
1705 3345 1777 3399 de
1828 3343 1944 3399 Deo
2003 3361 2134 3415 pro-

495 3429 713 3484 fectum
745 3432 853 3497 est,
888 3433 1042 3485 Deus
1072 3433 1180 3498 est,
1203 3434 1259 3486 et
1284 3431 1380 3487 Dei
1403 3431 1602 3502 Filius,
1632 3436 1688 3488 et
1738 3450 1890 3488 unus
1941 3433 2134 3502 ambo,

498 3520 556 3572 et
586 3518 658 3574 de
690 3519 803 3574 Deo
835 3523 986 3575 Deus
1015 3519 1044 3574 ?
1072 3542 1099 3571 ››
1131 3521 1311 3592 (Ibid.)

569 3623 790 3690 Tertio,
850 3623 1247 3681 Tertullianus
1304 3627 1561 3683 affirmat
1615 3627 1784 3684 illum
1833 3646 1967 3685 cum
2021 3629 2137 3687 Deo

504 3711 670 3770 Patre
700 3729 886 3770 unum
917 3729 1046 3770 esse
1071 3714 1254 3770 Deum
1283 3732 1356 3772 ex
1400 3718 1610 3773 unitate
1663 3719 2010 3790 substantiae,
2072 3736 2138 3776 ac

503 3801 748 3874 proinde
782 3819 960 3858 unam
992 3808 1049 3858 et
1077 3805 1343 3859 eamdem
1366 3820 1494 3861 esse
1524 3807 1830 3878 utriusque
1862 3807 2135 3863 substan-

503 3889 648 3946 tiam
672 3890 889 3963 (Ibid.).
920 3893 962 3946 A
995 3891 1161 3948 Patre
1191 3894 1346 3947 enim
1379 3911 1483 3949 suo
1532 3912 1641 3950 non
1698 3906 2005 3966 separatur,
2055 3897 2140 3951 in-

504 3980 654 4050 quit,
685 3980 1020 4049 substantia,
1051 3981 1144 4036 sed
1172 3982 1486 4037 extenditur
1518 4000 1531 4037 :
1567 3984 1846 4053 quoniam
1879 3983 2024 4040 hunc
2071 4001 2141 4041 ea:

505 4073 636 4138 Deo,
667 4069 753 4124 uti
783 4068 974 4126 adhuc
1006 4069 1102 4126 ille
1118 4068 1392 4141 loquitur,
1429 4072 1706 4142 prolatum
1742 4072 2034 4129 didicimus
2089 4079 2139 4130 et

501 4158 812 4228 prolatione
839 4167 1161 4229 generatum
1193 4159 1391 4228 (Ibid).
1425 4159 1570 4224 Quia
1598 4177 1730 4216 vero
1783 4162 1854 4216 ab
1909 4162 2007 4217 illo
2057 4164 2139 4219 ita

500 4247 716 4319 prodiit
745 4252 802 4303 et
832 4248 1070 4320 genitus
1101 4252 1210 4318 est,
1263 4247 1500 4316 idcirco,
1563 4251 2061 4320 quemadmodum
2107 4269 2139 4308 a

499 4334 665 4393 Patre
696 4353 802 4392 suo
834 4353 950 4394 non
973 4342 1279 4408 separatur
1311 4337 1749 4408 substantia,sic
1780 4339 1850 4395 ab
1881 4339 1981 4396 illo
2005 4358 2136 4412 per-

497 4441 643 4481 sona
668 4425 1074 4496 distinguitur.
1116 4425 1242 4480 Non
1303 4426 1458 4480 enim
1504 4427 1705 4482 eadem
1765 4444 1892 4484 esse
1950 4434 2140 4501 potest

493 4513 687 4572 Patris
717 4518 776 4570 et
804 4514 932 4569 Filii
962 4513 1061 4568 Dei
1096 4529 1362 4585 persona.
1425 4517 1498 4570 At
1555 4517 1755 4571 eadem
1813 4523 2008 4574 tamen
2049 4524 2138 4574 est

2247 1962 2402 2001 nunc
2425 1944 2647 1999 utimur
2663 1941 3083 2015 signiﬁcatu,in
3099 1942 3301 1998 eodem
3323 1939 3582 1995 adversus
3611 1940 3893 1996 Praxeam

2243 2033 2392 2090 libro
2423 2033 2697 2103 sumitur,
2730 2031 2884 2087 sicut
2913 2047 2978 2086 ex
3009 2029 3149 2086 locis
3178 2029 3332 2084 intra
3362 2027 3614 2084 citandis
3658 2027 3896 2085 eviden-

2244 2121 2473 2178 tissime
2501 2121 2738 2192 patebit.

2313 2212 2385 2265 At
2410 2227 2524 2265 non
2553 2208 2746 2266 solum
2779 2210 3059 2266 adversus
3089 2209 3391 2275 Praxeam,
3424 2207 3525 2262 sed
3557 2205 3737 2262 etiam
3786 2205 3896 2261 ad-

2243 2315 2446 2355 versus
2474 2298 2848 2354 Valentinum
2881 2297 3061 2353 alium
3095 2295 3430 2351 hmreticum
3459 2294 3612 2350 hanc
3644 2295 3716 2349 de
3763 2294 3891 2349 dis-

2243 2387 2428 2443 tincta
2459 2386 2589 2442 Filii
2622 2385 2924 2458 Patrisque
2955 2401 3221 2458 persona,
3255 2383 3356 2439 sed
3409 2400 3526 2438 una
3577 2383 3893 2453 utriusque

2243 2476 2579 2532 substantia
2607 2475 2933 2531 doctrinam
2973 2478 3201 2529 tutatur
3242 2489 3307 2528 ac
3347 2476 3698 2544 prepugnat.
3759 2471 3888 2527 Duo

2243 2565 2540 2621 enimvero
2588 2568 2756 2620 erant
2811 2562 3104 2619 Valentini
3157 2577 3404 2630 errores,
3453 2577 3602 2632 quos
3647 2559 3745 2616 ille
3793 2559 3889 2616 his

2243 2654 2553 2725 descripsit
2571 2653 2798 2709 verbis:
2841 2675 2862 2702 ι
2897 2651 3245 2707 Valentinus
3284 2648 3555 2723 probolas
3603 2666 3762 2718 suas,
3827 2648 3887 2704 id

2241 2747 2332 2799 est
2379 2741 2606 2798 divinas
2651 2741 3025 2814 prolationes,
3082 2739 3365 2795 discernit
3416 2742 3474 2794 et
3519 2742 3769 2810 separat,
3833 2743 3893 2794 et

2243 2833 2324 2886 ita
2348 2830 2515 2901 longe
2560 2831 2742 2902 ponit,
2767 2835 2832 2886 ut
2885 2831 3026 2886 [Eon
3075 2833 3306 2885 Patrem
3349 2828 3578 2884 nesciat
3632 2849 3661 2878 »
3722 2827 3887 2898 (Ibid.

2242 2937 2369 2992 cap.
2392 2920 2492 2991 8.).
2525 2920 2856 2976 Secundum
2888 2927 3082 2974 autem
3111 2917 3268 2973 hunc
3297 2933 3574 2985 errorem,
3607 2916 3677 2971 de
3705 2915 3888 2972 Eone

2244 3013 2472 3064 Patrem
2532 3008 2853 3075 nesciente,
2912 3006 3124 3062 refellit
3195 3007 3442 3062 Joannis
3501 3004 3885 3076 Evangelistas

2245 3097 2625 3153 auctoritate:
2661 3120 2688 3146 «
2722 3097 2886 3168 Apud
2923 3114 3051 3163 nos,
3074 3095 3288 3166 inquit,
3321 3093 3482 3150 solus
3541 3093 3722 3150 Filius
3780 3093 3884 3149 Pa-

2245 3190 2395 3260 trem
2429 3185 2606 3252 novit,
2640 3189 2697 3240 et
2725 3185 2919 3240 sinum
2954 3184 3283 3253 Patrisipse
3331 3182 3615 3255 exposuit.
3653 3205 3681 3233 ››
3731 3183 3886 3238 Tum

2247 3273 2456 3329 deinde
2483 3273 2739 3345 primum
2767 3272 3059 3330 Valentini
3090 3273 3161 3327 de
3191 3271 3479 3344 separatis
3511 3271 3726 3326 divinis
3748 3287 3886 3343 pro-

2245 3362 2564 3419 lationibus
2583 3378 2860 3433 errorem,
2895 3362 3007 3433 bis,
3057 3379 3184 3435 quis
3229 3361 3301 3416 ad
3363 3359 3728 3433 propositum
3789 3377 3888 3416 no-

2245 3457 2431 3507 strum
2461 3451 2650 3523 magis
2679 3451 2924 3519 faciunt,
2957 3451 3149 3506 verbis
3181 3450 3386 3506 evertit
3412 3465 3424 3504 :
3451 3472 3479 3500 ‹‹
3504 3450 3708 3506 Sermo
3738 3454 3794 3504 et
3822 3449 3883 3505 in

2246 3542 2413 3596 Patre
2443 3556 2695 3611 semper,
2738 3539 2891 3595 sicut
2921 3538 3067 3594 dixit
3099 3557 3113 3595 ε
3147 3543 3256 3610 Ego
3287 3540 3346 3593 in
3376 3540 3549 3595 Patre
3583 3554 3596 3593 :
3638 3543 3696 3594 et
3725 3537 3882 3610 apud

2247 3631 2428 3686 Deum
2470 3645 2722 3700 semper,
2754 3630 2908 3684 sicut
2939 3629 3224 3701 scriptum
3257 3631 3383 3684 est:
3416 3628 3480 3683 Et
3508 3627 3698 3682 Sermo
3761 3637 3890 3682 erat

2246 3720 2398 3790 apud
2426 3719 2618 3773 Deum.
2653 3718 3037 3789 Etnunquam
3079 3721 3386 3788 separatus
3444 3733 3478 3771 a
3534 3715 3722 3787 Patre,
3782 3720 3887 3771 aut

2248 3806 2402 3862 alius
2433 3824 2465 3862 a
2492 3806 2678 3872 Patre,
2711 3806 2850 3879 quia
2871 3809 2979 3875 Ego
3007 3814 3061 3861 et
3091 3807 3254 3862 Pater
3282 3821 3458 3861 unum
3487 3821 3692 3860 sumus.
3746 3803 3887 3860 Inde

2247 3913 2379 3952 vero
2411 3895 2707 3952 concludit
2736 3895 2892 3951 hunc
2928 3897 3269 3951 Sermonem
3323 3894 3656 3966 Filiumque
3696 3893 3795 3950 Dei
3855 3910 3888 3948 a

2247 3990 2418 4041 Patre
2448 4003 2555 4041 suo
2585 4001 2715 4042 esse
2746 3985 3115 4051 distinctum,
3149 3983 3286 4056 quia
3311 3983 3383 4039 ab
3415 4000 3480 4039 eo
3511 3982 3762 4056 prodivit
3817 3999 3886 4038 ac

2248 4074 2508 4147 prolatus
2531 4079 2620 4130 est
2654 4093 2667 4143 ;
2700 4075 2802 4130 sed
2859 4075 2930 4130 ab
2989 4090 3056 4129 eo
3106 4091 3220 4129 non
3279 4071 3559 4145 separari,
3622 4071 3887 4145 quando-

2248 4165 2483 4234 quidem
2561 4181 2679 4218 una
2726 4163 3034 4235 utriusque
3092 4168 3183 4218 est
3227 4168 3456 4218 natura.
3518 4161 3667 4225 Quin
3706 4160 3884 4218 etiam

2246 4253 2420 4324 paulo
2452 4257 2583 4325 post
2613 4254 2864 4323 adjecit:
2904 4277 2925 4302 α
2970 4252 3095 4308 Νοη
3145 4251 3476 4308 diversitate
3526 4251 3708 4307 alium
3757 4267 3886 4308 esse

2248 4341 2738 4412 FiliumaPatre,
2790 4343 2891 4398 sed
2951 4342 3380 4408 distributione,
3439 4357 3546 4396 nec
3600 4340 3887 4398 divisione

2249 4429 2450 4497 alium,
2483 4431 2582 4486 sed
2614 4431 2987 4486 distinctione
3017 4431 3201 4502 ;°quia
3228 4447 3340 4486 non
3375 4429 3453 4485 sit
3481 4430 3658 4501 gidem
3719 4429 3886 4485 Pater

2248 4524 2304 4574 et
2324 4519 2522 4587 Filius,
2553 4519 2639 4575 vel
2674 4520 2909 4577 modulo
2969 4519 3118 4575 alius
3167 4519 3238 4574 ab
3289 4517 3424 4575 alio.
3485 4540 3514 4568 »
3568 4517 3750 4590 (Ibid.)
3815 4521 3883 4574 At

499 4603 809 4675 utriusque
843 4603 1191 4671 substantia,
1220 4604 1689 4676 quandoquidem
1717 4624 1870 4662 unus
1893 4613 1983 4662 est
2004 4626 2133 4664 cum
2167 4608 2212 4671 D
2245 4625 2400 4664 nunc
2423 4608 2879 4666 animadveritas
2920 4608 3092 4664 velim
3137 4607 3347 4664 Filium
3397 4607 3495 4662 Dei
3546 4608 3617 4662 ab
3675 4623 3741 4662 eo
3770 4605 3884 4663 dici

501 4692 672 4748 Patre
701 4691 858 4748 Deus
885 4707 954 4748 ea:
982 4694 1197 4748 unitate
1223 4695 1565 4761 substitutus},
1611 4712 1642 4748 a
1673 4713 1789 4766 qua
1818 4695 1965 4752 827
2028 4715 2141 4753 non

504 4788 816 4852 separatur,
847 4782 939 4836 sed
969 4781 1284 4838 extenditur
1313 4783 1515 4854 (Ibid)
1549 4785 1628 4838 Ex
1659 4783 1768 4839 hac
1788 4786 1943 4840 enim
2001 4789 2139 4844 sub-

507 4870 746 4938 stantia,
778 4873 1058 4942 tanquam
1088 4873 1342 4942 matrice,
1376 4889 1485 4929 non
1503 4876 1742 4937 recessit,
1773 4874 1865 4929 sed
1893 4878 2135 4947 excessit;

508 4961 684 5030 atque
714 4958 793 5015 ita
825 4959 1056 5032 quidem
1079 4961 1248 5017 ambo
1293 4979 1446 5018 unus
1484 4962 1756 5035 idemque
1799 4963 1950 5020 Deus
1977 4971 2134 5022 sunt.

575 5063 770 5136 Neque
797 5065 879 5123 ibi
926 5073 1178 5138 tantum,
1206 5069 1308 5124 sed
1365 5069 1424 5123 in
1483 5086 1588 5125 suo
1647 5069 1836 5125 adhuc
1877 5071 2138 5129 adversus

499 5154 783 5214 Praxeam
812 5155 982 5226 libro,
1008 5157 1150 5214 illud
1183 5157 1274 5213 his
1307 5158 1615 5214 conﬁrmat
1659 5159 1851 5214 verbis
1884 5176 1897 5214 :
1950 5184 1970 5211 α
2031 5165 2139 5218 Ita-

498 5244 720 5303 tionem
754 5246 1141 5312 reddidimus,
1177 5263 1293 5317 qua
1315 5247 1403 5301 Dii
1435 5264 1550 5303 non
1583 5248 1696 5304 duo
1729 5247 2136 5318 dicantur,nec

495 5334 750 5406 Domini,
782 5336 882 5392 sed
919 5353 1038 5407 qua
1060 5337 1227 5391 l’azer
1255 5341 1313 5391 et
1341 5336 1524 5392 Filius
1554 5338 1704 5406 duo;
1740 5345 1796 5392 et
1852 5339 1959 5393 hoc
2016 5357 2132 5396 non

492 5437 560 5478 ex
593 5423 962 5497 separatione
1011 5424 1380 5497 substantiae,
1435 5426 1538 5481 sed
1597 5442 1666 5482 ex
1722 5425 2128 5499 dispositione,

493 5526 631 5568 cum
661 5511 1032 5570 individuum
1062 5518 1119 5568 et
1164 5513 1563 5585 inseparatum
1617 5513 1829 5570 Filium
1877 5531 1911 5571 a
1961 5520 2131 5576 Patre

2248 4698 2430 4754 alium
2463 4716 2497 4754 a
2528 4701 2777 4767 Patre,et
2805 4716 2920 4754 non
2942 4697 3420 4766 alium,videlicet
3453 4697 3633 4753 alium
3653 4714 3687 4752 a
3716 4697 3885 4754 Patre

2248 4804 2514 4859 persona,
2548 4793 2604 4842 et
2659 4788 2991 4844 substantia
3039 4804 3152 4843 non
3193 4786 3396 4857 alium,
3421 4788 3559 4859 quia
3588 4788 3711 4843 haec
3739 4786 3883 4842 sub-

2247 4876 2464 4932 stantia
2493 4875 2553 4930 in
2584 4884 2831 4950 utroque
2862 4877 3032 4949 plane
3051 4877 3251 4933 eadem
3273 4881 3383 4933 est.

2316 4985 2457 5040 Cum
2488 4983 2670 5054 igitur
2702 4984 2879 5040 Filius
2910 5002 2944 5040 a
2973 4985 3137 5041 Patre
3168 5000 3274 5039 suo
3295 4983 3374 5038 sit
3401 4981 3884 5055 distinctus,quia

2245 5073 2371 5128 duae
2393 5078 2532 5128 sunt
2570 5073 2628 5128 in
2687 5090 2804 5130 una
2853 5074 3176 5146 eademque
3209 5073 3544 5130 substantia
3595 5089 3880 5144 persona,

2245 5167 2400 5216 recte
2431 5161 2583 5218 828
2620 5162 2856 5234 quidem
2896 5164 2965 5220 de
3001 5163 3205 5219 eodem
3249 5160 3390 5217 Filio
3440 5161 3543 5217 Dei
3590 5159 3650 5216 in
3687 5161 3880 5233 Apolo-

2242 5251 2431 5320 getico,
2464 5253 2734 5322 scripsit:
2774 5276 2794 5302 α
2858 5252 3114 5320 Modulo,
3149 5275 3177 5303 ››
3225 5251 3722 5324 quemadmodum
3775 5251 3880 5307 ad-

2242 5357 2447 5396 versus
2496 5341 2866 5398 Valentinum
2924 5343 3091 5398 dixit.
3133 5365 3162 5394 «
3216 5341 3507 5398 alternum
3563 5356 3881 5396 numerum

2241 5429 2448 5501 gradu,
2483 5447 2598 5486 non
2631 5435 2810 5502 statu,
2839 5431 3030 5486 fecit.»
3061 5431 3173 5488 Sed
3203 5429 3492 5503 Rigaltius
3523 5435 3729 5486 contra
3751 5445 3880 5485 ma-

2241 5519 2682 5592 nuscriptorum
2714 5525 3074 5588 nostrorum,
3106 5525 3165 5577 et
3219 5519 3484 5576 omnium
3540 5523 3714 5575 antea
3752 5517 3878 5574 edi-

493 5601 972 5690 pronuntiamus,
1006 5619 1110 5673 nec
1139 5606 1320 5674 statu,
1363 5603 1465 5660 sed
1521 5604 1705 5676 gradu
1763 5603 1966 5674 alium,
2029 5606 2131 5680 qui
2238 5613 2430 5666 torum
2461 5609 2729 5666 codicum
2761 5610 2933 5668 ﬁdem
2966 5610 3048 5667 ibi
3076 5609 3272 5684 priora
3297 5608 3476 5666 verba
3522 5607 3608 5665 sic
3663 5605 3879 5680 corrigi

499 5688 612 5750 etsi
643 5689 799 5750 Deus
839 5691 1090 5764 dicatur,
1143 5693 1377 5765 quando
1433 5693 1774 5751 nominatur
1811 5693 2128 5769 singularis
2235 5695 2448 5756 voluit:
2477 5696 2767 5757 «Modulo
2815 5699 3087 5775 alterum,
3141 5715 3258 5759 non
3305 5713 3572 5766 numero.
3607 5720 3630 5750 ιι
3688 5697 3877 5774 (Idem
