  <div class='ocr_page' id='page_1' title='image "/cluster/home/n/w/nwhite01/storage/ocr_20150623/1/umn.31951002477295j/462.png"; bbox 0 0 4158 6328; ppageno 0'>
   <div class='ocr_carea' id='block_1_1' title="bbox 276 385 396 446">
    <p class='ocr_par' dir='ltr' id='par_1_1' title="bbox 276 385 396 446">
     <span class='ocr_line' id='line_1_1' title="bbox 276 385 396 446; baseline 0 -1"><span class='ocrx_word' id='word_1_1' title='bbox 276 385 396 446; x_wconf 86' lang='grc'><strong>913</strong></span> 
     </span>
    </p>
   </div>
   <div class='ocr_carea' id='block_1_2' title="bbox 1222 383 2804 449">
    <p class='ocr_par' dir='ltr' id='par_1_2' title="bbox 1222 383 2804 449">
     <span class='ocr_line' id='line_1_2' title="bbox 1222 383 2804 449; baseline 0.001 -5"><span class='ocrx_word' id='word_1_2' title='bbox 1222 386 1295 444; x_wconf 89' lang='lat' dir='ltr'><strong>D.</strong></span> <span class='ocrx_word' id='word_1_3' title='bbox 1340 384 1439 445; x_wconf 84' lang='lat' dir='ltr'><strong>LE</strong></span> <span class='ocrx_word' id='word_1_4' title='bbox 1483 385 1808 448; x_wconf 81' lang='lat' dir='ltr'><strong>NOURRY</strong></span> <span class='ocrx_word' id='word_1_5' title='bbox 1854 383 2497 446; x_wconf 77' lang='lat' dir='ltr'><strong>OBSERVATIONES</strong></span> <span class='ocrx_word' id='word_1_6' title='bbox 2543 386 2804 449; x_wconf 71' lang='grc' dir='ltr'><strong>ΝονιΕ.</strong></span> 
     </span>
    </p>
   </div>
   <div class='ocr_carea' id='block_1_3' title="bbox 3580 382 3700 443">
    <p class='ocr_par' dir='ltr' id='par_1_3' title="bbox 3580 382 3700 443">
     <span class='ocr_line' id='line_1_3' title="bbox 3580 382 3700 443; baseline 0 0"><span class='ocrx_word' id='word_1_7' title='bbox 3580 382 3700 443; x_wconf 73' lang='lat' dir='ltr'><strong>9M</strong></span> 
     </span>
    </p>
   </div>
   <div class='ocr_carea' id='block_1_4' title="bbox 278 515 3698 590">
    <p class='ocr_par' dir='ltr' id='par_1_4' title="bbox 278 515 3698 590">
     <span class='ocr_line' id='line_1_4' title="bbox 278 515 3698 590; baseline -0.001 -15"><span class='ocrx_word' id='word_1_8' title='bbox 278 518 553 590; x_wconf 81' lang='lat' dir='ltr'><strong>Apotoget.</strong></span> <span class='ocrx_word' id='word_1_9' title='bbox 604 532 729 589; x_wconf 92' lang='lat' dir='ltr'><strong>cap.</strong></span> <span class='ocrx_word' id='word_1_10' title='bbox 779 516 893 589; x_wconf 84' lang='grc'><strong>21.)</strong></span> <span class='ocrx_word' id='word_1_11' title='bbox 966 515 1201 573; x_wconf 89' lang='lat' dir='ltr'><strong>Nullam</strong></span> <span class='ocrx_word' id='word_1_12' title='bbox 1255 516 1645 574; x_wconf 86' lang='lat' dir='ltr'><strong>nihilominus</strong></span> <span class='ocrx_word' id='word_1_13' title='bbox 1690 518 1933 590; x_wconf 83' lang='lat' dir='ltr'><strong>hujusce</strong></span> <span class='ocrx_word' id='word_1_14' title='bbox 1962 519 2015 587; x_wconf 82' lang='grc' dir='ltr'><strong>Α</strong></span> <span class='ocrx_word' id='word_1_15' title='bbox 2045 517 2295 590; x_wconf 81' lang='lat' dir='ltr'><strong>Spiritus</strong></span> <span class='ocrx_word' id='word_1_16' title='bbox 2328 517 2512 574; x_wconf 80' lang='lat' dir='ltr'><strong>sancti</strong></span> <span class='ocrx_word' id='word_1_17' title='bbox 2544 519 2849 576; x_wconf 83' lang='lat' dir='ltr'><strong>divinitate</strong></span> <span class='ocrx_word' id='word_1_18' title='bbox 2876 534 2941 575; x_wconf 91' lang='lat' dir='ltr'><strong>ac</strong></span> <span class='ocrx_word' id='word_1_19' title='bbox 2972 516 3361 575; x_wconf 69' lang='lat' dir='ltr'><strong>sanctissimis</strong></span> <span class='ocrx_word' id='word_1_20' title='bbox 3391 515 3698 573; x_wconf 76' lang='lat' dir='ltr'><strong>Trinitatis</strong></span> 
     </span>
    </p>
   </div>
   <div class='ocr_carea' id='block_1_5' title="bbox 278 606 1931 680">
    <p class='ocr_par' dir='ltr' id='par_1_5' title="bbox 278 606 1931 680">
     <span class='ocr_line' id='line_1_5' title="bbox 278 606 1931 680; baseline -0.001 -15"><span class='ocrx_word' id='word_1_21' title='bbox 278 606 709 665; x_wconf 81' lang='lat' dir='ltr'><strong>emendationis</strong></span> <span class='ocrx_word' id='word_1_22' title='bbox 758 606 1013 662; x_wconf 82' lang='lat' dir='ltr'><strong>reddidit</strong></span> <span class='ocrx_word' id='word_1_23' title='bbox 1064 606 1371 662; x_wconf 87' lang='lat' dir='ltr'><strong>rationem.</strong></span> <span class='ocrx_word' id='word_1_24' title='bbox 1444 608 1743 679; x_wconf 89' lang='lat' dir='ltr'><strong>Numquid</strong></span> <span class='ocrx_word' id='word_1_25' title='bbox 1796 624 1931 680; x_wconf 86' lang='lat' dir='ltr'><strong>ergo</strong></span> 
     </span>
    </p>
   </div>
   <div class='ocr_carea' id='block_1_6' title="bbox 279 695 1933 769">
    <p class='ocr_par' dir='ltr' id='par_1_6' title="bbox 279 695 1933 769">
     <span class='ocr_line' id='line_1_6' title="bbox 279 695 1933 769; baseline 0.001 -17"><span class='ocrx_word' id='word_1_26' title='bbox 279 697 526 769; x_wconf 79' lang='lat' dir='ltr'><strong>putavit,</strong></span> <span class='ocrx_word' id='word_1_27' title='bbox 589 696 764 752; x_wconf 85' lang='lat' dir='ltr'><strong>sicuti</strong></span> <span class='ocrx_word' id='word_1_28' title='bbox 822 696 1073 763; x_wconf 88' lang='lat' dir='ltr'><strong>videtur,</strong></span> <span class='ocrx_word' id='word_1_29' title='bbox 1135 695 1219 751; x_wconf 91' lang='lat' dir='ltr'><strong>sic</strong></span> <span class='ocrx_word' id='word_1_30' title='bbox 1296 696 1627 753; x_wconf 85' lang='lat' dir='ltr'><strong>immutatis</strong></span> <span class='ocrx_word' id='word_1_31' title='bbox 1677 699 1933 755; x_wconf 81' lang='lat' dir='ltr'><strong>auctoris</strong></span> 
     </span>
    </p>
   </div>
   <div class='ocr_carea' id='block_1_7' title="bbox 289 784 1931 854">
    <p class='ocr_par' dir='ltr' id='par_1_7' title="bbox 289 784 1931 854">
     <span class='ocr_line' id='line_1_7' title="bbox 289 784 1931 854; baseline 0.001 -13"><span class='ocrx_word' id='word_1_32' title='bbox 289 787 504 854; x_wconf 80' lang='lat' dir='ltr'><strong>verbis,</strong></span> <span class='ocrx_word' id='word_1_33' title='bbox 553 785 715 841; x_wconf 88' lang='lat' dir='ltr'><strong>illius</strong></span> <span class='ocrx_word' id='word_1_34' title='bbox 765 784 1098 840; x_wconf 87' lang='lat' dir='ltr'><strong>accuratius</strong></span> <span class='ocrx_word' id='word_1_35' title='bbox 1148 786 1361 839; x_wconf 88' lang='lat' dir='ltr'><strong>servari</strong></span> <span class='ocrx_word' id='word_1_36' title='bbox 1414 786 1783 842; x_wconf 77' lang='lat' dir='ltr'><strong>antitheses?</strong></span> <span class='ocrx_word' id='word_1_37' title='bbox 1823 788 1931 843; x_wconf 87' lang='lat' dir='ltr'><strong>Sed</strong></span> 
     </span>
    </p>
   </div>
   <div class='ocr_carea' id='block_1_8' title="bbox 277 874 1930 947">
    <p class='ocr_par' dir='ltr' id='par_1_8' title="bbox 277 874 1930 947">
     <span class='ocr_line' id='line_1_8' title="bbox 277 874 1930 947; baseline 0.001 -16"><span class='ocrx_word' id='word_1_38' title='bbox 277 877 442 932; x_wconf 87' lang='lat' dir='ltr'><strong>nefas</strong></span> <span class='ocrx_word' id='word_1_39' title='bbox 503 874 704 947; x_wconf 89' lang='lat' dir='ltr'><strong>procul</strong></span> <span class='ocrx_word' id='word_1_40' title='bbox 758 875 936 930; x_wconf 88' lang='lat' dir='ltr'><strong>dubio</strong></span> <span class='ocrx_word' id='word_1_41' title='bbox 992 879 1081 931; x_wconf 90' lang='lat' dir='ltr'><strong>est</strong></span> <span class='ocrx_word' id='word_1_42' title='bbox 1125 874 1335 930; x_wconf 84' lang='lat' dir='ltr'><strong>veteris</strong></span> <span class='ocrx_word' id='word_1_43' title='bbox 1378 877 1631 931; x_wconf 90' lang='lat' dir='ltr'><strong>auctoris</strong></span> <span class='ocrx_word' id='word_1_44' title='bbox 1707 881 1930 933; x_wconf 80' lang='lat' dir='ltr'><strong>textum</strong></span> 
     </span>
    </p>
   </div>
   <div class='ocr_carea' id='block_1_9' title="bbox 280 964 1930 1037">
    <p class='ocr_par' dir='ltr' id='par_1_9' title="bbox 280 964 1930 1037">
     <span class='ocr_line' id='line_1_9' title="bbox 280 964 1930 1037; baseline 0.001 -17"><span class='ocrx_word' id='word_1_45' title='bbox 280 964 579 1021; x_wconf 87' lang='lat' dir='ltr'><strong>levissima</strong></span> <span class='ocrx_word' id='word_1_46' title='bbox 611 964 947 1035; x_wconf 83' lang='lat' dir='ltr'><strong>conjectura</strong></span> <span class='ocrx_word' id='word_1_47' title='bbox 977 964 1312 1029; x_wconf 85' lang='lat' dir='ltr'><strong>immutare,</strong></span> <span class='ocrx_word' id='word_1_48' title='bbox 1345 964 1532 1019; x_wconf 89' lang='lat' dir='ltr'><strong>multo</strong></span> <span class='ocrx_word' id='word_1_49' title='bbox 1565 966 1761 1021; x_wconf 90' lang='lat' dir='ltr'><strong>minus</strong></span> <span class='ocrx_word' id='word_1_50' title='bbox 1785 984 1930 1037; x_wconf 77' lang='lat' dir='ltr'><strong>prea-</strong></span> 
     </span>
    </p>
   </div>
   <div class='ocr_carea' id='block_1_10' title="bbox 276 1054 1927 1127">
    <p class='ocr_par' dir='ltr' id='par_1_10' title="bbox 276 1054 1927 1127">
     <span class='ocr_line' id='line_1_10' title="bbox 276 1054 1927 1127; baseline -0.001 -17"><span class='ocrx_word' id='word_1_51' title='bbox 276 1060 510 1127; x_wconf 87' lang='lat' dir='ltr'><strong>postera</strong></span> <span class='ocrx_word' id='word_1_52' title='bbox 548 1054 960 1109; x_wconf 86' lang='lat' dir='ltr'><strong>immutatione</strong></span> <span class='ocrx_word' id='word_1_53' title='bbox 992 1070 1234 1109; x_wconf 85' lang='lat' dir='ltr'><strong>sensum</strong></span> <span class='ocrx_word' id='word_1_54' title='bbox 1269 1054 1398 1123; x_wconf 86' lang='lat' dir='ltr'><strong>ejus</strong></span> <span class='ocrx_word' id='word_1_55' title='bbox 1431 1054 1490 1109; x_wconf 91' lang='lat' dir='ltr'><strong>in</strong></span> <span class='ocrx_word' id='word_1_56' title='bbox 1523 1055 1703 1110; x_wconf 90' lang='lat' dir='ltr'><strong>alium</strong></span> <span class='ocrx_word' id='word_1_57' title='bbox 1737 1057 1927 1111; x_wconf 56' lang='lat' dir='ltr'><strong>detor-</strong></span> 
     </span>
    </p>
   </div>
   <div class='ocr_carea' id='block_1_11' title="bbox 276 1144 1925 1217">
    <p class='ocr_par' dir='ltr' id='par_1_11' title="bbox 276 1144 1925 1217">
     <span class='ocr_line' id='line_1_11' title="bbox 276 1144 1925 1217; baseline 0 -18"><span class='ocrx_word' id='word_1_58' title='bbox 276 1160 455 1216; x_wconf 91' lang='lat' dir='ltr'><strong>quere</strong></span> <span class='ocrx_word' id='word_1_59' title='bbox 488 1144 657 1215; x_wconf 83' lang='lat' dir='ltr'><strong>plane</strong></span> <span class='ocrx_word' id='word_1_60' title='bbox 690 1144 1110 1215; x_wconf 91' lang='lat' dir='ltr'><strong>oppositum,et</strong></span> <span class='ocrx_word' id='word_1_61' title='bbox 1134 1144 1192 1197; x_wconf 92' lang='lat' dir='ltr'><strong>in</strong></span> <span class='ocrx_word' id='word_1_62' title='bbox 1225 1160 1563 1214; x_wconf 90' lang='lat' dir='ltr'><strong>eum,quem</strong></span> <span class='ocrx_word' id='word_1_63' title='bbox 1596 1146 1925 1217; x_wconf 82' lang='lat' dir='ltr'><strong>impugnat,</strong></span> 
     </span>
    </p>
   </div>
   <div class='ocr_carea' id='block_1_12' title="bbox 273 1232 1925 1305">
    <p class='ocr_par' dir='ltr' id='par_1_12' title="bbox 273 1232 1925 1305">
     <span class='ocr_line' id='line_1_12' title="bbox 273 1232 1925 1305; baseline 0.001 -16"><span class='ocrx_word' id='word_1_64' title='bbox 273 1249 554 1291; x_wconf 90' lang='lat' dir='ltr'><strong>errorem.</strong></span> <span class='ocrx_word' id='word_1_65' title='bbox 586 1233 733 1288; x_wconf 88' lang='lat' dir='ltr'><strong>Nam</strong></span> <span class='ocrx_word' id='word_1_66' title='bbox 764 1232 1182 1299; x_wconf 90' lang='lat' dir='ltr'><strong>Tertullianus,</strong></span> <span class='ocrx_word' id='word_1_67' title='bbox 1217 1233 1300 1287; x_wconf 87' lang='lat' dir='ltr'><strong>uti</strong></span> <span class='ocrx_word' id='word_1_68' title='bbox 1345 1233 1564 1289; x_wconf 75' lang='lat' dir='ltr'><strong>affatim</strong></span> <span class='ocrx_word' id='word_1_69' title='bbox 1617 1236 1925 1305; x_wconf 88' lang='lat' dir='ltr'><strong>probatum</strong></span> 
     </span>
    </p>
   </div>
   <div class='ocr_carea' id='block_1_13' title="bbox 272 1322 1923 1395">
    <p class='ocr_par' dir='ltr' id='par_1_13' title="bbox 272 1322 1923 1395">
     <span class='ocr_line' id='line_1_13' title="bbox 272 1322 1923 1395; baseline 0 -16"><span class='ocrx_word' id='word_1_70' title='bbox 272 1328 386 1393; x_wconf 89' lang='lat' dir='ltr'><strong>est,</strong></span> <span class='ocrx_word' id='word_1_71' title='bbox 418 1322 787 1395; x_wconf 89' lang='lat' dir='ltr'><strong>apertissime</strong></span> <span class='ocrx_word' id='word_1_72' title='bbox 818 1323 988 1378; x_wconf 91' lang='lat' dir='ltr'><strong>docet</strong></span> <span class='ocrx_word' id='word_1_73' title='bbox 1019 1322 1229 1377; x_wconf 89' lang='lat' dir='ltr'><strong>Filium</strong></span> <span class='ocrx_word' id='word_1_74' title='bbox 1261 1322 1362 1378; x_wconf 88' lang='lat' dir='ltr'><strong>Dei</strong></span> <span class='ocrx_word' id='word_1_75' title='bbox 1394 1324 1611 1379; x_wconf 85' lang='lat' dir='ltr'><strong>modulo</strong></span> <span class='ocrx_word' id='word_1_76' title='bbox 1642 1329 1699 1380; x_wconf 90' lang='lat' dir='ltr'><strong>et</strong></span> <span class='ocrx_word' id='word_1_77' title='bbox 1727 1325 1923 1395; x_wconf 83' lang='lat' dir='ltr'><strong>gradu,</strong></span> 
     </span>
    </p>
   </div>
   <div class='ocr_carea' id='block_1_14' title="bbox 271 1411 1927 1483">
    <p class='ocr_par' dir='ltr' id='par_1_14' title="bbox 271 1411 1927 1483">
     <span class='ocr_line' id='line_1_14' title="bbox 271 1411 1927 1483; baseline 0.001 -16"><span class='ocrx_word' id='word_1_78' title='bbox 271 1411 391 1469; x_wconf 88' lang='lat' dir='ltr'><strong>sive</strong></span> <span class='ocrx_word' id='word_1_79' title='bbox 426 1428 675 1483; x_wconf 88' lang='lat' dir='ltr'><strong>persona</strong></span> <span class='ocrx_word' id='word_1_80' title='bbox 704 1412 883 1466; x_wconf 89' lang='lat' dir='ltr'><strong>alium</strong></span> <span class='ocrx_word' id='word_1_81' title='bbox 926 1428 1056 1467; x_wconf 90' lang='lat' dir='ltr'><strong>esse</strong></span> <span class='ocrx_word' id='word_1_82' title='bbox 1085 1429 1118 1467; x_wconf 90' lang='lat' dir='ltr'><strong>a</strong></span> <span class='ocrx_word' id='word_1_83' title='bbox 1152 1412 1316 1467; x_wconf 83' lang='lat' dir='ltr'><strong>Patre</strong></span> <span class='ocrx_word' id='word_1_84' title='bbox 1346 1428 1474 1482; x_wconf 89' lang='lat' dir='ltr'><strong>suo,</strong></span> <span class='ocrx_word' id='word_1_85' title='bbox 1530 1414 1631 1468; x_wconf 88' lang='lat' dir='ltr'><strong>sed</strong></span> <span class='ocrx_word' id='word_1_86' title='bbox 1660 1429 1838 1468; x_wconf 92' lang='lat' dir='ltr'><strong>unum</strong></span> <span class='ocrx_word' id='word_1_87' title='bbox 1870 1418 1927 1469; x_wconf 91' lang='lat' dir='ltr'><strong>et</strong></span> 
     </span>
    </p>
   </div>
   <div class='ocr_carea' id='block_1_15' title="bbox 270 1500 1923 1575">
    <p class='ocr_par' dir='ltr' id='par_1_15' title="bbox 270 1500 1923 1575">
     <span class='ocr_line' id='line_1_15' title="bbox 270 1500 1923 1575; baseline 0.001 -19"><span class='ocrx_word' id='word_1_88' title='bbox 270 1502 541 1557; x_wconf 90' lang='lat' dir='ltr'><strong>eumdem</strong></span> <span class='ocrx_word' id='word_1_89' title='bbox 573 1500 931 1571; x_wconf 86' lang='lat' dir='ltr'><strong>substantia,</strong></span> <span class='ocrx_word' id='word_1_90' title='bbox 965 1506 1022 1556; x_wconf 91' lang='lat' dir='ltr'><strong>et</strong></span> <span class='ocrx_word' id='word_1_91' title='bbox 1054 1501 1271 1557; x_wconf 91' lang='lat' dir='ltr'><strong>idcirco</strong></span> <span class='ocrx_word' id='word_1_92' title='bbox 1304 1502 1453 1556; x_wconf 91' lang='lat' dir='ltr'><strong>duas</strong></span> <span class='ocrx_word' id='word_1_93' title='bbox 1485 1518 1614 1557; x_wconf 88' lang='lat' dir='ltr'><strong>esse</strong></span> <span class='ocrx_word' id='word_1_94' title='bbox 1646 1519 1923 1575; x_wconf 83' lang='lat' dir='ltr'><strong>personas</strong></span> 
     </span>
    </p>
   </div>
   <div class='ocr_carea' id='block_1_16' title="bbox 270 1590 1922 1663">
    <p class='ocr_par' dir='ltr' id='par_1_16' title="bbox 270 1590 1922 1663">
     <span class='ocr_line' id='line_1_16' title="bbox 270 1590 1922 1663; baseline 0.001 -17"><span class='ocrx_word' id='word_1_95' title='bbox 270 1590 609 1661; x_wconf 90' lang='lat' dir='ltr'><strong>distinctas,</strong></span> <span class='ocrx_word' id='word_1_96' title='bbox 656 1607 841 1645; x_wconf 92' lang='lat' dir='ltr'><strong>unum</strong></span> <span class='ocrx_word' id='word_1_97' title='bbox 888 1595 1084 1646; x_wconf 90' lang='lat' dir='ltr'><strong>tamen</strong></span> <span class='ocrx_word' id='word_1_98' title='bbox 1140 1596 1341 1647; x_wconf 91' lang='lat' dir='ltr'><strong>Deum.</strong></span> <span class='ocrx_word' id='word_1_99' title='bbox 1418 1590 1736 1663; x_wconf 89' lang='lat' dir='ltr'><strong>Utriusque</strong></span> <span class='ocrx_word' id='word_1_100' title='bbox 1786 1608 1922 1662; x_wconf 81' lang='lat' dir='ltr'><strong>ergo</strong></span> 
     </span>
    </p>
   </div>
   <div class='ocr_carea' id='block_1_17' title="bbox 270 1678 1923 1751">
    <p class='ocr_par' dir='ltr' id='par_1_17' title="bbox 270 1678 1923 1751">
     <span class='ocr_line' id='line_1_17' title="bbox 270 1678 1923 1751; baseline 0 -17"><span class='ocrx_word' id='word_1_101' title='bbox 270 1696 535 1751; x_wconf 76' lang='lat' dir='ltr'><strong>personze</strong></span> <span class='ocrx_word' id='word_1_102' title='bbox 562 1695 595 1734; x_wconf 89' lang='lat' dir='ltr'><strong>a</strong></span> <span class='ocrx_word' id='word_1_103' title='bbox 634 1695 697 1735; x_wconf 90' lang='lat' dir='ltr'><strong>se</strong></span> <span class='ocrx_word' id='word_1_104' title='bbox 735 1678 984 1735; x_wconf 90' lang='lat' dir='ltr'><strong>invicem</strong></span> <span class='ocrx_word' id='word_1_105' title='bbox 1017 1679 1307 1735; x_wconf 84' lang='lat' dir='ltr'><strong>distinctae</strong></span> <span class='ocrx_word' id='word_1_106' title='bbox 1341 1696 1654 1735; x_wconf 88' lang='lat' dir='ltr'><strong>numerum</strong></span> <span class='ocrx_word' id='word_1_107' title='bbox 1686 1682 1923 1736; x_wconf 77' lang='lat' dir='ltr'><strong>alterum</strong></span> 
     </span>
    </p>
   </div>
   <div class='ocr_carea' id='block_1_18' title="bbox 272 1768 519 1825">
    <p class='ocr_par' dir='ltr' id='par_1_18' title="bbox 272 1768 519 1825">
     <span class='ocr_line' id='line_1_18' title="bbox 272 1768 519 1825; baseline -0.008 0"><span class='ocrx_word' id='word_1_108' title='bbox 272 1768 519 1825; x_wconf 84' lang='lat' dir='ltr'><strong>faciunt.</strong></span> 
     </span>
    </p>
   </div>
   <div class='ocr_carea' id='block_1_19' title="bbox 337 1856 1918 1930">
    <p class='ocr_par' dir='ltr' id='par_1_19' title="bbox 337 1856 1918 1930">
     <span class='ocr_line' id='line_1_19' title="bbox 337 1856 1918 1930; baseline 0 -18"><span class='ocrx_word' id='word_1_109' title='bbox 337 1857 619 1913; x_wconf 67' lang='lat' dir='ltr'><strong>Praeterea</strong></span> <span class='ocrx_word' id='word_1_110' title='bbox 650 1856 747 1913; x_wconf 91' lang='lat' dir='ltr'><strong>ille</strong></span> <span class='ocrx_word' id='word_1_111' title='bbox 780 1856 998 1929; x_wconf 89' lang='lat' dir='ltr'><strong>palam,</strong></span> <span class='ocrx_word' id='word_1_112' title='bbox 1024 1858 1523 1929; x_wconf 89' lang='lat' dir='ltr'><strong>quemadmodum</strong></span> <span class='ocrx_word' id='word_1_113' title='bbox 1555 1858 1613 1912; x_wconf 90' lang='lat' dir='ltr'><strong>in</strong></span> <span class='ocrx_word' id='word_1_114' title='bbox 1650 1858 1918 1930; x_wconf 89' lang='lat' dir='ltr'><strong>sequenti</strong></span> 
     </span>
    </p>
   </div>
   <div class='ocr_carea' id='block_1_20' title="bbox 264 1945 1916 2011">
    <p class='ocr_par' dir='ltr' id='par_1_20' title="bbox 264 1945 1916 2011">
     <span class='ocr_line' id='line_1_20' title="bbox 264 1945 1916 2011; baseline 0 -10"><span class='ocrx_word' id='word_1_115' title='bbox 264 1945 511 2001; x_wconf 87' lang='lat' dir='ltr'><strong>articulo</strong></span> <span class='ocrx_word' id='word_1_116' title='bbox 559 1946 917 2011; x_wconf 90' lang='lat' dir='ltr'><strong>videbimus,</strong></span> <span class='ocrx_word' id='word_1_117' title='bbox 969 1963 1103 2001; x_wconf 88' lang='lat' dir='ltr'><strong>cum</strong></span> <span class='ocrx_word' id='word_1_118' title='bbox 1162 1950 1284 2002; x_wconf 90' lang='lat' dir='ltr'><strong>tota</strong></span> <span class='ocrx_word' id='word_1_119' title='bbox 1326 1946 1581 2003; x_wconf 87' lang='lat' dir='ltr'><strong>Ecclesia</strong></span> <span class='ocrx_word' id='word_1_120' title='bbox 1630 1948 1916 2003; x_wconf 89' lang='lat' dir='ltr'><strong>catholica</strong></span> 
     </span>
    </p>
   </div>
   <div class='ocr_carea' id='block_1_21' title="bbox 266 2034 1914 2108">
    <p class='ocr_par' dir='ltr' id='par_1_21' title="bbox 266 2034 1914 2108">
     <span class='ocr_line' id='line_1_21' title="bbox 266 2034 1914 2108; baseline 0.001 -18"><span class='ocrx_word' id='word_1_121' title='bbox 266 2034 526 2091; x_wconf 84' lang='lat' dir='ltr'><strong>declarat</strong></span> <span class='ocrx_word' id='word_1_122' title='bbox 574 2041 694 2091; x_wconf 91' lang='lat' dir='ltr'><strong>tres</strong></span> <span class='ocrx_word' id='word_1_123' title='bbox 745 2051 873 2092; x_wconf 91' lang='lat' dir='ltr'><strong>esse</strong></span> <span class='ocrx_word' id='word_1_124' title='bbox 918 2035 978 2091; x_wconf 91' lang='lat' dir='ltr'><strong>in</strong></span> <span class='ocrx_word' id='word_1_125' title='bbox 1038 2035 1413 2091; x_wconf 87' lang='lat' dir='ltr'><strong>sanctissima</strong></span> <span class='ocrx_word' id='word_1_126' title='bbox 1463 2036 1747 2092; x_wconf 87' lang='lat' dir='ltr'><strong>Trinitate</strong></span> <span class='ocrx_word' id='word_1_127' title='bbox 1785 2054 1914 2108; x_wconf 88' lang='lat' dir='ltr'><strong>per-</strong></span> 
     </span>
    </p>
   </div>
   <div class='ocr_carea' id='block_1_22' title="bbox 266 2124 1915 2196">
    <p class='ocr_par' dir='ltr' id='par_1_22' title="bbox 266 2124 1915 2196">
     <span class='ocr_line' id='line_1_22' title="bbox 266 2124 1915 2196; baseline 0 -16"><span class='ocrx_word' id='word_1_128' title='bbox 266 2140 464 2180; x_wconf 87' lang='lat' dir='ltr'><strong>sonas.</strong></span> <span class='ocrx_word' id='word_1_129' title='bbox 495 2124 635 2180; x_wconf 86' lang='lat' dir='ltr'><strong>Jure</strong></span> <span class='ocrx_word' id='word_1_130' title='bbox 661 2124 841 2196; x_wconf 83' lang='lat' dir='ltr'><strong>igitur</strong></span> <span class='ocrx_word' id='word_1_131' title='bbox 870 2124 1077 2180; x_wconf 90' lang='lat' dir='ltr'><strong>merito</strong></span> <span class='ocrx_word' id='word_1_132' title='bbox 1108 2124 1256 2179; x_wconf 87' lang='lat' dir='ltr'><strong>dixit</strong></span> <span class='ocrx_word' id='word_1_133' title='bbox 1289 2125 1497 2181; x_wconf 87' lang='lat' dir='ltr'><strong>Filium</strong></span> <span class='ocrx_word' id='word_1_134' title='bbox 1546 2126 1645 2181; x_wconf 92' lang='lat' dir='ltr'><strong>Dei</strong></span> <span class='ocrx_word' id='word_1_135' title='bbox 1694 2125 1915 2180; x_wconf 83' lang='lat' dir='ltr'><strong>modulo</strong></span> 
     </span>
    </p>
   </div>
   <div class='ocr_carea' id='block_1_23' title="bbox 268 2214 1915 2271">
    <p class='ocr_par' dir='ltr' id='par_1_23' title="bbox 268 2214 1915 2271">
     <span class='ocr_line' id='line_1_23' title="bbox 268 2214 1915 2271; baseline -0.001 0"><span class='ocrx_word' id='word_1_136' title='bbox 268 2215 513 2271; x_wconf 75' lang='lat' dir='ltr'><strong>alterum</strong></span> <span class='ocrx_word' id='word_1_137' title='bbox 541 2230 674 2270; x_wconf 89' lang='lat' dir='ltr'><strong>cum</strong></span> <span class='ocrx_word' id='word_1_138' title='bbox 700 2214 865 2269; x_wconf 89' lang='lat' dir='ltr'><strong>Patre</strong></span> <span class='ocrx_word' id='word_1_139' title='bbox 898 2231 1006 2270; x_wconf 91' lang='lat' dir='ltr'><strong>suo</strong></span> <span class='ocrx_word' id='word_1_140' title='bbox 1035 2230 1328 2270; x_wconf 83' lang='lat' dir='ltr'><strong>numerum</strong></span> <span class='ocrx_word' id='word_1_141' title='bbox 1361 2216 1567 2271; x_wconf 86' lang='lat' dir='ltr'><strong>facere.</strong></span> <span class='ocrx_word' id='word_1_142' title='bbox 1599 2215 1729 2271; x_wconf 89' lang='lat' dir='ltr'><strong>Jam</strong></span> <span class='ocrx_word' id='word_1_143' title='bbox 1761 2215 1915 2271; x_wconf 89' lang='lat' dir='ltr'><strong>enim</strong></span> 
     </span>
    </p>
   </div>
   <div class='ocr_carea' id='block_1_24' title="bbox 270 2302 1918 2359">
    <p class='ocr_par' dir='ltr' id='par_1_24' title="bbox 270 2302 1918 2359">
     <span class='ocr_line' id='line_1_24' title="bbox 270 2302 1918 2359; baseline 0 0"><span class='ocrx_word' id='word_1_144' title='bbox 270 2320 406 2359; x_wconf 91' lang='lat' dir='ltr'><strong>eum</strong></span> <span class='ocrx_word' id='word_1_145' title='bbox 437 2302 724 2359; x_wconf 89' lang='lat' dir='ltr'><strong>dicentem</strong></span> <span class='ocrx_word' id='word_1_146' title='bbox 770 2303 1106 2359; x_wconf 89' lang='lat' dir='ltr'><strong>audivimus</strong></span> <span class='ocrx_word' id='word_1_147' title='bbox 1137 2321 1149 2358; x_wconf 91' lang='lat'>:</span> <span class='ocrx_word' id='word_1_148' title='bbox 1185 2326 1213 2354; x_wconf 87' lang='lat'><strong>«</strong></span> <span class='ocrx_word' id='word_1_149' title='bbox 1246 2307 1372 2359; x_wconf 89' lang='lat' dir='ltr'><strong>Non</strong></span> <span class='ocrx_word' id='word_1_150' title='bbox 1423 2309 1514 2359; x_wconf 90' lang='lat' dir='ltr'><strong>est</strong></span> <span class='ocrx_word' id='word_1_151' title='bbox 1559 2304 1715 2359; x_wconf 91' lang='lat' dir='ltr'><strong>idem</strong></span> <span class='ocrx_word' id='word_1_152' title='bbox 1748 2305 1918 2359; x_wconf 91' lang='lat' dir='ltr'><strong>Pater</strong></span> 
     </span>
    </p>
   </div>
   <div class='ocr_carea' id='block_1_25' title="bbox 267 2393 1915 2465">
    <p class='ocr_par' dir='ltr' id='par_1_25' title="bbox 267 2393 1915 2465">
     <span class='ocr_line' id='line_1_25' title="bbox 267 2393 1915 2465; baseline 0.001 -18"><span class='ocrx_word' id='word_1_153' title='bbox 267 2397 325 2448; x_wconf 93' lang='lat' dir='ltr'><strong>et</strong></span> <span class='ocrx_word' id='word_1_154' title='bbox 374 2393 556 2447; x_wconf 89' lang='lat' dir='ltr'><strong>Filius</strong></span> <span class='ocrx_word' id='word_1_155' title='bbox 605 2393 867 2459; x_wconf 87' lang='lat' dir='ltr'><strong>modulo,</strong></span> <span class='ocrx_word' id='word_1_156' title='bbox 916 2414 943 2443; x_wconf 85' lang='lat'>»</span> <span class='ocrx_word' id='word_1_157' title='bbox 998 2393 1056 2448; x_wconf 91' lang='lat' dir='ltr'><strong>id</strong></span> <span class='ocrx_word' id='word_1_158' title='bbox 1110 2396 1200 2448; x_wconf 87' lang='lat' dir='ltr'><strong>est</strong></span> <span class='ocrx_word' id='word_1_159' title='bbox 1247 2409 1313 2449; x_wconf 93' lang='lat' dir='ltr'><strong>eo</strong></span> <span class='ocrx_word' id='word_1_160' title='bbox 1365 2394 1712 2465; x_wconf 86' lang='lat' dir='ltr'><strong>prolationis</strong></span> <span class='ocrx_word' id='word_1_161' title='bbox 1744 2395 1915 2450; x_wconf 91' lang='lat' dir='ltr'><strong>modo</strong></span> 
     </span>
    </p>
   </div>
   <div class='ocr_carea' id='block_1_26' title="bbox 268 2480 1918 2554">
    <p class='ocr_par' dir='ltr' id='par_1_26' title="bbox 268 2480 1918 2554">
     <span class='ocr_line' id='line_1_26' title="bbox 268 2480 1918 2554; baseline 0.001 -18"><span class='ocrx_word' id='word_1_162' title='bbox 268 2498 384 2553; x_wconf 91' lang='lat' dir='ltr'><strong>quo</strong></span> <span class='ocrx_word' id='word_1_163' title='bbox 415 2480 619 2537; x_wconf 87' lang='lat' dir='ltr'><strong>Fillius</strong></span> <span class='ocrx_word' id='word_1_164' title='bbox 668 2498 702 2536; x_wconf 90' lang='lat' dir='ltr'><strong>a</strong></span> <span class='ocrx_word' id='word_1_165' title='bbox 756 2484 925 2537; x_wconf 85' lang='lat' dir='ltr'><strong>Patre</strong></span> <span class='ocrx_word' id='word_1_166' title='bbox 983 2482 1237 2554; x_wconf 89' lang='lat' dir='ltr'><strong>prodivit</strong></span> <span class='ocrx_word' id='word_1_167' title='bbox 1299 2482 1504 2553; x_wconf 88' lang='lat' dir='ltr'><strong>(Idem,</strong></span> <span class='ocrx_word' id='word_1_168' title='bbox 1565 2483 1685 2539; x_wconf 89' lang='lat' dir='ltr'><strong>adv.</strong></span> <span class='ocrx_word' id='word_1_169' title='bbox 1748 2486 1918 2538; x_wconf 73' lang='lat' dir='ltr'><strong>Prax.</strong></span> 
     </span>
    </p>
   </div>
   <div class='ocr_carea' id='block_1_27' title="bbox 271 2570 1921 2643">
    <p class='ocr_par' dir='ltr' id='par_1_27' title="bbox 271 2570 1921 2643">
     <span class='ocr_line' id='line_1_27' title="bbox 271 2570 1921 2643; baseline 0.001 -16"><span class='ocrx_word' id='word_1_170' title='bbox 271 2586 400 2642; x_wconf 90' lang='lat' dir='ltr'><strong>cap.</strong></span> <span class='ocrx_word' id='word_1_171' title='bbox 432 2570 489 2641; x_wconf 93' lang='lat'>8)</span> <span class='ocrx_word' id='word_1_172' title='bbox 522 2570 700 2625; x_wconf 91' lang='lat' dir='ltr'><strong>Filius</strong></span> <span class='ocrx_word' id='word_1_173' title='bbox 731 2586 868 2643; x_wconf 87' lang='lat' dir='ltr'><strong>ergo</strong></span> <span class='ocrx_word' id='word_1_174' title='bbox 910 2588 1042 2627; x_wconf 88' lang='lat' dir='ltr'><strong>cum</strong></span> <span class='ocrx_word' id='word_1_175' title='bbox 1095 2575 1263 2626; x_wconf 88' lang='lat' dir='ltr'><strong>Patre</strong></span> <span class='ocrx_word' id='word_1_176' title='bbox 1297 2588 1605 2628; x_wconf 90' lang='lat' dir='ltr'><strong>numerum</strong></span> <span class='ocrx_word' id='word_1_177' title='bbox 1660 2574 1793 2628; x_wconf 87' lang='lat' dir='ltr'><strong>facit</strong></span> <span class='ocrx_word' id='word_1_178' title='bbox 1838 2575 1921 2629; x_wconf 81' lang='lat' dir='ltr'><strong>at-</strong></span> 
     </span>
    </p>
   </div>
   <div class='ocr_carea' id='block_1_28' title="bbox 268 2659 1918 2731">
    <p class='ocr_par' dir='ltr' id='par_1_28' title="bbox 268 2659 1918 2731">
     <span class='ocr_line' id='line_1_28' title="bbox 268 2659 1918 2731; baseline 0.001 -16"><span class='ocrx_word' id='word_1_179' title='bbox 268 2664 511 2729; x_wconf 81' lang='lat' dir='ltr'><strong>ternum,</strong></span> <span class='ocrx_word' id='word_1_180' title='bbox 542 2659 600 2713; x_wconf 91' lang='lat' dir='ltr'><strong>id</strong></span> <span class='ocrx_word' id='word_1_181' title='bbox 631 2664 742 2727; x_wconf 90' lang='lat' dir='ltr'><strong>est,</strong></span> <span class='ocrx_word' id='word_1_182' title='bbox 775 2664 1015 2731; x_wconf 90' lang='lat' dir='ltr'><strong>uterque</strong></span> <span class='ocrx_word' id='word_1_183' title='bbox 1046 2660 1215 2716; x_wconf 90' lang='lat' dir='ltr'><strong>Pater</strong></span> <span class='ocrx_word' id='word_1_184' title='bbox 1256 2666 1313 2717; x_wconf 93' lang='lat' dir='ltr'><strong>et</strong></span> <span class='ocrx_word' id='word_1_185' title='bbox 1360 2661 1538 2718; x_wconf 84' lang='lat' dir='ltr'><strong>Filius</strong></span> <span class='ocrx_word' id='word_1_186' title='bbox 1588 2662 1918 2718; x_wconf 87' lang='lat' dir='ltr'><strong>alternatim</strong></span> 
     </span>
    </p>
   </div>
   <div class='ocr_carea' id='block_1_29' title="bbox 269 2748 1919 2819">
    <p class='ocr_par' dir='ltr' id='par_1_29' title="bbox 269 2748 1919 2819">
     <span class='ocr_line' id='line_1_29' title="bbox 269 2748 1919 2819; baseline 0.002 -15"><span class='ocrx_word' id='word_1_187' title='bbox 269 2748 648 2818; x_wconf 87' lang='lat' dir='ltr'><strong>vicissimque</strong></span> <span class='ocrx_word' id='word_1_188' title='bbox 663 2748 910 2803; x_wconf 90' lang='lat' dir='ltr'><strong>duarum</strong></span> <span class='ocrx_word' id='word_1_189' title='bbox 934 2764 1319 2819; x_wconf 89' lang='lat' dir='ltr'><strong>personarum</strong></span> <span class='ocrx_word' id='word_1_190' title='bbox 1338 2767 1651 2806; x_wconf 90' lang='lat' dir='ltr'><strong>numerum</strong></span> <span class='ocrx_word' id='word_1_191' title='bbox 1674 2751 1919 2807; x_wconf 86' lang='lat' dir='ltr'><strong>faciunt.</strong></span> 
     </span>
    </p>
   </div>
   <div class='ocr_carea' id='block_1_30' title="bbox 270 2836 1919 2913">
    <p class='ocr_par' dir='ltr' id='par_1_30' title="bbox 270 2836 1919 2913">
     <span class='ocr_line' id='line_1_30' title="bbox 270 2836 1919 2913; baseline 0.001 -19"><span class='ocrx_word' id='word_1_192' title='bbox 270 2837 621 2895; x_wconf 84' lang='lat' dir='ltr'><strong>Tertulliani</strong></span> <span class='ocrx_word' id='word_1_193' title='bbox 653 2841 850 2893; x_wconf 88' lang='lat' dir='ltr'><strong>autem</strong></span> <span class='ocrx_word' id='word_1_194' title='bbox 876 2836 1033 2893; x_wconf 91' lang='lat' dir='ltr'><strong>hunc</strong></span> <span class='ocrx_word' id='word_1_195' title='bbox 1062 2855 1192 2895; x_wconf 91' lang='lat' dir='ltr'><strong>esse</strong></span> <span class='ocrx_word' id='word_1_196' title='bbox 1248 2856 1489 2895; x_wconf 90' lang='lat' dir='ltr'><strong>sensum</strong></span> <span class='ocrx_word' id='word_1_197' title='bbox 1518 2840 1712 2913; x_wconf 87' lang='lat' dir='ltr'><strong>colligi</strong></span> <span class='ocrx_word' id='word_1_198' title='bbox 1762 2840 1919 2897; x_wconf 91' lang='lat' dir='ltr'><strong>haud</strong></span> 
     </span>
    </p>
   </div>
   <div class='ocr_carea' id='block_1_31' title="bbox 269 2926 1916 2999">
    <p class='ocr_par' dir='ltr' id='par_1_31' title="bbox 269 2926 1916 2999">
     <span class='ocr_line' id='line_1_31' title="bbox 269 2926 1916 2999; baseline 0.002 -16"><span class='ocrx_word' id='word_1_199' title='bbox 269 2928 470 2999; x_wconf 90' lang='lat' dir='ltr'><strong>inepte</strong></span> <span class='ocrx_word' id='word_1_200' title='bbox 518 2931 710 2999; x_wconf 87' lang='lat' dir='ltr'><strong>potest</strong></span> <span class='ocrx_word' id='word_1_201' title='bbox 758 2926 849 2982; x_wconf 92' lang='lat' dir='ltr'><strong>his</strong></span> <span class='ocrx_word' id='word_1_202' title='bbox 897 2928 1027 2997; x_wconf 87' lang='lat' dir='ltr'><strong>ejus</strong></span> <span class='ocrx_word' id='word_1_203' title='bbox 1075 2927 1135 2982; x_wconf 93' lang='lat' dir='ltr'><strong>in</strong></span> <span class='ocrx_word' id='word_1_204' title='bbox 1198 2929 1401 2984; x_wconf 91' lang='lat' dir='ltr'><strong>eodem</strong></span> <span class='ocrx_word' id='word_1_205' title='bbox 1456 2928 1604 2985; x_wconf 89' lang='lat' dir='ltr'><strong>libro</strong></span> <span class='ocrx_word' id='word_1_206' title='bbox 1676 2930 1916 2986; x_wconf 90' lang='lat' dir='ltr'><strong>verbis:</strong></span> 
     </span>
    </p>
   </div>
   <div class='ocr_carea' id='block_1_32' title="bbox 273 3015 1916 3090">
    <p class='ocr_par' dir='ltr' id='par_1_32' title="bbox 273 3015 1916 3090">
     <span class='ocr_line' id='line_1_32' title="bbox 273 3015 1916 3090; baseline 0.004 -23"><span class='ocrx_word' id='word_1_207' title='bbox 273 3039 302 3067; x_wconf 85' lang='grc'><strong>‹‹</strong></span> <span class='ocrx_word' id='word_1_208' title='bbox 336 3021 507 3073; x_wconf 88' lang='lat' dir='ltr'><strong>Pater</strong></span> <span class='ocrx_word' id='word_1_209' title='bbox 537 3015 747 3071; x_wconf 87' lang='lat' dir='ltr'><strong>Filium</strong></span> <span class='ocrx_word' id='word_1_210' title='bbox 782 3016 940 3080; x_wconf 84' lang='lat' dir='ltr'><strong>facit,</strong></span> <span class='ocrx_word' id='word_1_211' title='bbox 983 3020 1040 3071; x_wconf 91' lang='lat' dir='ltr'><strong>et</strong></span> <span class='ocrx_word' id='word_1_212' title='bbox 1092 3020 1320 3072; x_wconf 90' lang='lat' dir='ltr'><strong>Patrem</strong></span> <span class='ocrx_word' id='word_1_213' title='bbox 1371 3018 1569 3074; x_wconf 90' lang='lat' dir='ltr'><strong>Filius.</strong></span> <span class='ocrx_word' id='word_1_214' title='bbox 1620 3019 1690 3073; x_wconf 89' lang='lat' dir='ltr'><strong>Et</strong></span> <span class='ocrx_word' id='word_1_215' title='bbox 1718 3019 1817 3090; x_wconf 91' lang='lat' dir='ltr'><strong>qui</strong></span> <span class='ocrx_word' id='word_1_216' title='bbox 1851 3035 1916 3074; x_wconf 89' lang='lat' dir='ltr'><strong>ex</strong></span> 
     </span>
    </p>
   </div>
   <div class='ocr_carea' id='block_1_33' title="bbox 268 3104 1919 3176">
    <p class='ocr_par' dir='ltr' id='par_1_33' title="bbox 268 3104 1919 3176">
     <span class='ocr_line' id='line_1_33' title="bbox 268 3104 1919 3176; baseline 0.001 -15"><span class='ocrx_word' id='word_1_217' title='bbox 268 3104 547 3162; x_wconf 85' lang='lat' dir='ltr'><strong>alterutro</strong></span> <span class='ocrx_word' id='word_1_218' title='bbox 580 3104 749 3172; x_wconf 83' lang='lat' dir='ltr'><strong>fiunt,</strong></span> <span class='ocrx_word' id='word_1_219' title='bbox 785 3104 1174 3176; x_wconf 89' lang='lat' dir='ltr'><strong>asemetipsis</strong></span> <span class='ocrx_word' id='word_1_220' title='bbox 1227 3105 1339 3161; x_wconf 90' lang='lat' dir='ltr'><strong>sibi</strong></span> <span class='ocrx_word' id='word_1_221' title='bbox 1374 3107 1496 3161; x_wconf 78' lang='lat' dir='ltr'><strong>fieri</strong></span> <span class='ocrx_word' id='word_1_222' title='bbox 1555 3107 1714 3163; x_wconf 91' lang='lat' dir='ltr'><strong>nullo</strong></span> <span class='ocrx_word' id='word_1_223' title='bbox 1749 3109 1919 3163; x_wconf 91' lang='lat' dir='ltr'><strong>modo</strong></span> 
     </span>
    </p>
   </div>
   <div class='ocr_carea' id='block_1_34' title="bbox 270 3194 1916 3267">
    <p class='ocr_par' dir='ltr' id='par_1_34' title="bbox 270 3194 1916 3267">
     <span class='ocr_line' id='line_1_34' title="bbox 270 3194 1916 3267; baseline 0.001 -16"><span class='ocrx_word' id='word_1_224' title='bbox 270 3198 542 3267; x_wconf 90' lang='lat' dir='ltr'><strong>possunt,</strong></span> <span class='ocrx_word' id='word_1_225' title='bbox 576 3197 643 3249; x_wconf 91' lang='lat' dir='ltr'><strong>ut</strong></span> <span class='ocrx_word' id='word_1_226' title='bbox 672 3194 841 3251; x_wconf 86' lang='lat' dir='ltr'><strong>Pater</strong></span> <span class='ocrx_word' id='word_1_227' title='bbox 872 3210 934 3250; x_wconf 90' lang='lat' dir='ltr'><strong>se</strong></span> <span class='ocrx_word' id='word_1_228' title='bbox 966 3194 1078 3249; x_wconf 87' lang='lat' dir='ltr'><strong>sibi</strong></span> <span class='ocrx_word' id='word_1_229' title='bbox 1113 3194 1326 3260; x_wconf 86' lang='lat' dir='ltr'><strong>Filium</strong></span> <span class='ocrx_word' id='word_1_230' title='bbox 1350 3195 1546 3263; x_wconf 81' lang='lat' dir='ltr'><strong>faciat,</strong></span> <span class='ocrx_word' id='word_1_231' title='bbox 1566 3201 1622 3251; x_wconf 89' lang='lat' dir='ltr'><strong>et</strong></span> <span class='ocrx_word' id='word_1_232' title='bbox 1656 3196 1832 3252; x_wconf 91' lang='lat' dir='ltr'><strong>Filius</strong></span> <span class='ocrx_word' id='word_1_233' title='bbox 1856 3213 1916 3253; x_wconf 94' lang='lat' dir='ltr'><strong>se</strong></span> 
     </span>
    </p>
   </div>
   <div class='ocr_carea' id='block_1_35' title="bbox 266 3274 1991 3357">
    <p class='ocr_par' dir='ltr' id='par_1_35' title="bbox 266 3274 1991 3357">
     <span class='ocr_line' id='line_1_35' title="bbox 266 3274 1991 3357; baseline 0 -16"><span class='ocrx_word' id='word_1_234' title='bbox 266 3284 377 3341; x_wconf 88' lang='lat' dir='ltr'><strong>sibi</strong></span> <span class='ocrx_word' id='word_1_235' title='bbox 410 3286 782 3341; x_wconf 92' lang='lat' dir='ltr'><strong>Patrem......</strong></span> <span class='ocrx_word' id='word_1_236' title='bbox 814 3284 1037 3340; x_wconf 88' lang='lat' dir='ltr'><strong>Habeat</strong></span> <span class='ocrx_word' id='word_1_237' title='bbox 1082 3299 1316 3340; x_wconf 88' lang='lat' dir='ltr'><strong>necesse</strong></span> <span class='ocrx_word' id='word_1_238' title='bbox 1347 3290 1435 3341; x_wconf 91' lang='lat' dir='ltr'><strong>est</strong></span> <span class='ocrx_word' id='word_1_239' title='bbox 1482 3286 1651 3343; x_wconf 91' lang='lat' dir='ltr'><strong>Pater</strong></span> <span class='ocrx_word' id='word_1_240' title='bbox 1682 3287 1913 3357; x_wconf 88' lang='lat' dir='ltr'><strong>Filium,</strong></span> <span class='ocrx_word' id='word_1_241' title='bbox 1949 3274 1991 3341; x_wconf 89' lang='lat' dir='ltr'>C</span> 
     </span>
    </p>
   </div>
   <div class='ocr_carea' id='block_1_36' title="bbox 264 3372 1911 3448">
    <p class='ocr_par' dir='ltr' id='par_1_36' title="bbox 264 3372 1911 3448">
     <span class='ocr_line' id='line_1_36' title="bbox 264 3372 1911 3448; baseline 0.002 -19"><span class='ocrx_word' id='word_1_242' title='bbox 264 3377 330 3429; x_wconf 92' lang='lat' dir='ltr'><strong>ut</strong></span> <span class='ocrx_word' id='word_1_243' title='bbox 361 3374 524 3429; x_wconf 89' lang='lat' dir='ltr'><strong>Pater</strong></span> <span class='ocrx_word' id='word_1_244' title='bbox 552 3373 654 3444; x_wconf 85' lang='lat' dir='ltr'><strong>sit,</strong></span> <span class='ocrx_word' id='word_1_245' title='bbox 687 3377 744 3429; x_wconf 91' lang='lat' dir='ltr'><strong>et</strong></span> <span class='ocrx_word' id='word_1_246' title='bbox 771 3372 957 3428; x_wconf 88' lang='lat' dir='ltr'><strong>Filius</strong></span> <span class='ocrx_word' id='word_1_247' title='bbox 988 3372 1238 3437; x_wconf 89' lang='lat' dir='ltr'><strong>Patrem,</strong></span> <span class='ocrx_word' id='word_1_248' title='bbox 1273 3378 1337 3428; x_wconf 93' lang='lat' dir='ltr'><strong>ut</strong></span> <span class='ocrx_word' id='word_1_249' title='bbox 1367 3374 1545 3431; x_wconf 85' lang='lat' dir='ltr'><strong>Filius</strong></span> <span class='ocrx_word' id='word_1_250' title='bbox 1576 3375 1669 3431; x_wconf 90' lang='lat' dir='ltr'><strong>sit.</strong></span> <span class='ocrx_word' id='word_1_251' title='bbox 1691 3398 1719 3426; x_wconf 82' lang='lat'><em>»</em></span> <span class='ocrx_word' id='word_1_252' title='bbox 1740 3377 1911 3448; x_wconf 79' lang='lat' dir='ltr'><strong>(Ibid.</strong></span> 
     </span>
    </p>
   </div>
   <div class='ocr_carea' id='block_1_37' title="bbox 265 3462 1914 3536">
    <p class='ocr_par' dir='ltr' id='par_1_37' title="bbox 265 3462 1914 3536">
     <span class='ocr_line' id='line_1_37' title="bbox 265 3462 1914 3536; baseline 0.001 -16"><span class='ocrx_word' id='word_1_253' title='bbox 265 3480 392 3536; x_wconf 88' lang='lat' dir='ltr'><strong>cap.</strong></span> <span class='ocrx_word' id='word_1_254' title='bbox 426 3464 531 3533; x_wconf 86' lang='grc'><strong>10.)</strong></span> <span class='ocrx_word' id='word_1_255' title='bbox 564 3463 827 3519; x_wconf 83' lang='lat' dir='ltr'><strong>Audisne</strong></span> <span class='ocrx_word' id='word_1_256' title='bbox 859 3479 1037 3534; x_wconf 86' lang='lat' dir='ltr'><strong>quam</strong></span> <span class='ocrx_word' id='word_1_257' title='bbox 1066 3462 1396 3520; x_wconf 89' lang='lat' dir='ltr'><strong>luculenter</strong></span> <span class='ocrx_word' id='word_1_258' title='bbox 1423 3464 1520 3521; x_wconf 91' lang='lat' dir='ltr'><strong>ille</strong></span> <span class='ocrx_word' id='word_1_259' title='bbox 1570 3466 1775 3522; x_wconf 87' lang='lat' dir='ltr'><strong>doceat</strong></span> <span class='ocrx_word' id='word_1_260' title='bbox 1807 3467 1914 3523; x_wconf 87' lang='lat' dir='ltr'><strong>Pa-</strong></span> 
     </span>
    </p>
   </div>
   <div class='ocr_carea' id='block_1_38' title="bbox 266 3552 1913 3626">
    <p class='ocr_par' dir='ltr' id='par_1_38' title="bbox 266 3552 1913 3626">
     <span class='ocr_line' id='line_1_38' title="bbox 266 3552 1913 3626; baseline 0.002 -17"><span class='ocrx_word' id='word_1_261' title='bbox 266 3557 414 3609; x_wconf 85' lang='lat' dir='ltr'><strong>trem</strong></span> <span class='ocrx_word' id='word_1_262' title='bbox 446 3557 501 3609; x_wconf 89' lang='lat' dir='ltr'><strong>et</strong></span> <span class='ocrx_word' id='word_1_263' title='bbox 538 3553 754 3609; x_wconf 91' lang='lat' dir='ltr'><strong>Filium</strong></span> <span class='ocrx_word' id='word_1_264' title='bbox 786 3552 869 3608; x_wconf 90' lang='lat' dir='ltr'><strong>sic</strong></span> <span class='ocrx_word' id='word_1_265' title='bbox 900 3553 1051 3608; x_wconf 88' lang='lat' dir='ltr'><strong>inter</strong></span> <span class='ocrx_word' id='word_1_266' title='bbox 1079 3570 1142 3608; x_wconf 89' lang='lat' dir='ltr'><strong>se</strong></span> <span class='ocrx_word' id='word_1_267' title='bbox 1174 3555 1465 3626; x_wconf 90' lang='lat' dir='ltr'><strong>componi,</strong></span> <span class='ocrx_word' id='word_1_268' title='bbox 1494 3559 1556 3610; x_wconf 87' lang='lat' dir='ltr'><strong>ut</strong></span> <span class='ocrx_word' id='word_1_269' title='bbox 1588 3556 1754 3612; x_wconf 91' lang='lat' dir='ltr'><strong>Pater</strong></span> <span class='ocrx_word' id='word_1_270' title='bbox 1780 3574 1913 3613; x_wconf 93' lang='lat' dir='ltr'><strong>cum</strong></span> 
     </span>
    </p>
   </div>
   <div class='ocr_carea' id='block_1_39' title="bbox 267 3641 1914 3713">
    <p class='ocr_par' dir='ltr' id='par_1_39' title="bbox 267 3641 1914 3713">
     <span class='ocr_line' id='line_1_39' title="bbox 267 3641 1914 3713; baseline 0.001 -14"><span class='ocrx_word' id='word_1_271' title='bbox 267 3642 436 3713; x_wconf 91' lang='lat' dir='ltr'><strong>Filio,</strong></span> <span class='ocrx_word' id='word_1_272' title='bbox 469 3659 536 3698; x_wconf 90' lang='lat' dir='ltr'><strong>ac</strong></span> <span class='ocrx_word' id='word_1_273' title='bbox 566 3642 827 3699; x_wconf 89' lang='lat' dir='ltr'><strong>vicissim</strong></span> <span class='ocrx_word' id='word_1_274' title='bbox 858 3641 1041 3699; x_wconf 90' lang='lat' dir='ltr'><strong>Filius</strong></span> <span class='ocrx_word' id='word_1_275' title='bbox 1072 3659 1207 3700; x_wconf 89' lang='lat' dir='ltr'><strong>cum</strong></span> <span class='ocrx_word' id='word_1_276' title='bbox 1266 3644 1433 3701; x_wconf 88' lang='lat' dir='ltr'><strong>Patre</strong></span> <span class='ocrx_word' id='word_1_277' title='bbox 1487 3662 1799 3702; x_wconf 87' lang='lat' dir='ltr'><strong>numerum</strong></span> <span class='ocrx_word' id='word_1_278' title='bbox 1832 3646 1914 3703; x_wconf 86' lang='lat' dir='ltr'><strong>al-</strong></span> 
     </span>
    </p>
   </div>
   <div class='ocr_carea' id='block_1_40' title="bbox 264 3732 793 3789">
    <p class='ocr_par' dir='ltr' id='par_1_40' title="bbox 264 3732 793 3789">
     <span class='ocr_line' id='line_1_40' title="bbox 264 3732 793 3789; baseline 0 -2"><span class='ocrx_word' id='word_1_279' title='bbox 264 3736 497 3789; x_wconf 90' lang='lat' dir='ltr'><strong>ternum</strong></span> <span class='ocrx_word' id='word_1_280' title='bbox 530 3732 793 3788; x_wconf 86' lang='lat' dir='ltr'><strong>faciant?</strong></span> 
     </span>
    </p>
   </div>
   <div class='ocr_carea' id='block_1_41' title="bbox 335 3821 1917 3893">
    <p class='ocr_par' dir='ltr' id='par_1_41' title="bbox 335 3821 1917 3893">
     <span class='ocr_line' id='line_1_41' title="bbox 335 3821 1917 3893; baseline 0.003 -17"><span class='ocrx_word' id='word_1_281' title='bbox 335 3821 576 3892; x_wconf 89' lang='lat' dir='ltr'><strong>Verum,</strong></span> <span class='ocrx_word' id='word_1_282' title='bbox 628 3821 768 3893; x_wconf 90' lang='lat' dir='ltr'><strong>quia</strong></span> <span class='ocrx_word' id='word_1_283' title='bbox 825 3821 1125 3879; x_wconf 87' lang='lat' dir='ltr'><strong>infinitum</strong></span> <span class='ocrx_word' id='word_1_284' title='bbox 1183 3826 1273 3879; x_wconf 89' lang='lat' dir='ltr'><strong>est</strong></span> <span class='ocrx_word' id='word_1_285' title='bbox 1327 3823 1481 3879; x_wconf 90' lang='lat' dir='ltr'><strong>inter</strong></span> <span class='ocrx_word' id='word_1_286' title='bbox 1536 3824 1804 3881; x_wconf 89' lang='lat' dir='ltr'><strong>homines</strong></span> <span class='ocrx_word' id='word_1_287' title='bbox 1860 3830 1917 3881; x_wconf 90' lang='lat' dir='ltr'><strong>et</strong></span> 
     </span>
    </p>
   </div>
   <div class='ocr_carea' id='block_1_42' title="bbox 264 3911 1917 3978">
    <p class='ocr_par' dir='ltr' id='par_1_42' title="bbox 264 3911 1917 3978">
     <span class='ocr_line' id='line_1_42' title="bbox 264 3911 1917 3978; baseline 0.004 -13"><span class='ocrx_word' id='word_1_288' title='bbox 264 3916 448 3967; x_wconf 89' lang='lat' dir='ltr'><strong>Deum</strong></span> <span class='ocrx_word' id='word_1_289' title='bbox 475 3911 964 3978; x_wconf 87' lang='lat' dir='ltr'><strong>discrimen,hinc</strong></span> <span class='ocrx_word' id='word_1_290' title='bbox 994 3912 1238 3967; x_wconf 91' lang='lat' dir='ltr'><strong>minime</strong></span> <span class='ocrx_word' id='word_1_291' title='bbox 1264 3912 1603 3969; x_wconf 88' lang='lat' dir='ltr'><strong>dubitanter</strong></span> <span class='ocrx_word' id='word_1_292' title='bbox 1625 3920 1917 3971; x_wconf 90' lang='lat' dir='ltr'><strong>asseverat</strong></span> 
     </span>
    </p>
   </div>
   <div class='ocr_carea' id='block_1_43' title="bbox 265 3999 1917 4074">
    <p class='ocr_par' dir='ltr' id='par_1_43' title="bbox 265 3999 1917 4074">
     <span class='ocr_line' id='line_1_43' title="bbox 265 3999 1917 4074; baseline 0.004 -18"><span class='ocrx_word' id='word_1_293' title='bbox 265 4000 477 4057; x_wconf 88' lang='lat' dir='ltr'><strong>Filium</strong></span> <span class='ocrx_word' id='word_1_294' title='bbox 510 3999 612 4056; x_wconf 90' lang='lat' dir='ltr'><strong>Dei</strong></span> <span class='ocrx_word' id='word_1_295' title='bbox 644 3999 825 4056; x_wconf 88' lang='lat' dir='ltr'><strong>alium</strong></span> <span class='ocrx_word' id='word_1_296' title='bbox 856 4017 985 4057; x_wconf 88' lang='lat' dir='ltr'><strong>esse</strong></span> <span class='ocrx_word' id='word_1_297' title='bbox 1024 4018 1058 4057; x_wconf 90' lang='lat' dir='ltr'><strong>a</strong></span> <span class='ocrx_word' id='word_1_298' title='bbox 1106 4005 1274 4057; x_wconf 89' lang='lat' dir='ltr'><strong>Patre</strong></span> <span class='ocrx_word' id='word_1_299' title='bbox 1303 4002 1481 4073; x_wconf 82' lang='lat' dir='ltr'><strong>gradu</strong></span> <span class='ocrx_word' id='word_1_300' title='bbox 1530 4004 1791 4074; x_wconf 89' lang='lat' dir='ltr'><strong>quidem,</strong></span> <span class='ocrx_word' id='word_1_301' title='bbox 1822 4005 1917 4061; x_wconf 73' lang='lat' dir='ltr'><strong>sed</strong></span> 
     </span>
    </p>
   </div>
   <div class='ocr_carea' id='block_1_44' title="bbox 262 4088 1917 4163">
    <p class='ocr_par' dir='ltr' id='par_1_44' title="bbox 262 4088 1917 4163">
     <span class='ocr_line' id='line_1_44' title="bbox 262 4088 1917 4163; baseline 0.001 -16"><span class='ocrx_word' id='word_1_302' title='bbox 262 4106 377 4147; x_wconf 84' lang='lat' dir='ltr'><strong>non</strong></span> <span class='ocrx_word' id='word_1_303' title='bbox 402 4094 569 4159; x_wconf 72' lang='lat' dir='ltr'><strong>statu,</strong></span> <span class='ocrx_word' id='word_1_304' title='bbox 603 4088 712 4145; x_wconf 89' lang='lat' dir='ltr'><strong>hoc</strong></span> <span class='ocrx_word' id='word_1_305' title='bbox 744 4090 1025 4159; x_wconf 87' lang='lat' dir='ltr'><strong>est,illum</strong></span> <span class='ocrx_word' id='word_1_306' title='bbox 1054 4108 1164 4147; x_wconf 91' lang='lat' dir='ltr'><strong>sua</strong></span> <span class='ocrx_word' id='word_1_307' title='bbox 1183 4094 1559 4163; x_wconf 87' lang='lat' dir='ltr'><strong>generatione</strong></span> <span class='ocrx_word' id='word_1_308' title='bbox 1587 4110 1714 4150; x_wconf 85' lang='lat' dir='ltr'><strong>esse</strong></span> <span class='ocrx_word' id='word_1_309' title='bbox 1738 4093 1917 4149; x_wconf 89' lang='lat' dir='ltr'><strong>alium</strong></span> 
     </span>
    </p>
   </div>
   <div class='ocr_carea' id='block_1_45' title="bbox 263 4178 1917 4255">
    <p class='ocr_par' dir='ltr' id='par_1_45' title="bbox 263 4178 1917 4255">
     <span class='ocr_line' id='line_1_45' title="bbox 263 4178 1917 4255; baseline 0.002 -20"><span class='ocrx_word' id='word_1_310' title='bbox 263 4178 471 4255; x_wconf 84' lang='lat' dir='ltr'><strong>gradu,</strong></span> <span class='ocrx_word' id='word_1_311' title='bbox 504 4194 608 4234; x_wconf 90' lang='lat' dir='ltr'><strong>seu</strong></span> <span class='ocrx_word' id='word_1_312' title='bbox 640 4178 846 4234; x_wconf 91' lang='lat' dir='ltr'><strong>ordine</strong></span> <span class='ocrx_word' id='word_1_313' title='bbox 875 4180 1203 4236; x_wconf 89' lang='lat' dir='ltr'><strong>secundum</strong></span> <span class='ocrx_word' id='word_1_314' title='bbox 1246 4180 1406 4249; x_wconf 88' lang='lat' dir='ltr'><strong>(Ibid.</strong></span> <span class='ocrx_word' id='word_1_315' title='bbox 1440 4197 1564 4253; x_wconf 85' lang='lat' dir='ltr'><strong>cap.</strong></span> <span class='ocrx_word' id='word_1_316' title='bbox 1597 4183 1673 4253; x_wconf 88' lang='lat'><strong>2),</strong></span> <span class='ocrx_word' id='word_1_317' title='bbox 1717 4187 1917 4255; x_wconf 87' lang='lat' dir='ltr'><strong>utpote</strong></span> 
     </span>
    </p>
   </div>
   <div class='ocr_carea' id='block_1_46' title="bbox 264 4268 1915 4343">
    <p class='ocr_par' dir='ltr' id='par_1_46' title="bbox 264 4268 1915 4343">
     <span class='ocr_line' id='line_1_46' title="bbox 264 4268 1915 4343; baseline 0.001 -17"><span class='ocrx_word' id='word_1_318' title='bbox 264 4269 534 4343; x_wconf 87' lang='lat' dir='ltr'><strong>genitum</strong></span> <span class='ocrx_word' id='word_1_319' title='bbox 565 4285 600 4323; x_wconf 88' lang='lat' dir='ltr'><strong>a</strong></span> <span class='ocrx_word' id='word_1_320' title='bbox 632 4268 819 4336; x_wconf 88' lang='lat' dir='ltr'><strong>Patre,</strong></span> <span class='ocrx_word' id='word_1_321' title='bbox 862 4268 963 4324; x_wconf 90' lang='lat' dir='ltr'><strong>sed</strong></span> <span class='ocrx_word' id='word_1_322' title='bbox 995 4285 1111 4325; x_wconf 92' lang='lat' dir='ltr'><strong>non</strong></span> <span class='ocrx_word' id='word_1_323' title='bbox 1139 4272 1309 4339; x_wconf 73' lang='lat' dir='ltr'><strong>statu,</strong></span> <span class='ocrx_word' id='word_1_324' title='bbox 1358 4269 1415 4323; x_wconf 90' lang='lat' dir='ltr'><strong>id</strong></span> <span class='ocrx_word' id='word_1_325' title='bbox 1467 4274 1577 4341; x_wconf 90' lang='lat' dir='ltr'><strong>est,</strong></span> <span class='ocrx_word' id='word_1_326' title='bbox 1630 4288 1743 4327; x_wconf 92' lang='lat' dir='ltr'><strong>non</strong></span> <span class='ocrx_word' id='word_1_327' title='bbox 1776 4273 1915 4328; x_wconf 89' lang='lat' dir='ltr'><strong>sub-</strong></span> 
     </span>
    </p>
   </div>
   <div class='ocr_carea' id='block_1_47' title="bbox 265 4358 1917 4431">
    <p class='ocr_par' dir='ltr' id='par_1_47' title="bbox 265 4358 1917 4431">
     <span class='ocr_line' id='line_1_47' title="bbox 265 4358 1917 4431; baseline 0 -15"><span class='ocrx_word' id='word_1_328' title='bbox 265 4358 488 4416; x_wconf 84' lang='lat' dir='ltr'><strong>stantia</strong></span> <span class='ocrx_word' id='word_1_329' title='bbox 516 4374 583 4414; x_wconf 90' lang='lat' dir='ltr'><strong>ae</strong></span> <span class='ocrx_word' id='word_1_330' title='bbox 643 4361 873 4427; x_wconf 89' lang='lat' dir='ltr'><strong>natura,</strong></span> <span class='ocrx_word' id='word_1_331' title='bbox 932 4374 1057 4429; x_wconf 63' lang='lat' dir='ltr'><strong>quas</strong></span> <span class='ocrx_word' id='word_1_332' title='bbox 1088 4375 1207 4414; x_wconf 91' lang='lat' dir='ltr'><strong>una</strong></span> <span class='ocrx_word' id='word_1_333' title='bbox 1263 4358 1583 4431; x_wconf 90' lang='lat' dir='ltr'><strong>eademque</strong></span> <span class='ocrx_word' id='word_1_334' title='bbox 1639 4360 1697 4415; x_wconf 90' lang='lat' dir='ltr'><strong>in</strong></span> <span class='ocrx_word' id='word_1_335' title='bbox 1730 4360 1829 4417; x_wconf 91' lang='lat' dir='ltr'><strong>illo</strong></span> <span class='ocrx_word' id='word_1_336' title='bbox 1861 4365 1917 4416; x_wconf 90' lang='lat' dir='ltr'><strong>et</strong></span> 
     </span>
    </p>
   </div>
   <div class='ocr_carea' id='block_1_48' title="bbox 269 4446 1917 4515">
    <p class='ocr_par' dir='ltr' id='par_1_48' title="bbox 269 4446 1917 4515">
     <span class='ocr_line' id='line_1_48' title="bbox 269 4446 1917 4515; baseline 0.001 -11"><span class='ocrx_word' id='word_1_337' title='bbox 269 4449 440 4504; x_wconf 78' lang='lat' dir='ltr'><strong>Patre</strong></span> <span class='ocrx_word' id='word_1_338' title='bbox 471 4464 576 4503; x_wconf 83' lang='lat' dir='ltr'><strong>suo</strong></span> <span class='ocrx_word' id='word_1_339' title='bbox 607 4452 716 4515; x_wconf 91' lang='lat' dir='ltr'><strong>est,</strong></span> <span class='ocrx_word' id='word_1_340' title='bbox 752 4447 862 4504; x_wconf 91' lang='lat' dir='ltr'><strong>Sed</strong></span> <span class='ocrx_word' id='word_1_341' title='bbox 894 4446 987 4503; x_wconf 89' lang='lat' dir='ltr'><strong>his</strong></span> <span class='ocrx_word' id='word_1_342' title='bbox 1018 4446 1178 4502; x_wconf 90' lang='lat' dir='ltr'><strong>illius</strong></span> <span class='ocrx_word' id='word_1_343' title='bbox 1210 4447 1385 4503; x_wconf 79' lang='lat' dir='ltr'><strong>dictis</strong></span> <span class='ocrx_word' id='word_1_344' title='bbox 1413 4464 1619 4503; x_wconf 87' lang='lat' dir='ltr'><strong>novam</strong></span> <span class='ocrx_word' id='word_1_345' title='bbox 1653 4450 1917 4505; x_wconf 89' lang='lat' dir='ltr'><strong>certelu-</strong></span> 
     </span>
    </p>
   </div>
   <div class='ocr_carea' id='block_1_49' title="bbox 269 4536 1917 4610">
    <p class='ocr_par' dir='ltr' id='par_1_49' title="bbox 269 4536 1917 4610">
     <span class='ocr_line' id='line_1_49' title="bbox 269 4536 1917 4610; baseline 0 -16"><span class='ocrx_word' id='word_1_346' title='bbox 269 4554 397 4595; x_wconf 90' lang='lat' dir='ltr'><strong>cem</strong></span> <span class='ocrx_word' id='word_1_347' title='bbox 429 4554 497 4594; x_wconf 91' lang='lat' dir='ltr'><strong>ea</strong></span> <span class='ocrx_word' id='word_1_348' title='bbox 528 4537 773 4606; x_wconf 89' lang='lat' dir='ltr'><strong>dabunt,</strong></span> <span class='ocrx_word' id='word_1_349' title='bbox 824 4552 951 4608; x_wconf 65' lang='lat' dir='ltr'><strong>quas</strong></span> <span class='ocrx_word' id='word_1_350' title='bbox 983 4537 1053 4591; x_wconf 90' lang='lat' dir='ltr'><strong>de</strong></span> <span class='ocrx_word' id='word_1_351' title='bbox 1085 4537 1351 4607; x_wconf 88' lang='lat' dir='ltr'><strong>ejusdem</strong></span> <span class='ocrx_word' id='word_1_352' title='bbox 1400 4536 1527 4591; x_wconf 87' lang='lat' dir='ltr'><strong>Filii</strong></span> <span class='ocrx_word' id='word_1_353' title='bbox 1573 4542 1628 4593; x_wconf 90' lang='lat' dir='ltr'><strong>et</strong></span> <span class='ocrx_word' id='word_1_354' title='bbox 1664 4539 1917 4610; x_wconf 89' lang='lat' dir='ltr'><strong>Spiritus</strong></span> 
     </span>
    </p>
   </div>
   <div class='ocr_carea' id='block_1_50' title="bbox 2048 606 3696 679">
    <p class='ocr_par' dir='ltr' id='par_1_50' title="bbox 2048 606 3696 679">
     <span class='ocr_line' id='line_1_50' title="bbox 2048 606 3696 679; baseline -0.001 -16"><span class='ocrx_word' id='word_1_355' title='bbox 2048 607 2327 679; x_wconf 84' lang='lat' dir='ltr'><strong>mysterio</strong></span> <span class='ocrx_word' id='word_1_356' title='bbox 2360 609 2575 679; x_wconf 81' lang='lat' dir='ltr'><strong>dogma</strong></span> <span class='ocrx_word' id='word_1_357' title='bbox 2599 626 2712 665; x_wconf 93' lang='lat' dir='ltr'><strong>non</strong></span> <span class='ocrx_word' id='word_1_358' title='bbox 2744 609 2936 665; x_wconf 88' lang='lat' dir='ltr'><strong>minas</strong></span> <span class='ocrx_word' id='word_1_359' title='bbox 2966 609 3181 665; x_wconf 90' lang='lat' dir='ltr'><strong>diserte</strong></span> <span class='ocrx_word' id='word_1_360' title='bbox 3212 606 3423 664; x_wconf 90' lang='lat' dir='ltr'><strong>asserit</strong></span> <span class='ocrx_word' id='word_1_361' title='bbox 3452 610 3509 662; x_wconf 92' lang='lat' dir='ltr'><strong>et</strong></span> <span class='ocrx_word' id='word_1_362' title='bbox 3546 622 3696 679; x_wconf 69' lang='lat' dir='ltr'><strong>pras-</strong></span> 
     </span>
    </p>
   </div>
   <div class='ocr_carea' id='block_1_51' title="bbox 2044 696 3694 770">
    <p class='ocr_par' dir='ltr' id='par_1_51' title="bbox 2044 696 3694 770">
     <span class='ocr_line' id='line_1_51' title="bbox 2044 696 3694 770; baseline 0.002 -18"><span class='ocrx_word' id='word_1_363' title='bbox 2044 698 2222 767; x_wconf 89' lang='lat' dir='ltr'><strong>dicat,</strong></span> <span class='ocrx_word' id='word_1_364' title='bbox 2256 697 2399 752; x_wconf 91' lang='lat' dir='ltr'><strong>illud</strong></span> <span class='ocrx_word' id='word_1_365' title='bbox 2435 699 2751 770; x_wconf 85' lang='lat' dir='ltr'><strong>separatim</strong></span> <span class='ocrx_word' id='word_1_366' title='bbox 2776 700 2833 754; x_wconf 93' lang='lat' dir='ltr'><strong>in</strong></span> <span class='ocrx_word' id='word_1_367' title='bbox 2868 700 2972 754; x_wconf 89' lang='lat' dir='ltr'><strong>hoc</strong></span> <span class='ocrx_word' id='word_1_368' title='bbox 3005 696 3250 754; x_wconf 88' lang='lat' dir='ltr'><strong>articulo</strong></span> <span class='ocrx_word' id='word_1_369' title='bbox 3288 698 3694 770; x_wconf 79' lang='lat' dir='ltr'><strong>exponendum</strong></span> 
     </span>
    </p>
   </div>
   <div class='ocr_carea' id='block_1_52' title="bbox 2042 787 3693 860">
    <p class='ocr_par' dir='ltr' id='par_1_52' title="bbox 2042 787 3693 860">
     <span class='ocr_line' id='line_1_52' title="bbox 2042 787 3693 860; baseline 0.001 -19"><span class='ocrx_word' id='word_1_370' title='bbox 2042 803 2170 843; x_wconf 92' lang='lat' dir='ltr'><strong>esse</strong></span> <span class='ocrx_word' id='word_1_371' title='bbox 2202 787 2499 843; x_wconf 78' lang='lat' dir='ltr'><strong>duximus.</strong></span> <span class='ocrx_word' id='word_1_372' title='bbox 2538 789 2795 844; x_wconf 89' lang='lat' dir='ltr'><strong>Primum</strong></span> <span class='ocrx_word' id='word_1_373' title='bbox 2829 789 3025 860; x_wconf 82' lang='lat' dir='ltr'><strong>itaque</strong></span> <span class='ocrx_word' id='word_1_374' title='bbox 3052 793 3253 843; x_wconf 91' lang='lat' dir='ltr'><strong>contra</strong></span> <span class='ocrx_word' id='word_1_375' title='bbox 3278 792 3555 843; x_wconf 89' lang='lat' dir='ltr'><strong>Praxeam</strong></span> <span class='ocrx_word' id='word_1_376' title='bbox 3588 787 3693 843; x_wconf 87' lang='lat' dir='ltr'><strong>Pa-</strong></span> 
     </span>
    </p>
   </div>
   <div class='ocr_carea' id='block_1_53' title="bbox 2040 874 3691 948">
    <p class='ocr_par' dir='ltr' id='par_1_53' title="bbox 2040 874 3691 948">
     <span class='ocr_line' id='line_1_53' title="bbox 2040 874 3691 948; baseline 0.001 -17"><span class='ocrx_word' id='word_1_377' title='bbox 2040 876 2484 947; x_wconf 87' lang='lat' dir='ltr'><strong>tripassianum,</strong></span> <span class='ocrx_word' id='word_1_378' title='bbox 2519 878 2620 948; x_wconf 91' lang='lat' dir='ltr'><strong>qui</strong></span> <span class='ocrx_word' id='word_1_379' title='bbox 2654 879 2926 933; x_wconf 89' lang='lat' dir='ltr'><strong>eumdem</strong></span> <span class='ocrx_word' id='word_1_380' title='bbox 2960 878 3187 933; x_wconf 87' lang='lat' dir='ltr'><strong>Patrem</strong></span> <span class='ocrx_word' id='word_1_381' title='bbox 3242 880 3299 932; x_wconf 89' lang='lat' dir='ltr'><strong>et</strong></span> <span class='ocrx_word' id='word_1_382' title='bbox 3350 874 3558 932; x_wconf 88' lang='lat' dir='ltr'><strong>Filium</strong></span> <span class='ocrx_word' id='word_1_383' title='bbox 3594 876 3691 933; x_wconf 87' lang='lat' dir='ltr'><strong>Dei</strong></span> 
     </span>
    </p>
   </div>
   <div class='ocr_carea' id='block_1_54' title="bbox 2038 965 3690 1039">
    <p class='ocr_par' dir='ltr' id='par_1_54' title="bbox 2038 965 3690 1039">
     <span class='ocr_line' id='line_1_54' title="bbox 2038 965 3690 1039; baseline 0.001 -18"><span class='ocrx_word' id='word_1_384' title='bbox 2038 981 2167 1021; x_wconf 82' lang='lat' dir='ltr'><strong>esse</strong></span> <span class='ocrx_word' id='word_1_385' title='bbox 2199 965 2519 1033; x_wconf 83' lang='lat' dir='ltr'><strong>etl‘utiebat,</strong></span> <span class='ocrx_word' id='word_1_386' title='bbox 2553 966 2670 1020; x_wconf 65' lang='lat' dir='ltr'><strong>haec</strong></span> <span class='ocrx_word' id='word_1_387' title='bbox 2702 967 2773 1021; x_wconf 91' lang='lat' dir='ltr'><strong>de</strong></span> <span class='ocrx_word' id='word_1_388' title='bbox 2815 967 3123 1023; x_wconf 77' lang='lat' dir='ltr'><strong>Trinitatis</strong></span> <span class='ocrx_word' id='word_1_389' title='bbox 3156 965 3454 1039; x_wconf 86' lang='lat' dir='ltr'><strong>mysterio,</strong></span> <span class='ocrx_word' id='word_1_390' title='bbox 3503 966 3690 1023; x_wconf 86' lang='lat' dir='ltr'><strong>tribus</strong></span> 
     </span>
    </p>
   </div>
   <div class='ocr_carea' id='block_1_55' title="bbox 2039 1054 3687 1127">
    <p class='ocr_par' dir='ltr' id='par_1_55' title="bbox 2039 1054 3687 1127">
     <span class='ocr_line' id='line_1_55' title="bbox 2039 1054 3687 1127; baseline 0.002 -19"><span class='ocrx_word' id='word_1_391' title='bbox 2039 1054 2307 1109; x_wconf 89' lang='lat' dir='ltr'><strong>videlicet</strong></span> <span class='ocrx_word' id='word_1_392' title='bbox 2337 1054 2552 1110; x_wconf 89' lang='lat' dir='ltr'><strong>divinis</strong></span> <span class='ocrx_word' id='word_1_393' title='bbox 2587 1056 2852 1125; x_wconf 87' lang='lat' dir='ltr'><strong>personis</strong></span> <span class='ocrx_word' id='word_1_394' title='bbox 2876 1061 2932 1111; x_wconf 89' lang='lat' dir='ltr'><strong>et</strong></span> <span class='ocrx_word' id='word_1_395' title='bbox 2964 1073 3081 1111; x_wconf 90' lang='lat' dir='ltr'><strong>una</strong></span> <span class='ocrx_word' id='word_1_396' title='bbox 3133 1056 3454 1127; x_wconf 89' lang='lat' dir='ltr'><strong>eademque</strong></span> <span class='ocrx_word' id='word_1_397' title='bbox 3485 1072 3687 1113; x_wconf 90' lang='lat' dir='ltr'><strong>earum</strong></span> 
     </span>
    </p>
   </div>
   <div class='ocr_carea' id='block_1_56' title="bbox 2039 1144 3686 1209">
    <p class='ocr_par' dir='ltr' id='par_1_56' title="bbox 2039 1144 3686 1209">
     <span class='ocr_line' id='line_1_56' title="bbox 2039 1144 3686 1209; baseline 0.001 -10"><span class='ocrx_word' id='word_1_398' title='bbox 2039 1149 2267 1209; x_wconf 87' lang='lat' dir='ltr'><strong>natura,</strong></span> <span class='ocrx_word' id='word_1_399' title='bbox 2330 1145 2575 1199; x_wconf 83' lang='lat' dir='ltr'><strong>firmiter</strong></span> <span class='ocrx_word' id='word_1_400' title='bbox 2605 1146 2894 1201; x_wconf 88' lang='lat' dir='ltr'><strong>credenda</strong></span> <span class='ocrx_word' id='word_1_401' title='bbox 2932 1162 3059 1201; x_wconf 89' lang='lat' dir='ltr'><strong>esse</strong></span> <span class='ocrx_word' id='word_1_402' title='bbox 3092 1144 3347 1201; x_wconf 87' lang='lat' dir='ltr'><strong>declarat</strong></span> <span class='ocrx_word' id='word_1_403' title='bbox 3378 1163 3391 1201; x_wconf 90' lang='lat'><strong>:</strong></span> <span class='ocrx_word' id='word_1_404' title='bbox 3428 1166 3455 1195; x_wconf 87' lang='grc'><strong>‹‹</strong></span> <span class='ocrx_word' id='word_1_405' title='bbox 3482 1144 3686 1202; x_wconf 82' lang='lat' dir='ltr'><strong>Custo-</strong></span> 
     </span>
    </p>
   </div>
   <div class='ocr_carea' id='block_1_57' title="bbox 2037 1233 3683 1307">
    <p class='ocr_par' dir='ltr' id='par_1_57' title="bbox 2037 1233 3683 1307">
     <span class='ocr_line' id='line_1_57' title="bbox 2037 1233 3683 1307; baseline 0.002 -19"><span class='ocrx_word' id='word_1_406' title='bbox 2037 1234 2252 1303; x_wconf 90' lang='lat' dir='ltr'><strong>diatur,</strong></span> <span class='ocrx_word' id='word_1_407' title='bbox 2285 1233 2499 1303; x_wconf 90' lang='lat' dir='ltr'><strong>inquit,</strong></span> <span class='ocrx_word' id='word_1_408' title='bbox 2532 1234 2863 1291; x_wconf 71' lang='lat' dir='ltr'><strong>oeconomiae</strong></span> <span class='ocrx_word' id='word_1_409' title='bbox 2898 1238 3357 1305; x_wconf 88' lang='lat' dir='ltr'><strong>sacramentum,</strong></span> <span class='ocrx_word' id='word_1_410' title='bbox 3393 1251 3519 1307; x_wconf 70' lang='lat' dir='ltr'><strong>quas</strong></span> <span class='ocrx_word' id='word_1_411' title='bbox 3550 1235 3683 1291; x_wconf 80' lang='lat' dir='ltr'><strong>uni-</strong></span> 
     </span>
    </p>
   </div>
   <div class='ocr_carea' id='block_1_58' title="bbox 2036 1322 3681 1397">
    <p class='ocr_par' dir='ltr' id='par_1_58' title="bbox 2036 1322 3681 1397">
     <span class='ocr_line' id='line_1_58' title="bbox 2036 1322 3681 1397; baseline 0.002 -19"><span class='ocrx_word' id='word_1_412' title='bbox 2036 1326 2212 1378; x_wconf 88' lang='lat' dir='ltr'><strong>tatem</strong></span> <span class='ocrx_word' id='word_1_413' title='bbox 2245 1322 2302 1377; x_wconf 91' lang='lat' dir='ltr'><strong>in</strong></span> <span class='ocrx_word' id='word_1_414' title='bbox 2343 1323 2691 1379; x_wconf 85' lang='lat' dir='ltr'><strong>Trinitatem</strong></span> <span class='ocrx_word' id='word_1_415' title='bbox 2746 1325 3027 1397; x_wconf 90' lang='lat' dir='ltr'><strong>disponit,</strong></span> <span class='ocrx_word' id='word_1_416' title='bbox 3079 1328 3197 1381; x_wconf 90' lang='lat' dir='ltr'><strong>tres</strong></span> <span class='ocrx_word' id='word_1_417' title='bbox 3243 1324 3525 1396; x_wconf 85' lang='lat' dir='ltr'><strong>dirigens,</strong></span> <span class='ocrx_word' id='word_1_418' title='bbox 3577 1325 3681 1381; x_wconf 82' lang='lat' dir='ltr'><strong>Pa-</strong></span> 
     </span>
    </p>
   </div>
   <div class='ocr_carea' id='block_1_59' title="bbox 2034 1412 3681 1485">
    <p class='ocr_par' dir='ltr' id='par_1_59' title="bbox 2034 1412 3681 1485">
     <span class='ocr_line' id='line_1_59' title="bbox 2034 1412 3681 1485; baseline 0.003 -19"><span class='ocrx_word' id='word_1_419' title='bbox 2034 1416 2206 1483; x_wconf 89' lang='lat' dir='ltr'><strong>trem,</strong></span> <span class='ocrx_word' id='word_1_420' title='bbox 2239 1416 2295 1467; x_wconf 88' lang='lat' dir='ltr'><strong>et</strong></span> <span class='ocrx_word' id='word_1_421' title='bbox 2328 1412 2559 1483; x_wconf 88' lang='lat' dir='ltr'><strong>Filium,</strong></span> <span class='ocrx_word' id='word_1_422' title='bbox 2592 1418 2649 1469; x_wconf 90' lang='lat' dir='ltr'><strong>et</strong></span> <span class='ocrx_word' id='word_1_423' title='bbox 2674 1414 2953 1485; x_wconf 89' lang='lat' dir='ltr'><strong>Spiritum</strong></span> <span class='ocrx_word' id='word_1_424' title='bbox 2988 1418 3258 1471; x_wconf 89' lang='lat' dir='ltr'><strong>sanctum</strong></span> <span class='ocrx_word' id='word_1_425' title='bbox 3292 1431 3305 1472; x_wconf 86' lang='lat'><strong>:</strong></span> <span class='ocrx_word' id='word_1_426' title='bbox 3334 1418 3452 1470; x_wconf 90' lang='lat' dir='ltr'><strong>tres</strong></span> <span class='ocrx_word' id='word_1_427' title='bbox 3484 1417 3681 1471; x_wconf 89' lang='lat' dir='ltr'><strong>autem</strong></span> 
     </span>
    </p>
   </div>
   <div class='ocr_carea' id='block_1_60' title="bbox 2035 1503 3676 1574">
    <p class='ocr_par' dir='ltr' id='par_1_60' title="bbox 2035 1503 3676 1574">
     <span class='ocr_line' id='line_1_60' title="bbox 2035 1503 3676 1574; baseline 0.002 -18"><span class='ocrx_word' id='word_1_428' title='bbox 2035 1519 2149 1557; x_wconf 92' lang='lat' dir='ltr'><strong>non</strong></span> <span class='ocrx_word' id='word_1_429' title='bbox 2183 1505 2359 1567; x_wconf 87' lang='lat' dir='ltr'><strong>statu,</strong></span> <span class='ocrx_word' id='word_1_430' title='bbox 2394 1503 2494 1559; x_wconf 93' lang='lat' dir='ltr'><strong>sed</strong></span> <span class='ocrx_word' id='word_1_431' title='bbox 2527 1503 2711 1574; x_wconf 85' lang='lat' dir='ltr'><strong>gradu</strong></span> <span class='ocrx_word' id='word_1_432' title='bbox 2739 1521 2752 1571; x_wconf 90' lang='lat'><strong>;</strong></span> <span class='ocrx_word' id='word_1_433' title='bbox 2787 1520 2889 1559; x_wconf 89' lang='lat' dir='ltr'><strong>nec</strong></span> <span class='ocrx_word' id='word_1_434' title='bbox 2920 1504 3276 1572; x_wconf 87' lang='lat' dir='ltr'><strong>substantia,</strong></span> <span class='ocrx_word' id='word_1_435' title='bbox 3320 1504 3420 1560; x_wconf 91' lang='lat' dir='ltr'><strong>sed</strong></span> <span class='ocrx_word' id='word_1_436' title='bbox 3451 1504 3676 1572; x_wconf 84' lang='lat' dir='ltr'><strong>forma;</strong></span> 
     </span>
    </p>
   </div>
   <div class='ocr_carea' id='block_1_61' title="bbox 2033 1586 3675 1664">
    <p class='ocr_par' dir='ltr' id='par_1_61' title="bbox 2033 1586 3675 1664">
     <span class='ocr_line' id='line_1_61' title="bbox 2033 1586 3675 1664; baseline 0.002 -19"><span class='ocrx_word' id='word_1_437' title='bbox 2033 1607 2139 1649; x_wconf 90' lang='lat' dir='ltr'><strong>nec</strong></span> <span class='ocrx_word' id='word_1_438' title='bbox 2170 1593 2583 1661; x_wconf 88' lang='lat' dir='ltr'><strong>potestate,sed</strong></span> <span class='ocrx_word' id='word_1_439' title='bbox 2619 1586 2809 1664; x_wconf 85' lang='lat' dir='ltr'><strong>specie</strong></span> <span class='ocrx_word' id='word_1_440' title='bbox 2835 1610 2848 1660; x_wconf 89' lang='lat'><strong>;</strong></span> <span class='ocrx_word' id='word_1_441' title='bbox 2884 1594 3056 1649; x_wconf 89' lang='lat' dir='ltr'><strong>unius</strong></span> <span class='ocrx_word' id='word_1_442' title='bbox 3081 1598 3278 1650; x_wconf 90' lang='lat' dir='ltr'><strong>autem</strong></span> <span class='ocrx_word' id='word_1_443' title='bbox 3310 1592 3675 1662; x_wconf 69' lang='lat' dir='ltr'><strong>substantiae,</strong></span> 
     </span>
    </p>
   </div>
   <div class='ocr_carea' id='block_1_62' title="bbox 2031 1680 3677 1755">
    <p class='ocr_par' dir='ltr' id='par_1_62' title="bbox 2031 1680 3677 1755">
     <span class='ocr_line' id='line_1_62' title="bbox 2031 1680 3677 1755; baseline 0.001 -19"><span class='ocrx_word' id='word_1_444' title='bbox 2031 1686 2088 1736; x_wconf 94' lang='lat' dir='ltr'><strong>et</strong></span> <span class='ocrx_word' id='word_1_445' title='bbox 2130 1680 2304 1735; x_wconf 91' lang='lat' dir='ltr'><strong>unius</strong></span> <span class='ocrx_word' id='word_1_446' title='bbox 2353 1686 2563 1751; x_wconf 89' lang='lat' dir='ltr'><strong>status,</strong></span> <span class='ocrx_word' id='word_1_447' title='bbox 2615 1686 2673 1737; x_wconf 90' lang='lat' dir='ltr'><strong>et</strong></span> <span class='ocrx_word' id='word_1_448' title='bbox 2722 1682 2899 1738; x_wconf 90' lang='lat' dir='ltr'><strong>unius</strong></span> <span class='ocrx_word' id='word_1_449' title='bbox 2956 1684 3262 1753; x_wconf 86' lang='lat' dir='ltr'><strong>potestatis</strong></span> <span class='ocrx_word' id='word_1_450' title='bbox 3297 1701 3309 1751; x_wconf 90' lang='lat'><strong>;</strong></span> <span class='ocrx_word' id='word_1_451' title='bbox 3344 1682 3485 1755; x_wconf 87' lang='lat' dir='ltr'><strong>quia</strong></span> <span class='ocrx_word' id='word_1_452' title='bbox 3521 1698 3677 1738; x_wconf 90' lang='lat' dir='ltr'><strong>unus</strong></span> 
     </span>
    </p>
   </div>
   <div class='ocr_carea' id='block_1_63' title="bbox 2033 1771 3673 1843">
    <p class='ocr_par' dir='ltr' id='par_1_63' title="bbox 2033 1771 3673 1843">
     <span class='ocr_line' id='line_1_63' title="bbox 2033 1771 3673 1843; baseline 0.002 -19"><span class='ocrx_word' id='word_1_453' title='bbox 2033 1775 2204 1837; x_wconf 91' lang='lat' dir='ltr'><strong>Deus,</strong></span> <span class='ocrx_word' id='word_1_454' title='bbox 2238 1787 2305 1825; x_wconf 86' lang='lat' dir='ltr'><strong>ex</strong></span> <span class='ocrx_word' id='word_1_455' title='bbox 2336 1787 2449 1841; x_wconf 93' lang='lat' dir='ltr'><strong>quo</strong></span> <span class='ocrx_word' id='word_1_456' title='bbox 2480 1774 2536 1825; x_wconf 92' lang='lat' dir='ltr'><strong>et</strong></span> <span class='ocrx_word' id='word_1_457' title='bbox 2561 1772 2780 1843; x_wconf 89' lang='lat' dir='ltr'><strong>gradus</strong></span> <span class='ocrx_word' id='word_1_458' title='bbox 2831 1772 2951 1843; x_wconf 87' lang='lat' dir='ltr'><strong>isti,</strong></span> <span class='ocrx_word' id='word_1_459' title='bbox 3005 1777 3061 1828; x_wconf 91' lang='lat' dir='ltr'><strong>et</strong></span> <span class='ocrx_word' id='word_1_460' title='bbox 3110 1773 3331 1841; x_wconf 68' lang='lat' dir='ltr'><strong>formes,</strong></span> <span class='ocrx_word' id='word_1_461' title='bbox 3363 1778 3419 1829; x_wconf 93' lang='lat' dir='ltr'><strong>et</strong></span> <span class='ocrx_word' id='word_1_462' title='bbox 3448 1771 3673 1843; x_wconf 87' lang='lat' dir='ltr'><strong>species</strong></span> 
     </span>
    </p>
   </div>
   <div class='ocr_carea' id='block_1_64' title="bbox 2029 1858 3669 1934">
    <p class='ocr_par' dir='ltr' id='par_1_64' title="bbox 2029 1858 3669 1934">
     <span class='ocr_line' id='line_1_64' title="bbox 2029 1858 3669 1934; baseline 0.002 -20"><span class='ocrx_word' id='word_1_463' title='bbox 2029 1860 2089 1915; x_wconf 91' lang='lat' dir='ltr'><strong>in</strong></span> <span class='ocrx_word' id='word_1_464' title='bbox 2121 1858 2356 1915; x_wconf 87' lang='lat' dir='ltr'><strong>nomine</strong></span> <span class='ocrx_word' id='word_1_465' title='bbox 2387 1859 2595 1929; x_wconf 88' lang='lat' dir='ltr'><strong>Patris,</strong></span> <span class='ocrx_word' id='word_1_466' title='bbox 2628 1868 2681 1915; x_wconf 87' lang='lat' dir='ltr'><strong>et</strong></span> <span class='ocrx_word' id='word_1_467' title='bbox 2717 1860 2868 1927; x_wconf 87' lang='lat' dir='ltr'><strong>Filii,</strong></span> <span class='ocrx_word' id='word_1_468' title='bbox 2901 1866 2957 1917; x_wconf 90' lang='lat' dir='ltr'><strong>et</strong></span> <span class='ocrx_word' id='word_1_469' title='bbox 2987 1860 3241 1934; x_wconf 89' lang='lat' dir='ltr'><strong>Spiritus</strong></span> <span class='ocrx_word' id='word_1_470' title='bbox 3271 1861 3460 1919; x_wconf 84' lang='lat' dir='ltr'><strong>sancti</strong></span> <span class='ocrx_word' id='word_1_471' title='bbox 3487 1862 3669 1934; x_wconf 89' lang='lat' dir='ltr'><strong>depu-</strong></span> 
     </span>
    </p>
   </div>
   <div class='ocr_carea' id='block_1_65' title="bbox 2026 1948 3672 2023">
    <p class='ocr_par' dir='ltr' id='par_1_65' title="bbox 2026 1948 3672 2023">
     <span class='ocr_line' id='line_1_65' title="bbox 2026 1948 3672 2023; baseline 0.002 -19"><span class='ocrx_word' id='word_1_472' title='bbox 2026 1953 2244 2004; x_wconf 90' lang='lat' dir='ltr'><strong>tantur.</strong></span> <span class='ocrx_word' id='word_1_473' title='bbox 2279 1970 2306 1998; x_wconf 85' lang='lat'><strong>»</strong></span> <span class='ocrx_word' id='word_1_474' title='bbox 2339 1948 2602 2020; x_wconf 89' lang='lat' dir='ltr'><strong>(Tertull.</strong></span> <span class='ocrx_word' id='word_1_475' title='bbox 2641 1949 2764 2005; x_wconf 84' lang='lat' dir='ltr'><strong>adv.</strong></span> <span class='ocrx_word' id='word_1_476' title='bbox 2820 1956 3013 2018; x_wconf 72' lang='lat' dir='ltr'><strong>Prax.,</strong></span> <span class='ocrx_word' id='word_1_477' title='bbox 3068 1968 3194 2023; x_wconf 87' lang='lat' dir='ltr'><strong>cap.</strong></span> <span class='ocrx_word' id='word_1_478' title='bbox 3243 1952 3323 2020; x_wconf 87' lang='lat'><strong>2.)</strong></span> <span class='ocrx_word' id='word_1_479' title='bbox 3371 1951 3551 2007; x_wconf 89' lang='lat' dir='ltr'><strong>Nemo</strong></span> <span class='ocrx_word' id='word_1_480' title='bbox 3582 1953 3672 2007; x_wconf 83' lang='lat' dir='ltr'><strong>est</strong></span> 
     </span>
    </p>
   </div>
   <div class='ocr_carea' id='block_1_66' title="bbox 2024 2038 3663 2111">
    <p class='ocr_par' dir='ltr' id='par_1_66' title="bbox 2024 2038 3663 2111">
     <span class='ocr_line' id='line_1_66' title="bbox 2024 2038 3663 2111; baseline -0.001 -17"><span class='ocrx_word' id='word_1_481' title='bbox 2024 2043 2221 2094; x_wconf 88' lang='lat' dir='ltr'><strong>autem</strong></span> <span class='ocrx_word' id='word_1_482' title='bbox 2255 2038 2353 2109; x_wconf 93' lang='lat' dir='ltr'><strong>qui</strong></span> <span class='ocrx_word' id='word_1_483' title='bbox 2380 2055 2493 2093; x_wconf 91' lang='lat' dir='ltr'><strong>non</strong></span> <span class='ocrx_word' id='word_1_484' title='bbox 2521 2038 2831 2111; x_wconf 83' lang='lat' dir='ltr'><strong>intelligat,</strong></span> <span class='ocrx_word' id='word_1_485' title='bbox 2890 2040 3124 2095; x_wconf 91' lang='lat' dir='ltr'><strong>nomine</strong></span> <span class='ocrx_word' id='word_1_486' title='bbox 3168 2045 3361 2108; x_wconf 74' lang='lat' dir='ltr'><strong>status,</strong></span> <span class='ocrx_word' id='word_1_487' title='bbox 3415 2040 3573 2096; x_wconf 90' lang='lat' dir='ltr'><strong>sicut</strong></span> <span class='ocrx_word' id='word_1_488' title='bbox 3602 2039 3663 2094; x_wconf 90' lang='lat' dir='ltr'><strong>in</strong></span> 
     </span>
    </p>
   </div>
   <div class='ocr_carea' id='block_1_67' title="bbox 2025 2126 3665 2200">
    <p class='ocr_par' dir='ltr' id='par_1_67' title="bbox 2025 2126 3665 2200">
     <span class='ocr_line' id='line_1_67' title="bbox 2025 2126 3665 2200; baseline 0 -19"><span class='ocrx_word' id='word_1_489' title='bbox 2025 2126 2325 2197; x_wconf 90' lang='lat' dir='ltr'><strong>superiore</strong></span> <span class='ocrx_word' id='word_1_490' title='bbox 2351 2126 2595 2182; x_wconf 90' lang='lat' dir='ltr'><strong>articulo</strong></span> <span class='ocrx_word' id='word_1_491' title='bbox 2628 2126 2992 2198; x_wconf 89' lang='lat' dir='ltr'><strong>monuimus,</strong></span> <span class='ocrx_word' id='word_1_492' title='bbox 3024 2126 3182 2183; x_wconf 91' lang='lat' dir='ltr'><strong>idem</strong></span> <span class='ocrx_word' id='word_1_493' title='bbox 3229 2126 3549 2200; x_wconf 83' lang='lat' dir='ltr'><strong>significari</strong></span> <span class='ocrx_word' id='word_1_494' title='bbox 3597 2140 3665 2181; x_wconf 87' lang='lat' dir='ltr'><strong>ac</strong></span> 
     </span>
    </p>
   </div>
   <div class='ocr_carea' id='block_1_68' title="bbox 2025 2216 3667 2287">
    <p class='ocr_par' dir='ltr' id='par_1_68' title="bbox 2025 2216 3667 2287">
     <span class='ocr_line' id='line_1_68' title="bbox 2025 2216 3667 2287; baseline 0.002 -18"><span class='ocrx_word' id='word_1_495' title='bbox 2025 2216 2417 2270; x_wconf 87' lang='lat' dir='ltr'><strong>substantiam</strong></span> <span class='ocrx_word' id='word_1_496' title='bbox 2441 2220 2784 2271; x_wconf 89' lang='lat' dir='ltr'><strong>etnaturam</strong></span> <span class='ocrx_word' id='word_1_497' title='bbox 2816 2216 2917 2272; x_wconf 91' lang='lat' dir='ltr'><strong>Dei</strong></span> <span class='ocrx_word' id='word_1_498' title='bbox 2951 2234 2964 2285; x_wconf 92' lang='lat'><strong>;</strong></span> <span class='ocrx_word' id='word_1_499' title='bbox 2996 2217 3214 2287; x_wconf 87' lang='lat' dir='ltr'><strong>gradus</strong></span> <span class='ocrx_word' id='word_1_500' title='bbox 3244 2217 3667 2285; x_wconf 67' lang='lat' dir='ltr'><strong>autem,formaa</strong></span> 
     </span>
    </p>
   </div>
   <div class='ocr_carea' id='block_1_69' title="bbox 2026 2304 3668 2377">
    <p class='ocr_par' dir='ltr' id='par_1_69' title="bbox 2026 2304 3668 2377">
     <span class='ocr_line' id='line_1_69' title="bbox 2026 2304 3668 2377; baseline 0.001 -19"><span class='ocrx_word' id='word_1_501' title='bbox 2026 2308 2082 2359; x_wconf 92' lang='lat' dir='ltr'><strong>et</strong></span> <span class='ocrx_word' id='word_1_502' title='bbox 2112 2304 2323 2375; x_wconf 84' lang='lat' dir='ltr'><strong>speciei</strong></span> <span class='ocrx_word' id='word_1_503' title='bbox 2366 2304 2705 2359; x_wconf 88' lang='lat' dir='ltr'><strong>nominibus</strong></span> <span class='ocrx_word' id='word_1_504' title='bbox 2753 2305 2981 2361; x_wconf 86' lang='lat' dir='ltr'><strong>divinas</strong></span> <span class='ocrx_word' id='word_1_505' title='bbox 3028 2321 3330 2377; x_wconf 87' lang='lat' dir='ltr'><strong>personas,</strong></span> <span class='ocrx_word' id='word_1_506' title='bbox 3363 2311 3539 2377; x_wconf 89' lang='lat' dir='ltr'><strong>atque</strong></span> <span class='ocrx_word' id='word_1_507' title='bbox 3568 2321 3668 2360; x_wconf 88' lang='lat' dir='ltr'><strong>eo-</strong></span> 
     </span>
    </p>
   </div>
   <div class='ocr_carea' id='block_1_70' title="bbox 2028 2394 3672 2465">
    <p class='ocr_par' dir='ltr' id='par_1_70' title="bbox 2028 2394 3672 2465">
     <span class='ocr_line' id='line_1_70' title="bbox 2028 2394 3672 2465; baseline 0.001 -17"><span class='ocrx_word' id='word_1_508' title='bbox 2028 2410 2160 2449; x_wconf 88' lang='lat' dir='ltr'><strong>rum</strong></span> <span class='ocrx_word' id='word_1_509' title='bbox 2184 2394 2445 2449; x_wconf 91' lang='lat' dir='ltr'><strong>ordinem</strong></span> <span class='ocrx_word' id='word_1_510' title='bbox 2475 2398 2534 2449; x_wconf 89' lang='lat' dir='ltr'><strong>et</strong></span> <span class='ocrx_word' id='word_1_511' title='bbox 2563 2394 2879 2450; x_wconf 86' lang='lat' dir='ltr'><strong>exsistendi</strong></span> <span class='ocrx_word' id='word_1_512' title='bbox 2912 2396 3175 2450; x_wconf 90' lang='lat' dir='ltr'><strong>modum.</strong></span> <span class='ocrx_word' id='word_1_513' title='bbox 3227 2394 3531 2451; x_wconf 78' lang='lat' dir='ltr'><strong>Manifesta</strong></span> <span class='ocrx_word' id='word_1_514' title='bbox 3560 2394 3672 2465; x_wconf 85' lang='lat' dir='ltr'><strong>igi-</strong></span> 
     </span>
    </p>
   </div>
   <div class='ocr_carea' id='block_1_71' title="bbox 2029 2483 3671 2555">
    <p class='ocr_par' dir='ltr' id='par_1_71' title="bbox 2029 2483 3671 2555">
     <span class='ocr_line' id='line_1_71' title="bbox 2029 2483 3671 2555; baseline 0 -16"><span class='ocrx_word' id='word_1_515' title='bbox 2029 2488 2121 2539; x_wconf 86' lang='lat' dir='ltr'><strong>tur</strong></span> <span class='ocrx_word' id='word_1_516' title='bbox 2152 2484 2318 2539; x_wconf 90' lang='lat' dir='ltr'><strong>docet</strong></span> <span class='ocrx_word' id='word_1_517' title='bbox 2349 2487 2464 2538; x_wconf 88' lang='lat' dir='ltr'><strong>tres</strong></span> <span class='ocrx_word' id='word_1_518' title='bbox 2495 2500 2623 2539; x_wconf 89' lang='lat' dir='ltr'><strong>esse</strong></span> <span class='ocrx_word' id='word_1_519' title='bbox 2663 2484 3073 2540; x_wconf 65' lang='lat' dir='ltr'><strong>sanctissimae.</strong></span> <span class='ocrx_word' id='word_1_520' title='bbox 3123 2483 3430 2540; x_wconf 89' lang='lat' dir='ltr'><strong>Trinitatis</strong></span> <span class='ocrx_word' id='word_1_521' title='bbox 3478 2499 3671 2555; x_wconf 89' lang='lat' dir='ltr'><strong>perso—</strong></span> 
     </span>
    </p>
   </div>
   <div class='ocr_carea' id='block_1_72' title="bbox 2030 2573 3672 2646">
    <p class='ocr_par' dir='ltr' id='par_1_72' title="bbox 2030 2573 3672 2646">
     <span class='ocr_line' id='line_1_72' title="bbox 2030 2573 3672 2646; baseline 0.001 -18"><span class='ocrx_word' id='word_1_522' title='bbox 2030 2591 2157 2640; x_wconf 88' lang='lat' dir='ltr'><strong>nas,</strong></span> <span class='ocrx_word' id='word_1_523' title='bbox 2208 2590 2335 2644; x_wconf 80' lang='lat' dir='ltr'><strong>quze</strong></span> <span class='ocrx_word' id='word_1_524' title='bbox 2385 2589 2680 2628; x_wconf 79' lang='lat' dir='ltr'><strong>numerum</strong></span> <span class='ocrx_word' id='word_1_525' title='bbox 2727 2575 2850 2629; x_wconf 76' lang='lat' dir='ltr'><strong>sine</strong></span> <span class='ocrx_word' id='word_1_526' title='bbox 2893 2573 3162 2630; x_wconf 72' lang='lat' dir='ltr'><strong>divisione</strong></span> <span class='ocrx_word' id='word_1_527' title='bbox 3202 2576 3520 2646; x_wconf 81' lang='lat' dir='ltr'><strong>patiuntur,</strong></span> <span class='ocrx_word' id='word_1_528' title='bbox 3570 2574 3672 2631; x_wconf 86' lang='lat' dir='ltr'><strong>sed</strong></span> 
     </span>
    </p>
   </div>
   <div class='ocr_carea' id='block_1_73' title="bbox 2032 2663 3473 2734">
    <p class='ocr_par' dir='ltr' id='par_1_73' title="bbox 2032 2663 3473 2734">
     <span class='ocr_line' id='line_1_73' title="bbox 2032 2663 3473 2734; baseline 0 -15"><span class='ocrx_word' id='word_1_529' title='bbox 2032 2680 2213 2719; x_wconf 88' lang='lat' dir='ltr'><strong>unam</strong></span> <span class='ocrx_word' id='word_1_530' title='bbox 2244 2663 2630 2734; x_wconf 90' lang='lat' dir='ltr'><strong>eamdemque</strong></span> <span class='ocrx_word' id='word_1_531' title='bbox 2662 2679 2790 2719; x_wconf 90' lang='lat' dir='ltr'><strong>esse</strong></span> <span class='ocrx_word' id='word_1_532' title='bbox 2821 2679 3022 2723; x_wconf 85' lang='lat' dir='ltr'><strong>earum</strong></span> <span class='ocrx_word' id='word_1_533' title='bbox 3056 2664 3473 2720; x_wconf 88' lang='lat' dir='ltr'><strong>substantiam.</strong></span> 
     </span>
    </p>
   </div>
   <div class='ocr_carea' id='block_1_74' title="bbox 2106 2770 3672 2827">
    <p class='ocr_par' dir='ltr' id='par_1_74' title="bbox 2106 2770 3672 2827">
     <span class='ocr_line' id='line_1_74' title="bbox 2106 2770 3672 2827; baseline 0.001 -1"><span class='ocrx_word' id='word_1_534' title='bbox 2106 2772 2309 2826; x_wconf 87' lang='lat' dir='ltr'><strong>Postea</strong></span> <span class='ocrx_word' id='word_1_535' title='bbox 2336 2787 2471 2826; x_wconf 88' lang='lat' dir='ltr'><strong>vero</strong></span> <span class='ocrx_word' id='word_1_536' title='bbox 2503 2770 2655 2827; x_wconf 91' lang='lat' dir='ltr'><strong>hanc</strong></span> <span class='ocrx_word' id='word_1_537' title='bbox 2686 2771 2990 2827; x_wconf 79' lang='lat' dir='ltr'><strong>catholicas</strong></span> <span class='ocrx_word' id='word_1_538' title='bbox 3029 2770 3299 2827; x_wconf 67' lang='lat' dir='ltr'><strong>Ecclesiae</strong></span> <span class='ocrx_word' id='word_1_539' title='bbox 3340 2770 3672 2827; x_wconf 87' lang='lat' dir='ltr'><strong>doctrinam</strong></span> 
     </span>
    </p>
   </div>
   <div class='ocr_carea' id='block_1_75' title="bbox 2030 2860 3673 2933">
    <p class='ocr_par' dir='ltr' id='par_1_75' title="bbox 2030 2860 3673 2933">
     <span class='ocr_line' id='line_1_75' title="bbox 2030 2860 3673 2933; baseline 0.001 -17"><span class='ocrx_word' id='word_1_540' title='bbox 2030 2864 2219 2931; x_wconf 87' lang='lat' dir='ltr'><strong>atque,</strong></span> <span class='ocrx_word' id='word_1_541' title='bbox 2255 2864 2320 2915; x_wconf 93' lang='lat' dir='ltr'><strong>ut</strong></span> <span class='ocrx_word' id='word_1_542' title='bbox 2349 2860 2473 2931; x_wconf 91' lang='lat' dir='ltr'><strong>ipse</strong></span> <span class='ocrx_word' id='word_1_543' title='bbox 2506 2860 2607 2931; x_wconf 92' lang='lat' dir='ltr'><strong>ait,</strong></span> <span class='ocrx_word' id='word_1_544' title='bbox 2635 2860 2897 2933; x_wconf 84' lang='lat' dir='ltr'><strong>regulam</strong></span> <span class='ocrx_word' id='word_1_545' title='bbox 2932 2861 3123 2917; x_wconf 88' lang='lat' dir='ltr'><strong>fusius</strong></span> <span class='ocrx_word' id='word_1_546' title='bbox 3156 2860 3427 2932; x_wconf 91' lang='lat' dir='ltr'><strong>huncque</strong></span> <span class='ocrx_word' id='word_1_547' title='bbox 3457 2861 3516 2916; x_wconf 89' lang='lat' dir='ltr'><strong>in</strong></span> <span class='ocrx_word' id='word_1_548' title='bbox 3549 2877 3673 2917; x_wconf 89' lang='lat' dir='ltr'><strong>mo-</strong></span> 
     </span>
    </p>
   </div>
   <div class='ocr_carea' id='block_1_76' title="bbox 2029 2949 3673 3022">
    <p class='ocr_par' dir='ltr' id='par_1_76' title="bbox 2029 2949 3673 3022">
     <span class='ocr_line' id='line_1_76' title="bbox 2029 2949 3673 3022; baseline 0 -17"><span class='ocrx_word' id='word_1_549' title='bbox 2029 2951 2171 3005; x_wconf 88' lang='lat' dir='ltr'><strong>dum</strong></span> <span class='ocrx_word' id='word_1_550' title='bbox 2194 2949 2431 3021; x_wconf 82' lang='lat' dir='ltr'><strong>exponit</strong></span> <span class='ocrx_word' id='word_1_551' title='bbox 2451 2965 2517 3005; x_wconf 76' lang='lat' dir='ltr'><strong>ao</strong></span> <span class='ocrx_word' id='word_1_552' title='bbox 2531 2950 2914 3005; x_wconf 71' lang='lat' dir='ltr'><strong>conﬁrmatm</strong></span> <span class='ocrx_word' id='word_1_553' title='bbox 2931 2950 3238 3006; x_wconf 89' lang='lat' dir='ltr'><strong>Trinitatis</strong></span> <span class='ocrx_word' id='word_1_554' title='bbox 3262 2954 3673 3022; x_wconf 87' lang='lat' dir='ltr'><strong>perconsertos</strong></span> 
     </span>
    </p>
   </div>
   <div class='ocr_carea' id='block_1_77' title="bbox 2029 3038 3675 3109">
    <p class='ocr_par' dir='ltr' id='par_1_77' title="bbox 2029 3038 3675 3109">
     <span class='ocr_line' id='line_1_77' title="bbox 2029 3038 3675 3109; baseline 0.001 -16"><span class='ocrx_word' id='word_1_555' title='bbox 2029 3043 2086 3093; x_wconf 88' lang='lat' dir='ltr'><strong>et</strong></span> <span class='ocrx_word' id='word_1_556' title='bbox 2117 3054 2406 3093; x_wconf 77' lang='lat' dir='ltr'><strong>connexos</strong></span> <span class='ocrx_word' id='word_1_557' title='bbox 2436 3038 2653 3108; x_wconf 82' lang='lat' dir='ltr'><strong>gradus</strong></span> <span class='ocrx_word' id='word_1_558' title='bbox 2686 3055 2718 3093; x_wconf 90' lang='lat' dir='ltr'><strong>a</strong></span> <span class='ocrx_word' id='word_1_559' title='bbox 2751 3042 2918 3094; x_wconf 90' lang='lat' dir='ltr'><strong>Patre</strong></span> <span class='ocrx_word' id='word_1_560' title='bbox 2948 3039 3285 3109; x_wconf 89' lang='lat' dir='ltr'><strong>decurrens,</strong></span> <span class='ocrx_word' id='word_1_561' title='bbox 3331 3043 3388 3094; x_wconf 92' lang='lat' dir='ltr'><strong>et</strong></span> <span class='ocrx_word' id='word_1_562' title='bbox 3435 3055 3675 3095; x_wconf 89' lang='lat' dir='ltr'><strong>monar-</strong></span> 
     </span>
    </p>
   </div>
   <div class='ocr_carea' id='block_1_78' title="bbox 2028 3126 3669 3200">
    <p class='ocr_par' dir='ltr' id='par_1_78' title="bbox 2028 3126 3669 3200">
     <span class='ocr_line' id='line_1_78' title="bbox 2028 3126 3669 3200; baseline 0.001 -17"><span class='ocrx_word' id='word_1_563' title='bbox 2028 3127 2170 3183; x_wconf 80' lang='lat' dir='ltr'><strong>chiae</strong></span> <span class='ocrx_word' id='word_1_564' title='bbox 2198 3126 2343 3182; x_wconf 90' lang='lat' dir='ltr'><strong>nihil</strong></span> <span class='ocrx_word' id='word_1_565' title='bbox 2375 3128 2680 3200; x_wconf 89' lang='lat' dir='ltr'><strong>obstrepit,</strong></span> <span class='ocrx_word' id='word_1_566' title='bbox 2704 3132 2760 3183; x_wconf 91' lang='lat' dir='ltr'><strong>et</strong></span> <span class='ocrx_word' id='word_1_567' title='bbox 2789 3128 3118 3183; x_wconf 60' lang='lat' dir='ltr'><strong>oeconomiae</strong></span> <span class='ocrx_word' id='word_1_568' title='bbox 3151 3132 3368 3183; x_wconf 88' lang='lat' dir='ltr'><strong>statum</strong></span> <span class='ocrx_word' id='word_1_569' title='bbox 3401 3127 3669 3200; x_wconf 80' lang='lat' dir='ltr'><strong>protegit.</strong></span> 
     </span>
    </p>
   </div>
   <div class='ocr_carea' id='block_1_79' title="bbox 2034 3217 3672 3289">
    <p class='ocr_par' dir='ltr' id='par_1_79' title="bbox 2034 3217 3672 3289">
     <span class='ocr_line' id='line_1_79' title="bbox 2034 3217 3672 3289; baseline 0.001 -17"><span class='ocrx_word' id='word_1_570' title='bbox 2034 3218 2188 3273; x_wconf 85' lang='lat' dir='ltr'><strong>Hanc</strong></span> <span class='ocrx_word' id='word_1_571' title='bbox 2218 3233 2311 3273; x_wconf 92' lang='lat' dir='ltr'><strong>me</strong></span> <span class='ocrx_word' id='word_1_572' title='bbox 2342 3217 2600 3289; x_wconf 88' lang='lat' dir='ltr'><strong>regulam</strong></span> <span class='ocrx_word' id='word_1_573' title='bbox 2636 3217 2988 3289; x_wconf 87' lang='lat' dir='ltr'><strong>professum.</strong></span> <span class='ocrx_word' id='word_1_574' title='bbox 3023 3217 3162 3289; x_wconf 90' lang='lat' dir='ltr'><strong>quia</strong></span> <span class='ocrx_word' id='word_1_575' title='bbox 3202 3217 3571 3289; x_wconf 90' lang='lat' dir='ltr'><strong>inseparatos</strong></span> <span class='ocrx_word' id='word_1_576' title='bbox 3600 3218 3672 3273; x_wconf 87' lang='lat' dir='ltr'><strong>ab</strong></span> 
     </span>
    </p>
   </div>
   <div class='ocr_carea' id='block_1_80' title="bbox 2031 3305 3673 3378">
    <p class='ocr_par' dir='ltr' id='par_1_80' title="bbox 2031 3305 3673 3378">
     <span class='ocr_line' id='line_1_80' title="bbox 2031 3305 3673 3378; baseline -0.001 -16"><span class='ocrx_word' id='word_1_577' title='bbox 2031 3308 2309 3362; x_wconf 89' lang='lat' dir='ltr'><strong>alterutro</strong></span> <span class='ocrx_word' id='word_1_578' title='bbox 2340 3307 2592 3362; x_wconf 89' lang='lat' dir='ltr'><strong>Patrem.</strong></span> <span class='ocrx_word' id='word_1_579' title='bbox 2626 3309 2681 3361; x_wconf 92' lang='lat' dir='ltr'><strong>et</strong></span> <span class='ocrx_word' id='word_1_580' title='bbox 2710 3305 2941 3373; x_wconf 84' lang='lat' dir='ltr'><strong>Filium,</strong></span> <span class='ocrx_word' id='word_1_581' title='bbox 2975 3310 3032 3362; x_wconf 90' lang='lat' dir='ltr'><strong>et</strong></span> <span class='ocrx_word' id='word_1_582' title='bbox 3068 3306 3352 3378; x_wconf 88' lang='lat' dir='ltr'><strong>Spiritum</strong></span> <span class='ocrx_word' id='word_1_583' title='bbox 3402 3310 3673 3362; x_wconf 89' lang='lat' dir='ltr'><strong>sanctum</strong></span> 
     </span>
    </p>
   </div>
   <div class='ocr_carea' id='block_1_81' title="bbox 2024 3394 3676 3467">
    <p class='ocr_par' dir='ltr' id='par_1_81' title="bbox 2024 3394 3676 3467">
     <span class='ocr_line' id='line_1_81' title="bbox 2024 3394 3676 3467; baseline -0.001 -15"><span class='ocrx_word' id='word_1_584' title='bbox 2024 3401 2229 3467; x_wconf 84' lang='lat' dir='ltr'><strong>testor,</strong></span> <span class='ocrx_word' id='word_1_585' title='bbox 2277 3401 2407 3451; x_wconf 91' lang='lat' dir='ltr'><strong>tene</strong></span> <span class='ocrx_word' id='word_1_586' title='bbox 2460 3395 2701 3467; x_wconf 90' lang='lat' dir='ltr'><strong>ubique,</strong></span> <span class='ocrx_word' id='word_1_587' title='bbox 2751 3400 2808 3451; x_wconf 90' lang='lat' dir='ltr'><strong>et</strong></span> <span class='ocrx_word' id='word_1_588' title='bbox 2850 3396 2928 3450; x_wconf 86' lang='lat' dir='ltr'><strong>ita</strong></span> <span class='ocrx_word' id='word_1_589' title='bbox 2976 3400 3032 3450; x_wconf 93' lang='lat' dir='ltr'><strong>et</strong></span> <span class='ocrx_word' id='word_1_590' title='bbox 3081 3396 3375 3466; x_wconf 93' lang='lat' dir='ltr'><strong>quomodo</strong></span> <span class='ocrx_word' id='word_1_591' title='bbox 3443 3394 3676 3450; x_wconf 89' lang='lat' dir='ltr'><strong>dicatur</strong></span> 
     </span>
    </p>
   </div>
   <div class='ocr_carea' id='block_1_82' title="bbox 2025 3484 3677 3557">
    <p class='ocr_par' dir='ltr' id='par_1_82' title="bbox 2025 3484 3677 3557">
     <span class='ocr_line' id='line_1_82' title="bbox 2025 3484 3677 3557; baseline -0.001 -16"><span class='ocrx_word' id='word_1_592' title='bbox 2025 3502 2329 3557; x_wconf 81' lang='lat' dir='ltr'><strong>agnosces.</strong></span> <span class='ocrx_word' id='word_1_593' title='bbox 2381 3486 2521 3540; x_wconf 90' lang='lat' dir='ltr'><strong>Ecce</strong></span> <span class='ocrx_word' id='word_1_594' title='bbox 2563 3485 2719 3541; x_wconf 89' lang='lat' dir='ltr'><strong>enim</strong></span> <span class='ocrx_word' id='word_1_595' title='bbox 2767 3484 2894 3540; x_wconf 93' lang='lat' dir='ltr'><strong>dico</strong></span> <span class='ocrx_word' id='word_1_596' title='bbox 2944 3484 3126 3540; x_wconf 92' lang='lat' dir='ltr'><strong>alium</strong></span> <span class='ocrx_word' id='word_1_597' title='bbox 3174 3500 3302 3539; x_wconf 91' lang='lat' dir='ltr'><strong>esse</strong></span> <span class='ocrx_word' id='word_1_598' title='bbox 3332 3488 3586 3551; x_wconf 85' lang='lat' dir='ltr'><strong>Patrem,</strong></span> <span class='ocrx_word' id='word_1_599' title='bbox 3620 3487 3677 3540; x_wconf 90' lang='lat' dir='ltr'><strong>et</strong></span> 
     </span>
    </p>
   </div>
   <div class='ocr_carea' id='block_1_83' title="bbox 2025 3572 3675 3647">
    <p class='ocr_par' dir='ltr' id='par_1_83' title="bbox 2025 3572 3675 3647">
     <span class='ocr_line' id='line_1_83' title="bbox 2025 3572 3675 3647; baseline 0 -17"><span class='ocrx_word' id='word_1_600' title='bbox 2025 3575 2205 3630; x_wconf 88' lang='lat' dir='ltr'><strong>alium</strong></span> <span class='ocrx_word' id='word_1_601' title='bbox 2238 3576 2472 3639; x_wconf 90' lang='lat' dir='ltr'><strong>Filium,</strong></span> <span class='ocrx_word' id='word_1_602' title='bbox 2524 3578 2581 3630; x_wconf 91' lang='lat' dir='ltr'><strong>et</strong></span> <span class='ocrx_word' id='word_1_603' title='bbox 2620 3574 2803 3630; x_wconf 90' lang='lat' dir='ltr'><strong>alium</strong></span> <span class='ocrx_word' id='word_1_604' title='bbox 2854 3574 3140 3647; x_wconf 89' lang='lat' dir='ltr'><strong>Spiritum</strong></span> <span class='ocrx_word' id='word_1_605' title='bbox 3189 3578 3483 3630; x_wconf 90' lang='lat' dir='ltr'><strong>sanctum.</strong></span> <span class='ocrx_word' id='word_1_606' title='bbox 3528 3572 3675 3630; x_wconf 88' lang='lat' dir='ltr'><strong>Male</strong></span> 
     </span>
    </p>
   </div>
   <div class='ocr_carea' id='block_1_84' title="bbox 2026 3662 3670 3737">
    <p class='ocr_par' dir='ltr' id='par_1_84' title="bbox 2026 3662 3670 3737">
     <span class='ocr_line' id='line_1_84' title="bbox 2026 3662 3670 3737; baseline -0.002 -16"><span class='ocrx_word' id='word_1_607' title='bbox 2026 3665 2235 3737; x_wconf 90' lang='lat' dir='ltr'><strong>accipit</strong></span> <span class='ocrx_word' id='word_1_608' title='bbox 2262 3665 2472 3720; x_wconf 91' lang='lat' dir='ltr'><strong>idiotes</strong></span> <span class='ocrx_word' id='word_1_609' title='bbox 2504 3664 2754 3735; x_wconf 90' lang='lat' dir='ltr'><strong>quisque</strong></span> <span class='ocrx_word' id='word_1_610' title='bbox 2790 3669 2892 3719; x_wconf 91' lang='lat' dir='ltr'><strong>aut</strong></span> <span class='ocrx_word' id='word_1_611' title='bbox 2923 3679 3229 3735; x_wconf 89' lang='lat' dir='ltr'><strong>perversus</strong></span> <span class='ocrx_word' id='word_1_612' title='bbox 3260 3662 3369 3719; x_wconf 95' lang='lat' dir='ltr'><strong>hoc</strong></span> <span class='ocrx_word' id='word_1_613' title='bbox 3426 3662 3670 3718; x_wconf 91' lang='lat' dir='ltr'><strong>dictum.</strong></span> 
     </span>
    </p>
   </div>
   <div class='ocr_carea' id='block_1_85' title="bbox 2026 3752 3672 3828">
    <p class='ocr_par' dir='ltr' id='par_1_85' title="bbox 2026 3752 3672 3828">
     <span class='ocr_line' id='line_1_85' title="bbox 2026 3752 3672 3828; baseline -0.002 -18"><span class='ocrx_word' id='word_1_614' title='bbox 2026 3755 2197 3828; x_wconf 91' lang='lat' dir='ltr'><strong>quasi</strong></span> <span class='ocrx_word' id='word_1_615' title='bbox 2228 3754 2624 3810; x_wconf 90' lang='lat' dir='ltr'><strong>diversitatem</strong></span> <span class='ocrx_word' id='word_1_616' title='bbox 2659 3757 2847 3819; x_wconf 91' lang='lat' dir='ltr'><strong>sonet,</strong></span> <span class='ocrx_word' id='word_1_617' title='bbox 2880 3757 2938 3809; x_wconf 92' lang='lat' dir='ltr'><strong>et</strong></span> <span class='ocrx_word' id='word_1_618' title='bbox 2967 3769 3033 3809; x_wconf 89' lang='lat' dir='ltr'><strong>ex</strong></span> <span class='ocrx_word' id='word_1_619' title='bbox 3065 3752 3403 3809; x_wconf 91' lang='lat' dir='ltr'><strong>diversitate</strong></span> <span class='ocrx_word' id='word_1_620' title='bbox 3433 3767 3672 3823; x_wconf 84' lang='lat' dir='ltr'><strong>separa-</strong></span> 
     </span>
    </p>
   </div>
   <div class='ocr_carea' id='block_1_86' title="bbox 2024 3843 3670 3918">
    <p class='ocr_par' dir='ltr' id='par_1_86' title="bbox 2024 3843 3670 3918">
     <span class='ocr_line' id='line_1_86' title="bbox 2024 3843 3670 3918; baseline -0.002 -16"><span class='ocrx_word' id='word_1_621' title='bbox 2024 3847 2244 3903; x_wconf 90' lang='lat' dir='ltr'><strong>tionem</strong></span> <span class='ocrx_word' id='word_1_622' title='bbox 2276 3846 2588 3918; x_wconf 88' lang='lat' dir='ltr'><strong>protendat</strong></span> <span class='ocrx_word' id='word_1_623' title='bbox 2618 3845 2827 3911; x_wconf 88' lang='lat' dir='ltr'><strong>Patris,</strong></span> <span class='ocrx_word' id='word_1_624' title='bbox 2861 3848 2919 3900; x_wconf 91' lang='lat' dir='ltr'><strong>et</strong></span> <span class='ocrx_word' id='word_1_625' title='bbox 2948 3843 3098 3914; x_wconf 86' lang='lat' dir='ltr'><strong>Filii,</strong></span> <span class='ocrx_word' id='word_1_626' title='bbox 3132 3847 3188 3899; x_wconf 90' lang='lat' dir='ltr'><strong>et</strong></span> <span class='ocrx_word' id='word_1_627' title='bbox 3235 3843 3510 3913; x_wconf 82' lang='lat' dir='ltr'><strong>Spiritus.</strong></span> <span class='ocrx_word' id='word_1_628' title='bbox 3554 3843 3670 3899; x_wconf 83' lang='lat' dir='ltr'><strong>Ne-</strong></span> 
     </span>
    </p>
   </div>
   <div class='ocr_carea' id='block_1_87' title="bbox 2027 3933 3671 4001">
    <p class='ocr_par' dir='ltr' id='par_1_87' title="bbox 2027 3933 3671 4001">
     <span class='ocr_line' id='line_1_87' title="bbox 2027 3933 3671 4001; baseline -0.004 -10"><span class='ocrx_word' id='word_1_629' title='bbox 2027 3936 2296 3992; x_wconf 89' lang='lat' dir='ltr'><strong>cessitate</strong></span> <span class='ocrx_word' id='word_1_630' title='bbox 2325 3939 2521 3991; x_wconf 90' lang='lat' dir='ltr'><strong>autem</strong></span> <span class='ocrx_word' id='word_1_631' title='bbox 2552 3935 2659 3990; x_wconf 89' lang='lat' dir='ltr'><strong>hoc</strong></span> <span class='ocrx_word' id='word_1_632' title='bbox 2686 3934 2836 4001; x_wconf 92' lang='lat' dir='ltr'><strong>dico,</strong></span> <span class='ocrx_word' id='word_1_633' title='bbox 2871 3950 3004 3989; x_wconf 90' lang='lat' dir='ltr'><strong>cum</strong></span> <span class='ocrx_word' id='word_1_634' title='bbox 3036 3933 3309 3989; x_wconf 89' lang='lat' dir='ltr'><strong>eumdem</strong></span> <span class='ocrx_word' id='word_1_635' title='bbox 3344 3933 3671 4001; x_wconf 90' lang='lat' dir='ltr'><strong>Patrem,et</strong></span> 
     </span>
    </p>
   </div>
   <div class='ocr_carea' id='block_1_88' title="bbox 2027 4022 3671 4095">
    <p class='ocr_par' dir='ltr' id='par_1_88' title="bbox 2027 4022 3671 4095">
     <span class='ocr_line' id='line_1_88' title="bbox 2027 4022 3671 4095; baseline -0.002 -16"><span class='ocrx_word' id='word_1_636' title='bbox 2027 4024 2264 4089; x_wconf 90' lang='lat' dir='ltr'><strong>Filium,</strong></span> <span class='ocrx_word' id='word_1_637' title='bbox 2297 4028 2353 4079; x_wconf 91' lang='lat' dir='ltr'><strong>et</strong></span> <span class='ocrx_word' id='word_1_638' title='bbox 2398 4024 2682 4095; x_wconf 87' lang='lat' dir='ltr'><strong>Spiritum</strong></span> <span class='ocrx_word' id='word_1_639' title='bbox 2720 4023 3083 4079; x_wconf 85' lang='lat' dir='ltr'><strong>contendunt</strong></span> <span class='ocrx_word' id='word_1_640' title='bbox 3112 4022 3392 4078; x_wconf 90' lang='lat' dir='ltr'><strong>adversus</strong></span> <span class='ocrx_word' id='word_1_641' title='bbox 3438 4035 3671 4076; x_wconf 77' lang='lat' dir='ltr'><strong>meone-</strong></span> 
     </span>
    </p>
   </div>
   <div class='ocr_carea' id='block_1_89' title="bbox 2026 4107 3673 4179">
    <p class='ocr_par' dir='ltr' id='par_1_89' title="bbox 2026 4107 3673 4179">
     <span class='ocr_line' id='line_1_89' title="bbox 2026 4107 3673 4179; baseline -0.004 -10"><span class='ocrx_word' id='word_1_642' title='bbox 2026 4114 2206 4170; x_wconf 91' lang='lat' dir='ltr'><strong>miam</strong></span> <span class='ocrx_word' id='word_1_643' title='bbox 2238 4113 2586 4169; x_wconf 73' lang='lat' dir='ltr'><strong>monarchize</strong></span> <span class='ocrx_word' id='word_1_644' title='bbox 2632 4112 2963 4179; x_wconf 90' lang='lat' dir='ltr'><strong>adulantes,</strong></span> <span class='ocrx_word' id='word_1_645' title='bbox 2996 4128 3111 4167; x_wconf 91' lang='lat' dir='ltr'><strong>non</strong></span> <span class='ocrx_word' id='word_1_646' title='bbox 3156 4113 3385 4167; x_wconf 90' lang='lat' dir='ltr'><strong>tantum</strong></span> <span class='ocrx_word' id='word_1_647' title='bbox 3435 4107 3673 4164; x_wconf 83' lang='lat' dir='ltr'><strong>diversi-</strong></span> 
     </span>
    </p>
   </div>
   <div class='ocr_carea' id='block_1_90' title="bbox 2026 4196 3671 4271">
    <p class='ocr_par' dir='ltr' id='par_1_90' title="bbox 2026 4196 3671 4271">
     <span class='ocr_line' id='line_1_90' title="bbox 2026 4196 3671 4271; baseline -0.002 -14"><span class='ocrx_word' id='word_1_648' title='bbox 2026 4207 2146 4258; x_wconf 90' lang='lat' dir='ltr'><strong>tate</strong></span> <span class='ocrx_word' id='word_1_649' title='bbox 2175 4201 2357 4257; x_wconf 90' lang='lat' dir='ltr'><strong>alium</strong></span> <span class='ocrx_word' id='word_1_650' title='bbox 2390 4202 2601 4257; x_wconf 92' lang='lat' dir='ltr'><strong>Filium</strong></span> <span class='ocrx_word' id='word_1_651' title='bbox 2633 4218 2666 4257; x_wconf 89' lang='lat' dir='ltr'><strong>a</strong></span> <span class='ocrx_word' id='word_1_652' title='bbox 2697 4202 2882 4271; x_wconf 89' lang='lat' dir='ltr'><strong>Patre,</strong></span> <span class='ocrx_word' id='word_1_653' title='bbox 2904 4215 3009 4255; x_wconf 91' lang='lat' dir='ltr'><strong>nec</strong></span> <span class='ocrx_word' id='word_1_654' title='bbox 3040 4197 3326 4253; x_wconf 88' lang='lat' dir='ltr'><strong>divisione</strong></span> <span class='ocrx_word' id='word_1_655' title='bbox 3356 4196 3671 4266; x_wconf 89' lang='lat' dir='ltr'><strong>alium,sed</strong></span> 
     </span>
    </p>
   </div>
   <div class='ocr_carea' id='block_1_91' title="bbox 2027 4284 3674 4362">
    <p class='ocr_par' dir='ltr' id='par_1_91' title="bbox 2027 4284 3674 4362">
     <span class='ocr_line' id='line_1_91' title="bbox 2027 4284 3674 4362; baseline -0.003 -16"><span class='ocrx_word' id='word_1_656' title='bbox 2027 4290 2404 4347; x_wconf 91' lang='lat' dir='ltr'><strong>distinctione</strong></span> <span class='ocrx_word' id='word_1_657' title='bbox 2434 4308 2447 4357; x_wconf 92' lang='lat'><strong>;</strong></span> <span class='ocrx_word' id='word_1_658' title='bbox 2482 4290 2618 4362; x_wconf 91' lang='lat' dir='ltr'><strong>quia</strong></span> <span class='ocrx_word' id='word_1_659' title='bbox 2648 4306 2763 4344; x_wconf 92' lang='lat' dir='ltr'><strong>non</strong></span> <span class='ocrx_word' id='word_1_660' title='bbox 2798 4290 2875 4344; x_wconf 93' lang='lat' dir='ltr'><strong>sit</strong></span> <span class='ocrx_word' id='word_1_661' title='bbox 2905 4288 3059 4343; x_wconf 89' lang='lat' dir='ltr'><strong>idem</strong></span> <span class='ocrx_word' id='word_1_662' title='bbox 3091 4288 3260 4343; x_wconf 91' lang='lat' dir='ltr'><strong>Pater</strong></span> <span class='ocrx_word' id='word_1_663' title='bbox 3288 4291 3344 4343; x_wconf 93' lang='lat' dir='ltr'><strong>et</strong></span> <span class='ocrx_word' id='word_1_664' title='bbox 3374 4284 3674 4356; x_wconf 84' lang='lat' dir='ltr'><strong>Filius,vel</strong></span> 
     </span>
    </p>
   </div>
   <div class='ocr_carea' id='block_1_92' title="bbox 2027 4374 3672 4449">
    <p class='ocr_par' dir='ltr' id='par_1_92' title="bbox 2027 4374 3672 4449">
     <span class='ocr_line' id='line_1_92' title="bbox 2027 4374 3672 4449; baseline -0.004 -13"><span class='ocrx_word' id='word_1_665' title='bbox 2027 4380 2263 4436; x_wconf 91' lang='lat' dir='ltr'><strong>modulo</strong></span> <span class='ocrx_word' id='word_1_666' title='bbox 2286 4379 2438 4435; x_wconf 90' lang='lat' dir='ltr'><strong>alius</strong></span> <span class='ocrx_word' id='word_1_667' title='bbox 2470 4381 2541 4435; x_wconf 93' lang='lat' dir='ltr'><strong>ab</strong></span> <span class='ocrx_word' id='word_1_668' title='bbox 2575 4378 2709 4434; x_wconf 87' lang='lat' dir='ltr'><strong>alio.</strong></span> <span class='ocrx_word' id='word_1_669' title='bbox 2767 4400 2793 4427; x_wconf 83' lang='lat'>»</span> <span class='ocrx_word' id='word_1_670' title='bbox 2845 4377 3002 4449; x_wconf 82' lang='lat' dir='ltr'><strong>(Ibid.</strong></span> <span class='ocrx_word' id='word_1_671' title='bbox 3062 4393 3187 4448; x_wconf 90' lang='lat' dir='ltr'><strong>cap.</strong></span> <span class='ocrx_word' id='word_1_672' title='bbox 3246 4377 3326 4444; x_wconf 92' lang='lat'><strong>9.)</strong></span> <span class='ocrx_word' id='word_1_673' title='bbox 3373 4374 3672 4447; x_wconf 90' lang='lat' dir='ltr'><strong>Numquid</strong></span> 
     </span>
    </p>
   </div>
   <div class='ocr_carea' id='block_1_93' title="bbox 2027 4463 3675 4539">
    <p class='ocr_par' dir='ltr' id='par_1_93' title="bbox 2027 4463 3675 4539">
     <span class='ocr_line' id='line_1_93' title="bbox 2027 4463 3675 4539; baseline -0.002 -14"><span class='ocrx_word' id='word_1_674' title='bbox 2027 4469 2241 4525; x_wconf 86' lang='lat' dir='ltr'><strong>clarius</strong></span> <span class='ocrx_word' id='word_1_675' title='bbox 2271 4468 2552 4525; x_wconf 89' lang='lat' dir='ltr'><strong>meliusve</strong></span> <span class='ocrx_word' id='word_1_676' title='bbox 2584 4466 2858 4539; x_wconf 84' lang='lat' dir='ltr'><strong>explicari</strong></span> <span class='ocrx_word' id='word_1_677' title='bbox 2892 4470 3083 4538; x_wconf 88' lang='lat' dir='ltr'><strong>potest</strong></span> <span class='ocrx_word' id='word_1_678' title='bbox 3120 4480 3255 4521; x_wconf 82' lang='lat' dir='ltr'><strong>vera</strong></span> <span class='ocrx_word' id='word_1_679' title='bbox 3285 4470 3343 4521; x_wconf 90' lang='lat' dir='ltr'><strong>et</strong></span> <span class='ocrx_word' id='word_1_680' title='bbox 3390 4463 3675 4521; x_wconf 86' lang='lat' dir='ltr'><strong>catholica</strong></span> 
     </span>
    </p>
   </div>
   <div class='ocr_carea' id='block_1_94' title="bbox 2026 4552 3673 4627">
    <p class='ocr_par' dir='ltr' id='par_1_94' title="bbox 2026 4552 3673 4627">
     <span class='ocr_line' id='line_1_94' title="bbox 2026 4552 3673 4627; baseline -0.003 -13"><span class='ocrx_word' id='word_1_681' title='bbox 2026 4559 2098 4614; x_wconf 91' lang='lat' dir='ltr'><strong>de</strong></span> <span class='ocrx_word' id='word_1_682' title='bbox 2128 4574 2295 4613; x_wconf 88' lang='lat' dir='ltr'><strong>sacro</strong></span> <span class='ocrx_word' id='word_1_683' title='bbox 2317 4556 2617 4613; x_wconf 88' lang='lat' dir='ltr'><strong>Trinitatis</strong></span> <span class='ocrx_word' id='word_1_684' title='bbox 2641 4555 2915 4627; x_wconf 81' lang='lat' dir='ltr'><strong>mysterio</strong></span> <span class='ocrx_word' id='word_1_685' title='bbox 2947 4553 3212 4610; x_wconf 90' lang='lat' dir='ltr'><strong>doctrina</strong></span> <span class='ocrx_word' id='word_1_686' title='bbox 3234 4554 3260 4608; x_wconf 85' lang='lat'><strong>?</strong></span> <span class='ocrx_word' id='word_1_687' title='bbox 3290 4552 3493 4609; x_wconf 89' lang='lat' dir='ltr'><strong>Palam</strong></span> <span class='ocrx_word' id='word_1_688' title='bbox 3514 4552 3673 4609; x_wconf 88' lang='lat' dir='ltr'><strong>enim</strong></span> 
     </span>
    </p>
   </div>
   <div class='ocr_carea' id='block_1_95' title="bbox 268 4626 3673 4716">
    <p class='ocr_par' dir='ltr' id='par_1_95' title="bbox 268 4626 3673 4716">
     <span class='ocr_line' id='line_1_95' title="bbox 268 4626 3673 4716; baseline 0 -31"><span class='ocrx_word' id='word_1_689' title='bbox 268 4627 460 4685; x_wconf 88' lang='lat' dir='ltr'><strong>sancti</strong></span> <span class='ocrx_word' id='word_1_690' title='bbox 490 4626 793 4683; x_wconf 89' lang='lat' dir='ltr'><strong>divinitate</strong></span> <span class='ocrx_word' id='word_1_691' title='bbox 833 4642 899 4682; x_wconf 89' lang='lat' dir='ltr'><strong>ac</strong></span> <span class='ocrx_word' id='word_1_692' title='bbox 947 4643 1112 4682; x_wconf 89' lang='lat' dir='ltr'><strong>sacro</strong></span> <span class='ocrx_word' id='word_1_693' title='bbox 1163 4626 1468 4682; x_wconf 88' lang='lat' dir='ltr'><strong>Trinitatis</strong></span> <span class='ocrx_word' id='word_1_694' title='bbox 1517 4628 1790 4699; x_wconf 87' lang='lat' dir='ltr'><strong>mysterio</strong></span> <span class='ocrx_word' id='word_1_695' title='bbox 1822 4628 1918 4684; x_wconf 89' lang='lat' dir='ltr'><strong>ille</strong></span> <span class='ocrx_word' id='word_1_696' title='bbox 1948 4652 1993 4716; x_wconf 72' lang='grc' dir='ltr'><strong>Ι)</strong></span> <span class='ocrx_word' id='word_1_697' title='bbox 2025 4652 2084 4703; x_wconf 68' lang='grc' dir='ltr'><strong>ει</strong></span> <span class='ocrx_word' id='word_1_698' title='bbox 2113 4652 2313 4702; x_wconf 63' lang='lat' dir='ltr'><strong>contra</strong></span> <span class='ocrx_word' id='word_1_699' title='bbox 2343 4626 2748 4701; x_wconf 55' lang='lat' dir='ltr'><strong>haereticorum</strong></span> <span class='ocrx_word' id='word_1_700' title='bbox 2785 4659 3008 4701; x_wconf 64' lang='lat' dir='ltr'><strong>errores</strong></span> <span class='ocrx_word' id='word_1_701' title='bbox 3058 4646 3261 4699; x_wconf 60' lang='lat' dir='ltr'><strong>aucto;-</strong></span> <span class='ocrx_word' id='word_1_702' title='bbox 3307 4646 3505 4699; x_wconf 70' lang='lat' dir='ltr'><strong>noster</strong></span> <span class='ocrx_word' id='word_1_703' title='bbox 3534 4659 3673 4714; x_wconf 65' lang='lat' dir='ltr'><strong>pro-</strong></span> 
     </span>
    </p>
   </div>
   <div class='ocr_carea' id='block_1_96' title="bbox 269 4715 1918 4789">
    <p class='ocr_par' dir='ltr' id='par_1_96' title="bbox 269 4715 1918 4789">
     <span class='ocr_line' id='line_1_96' title="bbox 269 4715 1918 4789; baseline 0.001 -16"><span class='ocrx_word' id='word_1_704' title='bbox 269 4716 534 4788; x_wconf 88' lang='lat' dir='ltr'><strong>tradidit,</strong></span> <span class='ocrx_word' id='word_1_705' title='bbox 565 4719 624 4772; x_wconf 89' lang='lat' dir='ltr'><strong>et</strong></span> <span class='ocrx_word' id='word_1_706' title='bbox 652 4733 686 4772; x_wconf 87' lang='lat' dir='ltr'><strong>a</strong></span> <span class='ocrx_word' id='word_1_707' title='bbox 715 4715 884 4773; x_wconf 89' lang='lat' dir='ltr'><strong>nobis</strong></span> <span class='ocrx_word' id='word_1_708' title='bbox 908 4716 1036 4786; x_wconf 85' lang='lat' dir='ltr'><strong>jam</strong></span> <span class='ocrx_word' id='word_1_709' title='bbox 1078 4715 1386 4771; x_wconf 88' lang='lat' dir='ltr'><strong>enodanda</strong></span> <span class='ocrx_word' id='word_1_710' title='bbox 1432 4715 1918 4789; x_wconf 87' lang='lat' dir='ltr'><strong>explanandaque</strong></span> 
     </span>
    </p>
   </div>
   <div class='ocr_carea' id='block_1_97' title="bbox 270 4811 431 4864">
    <p class='ocr_par' dir='ltr' id='par_1_97' title="bbox 270 4811 431 4864">
     <span class='ocr_line' id='line_1_97' title="bbox 270 4811 431 4864; baseline 0 -2"><span class='ocrx_word' id='word_1_711' title='bbox 270 4811 431 4864; x_wconf 90' lang='lat' dir='ltr'><strong>sunt.</strong></span> 
     </span>
    </p>
   </div>
   <div class='ocr_carea' id='block_1_98' title="bbox 874 4945 1310 4985">
    <p class='ocr_par' dir='ltr' id='par_1_98' title="bbox 874 4945 1310 4985">
     <span class='ocr_line' id='line_1_98' title="bbox 874 4945 1310 4985; baseline -0.005 0"><span class='ocrx_word' id='word_1_712' title='bbox 874 4945 1187 4985; x_wconf 77' lang='lat' dir='ltr'><strong>ARTICULUS</strong></span> <span class='ocrx_word' id='word_1_713' title='bbox 1228 4946 1310 4984; x_wconf 85' lang='lat' dir='ltr'><strong>III.</strong></span> 
     </span>
    </p>
   </div>
   <div class='ocr_carea' id='block_1_99' title="bbox 270 5035 1920 5105">
    <p class='ocr_par' dir='ltr' id='par_1_99' title="bbox 270 5035 1920 5105">
     <span class='ocr_line' id='line_1_99' title="bbox 270 5035 1920 5105; baseline 0.004 -15"><span class='ocrx_word' id='word_1_714' title='bbox 270 5036 444 5105; x_wconf 82' lang='lat' dir='ltr'><strong>Quam</strong></span> <span class='ocrx_word' id='word_1_715' title='bbox 497 5035 696 5092; x_wconf 69' lang='lat' dir='ltr'><strong>diserte</strong></span> <span class='ocrx_word' id='word_1_716' title='bbox 765 5038 1135 5094; x_wconf 76' lang='lat' dir='ltr'><strong>Tertullianus</strong></span> <span class='ocrx_word' id='word_1_717' title='bbox 1207 5036 1566 5092; x_wconf 69' lang='lat' dir='ltr'><strong>orthodoxam</strong></span> <span class='ocrx_word' id='word_1_718' title='bbox 1622 5038 1799 5095; x_wconf 76' lang='lat' dir='ltr'><strong>adhuc</strong></span> <span class='ocrx_word' id='word_1_719' title='bbox 1855 5041 1920 5096; x_wconf 81' lang='lat' dir='ltr'><strong>de</strong></span> 
     </span>
    </p>
   </div>
   <div class='ocr_carea' id='block_1_100' title="bbox 341 5107 1921 5178">
    <p class='ocr_par' dir='ltr' id='par_1_100' title="bbox 341 5107 1921 5178">
     <span class='ocr_line' id='line_1_100' title="bbox 341 5107 1921 5178; baseline 0.005 -17"><span class='ocrx_word' id='word_1_720' title='bbox 341 5107 450 5162; x_wconf 80' lang='lat' dir='ltr'><strong>Fili</strong></span> <span class='ocrx_word' id='word_1_721' title='bbox 508 5109 629 5173; x_wconf 75' lang='lat' dir='ltr'><strong>Dei,</strong></span> <span class='ocrx_word' id='word_1_722' title='bbox 689 5125 791 5163; x_wconf 82' lang='lat' dir='ltr'><strong>nec</strong></span> <span class='ocrx_word' id='word_1_723' title='bbox 818 5125 927 5165; x_wconf 84' lang='lat' dir='ltr'><strong>non</strong></span> <span class='ocrx_word' id='word_1_724' title='bbox 968 5109 1211 5178; x_wconf 76' lang='lat' dir='ltr'><strong>Spiritus</strong></span> <span class='ocrx_word' id='word_1_725' title='bbox 1268 5111 1448 5163; x_wconf 77' lang='lat' dir='ltr'><strong>sancti</strong></span> <span class='ocrx_word' id='word_1_726' title='bbox 1504 5110 1799 5168; x_wconf 78' lang='lat' dir='ltr'><strong>divinitate</strong></span> <span class='ocrx_word' id='word_1_727' title='bbox 1857 5130 1921 5169; x_wconf 85' lang='lat' dir='ltr'><strong>ac</strong></span> 
     </span>
    </p>
   </div>
   <div class='ocr_carea' id='block_1_101' title="bbox 340 5180 1919 5307">
    <p class='ocr_par' dir='ltr' id='par_1_101' title="bbox 340 5180 1919 5307">
     <span class='ocr_line' id='line_1_101' title="bbox 340 5180 1919 5307; baseline 0.006 -75"><span class='ocrx_word' id='word_1_728' title='bbox 340 5193 497 5307; x_wconf 45' lang='lat' dir='ltr'><strong>2aliter?</strong></span> <span class='ocrx_word' id='word_1_729' title='bbox 527 5180 811 5237; x_wconf 70' lang='lat' dir='ltr'><strong>Trinitatis</strong></span> <span class='ocrx_word' id='word_1_730' title='bbox 839 5184 1107 5251; x_wconf 74' lang='lat' dir='ltr'><strong>mysterio</strong></span> <span class='ocrx_word' id='word_1_731' title='bbox 1127 5183 1434 5236; x_wconf 85' lang='lat' dir='ltr'><strong>doctrinam</strong></span> <span class='ocrx_word' id='word_1_732' title='bbox 1457 5182 1692 5253; x_wconf 74' lang='lat' dir='ltr'><strong>explicet</strong></span> <span class='ocrx_word' id='word_1_733' title='bbox 1710 5200 1775 5239; x_wconf 89' lang='lat' dir='ltr'><strong>ac</strong></span> <span class='ocrx_word' id='word_1_734' title='bbox 1794 5186 1919 5240; x_wconf 83' lang='lat' dir='ltr'><strong>vin-</strong></span> 
     </span>
     <span class='ocr_line' id='line_1_102' title="bbox 381 5267 506 5307; baseline 0.008 -1"><span class='ocrx_word' id='word_1_735' title='bbox 381 5267 460 5307; x_wconf 77' lang='lat' dir='ltr'><strong>zce</strong></span> <span class='ocrx_word' id='word_1_736' title='bbox 493 5293 506 5307; x_wconf 97' lang='lat'><strong>.</strong></span> 
     </span>
    </p>
   </div>
   <div class='ocr_carea' id='block_1_102' title="bbox 341 5376 1918 5449">
    <p class='ocr_par' dir='ltr' id='par_1_102' title="bbox 341 5376 1918 5449">
     <span class='ocr_line' id='line_1_103' title="bbox 341 5376 1918 5449; baseline 0.003 -16"><span class='ocrx_word' id='word_1_737' title='bbox 341 5376 737 5433; x_wconf 88' lang='lat' dir='ltr'><strong>Tertullianus</strong></span> <span class='ocrx_word' id='word_1_738' title='bbox 770 5395 887 5434; x_wconf 94' lang='lat' dir='ltr'><strong>non</strong></span> <span class='ocrx_word' id='word_1_739' title='bbox 918 5377 991 5434; x_wconf 92' lang='lat' dir='ltr'><strong>iis</strong></span> <span class='ocrx_word' id='word_1_740' title='bbox 1021 5380 1253 5433; x_wconf 91' lang='lat' dir='ltr'><strong>tantum</strong></span> <span class='ocrx_word' id='word_1_741' title='bbox 1286 5394 1411 5449; x_wconf 84' lang='lat' dir='ltr'><strong>quae</strong></span> <span class='ocrx_word' id='word_1_742' title='bbox 1452 5378 1783 5448; x_wconf 88' lang='lat' dir='ltr'><strong>retulimus,</strong></span> <span class='ocrx_word' id='word_1_743' title='bbox 1816 5384 1918 5438; x_wconf 90' lang='lat' dir='ltr'><strong>sed</strong></span> 
     </span>
    </p>
   </div>
   <div class='ocr_carea' id='block_1_103' title="bbox 273 5466 1922 5542">
    <p class='ocr_par' dir='ltr' id='par_1_103' title="bbox 273 5466 1922 5542">
     <span class='ocr_line' id='line_1_104' title="bbox 273 5466 1922 5542; baseline 0.002 -19"><span class='ocrx_word' id='word_1_744' title='bbox 273 5466 403 5525; x_wconf 90' lang='lat' dir='ltr'><strong>aliis</strong></span> <span class='ocrx_word' id='word_1_745' title='bbox 418 5467 609 5523; x_wconf 87' lang='lat' dir='ltr'><strong>adhuc</strong></span> <span class='ocrx_word' id='word_1_746' title='bbox 632 5467 901 5540; x_wconf 89' lang='lat' dir='ltr'><strong>pluribus</strong></span> <span class='ocrx_word' id='word_1_747' title='bbox 922 5468 980 5523; x_wconf 91' lang='lat' dir='ltr'><strong>in</strong></span> <span class='ocrx_word' id='word_1_748' title='bbox 1004 5466 1529 5537; x_wconf 89' lang='lat' dir='ltr'><strong>locis,catholicam</strong></span> <span class='ocrx_word' id='word_1_749' title='bbox 1553 5470 1621 5524; x_wconf 89' lang='lat' dir='ltr'><strong>de</strong></span> <span class='ocrx_word' id='word_1_750' title='bbox 1646 5487 1922 5542; x_wconf 87' lang='lat' dir='ltr'><strong>suprema</strong></span> 
     </span>
    </p>
   </div>
   <div class='ocr_carea' id='block_1_104' title="bbox 274 5556 1920 5629">
    <p class='ocr_par' dir='ltr' id='par_1_104' title="bbox 274 5556 1920 5629">
     <span class='ocr_line' id='line_1_105' title="bbox 274 5556 1920 5629; baseline 0.002 -16"><span class='ocrx_word' id='word_1_751' title='bbox 274 5556 426 5614; x_wconf 72' lang='lat'><strong>829</strong></span> <span class='ocrx_word' id='word_1_752' title='bbox 476 5557 604 5612; x_wconf 88' lang='lat' dir='ltr'><strong>Filii</strong></span> <span class='ocrx_word' id='word_1_753' title='bbox 658 5557 756 5614; x_wconf 91' lang='lat' dir='ltr'><strong>Dei</strong></span> <span class='ocrx_word' id='word_1_754' title='bbox 805 5557 1137 5629; x_wconf 90' lang='lat' dir='ltr'><strong>Christique</strong></span> <span class='ocrx_word' id='word_1_755' title='bbox 1182 5557 1407 5613; x_wconf 90' lang='lat' dir='ltr'><strong>Domini</strong></span> <span class='ocrx_word' id='word_1_756' title='bbox 1452 5559 1754 5616; x_wconf 87' lang='lat' dir='ltr'><strong>divinitate</strong></span> <span class='ocrx_word' id='word_1_757' title='bbox 1788 5578 1920 5617; x_wconf 88' lang='lat' dir='ltr'><strong>sen-</strong></span> 
     </span>
    </p>
   </div>
   <div class='ocr_carea' id='block_1_105' title="bbox 279 5647 1923 5721">
    <p class='ocr_par' dir='ltr' id='par_1_105' title="bbox 279 5647 1923 5721">
     <span class='ocr_line' id='line_1_106' title="bbox 279 5647 1923 5721; baseline 0.003 -19"><span class='ocrx_word' id='word_1_758' title='bbox 279 5647 523 5703; x_wconf 85' lang='lat' dir='ltr'><strong>tentiam</strong></span> <span class='ocrx_word' id='word_1_759' title='bbox 553 5652 673 5705; x_wconf 91' lang='lat' dir='ltr'><strong>tam</strong></span> <span class='ocrx_word' id='word_1_760' title='bbox 707 5652 1108 5706; x_wconf 89' lang='lat' dir='ltr'><strong>asseveranter</strong></span> <span class='ocrx_word' id='word_1_761' title='bbox 1141 5663 1317 5719; x_wconf 89' lang='lat' dir='ltr'><strong>quam</strong></span> <span class='ocrx_word' id='word_1_762' title='bbox 1370 5650 1676 5721; x_wconf 90' lang='lat' dir='ltr'><strong>perspicue</strong></span> <span class='ocrx_word' id='word_1_763' title='bbox 1725 5655 1923 5707; x_wconf 88' lang='lat' dir='ltr'><strong>tuetur</strong></span> 
     </span>
    </p>
   </div>
   <div class='ocr_carea' id='block_1_106' title="bbox 281 5735 1922 5815">
    <p class='ocr_par' dir='ltr' id='par_1_106' title="bbox 281 5735 1922 5815">
     <span class='ocr_line' id='line_1_107' title="bbox 281 5735 1922 5815; baseline 0.005 -22"><span class='ocrx_word' id='word_1_764' title='bbox 281 5751 348 5793; x_wconf 87' lang='lat' dir='ltr'><strong>ae</strong></span> <span class='ocrx_word' id='word_1_765' title='bbox 368 5735 641 5797; x_wconf 83' lang='lat' dir='ltr'><strong>vindicat.</strong></span> <span class='ocrx_word' id='word_1_766' title='bbox 682 5741 792 5799; x_wconf 83' lang='lat' dir='ltr'><strong>Sed</strong></span> <span class='ocrx_word' id='word_1_767' title='bbox 826 5739 967 5814; x_wconf 85' lang='lat' dir='ltr'><strong>quia</strong></span> <span class='ocrx_word' id='word_1_768' title='bbox 996 5739 1057 5797; x_wconf 90' lang='lat' dir='ltr'><strong>in</strong></span> <span class='ocrx_word' id='word_1_769' title='bbox 1085 5735 1160 5796; x_wconf 91' lang='lat' dir='ltr'><strong>iis</strong></span> <span class='ocrx_word' id='word_1_770' title='bbox 1209 5737 1559 5796; x_wconf 86' lang='lat' dir='ltr'><strong>catholicum</strong></span> <span class='ocrx_word' id='word_1_771' title='bbox 1591 5758 1823 5815; x_wconf 90' lang='lat' dir='ltr'><strong>quoque</strong></span> <span class='ocrx_word' id='word_1_772' title='bbox 1853 5744 1922 5801; x_wconf 92' lang='lat' dir='ltr'><strong>de</strong></span> 
     </span>
    </p>
   </div>
   <div class='ocr_carea' id='block_1_107' title="bbox 2026 4730 3673 4804">
    <p class='ocr_par' dir='ltr' id='par_1_107' title="bbox 2026 4730 3673 4804">
     <span class='ocr_line' id='line_1_108' title="bbox 2026 4730 3673 4804; baseline -0.002 -12"><span class='ocrx_word' id='word_1_773' title='bbox 2026 4738 2225 4792; x_wconf 73' lang='lat' dir='ltr'><strong>litetur</strong></span> <span class='ocrx_word' id='word_1_774' title='bbox 2274 4736 2533 4804; x_wconf 88' lang='lat' dir='ltr'><strong>Patrem,</strong></span> <span class='ocrx_word' id='word_1_775' title='bbox 2585 4739 2642 4790; x_wconf 90' lang='lat' dir='ltr'><strong>et</strong></span> <span class='ocrx_word' id='word_1_776' title='bbox 2680 4733 2915 4801; x_wconf 89' lang='lat' dir='ltr'><strong>Filium,</strong></span> <span class='ocrx_word' id='word_1_777' title='bbox 2966 4736 3023 4787; x_wconf 90' lang='lat' dir='ltr'><strong>et</strong></span> <span class='ocrx_word' id='word_1_778' title='bbox 3067 4730 3349 4803; x_wconf 90' lang='lat' dir='ltr'><strong>Spiritum</strong></span> <span class='ocrx_word' id='word_1_779' title='bbox 3400 4734 3673 4788; x_wconf 87' lang='lat' dir='ltr'><strong>sanetum</strong></span> 
     </span>
    </p>
   </div>
   <div class='ocr_carea' id='block_1_108' title="bbox 2028 4821 3676 4897">
    <p class='ocr_par' dir='ltr' id='par_1_108' title="bbox 2028 4821 3676 4897">
     <span class='ocr_line' id='line_1_109' title="bbox 2028 4821 3676 4897; baseline -0.002 -15"><span class='ocrx_word' id='word_1_780' title='bbox 2028 4831 2147 4882; x_wconf 89' lang='lat' dir='ltr'><strong>tres</strong></span> <span class='ocrx_word' id='word_1_781' title='bbox 2191 4842 2319 4882; x_wconf 92' lang='lat' dir='ltr'><strong>esse</strong></span> <span class='ocrx_word' id='word_1_782' title='bbox 2365 4841 2669 4897; x_wconf 89' lang='lat' dir='ltr'><strong>personas,</strong></span> <span class='ocrx_word' id='word_1_783' title='bbox 2720 4841 2753 4878; x_wconf 93' lang='lat' dir='ltr'><strong>a</strong></span> <span class='ocrx_word' id='word_1_784' title='bbox 2800 4839 2863 4878; x_wconf 92' lang='lat' dir='ltr'><strong>se</strong></span> <span class='ocrx_word' id='word_1_785' title='bbox 2911 4821 3159 4877; x_wconf 89' lang='lat' dir='ltr'><strong>invicem</strong></span> <span class='ocrx_word' id='word_1_786' title='bbox 3210 4821 3538 4889; x_wconf 83' lang='lat' dir='ltr'><strong>distinctas,</strong></span> <span class='ocrx_word' id='word_1_787' title='bbox 3574 4821 3676 4878; x_wconf 88' lang='lat' dir='ltr'><strong>sed</strong></span> 
     </span>
    </p>
   </div>
   <div class='ocr_carea' id='block_1_109' title="bbox 2028 4910 3675 4985">
    <p class='ocr_par' dir='ltr' id='par_1_109' title="bbox 2028 4910 3675 4985">
     <span class='ocr_line' id='line_1_110' title="bbox 2028 4910 3675 4985; baseline -0.003 -13"><span class='ocrx_word' id='word_1_788' title='bbox 2028 4916 2155 4972; x_wconf 89' lang='lat' dir='ltr'><strong>sine</strong></span> <span class='ocrx_word' id='word_1_789' title='bbox 2199 4915 2555 4985; x_wconf 88' lang='lat' dir='ltr'><strong>diversitate,</strong></span> <span class='ocrx_word' id='word_1_790' title='bbox 2601 4911 2886 4969; x_wconf 88' lang='lat' dir='ltr'><strong>divisione</strong></span> <span class='ocrx_word' id='word_1_791' title='bbox 2952 4916 3009 4967; x_wconf 91' lang='lat' dir='ltr'><strong>et</strong></span> <span class='ocrx_word' id='word_1_792' title='bbox 3066 4911 3455 4984; x_wconf 90' lang='lat' dir='ltr'><strong>separatione,</strong></span> <span class='ocrx_word' id='word_1_793' title='bbox 3535 4910 3675 4983; x_wconf 89' lang='lat' dir='ltr'><strong>quia</strong></span> 
     </span>
    </p>
   </div>
   <div class='ocr_carea' id='block_1_110' title="bbox 2027 5000 3678 5062">
    <p class='ocr_par' dir='ltr' id='par_1_110' title="bbox 2027 5000 3678 5062">
     <span class='ocr_line' id='line_1_111' title="bbox 2027 5000 3678 5062; baseline -0.005 -1"><span class='ocrx_word' id='word_1_794' title='bbox 2027 5023 2147 5061; x_wconf 92' lang='lat' dir='ltr'><strong>una</strong></span> <span class='ocrx_word' id='word_1_795' title='bbox 2177 5014 2263 5062; x_wconf 85' lang='lat' dir='ltr'><strong>est</strong></span> <span class='ocrx_word' id='word_1_796' title='bbox 2288 5004 2521 5061; x_wconf 88' lang='lat' dir='ltr'><strong>illarum</strong></span> <span class='ocrx_word' id='word_1_797' title='bbox 2553 5001 2906 5059; x_wconf 89' lang='lat' dir='ltr'><strong>substantia.</strong></span> <span class='ocrx_word' id='word_1_798' title='bbox 2947 5003 3019 5056; x_wconf 89' lang='lat' dir='ltr'><strong>At</strong></span> <span class='ocrx_word' id='word_1_799' title='bbox 3050 5000 3197 5057; x_wconf 90' lang='lat' dir='ltr'><strong>hanc</strong></span> <span class='ocrx_word' id='word_1_800' title='bbox 3226 5016 3357 5058; x_wconf 88' lang='lat' dir='ltr'><strong>esse</strong></span> <span class='ocrx_word' id='word_1_801' title='bbox 3384 5001 3678 5057; x_wconf 89' lang='lat' dir='ltr'><strong>asseverat</strong></span> 
     </span>
    </p>
   </div>
   <div class='ocr_carea' id='block_1_111' title="bbox 2028 5088 3673 5166">
    <p class='ocr_par' dir='ltr' id='par_1_111' title="bbox 2028 5088 3673 5166">
     <span class='ocr_line' id='line_1_112' title="bbox 2028 5088 3673 5166; baseline -0.005 -14"><span class='ocrx_word' id='word_1_802' title='bbox 2028 5096 2359 5153; x_wconf 82' lang='lat' dir='ltr'><strong>orthodoxae</strong></span> <span class='ocrx_word' id='word_1_803' title='bbox 2392 5095 2526 5150; x_wconf 82' lang='lat' dir='ltr'><strong>ﬁdei</strong></span> <span class='ocrx_word' id='word_1_804' title='bbox 2560 5092 2845 5166; x_wconf 69' lang='lat' dir='ltr'><strong>regulam,</strong></span> <span class='ocrx_word' id='word_1_805' title='bbox 2881 5108 3009 5163; x_wconf 78' lang='lat' dir='ltr'><strong>quas</strong></span> <span class='ocrx_word' id='word_1_806' title='bbox 3041 5091 3100 5146; x_wconf 93' lang='lat' dir='ltr'><strong>in</strong></span> <span class='ocrx_word' id='word_1_807' title='bbox 3140 5090 3325 5147; x_wconf 90' lang='lat' dir='ltr'><strong>sacris</strong></span> <span class='ocrx_word' id='word_1_808' title='bbox 3355 5088 3673 5161; x_wconf 89' lang='lat' dir='ltr'><strong>Scripturis</strong></span> 
     </span>
    </p>
   </div>
   <div class='ocr_carea' id='block_1_112' title="bbox 2027 5177 3674 5256">
    <p class='ocr_par' dir='ltr' id='par_1_112' title="bbox 2027 5177 3674 5256">
     <span class='ocr_line' id='line_1_113' title="bbox 2027 5177 3674 5256; baseline -0.006 -14"><span class='ocrx_word' id='word_1_809' title='bbox 2027 5186 2263 5254; x_wconf 89' lang='lat' dir='ltr'><strong>tradita,</strong></span> <span class='ocrx_word' id='word_1_810' title='bbox 2310 5190 2484 5256; x_wconf 89' lang='lat' dir='ltr'><strong>atque</strong></span> <span class='ocrx_word' id='word_1_811' title='bbox 2516 5202 2549 5240; x_wconf 91' lang='lat' dir='ltr'><strong>a</strong></span> <span class='ocrx_word' id='word_1_812' title='bbox 2596 5182 2921 5254; x_wconf 85' lang='lat' dir='ltr'><strong>majoribus</strong></span> <span class='ocrx_word' id='word_1_813' title='bbox 2965 5184 3225 5253; x_wconf 90' lang='lat' dir='ltr'><strong>accepta,</strong></span> <span class='ocrx_word' id='word_1_814' title='bbox 3277 5180 3348 5236; x_wconf 93' lang='lat' dir='ltr'><strong>ab</strong></span> <span class='ocrx_word' id='word_1_815' title='bbox 3397 5177 3674 5235; x_wconf 90' lang='lat' dir='ltr'><strong>omnibus</strong></span> 
     </span>
    </p>
   </div>
   <div class='ocr_carea' id='block_1_113' title="bbox 2030 5276 2419 5333">
    <p class='ocr_par' dir='ltr' id='par_1_113' title="bbox 2030 5276 2419 5333">
     <span class='ocr_line' id='line_1_114' title="bbox 2030 5276 2419 5333; baseline -0.01 0"><span class='ocrx_word' id='word_1_816' title='bbox 2030 5276 2282 5333; x_wconf 89' lang='lat' dir='ltr'><strong>tenenda</strong></span> <span class='ocrx_word' id='word_1_817' title='bbox 2312 5278 2419 5331; x_wconf 90' lang='lat' dir='ltr'><strong>est.</strong></span> 
     </span>
    </p>
   </div>
   <div class='ocr_carea' id='block_1_114' title="bbox 2101 5374 3677 5456">
    <p class='ocr_par' dir='ltr' id='par_1_114' title="bbox 2101 5374 3677 5456">
     <span class='ocr_line' id='line_1_115' title="bbox 2101 5374 3677 5456; baseline -0.008 -17"><span class='ocrx_word' id='word_1_818' title='bbox 2101 5386 2467 5456; x_wconf 88' lang='lat' dir='ltr'><strong>Quapropter</strong></span> <span class='ocrx_word' id='word_1_819' title='bbox 2495 5381 2554 5437; x_wconf 90' lang='lat' dir='ltr'><strong>id</strong></span> <span class='ocrx_word' id='word_1_820' title='bbox 2586 5398 2701 5436; x_wconf 92' lang='lat' dir='ltr'><strong>non</strong></span> <span class='ocrx_word' id='word_1_821' title='bbox 2734 5377 2915 5434; x_wconf 90' lang='lat' dir='ltr'><strong>semel</strong></span> <span class='ocrx_word' id='word_1_822' title='bbox 2946 5376 3158 5448; x_wconf 89' lang='lat' dir='ltr'><strong>bisque</strong></span> <span class='ocrx_word' id='word_1_823' title='bbox 3191 5374 3409 5431; x_wconf 83' lang='lat' dir='ltr'><strong>dixisse</strong></span> <span class='ocrx_word' id='word_1_824' title='bbox 3433 5376 3677 5429; x_wconf 83' lang='lat' dir='ltr'><strong>conten-</strong></span> 
     </span>
    </p>
   </div>
   <div class='ocr_carea' id='block_1_115' title="bbox 2028 5460 3675 5545">
    <p class='ocr_par' dir='ltr' id='par_1_115' title="bbox 2028 5460 3675 5545">
     <span class='ocr_line' id='line_1_116' title="bbox 2028 5460 3675 5545; baseline -0.009 -16"><span class='ocrx_word' id='word_1_825' title='bbox 2028 5478 2144 5542; x_wconf 92' lang='lat' dir='ltr'><strong>tus,</strong></span> <span class='ocrx_word' id='word_1_826' title='bbox 2178 5477 2381 5545; x_wconf 90' lang='lat' dir='ltr'><strong>postea</strong></span> <span class='ocrx_word' id='word_1_827' title='bbox 2409 5471 2599 5527; x_wconf 88' lang='lat' dir='ltr'><strong>adhuc</strong></span> <span class='ocrx_word' id='word_1_828' title='bbox 2632 5469 2841 5541; x_wconf 87' lang='lat' dir='ltr'><strong>repetit</strong></span> <span class='ocrx_word' id='word_1_829' title='bbox 2869 5472 2926 5522; x_wconf 91' lang='lat' dir='ltr'><strong>et</strong></span> <span class='ocrx_word' id='word_1_830' title='bbox 2957 5465 3293 5522; x_wconf 89' lang='lat' dir='ltr'><strong>corroborat</strong></span> <span class='ocrx_word' id='word_1_831' title='bbox 3325 5480 3338 5519; x_wconf 93' lang='lat'><strong>:</strong></span> <span class='ocrx_word' id='word_1_832' title='bbox 3376 5486 3399 5513; x_wconf 81' lang='grc' dir='ltr'>ι</span> <span class='ocrx_word' id='word_1_833' title='bbox 3425 5462 3563 5528; x_wconf 86' lang='lat' dir='ltr'><strong>Nos,</strong></span> <span class='ocrx_word' id='word_1_834' title='bbox 3586 5460 3675 5516; x_wconf 93' lang='lat' dir='ltr'><strong>in-</strong></span> 
     </span>
    </p>
   </div>
   <div class='ocr_carea' id='block_1_116' title="bbox 2031 5552 3674 5635">
    <p class='ocr_par' dir='ltr' id='par_1_116' title="bbox 2031 5552 3674 5635">
     <span class='ocr_line' id='line_1_117' title="bbox 2031 5552 3674 5635; baseline -0.008 -16"><span class='ocrx_word' id='word_1_835' title='bbox 2031 5563 2177 5635; x_wconf 89' lang='lat' dir='ltr'><strong>quit,</strong></span> <span class='ocrx_word' id='word_1_836' title='bbox 2210 5563 2309 5634; x_wconf 90' lang='lat' dir='ltr'><strong>qui</strong></span> <span class='ocrx_word' id='word_1_837' title='bbox 2341 5565 2396 5617; x_wconf 91' lang='lat' dir='ltr'><strong>et</strong></span> <span class='ocrx_word' id='word_1_838' title='bbox 2426 5565 2691 5632; x_wconf 90' lang='lat' dir='ltr'><strong>tempora</strong></span> <span class='ocrx_word' id='word_1_839' title='bbox 2720 5560 2777 5612; x_wconf 90' lang='lat' dir='ltr'><strong>et</strong></span> <span class='ocrx_word' id='word_1_840' title='bbox 2822 5570 3031 5610; x_wconf 90' lang='lat' dir='ltr'><strong>causas</strong></span> <span class='ocrx_word' id='word_1_841' title='bbox 3079 5552 3512 5625; x_wconf 88' lang='lat' dir='ltr'><strong>Scripturarum</strong></span> <span class='ocrx_word' id='word_1_842' title='bbox 3544 5566 3674 5623; x_wconf 88' lang='lat' dir='ltr'><strong>per-</strong></span> 
     </span>
    </p>
   </div>
   <div class='ocr_carea' id='block_1_117' title="bbox 2031 5641 3675 5726">
    <p class='ocr_par' dir='ltr' id='par_1_117' title="bbox 2031 5641 3675 5726">
     <span class='ocr_line' id='line_1_118' title="bbox 2031 5641 3675 5726; baseline -0.007 -17"><span class='ocrx_word' id='word_1_843' title='bbox 2031 5654 2130 5709; x_wconf 89' lang='lat' dir='ltr'><strong>Dci</strong></span> <span class='ocrx_word' id='word_1_844' title='bbox 2155 5651 2403 5726; x_wconf 87' lang='lat' dir='ltr'><strong>gratiam</strong></span> <span class='ocrx_word' id='word_1_845' title='bbox 2434 5648 2787 5722; x_wconf 88' lang='lat' dir='ltr'><strong>inspicimus</strong></span> <span class='ocrx_word' id='word_1_846' title='bbox 2819 5644 3072 5699; x_wconf 84' lang='lat' dir='ltr'><strong>maxime</strong></span> <span class='ocrx_word' id='word_1_847' title='bbox 3095 5641 3396 5710; x_wconf 90' lang='lat' dir='ltr'><strong>Paracleti,</strong></span> <span class='ocrx_word' id='word_1_848' title='bbox 3430 5659 3544 5698; x_wconf 92' lang='lat' dir='ltr'><strong>non</strong></span> <span class='ocrx_word' id='word_1_849' title='bbox 3567 5641 3675 5698; x_wconf 80' lang='lat' dir='ltr'><strong>ho-</strong></span> 
     </span>
    </p>
   </div>
   <div class='ocr_carea' id='block_1_118' title="bbox 2033 5731 3672 5813">
    <p class='ocr_par' dir='ltr' id='par_1_118' title="bbox 2033 5731 3672 5813">
     <span class='ocr_line' id='line_1_119' title="bbox 2033 5731 3672 5813; baseline -0.009 -11"><span class='ocrx_word' id='word_1_850' title='bbox 2033 5744 2262 5802; x_wconf 89' lang='lat' dir='ltr'><strong>minum</strong></span> <span class='ocrx_word' id='word_1_851' title='bbox 2293 5739 2588 5813; x_wconf 89' lang='lat' dir='ltr'><strong>discipuli,</strong></span> <span class='ocrx_word' id='word_1_852' title='bbox 2620 5739 2768 5795; x_wconf 89' lang='lat' dir='ltr'><strong>duos</strong></span> <span class='ocrx_word' id='word_1_853' title='bbox 2800 5733 3041 5809; x_wconf 87' lang='lat' dir='ltr'><strong>quidem</strong></span> <span class='ocrx_word' id='word_1_854' title='bbox 3080 5731 3398 5793; x_wconf 79' lang='lat' dir='ltr'><strong>deﬁnimus</strong></span> <span class='ocrx_word' id='word_1_855' title='bbox 3440 5733 3672 5792; x_wconf 88' lang='lat' dir='ltr'><strong>Patrem</strong></span> 
     </span>
    </p>
   </div>
  </div>
