4158 6358
514 441 635 502 915

1037 436 1562 498 TERTULLIANI
1604 435 1930 498 OPERUM
1973 437 2170 497 PARS
2217 437 2263 496 l.
2292 470 2368 482 —
2399 437 2672 499 SERIES
2717 438 2767 513 Ι,
2816 436 3376 499 APOLOGETICA.

3795 433 3928 496 916

518 579 576 632 et
602 573 833 640 Filium,
865 575 922 626 et
955 573 1077 640 jam
1123 575 1241 625 tres
1297 570 1452 626 880
1502 586 1634 626 cum
1680 570 1897 642 Spiritu
1949 577 2151 627 sancto
2181 575 2232 638 Α
2267 569 3931 644 personas,unamqueduntaxatnaturam.Etenimidille

521 662 845 720 secundum
877 659 1159 714 rationem
1210 658 1561 728 aaconomiie,
1612 674 1740 728 quae
1787 659 1924 712 facit
1953 676 2162 715 nume-

521 767 675 817 rum,
708 765 800 815 ne,
850 754 917 802 ut
965 752 1157 802 vestra
1198 747 1544 819 perversitas
1595 747 1787 814 infert,
1840 751 2009 801 Pater
2040 749 2163 818 ipse

523 839 794 895 credatur
823 841 998 892 natus
1054 839 1110 890 et
1161 851 1391 906 passus,
1443 835 1596 905 quod
1648 851 1761 890 non
1807 835 1941 890 licet
1985 837 2162 906 credi,

524 925 802 998 quoniam
837 941 951 980 non
982 924 1064 979 ita
1092 925 1376 979 traditum
1403 929 1516 980 est.
1553 923 1710 994 (Ibid.
1742 940 1870 995 cap.
1908 925 2163 995 13.)Cnm

526 1020 723 1071 autem
753 1013 850 1069 ille
880 1013 1000 1068 haec
1039 1013 1338 1077 scriberet,
1364 1013 1486 1082 jam
1539 1012 1826 1067 defecerat
1857 1015 1926 1068 ab
1971 1015 2165 1068 Eccle-

525 1106 614 1160 sia
644 1102 931 1158 catholica
956 1102 1025 1155 ad
1061 1101 1547 1156 Montanistarum
1593 1117 1838 1167 errores,
1873 1106 1930 1156 et
1961 1105 2166 1157 absur-

531 1194 674 1248 dum
699 1191 829 1246 falsi
861 1189 1140 1244 Paracleti
1165 1195 1562 1244 commentum
1583 1189 1917 1244 imbiberat.
1951 1190 2165 1244 Sanam

526 1285 723 1337 tamen
754 1285 812 1334 et
833 1278 1214 1335 orthodoxam
1249 1278 1320 1332 de
1349 1277 1650 1332 Trinitatis
1683 1279 1958 1349 mysterio
1993 1280 2165 1334 tidem

529 1371 746 1426 diserte
777 1365 986 1423 asserit
1015 1382 1082 1421 ac
1110 1370 1327 1421 tuetur.
1361 1366 1502 1429 Quis
1537 1383 1672 1437 ergo
1703 1367 1939 1436 negabit
1968 1383 2166 1422 verum

531 1474 662 1514 esse
710 1457 818 1512 hoc
867 1455 1227 1527 praecipuum
1295 1453 1632 1509 Christianas
1683 1454 1944 1526 religioni
1991 1456 2168 1510 docu-

532 1550 819 1612 mentum,
869 1543 1024 1614 quod
1077 1541 1176 1597 ille
1224 1557 1574 1613 quocunque
1617 1542 1675 1596 in
1723 1548 1905 1609 statu,
1955 1561 2021 1598 ac
2073 1560 2171 1614 per

531 1639 716 1691 totam
744 1632 1076 1701 vitam,tam
1109 1636 1442 1686 constanter
1472 1632 1940 1702 propugnavit,et
1969 1649 2002 1686 a
2031 1632 2172 1687 solis

532 1723 706 1796 plane
731 1719 1066 1776 errantibus
1101 1719 1513 1790 impugnatum
1563 1718 1741 1774 fuisse
1781 1718 2175 1774 testiﬁcatur?

607 1828 780 1884 Prius
809 1825 1103 1882 enimvero
1135 1823 1278 1878 illud
1331 1823 1401 1878 ab
1434 1839 1499 1878 eo
1549 1824 1833 1894 scriptum
1882 1823 2169 1896 legimus:

541 1937 570 1968 ‹‹
604 1914 782 1980 Quale
795 1918 883 1969 est
904 1917 969 1967 ut
994 1917 1142 1968 Deus
1161 1912 1504 1967 divisionem
1526 1916 1582 1967 et
1603 1913 2030 1984 dispersionem
2055 1915 2173 1985 pati

539 2003 804 2058 videatur
831 2001 890 2056 in
925 1999 1060 2056 Filio
1109 2004 1166 2055 et
1215 1999 1436 2072 Spiritu
1485 2005 1708 2069 sancto,
1766 2003 2089 2056 secundum
2122 2009 2179 2058 et

537 2090 778 2147 tertium
809 2089 1032 2145 sortitis
1060 2089 1400 2158 locum,tam
1431 2090 1802 2145 consortibus
1833 2090 2175 2146 substantiis

534 2180 907 2251 Patris,quas
940 2195 1052 2234 non
1084 2179 1305 2248 patitur
1334 2178 1392 2231 in
1423 2183 1507 2232 tot
1538 2177 1876 2249 angelorum
1913 2195 2175 2248 numero,

537 2273 594 2324 et
624 2268 862 2340 quidem
895 2272 1015 2323 tam
1039 2284 1072 2321 a
1093 2266 1426 2322 substantia
1454 2265 1707 2321 alienis?
1737 2287 1764 2315 ι)
1799 2267 2176 2339 (Ibid.cap.3.)

533 2356 819 2428 Intelligis
850 2357 1106 2429 profecto
1138 2360 1357 2427 quanta
1387 2355 1798 2427 perspicuitate
1825 2356 2020 2412 adhuc
2051 2373 2177 2428 pro-

533 2445 1013 2501 nuntiet.Patrem
1049 2443 1236 2499 aFilio
1267 2448 1324 2498 et
1342 2443 1560 2514 Spiritu
1585 2449 1785 2499 sancto
1816 2445 1900 2499 sic
1930 2460 2180 2515 persona

537 2533 843 2605 distingui,
874 2537 942 2588 ut
973 2531 1149 2587 Filius
1188 2538 1245 2588 et
1274 2532 1527 2602 Spiritus
1566 2537 1805 2587 sanctus
1854 2535 2176 2588 secundum

535 2626 593 2678 et
622 2620 857 2676 tertium
892 2622 1084 2675 locum
1117 2620 1391 2675 habeant.
1443 2620 1620 2674 Plane
1661 2625 1858 2675 tamen
1909 2637 2179 2692 prorsus-

539 2725 653 2781 que
705 2709 1006 2763 contendit
1048 2713 1106 2763 et
1130 2708 1385 2762 affirmat
1427 2707 1654 2762 nullam
1685 2709 1842 2763 inter
1896 2724 1993 2764 eos
2048 2726 2176 2766 esse

543 2796 889 2852 divisionem
941 2800 1044 2851 aut
1090 2795 1538 2867 dispersionem,
1583 2796 1684 2850 sed
1728 2798 1993 2865 ejusdem
2043 2815 2180 2853 con-

553 2890 742 2940 sortes
773 2883 1139 2952 substantice,
1189 2901 1313 2954 qua:
1367 2884 1425 2936 in
1456 2883 1540 2938 eis
1588 2888 1708 2938 tam
1741 2901 1880 2954 una,
1912 2901 2086 2956 quam
2121 2887 2178 2942 in

544 2973 796 3046 angelis,
847 2971 1285 3044 quantumlibet
1331 2972 1621 3043 perfectis,
1671 2973 1860 3028 divisa
1907 2981 1964 3029 et
2010 2991 2181 3046 sepa-

540 3066 668 3118 rata
693 3066 802 3117 est.

610 3153 826 3208 Verum
858 3152 1021 3208 nulla
1049 3153 1251 3225 procul
1281 3151 1458 3207 dubio
1497 3152 1880 3224 explicatione
1909 3153 2051 3209 illud
2087 3154 2180 3208 in-

546 3243 728 3314 diget,
762 3245 915 3314 quod
947 3244 1018 3298 ab
1050 3243 1151 3298 illo
1182 3260 1293 3297 non
1329 3243 1518 3298 solum
1551 3243 1922 3313 apertissime
1962 3260 2180 3299 renun-

2273 661 2480 730 probat
2509 661 2601 716 his
2628 661 2927 716 Geneseos
2955 660 3179 715 verbis:
3215 660 3501 714 Faciamus
3522 659 3804 714 hominem
3837 660 3922 714 ad

2273 749 2570 818 imaginem
2595 758 2650 804 et
2675 749 3103 804 similitudinem
3131 756 3374 802 nostram
3406 746 3713 816 (Gen.83‘l
3751 747 3922 817 1,26).

2275 837 2341 890 Et
2369 837 2498 892 aliis
2524 853 2536 890 :
2565 840 2694 891 Ecce
2723 837 2894 892 Adam
2923 839 3102 906 factus
3118 843 3195 891 est
3214 842 3477 907 tanquam
3497 853 3641 890 unus
3669 851 3739 890 ex
3754 837 3928 890 nobis

2276 927 2634 994 (Gen.m,22).
2653 930 2798 980 Nam
2827 925 2965 980 inde
2985 925 3081 980 ille
3108 925 3192 980 sic
3210 929 3696 996 argumentatur:
3725 947 3745 972 σ
3767 924 3929 990 Quia

2268 1014 2388 1084 jam
2423 1015 2755 1070 adhaerebat
2783 1015 2865 1068 illi
2896 1014 3102 1082 Filius,
3135 1015 3393 1069 secunda
3415 1030 3682 1084 persona,
3713 1017 3927 1068 Sermo

2279 1102 2548 1173 ipsius,et
2578 1103 3027 1174 tertia,Spiritus
3063 1101 3122 1156 in
3151 1103 3584 1167 Sermone,ideo
3611 1101 3931 1172 pluraliter

2277 1191 2717 1261 pronuntiavit:
2752 1193 3057 1258 Faciamus,
3107 1195 3185 1260 et,
3236 1200 3502 1260 nostram,
3552 1197 3628 1253 et,
3678 1191 3928 1245 nobis.»

2275 1283 2419 1334 Tum
2454 1281 2628 1351 paulo
2655 1285 2822 1351 post:
2848 1301 2876 1330 ‹‹
2903 1280 3163 1350 Denique
3185 1295 3438 1351 sequens
3460 1279 3761 1350 Scriptura
3797 1279 3931 1334 dis-

2280 1369 2493 1438 tinguit
2520 1368 2670 1422 inter
2700 1384 2979 1439 personas
3015 1385 3028 1422 :
3063 1369 3124 1422 Et
3153 1369 3284 1436 fecit
3314 1369 3453 1422 Deus
3490 1368 3769 1422 hominem
3799 1385 3819 1420 :
3850 1367 3931 1422 ad

2278 1458 2578 1526 imaginem
2611 1459 2705 1511 Dei
2729 1459 2858 1527 fecit
2887 1457 3185 1511 iIIum.Cur
3208 1473 3318 1511 non
3354 1472 3545 1520 suam,
3573 1455 3624 1509 si
3649 1456 3927 1526 unusqui

2279 1545 2608 1610 faciebat,ct
2635 1561 2746 1598 non
2771 1549 2893 1598 erat
2913 1545 2984 1599 ad
3009 1545 3179 1613 cujus
3197 1543 3445 1598 faciebat
3471 1543 3500 1596 ?
3530 1543 3666 1597 Erat
3694 1549 3925 1613 autem,

2281 1634 2348 1686 ad
2383 1634 2551 1702 cujus
2584 1632 2896 1704 imaginem
2944 1631 3212 1697 faciebat,
3263 1632 3335 1686 ad
3384 1631 3508 1686 Filii
3542 1632 3784 1698 scilicet,
3820 1631 3931 1702 qui

2281 1720 2455 1776 homo
2487 1723 2719 1776 futurus
2764 1722 2977 1775 certior
3021 1726 3077 1776 et
3123 1721 3334 1787 verior,
3385 1721 3704 1792 imaginem
3749 1737 3928 1776 suam

2283 1811 2495 1865 fecerat
2522 1811 2630 1865 dici
2663 1811 2978 1875 hominem,
3029 1811 3128 1880 qui
3175 1814 3319 1864 tunc
3369 1809 3440 1863 de
3490 1809 3629 1863 limo
3681 1810 3931 1864 formari

2282 1898 2554 1964 habebat,
2597 1899 2789 1970 imago
2832 1899 2952 1953 veri
2998 1904 3054 1954 et
3092 1898 3434 1953 similitudo.
3485 1919 3514 1946 ››
3565 1901 3681 1952 Nec
3749 1897 3932 1970 longe

2289 1991 2480 2058 postea
2519 2005 2530 2043 :
2563 2009 2592 2038 ‹‹
2625 1987 2841 2057 Alium,
2875 1987 3088 2058 inquit,
3113 2005 3145 2042 a
3177 1992 3338 2042 Patre
3369 1985 3602 2050 Filium,
3627 1988 3930 2058 quomodo

2285 2076 2543 2147 accipere
2572 2076 2785 2131 debeas
2813 2079 2930 2143 jam
2965 2078 3268 2147 professus
3299 2091 3458 2141 sum,
3501 2090 3775 2146 personae,
3808 2091 3930 2131 non

2283 2165 2609 2220 substantiae
2643 2164 2913 2229 nomine;
2947 2165 3014 2219 ad
3050 2165 3509 2232 dictinctionem,
3531 2179 3646 2219 non
3679 2166 3748 2217 ad
3773 2163 3933 2218 divi-

2287 2252 2533 2308 sionem.
2567 2255 2877 2320 Gaaterum,
2925 2252 3034 2306 etsi
3083 2252 3300 2322 ubique
3348 2256 3515 2306 teneo
3561 2267 3738 2306 unam
3779 2252 3932 2306 sub-

2286 2341 2560 2396 stantiam
2591 2342 2649 2395 in
2680 2341 2868 2395 tribus
2897 2341 3343 2404 cohaerentibus,
3386 2346 3585 2394 tamen
3620 2340 3802 2394 alium
3836 2341 3930 2394 di-

2287 2447 2413 2486 cam
2456 2435 2683 2502 oportet
2728 2446 2796 2484 ex
2845 2431 3192 2485 necessitate
3233 2445 3445 2484 sensus
3493 2444 3623 2483 eum
3679 2429 3779 2500 qui
3828 2429 3930 2498 ju-

2288 2519 2402 2585 bet,
2453 2523 2510 2572 st
2555 2534 2689 2574 eum
2737 2519 2838 2588 qui
2887 2518 3043 2574 facit.
3097 2537 3124 2570 ι
3179 2516 3467 2589 (Tertull.,
3544 2516 3673 2572 adv.
3731 2517 3932 2585 Prata,

2287 2623 2414 2679 cap.
2448 2609 2566 2673 22.)

2358 2695 2528 2750 Prius
2556 2712 2711 2761 vero,
2747 2695 2843 2750 ubi
2876 2695 3156 2750 adversus
3185 2695 3454 2750 eumdem
3496 2695 3773 2750 Praxeam
3805 2694 3934 2750 dis-

2287 2785 2568 2855 putando,
2602 2785 2906 2838 manifeste
2936 2784 3196 2838 ostendit
3229 2783 3437 2837 Filium
3471 2784 3590 2848 Dei,
3631 2782 3731 2853 qui
3766 2782 3932 2839 illius

2288 2873 2505 2943 Sophia
2535 2879 2590 2926 et
2610 2877 2810 2926 Sermo
2842 2877 2948 2939 est,
2980 2871 3160 2926 alium
3210 2887 3340 2927 esse
3371 2887 3404 2926 a
3450 2875 3620 2926 Patre
3679 2887 3806 2938 suo,
3846 2872 3935 2927 ibi

2289 2961 2374 3015 sic
2389 2966 2731 3031 arguentem
2759 2961 3034 3016 Praxeam
3057 2960 3318 3016 inducit:
3346 2981 3374 3009 ‹‹
3401 2959 3791 3032 Ergo.inquis.
3818 2960 3932 3017 das

2289 3049 2544 3119 aliquam
2577 3049 2908 3104 substantia
2936 3065 3064 3105 esse
3094 3064 3446 3116 sermonem,
3481 3049 3693 3119 spiritu
3747 3054 3802 3103 et
3833 3065 3932 3105 so-

2290 3138 2436 3210 phia:
2465 3139 2777 3192 traditione
2805 3142 3200 3193 constructam
3231 3138 3259 3191 ?
3292 3159 3320 3186 »
3350 3137 3520 3209 (Ibid.
3553 3153 3682 3209 cap.
3715 3139 3798 3204 7.)
3819 3136 3933 3192 Cui

2288 3226 2386 3280 ille
2433 3243 2548 3282 uno
2591 3227 2763 3281 verbo
2813 3227 3124 3296 respondet
3156 3243 3169 3281 :
3201 3227 3392 3294 Plane,
3444 3231 3618 3297 atque
3655 3225 3738 3280 ita
3780 3225 3932 3280 illud

535 3302 739 3402 ιίδῖυις
771 3302 873 3388 ged
912 3332 1042 3402 ipsa
1085 3334 1260 3388 etiam
1305 3302 1605 3403 probatur'
1640 3347 1820 3387 “om
1868 3333 2177 3404 Scriptum
2209 3302 2251 3367 C
2290 3331 2490 3404 verum
2513 3331 2641 3370 esse
2664 3315 2814 3370 ultro
2845 3313 3357 3404 confitetur.Cujus
3391 3314 3538 3369 hanc
3560 3314 3932 3404 continenter

537 3420 986 3487 auctoritate,ac
1017 3419 1107 3474 bis
1135 3420 1506 3490 potissimum
1528 3421 1772 3476 Joannis
1802 3421 2182 3493 Evangelistm

535 3509 731 3564 verbis
760 3524 774 3562 :
812 3528 837 3560 ι
871 3509 987 3579 Ego
1017 3515 1076 3563 et
1107 3509 1274 3564 Pater
1321 3525 1502 3563 unum
1543 3525 1773 3564 sumus.
1800 3531 1830 3559 »
1862 3510 2181 3580 Postquam

539 3597 698 3652 enim
731 3596 854 3652 hec
884 3597 1104 3660 citavit,
1136 3598 1220 3653 sic
1250 3596 1625 3668 prosequitur
1673 3598 1831 3668 (Ibid.
1884 3615 2012 3669 cap.
2044 3601 2130 3665 22)
2163 3614 2177 3652 :

545 3707 568 3736 α
605 3685 708 3740 Hic
720 3700 856 3757 ergo
871 3686 995 3756 jam
1016 3687 1263 3756 gradum
1279 3685 1480 3740 volunt
1503 3686 1676 3756 (igere
1691 3686 2004 3754 stulti,imo
2025 3686 2180 3757 caici,

542 3773 645 3845 qui
677 3790 792 3829 non
822 3774 1076 3840 videant,
1109 3773 1319 3845 primo,
1351 3775 1456 3845 Ego
1485 3782 1536 3830 et
1575 3775 1743 3828 Pater
1771 3775 2020 3829 duorum
2054 3791 2182 3830 esse

541 3863 1032 3936 significationem
1066 3883 1079 3931 ;
1113 3865 1325 3920 dehinc
1355 3865 1413 3919 in
1441 3865 1783 3929 novissimo,
1808 3866 2033 3932 Sumus,
2065 3882 2178 3921 non

539 3970 608 4009 ex
637 3953 816 4010 unius
845 3969 975 4009 esse
1006 3970 1277 4024 persona,
1303 3955 1457 4024 quod
1493 3953 1795 4023 pluraliter
1825 3954 2046 4010 dictum
2069 3960 2178 4026 est,

535 4047 664 4098 tum
696 4044 874 4114 quod,
907 4060 1078 4099 unum
1104 4061 1313 4114 sumus,
1339 4061 1474 4110 non,
1511 4061 1664 4099 unus
1696 4045 1994 4100 sumus.Si
2023 4046 2180 4100 enim

537 4131 800 4197 dixisset,
832 4131 995 4188 Unus
1026 4149 1254 4196 sumus,
1292 4133 1577 4204 potuisset
1619 4134 1897 4203 adjuvare
1946 4140 2180 4190 senten-

535 4219 680 4276 tiam
713 4220 969 4276 illorum.
1005 4220 1167 4276 Unus
1196 4221 1354 4275 enim
1386 4219 1702 4291 singularis
1740 4222 1969 4276 numeri
2000 4223 2182 4295 signi-

537 4308 730 4365 ﬁcatio
758 4310 989 4364 videtur
1021 4325 1034 4363 :
1068 4310 1261 4364 adhuc
1290 4325 1421 4362 cum
1457 4311 1570 4364 duo
1603 4310 1914 4365 masculini
1946 4313 2182 4381 genesis

539 4397 717 4454 Unum
746 4397 888 4452 dicit
916 4397 1165 4451 neutrali
1214 4397 1407 4463 verbo,
1457 4399 1612 4468 quod
1663 4415 1778 4452 non
1830 4399 2079 4468 pertinet
2108 4403 2179 4456 ad

533 4485 1130 4557 singularitatem,sed
1153 4486 1224 4539 ad
1246 4485 1628 4551 unitatem,ad
1650 4487 2086 4542 similitudinem
2108 4489 2176 4544 ad

533 4574 1026 4644 conjunctionem,
1083 4575 1150 4628 ad
1193 4573 1560 4629 dilectionem
1619 4575 1808 4630 Patris
1845 4616 1856 4628 .
1896 4617 1908 4629 .
1945 4617 1957 4630 .
2005 4577 2182 4633 Unum

535 4677 745 4728 sumus,
779 4661 998 4728 dicens,
1039 4667 1158 4734 Ego
1198 4665 1246 4718 et
1295 4666 1486 4733 Pater,
1517 4663 1777 4719 ostendit
1823 4664 1972 4719 duos
2025 4682 2173 4730 esse,

539 4765 691 4819 quos
721 4753 915 4820 aquat
943 4750 1238 4822 etjungit.
1286 4773 1314 4801 ››
1345 4756 1550 4807 Postea
1591 4769 1722 4806 vero
1771 4752 1892 4807 haec
1945 4754 2176 4808 brevius

533 4837 799 4908 quidem,
831 4839 929 4892 sed
967 4855 1080 4893 non
1117 4842 1316 4895 minus
1346 4840 1498 4896 clare
1545 4857 1611 4896 ac
1644 4841 1947 4911 perspicue
1995 4842 2174 4913 expli-

533 4928 627 4979 cat
659 4941 672 4980 :
707 4947 736 4975 «
763 4926 1070 4983 Connexus
1101 4927 1365 4984 Patrisin
1390 4929 1615 4994 Filio,et
1636 4929 1763 4983 Filii
1789 4929 1845 4984 in
1879 4929 2174 4986 Paracleto

528 5017 649 5068 tres
678 5015 854 5070 efficit
885 5017 1266 5079 cohaerentes,
1300 5017 1547 5072 alterum
1581 5033 1650 5072 ex
1679 5016 1884 5083 altero,
1926 5017 2026 5088 qui
2055 5021 2174 5073 tres

527 5118 710 5157 unum
747 5102 886 5170 sint,
921 5122 1033 5158 non
1086 5121 1281 5169 unus;
1313 5109 1606 5175 quomodo
1657 5107 1874 5161 dictum
1908 5113 2030 5160 est:
2068 5108 2172 5174 Ego

521 5199 573 5245 et
604 5192 769 5246 Pater
796 5208 967 5247 unum
999 5209 1205 5257 sumus,
1239 5194 1309 5247 ad
1344 5195 1688 5249 substantiae
1712 5198 2018 5260 unitatem,
2057 5211 2172 5248 non

526 5281 596 5333 ad
635 5282 858 5334 numeri
894 5279 1385 5351 singularitatem.
1425 5305 1445 5331 ι
1483 5284 1638 5353 (Ibid.
1672 5300 1800 5353 cap.
1835 5282 1950 5350 25.)

591 5385 872 5449 Quamvis
895 5390 1086 5441 autem
1123 5387 1202 5441 ibi
1223 5404 1431 5444 nomen
1454 5405 1704 5455 persona
1726 5405 1839 5443 non
1868 5387 2169 5457 adhibeat,

526 5473 811 5545 superiori
832 5480 1026 5530 tamen
1050 5473 1172 5530 loco
1195 5475 1362 5531 illum
1394 5494 1459 5533 eo
1486 5495 1657 5534 usum
1694 5477 1873 5532 fuisse
1903 5476 2167 5531 animad-

523 5569 746 5617 vertere
779 5563 1037 5633 potuisti.
1072 5565 1179 5619 Sed
1233 5565 1571 5622 distinctius
1630 5567 1821 5620 adhuc
1875 5563 2165 5636 prolatum

525 5648 874 5713 videbis,ubi
901 5667 1135 5706 rursum
1158 5655 1337 5708 variis
1358 5671 1534 5709 sacras
1563 5655 1876 5724 Scriptum
1908 5652 2041 5708 testi
2053 5668 2168 5710 mo-

528 5735 644 5792 niis
670 5738 1034 5796 demonstrat
1061 5743 1178 5797 tres
1204 5741 1262 5801 in
1317 5743 1693 5799 sanctissima
1721 5740 2004 5798 Trinitate
2034 5757 2167 5801 esse

2290 3403 2478 3459 reddit
2498 3404 2783 3459 rationem
2807 3419 2820 3458 :
2845 3425 2873 3453 «
2895 3407 3022 3458 Non
3044 3403 3135 3458 vis
3155 3403 3311 3458 enim
3333 3418 3467 3458 eum
3492 3402 3934 3458 substantivum

2289 3491 2502 3547 habere
2533 3493 2590 3547 in
2624 3507 2684 3547 re
2715 3507 2819 3562 per
2849 3492 3187 3547 substantiae
3220 3491 3731 3564 proprietatem,ut
3760 3505 3854 3545 res
3875 3496 3939 3546 et

2291 3596 2535 3650 persona
2567 3580 2831 3651 quazdam
2868 3580 3044 3635 videri
3078 3580 3284 3651 possit,
3309 3585 3365 3634 et
3393 3579 3473 3634 ita
3505 3579 3699 3650 capiat
3727 3595 3937 3634 secun-

2290 3670 2398 3724 dus
2429 3686 2461 3724 a
2489 3670 2605 3724 Deo
2635 3669 3009 3734 constitutus,
3042 3669 3189 3724 duos
3219 3668 3470 3735 efficere,
3492 3667 3720 3723 Patrem
3751 3671 3807 3723 et
3829 3669 3923 3723 Fi-

2289 3756 2432 3813 lium
2462 3758 2646 3813 Deum
2677 3763 2733 3813 et
2761 3758 3123 3813 Sermonem.
3157 3778 3186 3806 ››

2358 3864 2556 3919 Finem
2601 3873 2752 3918 certe
2799 3862 3030 3918 dicendi
3090 3879 3204 3918 non
3254 3863 3596 3929 faceremus,
3652 3862 3702 3917 si
3732 3862 3938 3918 omnia

2289 3957 2346 4008 et
2377 3952 2611 4024 singula
2641 3951 2822 4019 illius,
2854 3968 3086 4007 sacrum
3116 3952 3422 4007 Trinitatis
3452 3952 3795 4024 mysterium
3830 3953 3936 4007 ad-

2289 4057 2499 4098 veasus
2521 4042 2798 4096 Praxeam
2826 4045 2944 4096 tam
2972 4050 3122 4097 recte
3147 4057 3324 4111 quam
3348 4041 3564 4096 diserte
3586 4041 3933 4112 asserentis,

2292 4131 2464 4185 verba
2491 4129 2771 4185 vellemus
2810 4130 3196 4185 transcribere
3243 4134 3301 4184 et
3343 4129 3667 4185 enucleare.
3717 4131 3934 4195 Quam-

2289 4221 2586 4284 obrem,ne
2616 4218 2804 4273 simus
2827 4218 3211 4288 longiores,ea
3241 4219 3526 4273 duntaxat
3557 4217 3931 4289 adjiciamus,

2291 4308 2507 4378 quibus
2557 4307 2748 4362 adhuc
2789 4308 3049 4362 ostendit
3090 4312 3208 4362 tres
3277 4306 3453 4362 unius
3503 4307 3825 4362 divinitatis
3875 4308 3938 4362 in

2289 4396 2665 4453 sanctissima
2692 4395 2974 4451 Trinitate
3005 4412 3133 4451 esse
3165 4412 3462 4467 personas.
3501 4415 3528 4446 α
3557 4395 3940 4461 Christus,in-

2291 4486 2439 4556 quit,
2475 4485 2787 4539 novissime
2815 4486 3102 4540 mandans
3135 4489 3199 4539 ut
3229 4485 3562 4554 tinguerent
3591 4485 3649 4539 in
3685 4485 3938 4551 Patrem,

2289 4579 2345 4628 et
2368 4575 2602 4642 Filium,
2636 4579 2693 4628 et
2723 4573 3003 4642 Spiritum
3056 4578 3346 4642 sanctum,
3398 4589 3510 4628 non
3546 4574 3603 4627 in
3662 4589 3798 4642 uno,
3833 4590 3941 4629 nec

2210 4660 2257 4724 D
2287 4661 2488 4727 semel,
2521 4663 2620 4716 sed
2655 4666 2740 4715 ter
2770 4663 2840 4716 ad
2875 4661 3108 4731 singula
3141 4661 3379 4716 nomina
3417 4678 3699 4732 personas
3729 4663 3934 4733 singu-

2285 4751 2393 4806 las.
2428 4773 2456 4799 ››
2489 4751 2645 4820 (Ibid.
2678 4766 2810 4820 cap.
2849 4752 2964 4817 27.)
2999 4749 3180 4805 Unam
3213 4766 3345 4804 vero
3394 4767 3523 4804 esse
3565 4751 3742 4806 trium
3799 4750 3930 4806 illa-

2286 4856 2414 4894 rum
2451 4854 2831 4908 personarum
2865 4838 3252 4892 substantiam
3275 4837 3710 4893 ctdivinitatem
3740 4838 3933 4894 diser-

2285 4927 2514 4982 tissime
2547 4942 2658 4980 non
2692 4925 2882 4980 solum
2915 4926 2973 4981 in
2997 4925 3140 4982 locis
3162 4927 3288 4997 jam
3321 4925 3535 4992 citatis,
3570 4927 3670 4982 sed
3705 4927 3762 4981 in
3811 4927 3929 4984 alio

2284 5015 2477 5070 adhuc
2507 5014 2685 5069 edixit
2715 5013 2886 5080 libro,
2919 5031 3090 5086 quem
3125 5017 3197 5070 ab
3227 5032 3314 5082 eo,
3348 5031 3481 5070 cum
3533 5015 3708 5070 etiam
3742 5016 3924 5071 hisre-

2284 5105 2396 5160 sim
2428 5100 2914 5157 Montanistorum
2948 5104 3714 5175 sequeretur,compositum
3749 5103 3935 5161 fuisse

2283 5191 2482 5247 nullus
2513 5190 2854 5245 dubitat.lbi
2877 5190 3031 5245 enim
3049 5191 3170 5246 haec
3202 5191 3297 5246 ille
3320 5193 3593 5263 scripsit;
3621 5214 3648 5242 «
3673 5192 3934 5249 Ecclesia

2284 5282 2510 5352 proprie
2543 5281 2664 5348 ipso
2696 5283 2784 5332 est
2815 5279 3088 5349 Spiritus,
3121 5281 3179 5334 in
3212 5298 3325 5352 quo
3355 5289 3444 5336 est
3485 5282 3763 5347 Trinitas,
3800 5285 3923 5338 sive

2282 5380 2398 5425 tres
2455 5384 2714 5439 personas
2745 5367 2919 5422 unius
2965 5367 3310 5435 divinitatis,
3362 5374 3555 5436 Pater,
3605 5374 3663 5424 et
3709 5369 3916 5441 Filius,

2278 5465 2334 5514 et
2365 5458 2610 5528 Spiritus
2642 5459 2901 5510 sanctus.
2933 5475 2958 5506 ι
2993 5455 3202 5526 (Idem,
3232 5458 3296 5513 de
3321 5458 3562 5513 Pudicii.
3611 5473 3744 5528 cap.
3797 5458 3918 5529 21.)

2347 5566 2522 5620 Porro
2553 5569 2750 5617 autem
2781 5576 2849 5616 ex
2884 5561 2974 5616 his
3017 5565 3314 5631 omnibus,
3364 5581 3494 5634 quae
3547 5564 3830 5620 hactenus
3861 5564 3925 5621 in

2275 5656 2384 5710 hoc
2415 5658 2470 5708 et
2495 5651 2780 5722 superiori
2812 5649 3056 5706 articulo
3087 5651 3385 5723 disputata
3417 5660 3576 5720 sunt,
3627 5653 3795 5721 satis,
3829 5655 3919 5709 uti

2274 5747 2553 5815 putamus
2583 5739 2880 5795 evidenter
2923 5737 3218 5812 colligitur
3265 5757 3472 5798 sanam
3521 5742 3764 5798 omnino
3797 5741 3920 5814 pla-
