4158 6350
332 381 448 441 917

1286 380 1357 439 D.
1408 382 1503 441 LE
1549 382 1872 444 NOURRY
1920 383 2562 446 OBSERVATIONES
2608 385 2864 447 Νονλπ.

3638 382 3759 445 918

333 530 523 587 neque
553 513 937 570 orthodoxam
993 513 1174 571 fuisse
1223 514 1591 585 Tertulliani,
1624 515 1745 571 sive
1793 515 1983 572 cathc-
2018 518 2071 583 Α
2104 517 2275 572 sicuti
2307 518 2564 574 hominis
2592 534 2718 586 vox,
2750 518 2839 572 vel
2888 517 3128 590 quidam
3175 533 3357 574 sonus
3417 516 3555 586 oris,
3588 530 3757 583 serve

334 604 428 660 lici
463 604 583 660 sive
617 603 1008 669 Montanistre,
1044 603 1102 658 id
1157 608 1245 660 est
1293 621 1395 677 per
1442 609 1630 660 totum
1695 606 1823 660 vitae
1872 623 1990 661 sua:

329 699 586 766 tempus,
623 694 693 748 de
744 710 1018 764 suprema
1074 693 1198 747 Filii
1250 694 1345 748 Dei
1397 694 1771 765 Spiritusque
1803 695 1988 750 sancti

334 784 723 849 divinitatc,et
750 782 951 837 eadem
982 784 1246 853 ipsorum
1283 799 1415 837 cum
1440 788 1653 838 aeterno
1690 790 1797 838 Deo
1827 785 1991 840 l‘atre

334 872 685 937 substantia,
721 887 786 926 ac
841 871 1135 927 distinctis
1168 872 1320 928 832
1355 871 1542 926 tribus
1588 872 1819 927 illorum
1858 890 1987 943 per-

333 962 497 1017 sonis
547 960 922 1016 sententiam.
956 960 1071 1015 Nec
1103 961 1303 1015 minus
1331 962 1628 1015 evidenter
1658 966 1813 1032 patet
1842 962 1989 1033 ipsis

335 1067 679 1124 persuasum
713 1050 951 1106 omnino
1006 1050 1188 1105 fuisse
1236 1050 1344 1105 hoc
1393 1052 1749 1122 praecipuum
1807 1052 1987 1107 totius

332 1139 600 1195 Ecclesia:
625 1138 922 1194 catholicae
947 1138 1159 1209 dogma
1195 1139 1425 1193 fundari
1460 1156 1637 1193 sacrae
1671 1139 1985 1211 Scriptum

334 1228 702 1295 auctoritate,
724 1227 988 1298 illudque
1016 1227 1087 1282 ab
1109 1226 1389 1299 apostolis
1411 1244 1731 1299 eorumque
1754 1245 1984 1283 succes.

333 1317 566 1373 scribus
598 1318 666 1371 ad
704 1333 870 1371 suam
907 1331 1094 1387 usque
1143 1321 1372 1371 aetatem
1423 1321 1580 1371 certa
1612 1334 1676 1371 ac
1708 1322 1986 1389 perpetua

330 1407 643 1462 traditione
693 1405 1136 1461 transmissum.
1177 1406 1454 1478 Denique,
1498 1422 1565 1461 ex
1596 1407 1766 1461 dictis
1800 1407 1985 1477 liquet

330 1495 441 1552 hoc
471 1498 889 1551 documentum
929 1496 1000 1550 ab
1032 1512 1098 1550 eo
1148 1496 1427 1550 audacter
1460 1497 1831 1567 propugnari,
1867 1514 1981 1552 non

330 1586 519 1643 solum
537 1586 816 1641 adversus
847 1584 1149 1640 haereticos
1181 1584 1328 1639 illud
1352 1586 1761 1655 negantes,sed
1786 1586 1982 1640 ethni«

329 1694 429 1732 cos
460 1675 659 1739 etiam,
692 1673 1107 1729 infestissimos
1131 1673 1598 1728 Christianorum
1634 1674 1854 1737 hostes,
1884 1675 1981 1745 qui

329 1765 462 1821 illos
491 1765 711 1820 hancce
731 1763 803 1820 ob
831 1762 1157 1819 doctrinam
1186 1762 1593 1818 crudelissime
1623 1763 1907 1819 vexabant
1928 1768 1985 1819 et

327 1854 763 1955 interimobant.
813 1854 874 1907 At
930 1856 1081 1955 certe
1115 1851 1414 1953 haereticos
1462 1853 1533 1907 ad
1581 1869 1719 1907 suas
1750 1853 1982 1910 facilius
2011 1890 2059 1955 B

327 1949 525 2018 partes
558 1942 861 2009 illexisset,
896 1941 945 1997 si
994 1941 1158 1996 fateri
1194 1941 1480 2013 potuisset
1509 1958 1689 1997 unam
1722 1947 1977 2015 tantum,

329 2051 434 2089 nec
464 2033 684 2105 plures,
720 2031 831 2087 nisi
865 2030 1100 2086 nomine
1144 2033 1317 2086 tenus
1348 2047 1477 2086 esse
1504 2030 1561 2085 in
1604 2032 1980 2087 sanctissima

326 2122 609 2179 Trinitate
633 2120 1057 2193 personas.Sibi
1083 2136 1315 2191 quoque
1345 2120 1610 2176 ethnicos
1642 2121 1975 2193 conciliare,

325 2228 646 2283 eorumque
693 2212 973 2266 adversus
1022 2209 1383 2264 Christianos
1433 2210 1686 2265 furorem
1746 2210 1977 2281 placare

328 2306 575 2375 poterat,
608 2301 655 2356 si
688 2300 932 2355 dixisset
961 2303 1078 2354 tres
1111 2316 1239 2355 esse
1270 2300 1438 2365 Deos,
1473 2304 1574 2355 aut
1603 2303 1755 2355 certe
1790 2316 1973 2354 unum

327 2395 629 2464 majorem,
654 2392 1032 2462 minoresque
1054 2389 1218 2445 alios.
1241 2393 1440 2461 Neque
1465 2390 1521 2444 id
1546 2408 1578 2445 a
1600 2390 1770 2445 nobis
1793 2390 1977 2461 gratis

327 2482 527 2538 fictum
588 2482 907 2553 putaveris,
942 2480 1095 2551 quod
1148 2478 1394 2550 ipsemet
1441 2479 1839 2535 Tertullianus
1880 2496 1974 2550 pa-

328 2570 437 2626 lam
463 2574 777 2642 aperteque
800 2568 1140 2640 profitetur:
1173 2591 1192 2617 «
1220 2569 1526 2632 Craterum,
1551 2569 1598 2623 si
1623 2568 1977 2623 conscientia

326 2664 545 2725 nostra,
574 2660 656 2714 ita
705 2657 809 2713 ille
860 2657 1123 2729 loquitur,
1176 2673 1290 2729 qua
1340 2657 1559 2712 scimus
1607 2658 1704 2713 Dei
1765 2674 1975 2713 nomen

334 2748 566 2806 Domini
601 2752 657 2801 et
687 2746 863 2813 Patri,
893 2750 949 2801 et
980 2745 1143 2813 Filio,
1176 2751 1233 2800 et
1264 2746 1502 2817 Spiritui
1538 2752 1740 2801 sancto
1768 2763 1973 2802 conve-

329 2839 621 2906 nire,deos
636 2840 692 2891 et
713 2836 982 2891 dominos
1004 2835 1461 2901 nominaremus,
1487 2836 1975 2892 exstinxissemus

328 2932 481 2985 faces
513 2931 764 2995 nostras,
796 2925 969 2981 etiam
994 2926 1063 2980 ad
1089 2926 1365 2997 martyris
1385 2925 1732 2990 timidiores,
1759 2926 1975 2997 quibus

327 3017 609 3076 evadendi
642 3031 875 3087 quoque
898 3018 1117 3085 pateret
1147 3014 1395 3081 occasio,
1417 3015 1753 3085 jurantibus
1776 3014 1973 3069 statim

329 3124 431 3180 per
459 3106 597 3161 deos
628 3110 683 3160 et
714 3104 1003 3173 dominos,
1037 3107 1101 3157 ut
1131 3104 1367 3174 quidam
1403 3103 1680 3170 haeretici,
1722 3120 1972 3175 quorum

326 3196 404 3251 dii
440 3194 660 3268 plures.
701 3215 729 3243 »
778 3193 940 3265 (Ibid.
991 3209 1116 3264 cap.
1167 3192 1279 3264 13.)
1329 3192 1727 3247 Tertullianus
1779 3192 1973 3261 itaque

2104 622 2441 678 percussus,
2470 611 2644 679 atque
2675 608 2754 662 ita
2784 608 2978 663 nescio
3011 608 3148 678 quid
3181 624 3433 663 vacuum
3466 612 3522 663 st
3552 607 3748 665 inane:

2101 697 2199 750 sed
2258 696 2448 765 habet,
2486 697 2700 768 inquit,
2760 716 2781 743 α
2830 697 3125 768 propriam
3178 696 3571 753 substantiam
3622 696 3743 767 spi-

2100 784 2300 839 ritum.
2334 808 2359 835 ››
2394 785 2654 853 (Tertull.
2710 787 2978 857 Apotoget.
3033 802 3160 857 cap,
3194 786 3311 857 21.)
3348 786 3494 849 Quia
3523 800 3657 841 vero
3686 786 3746 841 id

2101 874 2172 928 ab
2236 874 2501 930 haaretico
2550 875 2759 929 Praxea
2812 874 3152 945 negabatur,
3214 879 3414 929 contra
3472 889 3605 930 eum
3664 875 3747 932 sic

2099 964 2386 1034 disputat,
2422 965 2743 1035 probatque
2784 964 2941 1019 hunc
2972 964 3071 1019 Dei
3119 968 3458 1019 Sermonem
3487 979 3615 1019 esse
3642 980 3744 1021 ve-

2097 1069 2221 1106 ram
2276 1054 2430 1107 838
2480 1054 2873 1109 substantiam
2912 1069 2924 1106 :
2960 1073 2986 1103 α
3016 1053 3161 1119 Quid
3218 1058 3307 1108 est
3346 1053 3527 1118 enim,
3561 1053 3743 1125 dices,

2098 1158 2310 1207 sermo,
2345 1143 2456 1196 nisi
2489 1159 2595 1197 vox
2626 1147 2682 1196 et
2720 1158 2900 1197 sonus
2934 1145 3073 1209 oris,
3106 1146 3164 1197 et
3194 1143 3347 1197 sicut
3375 1142 3749 1215 grammatici

2096 1232 2359 1295 tradunt,
2415 1247 2514 1285 aer
2560 1232 2835 1297 offensus,
2872 1230 3262 1301 intelligibilis
3312 1231 3539 1299 auditu,
3584 1234 3749 1287 caete-

2094 1335 2247 1385 rum,
2300 1336 2549 1374 vacuum
2603 1319 2794 1375 nescio
2845 1320 3006 1391 quid,
3056 1326 3113 1375 et
3159 1320 3353 1379 inane.
3394 1320 3747 1393 etincorpo-

2094 1408 2262 1463 rate?
2294 1411 2359 1463 At
2390 1425 2495 1480 ego
2528 1408 2672 1464 nihil
2721 1409 2850 1463 dico
2906 1409 2976 1465 de
3031 1410 3140 1464 Deo
3188 1411 3362 1464 inane
3407 1413 3467 1465 et
3494 1425 3745 1466 vacuum

2094 1498 2326 1568 prodire
2369 1499 2651 1569 potuisse,
2684 1501 2751 1552 ut
2790 1514 2905 1553 non
2954 1498 3024 1553 de
3070 1498 3231 1553 inani
3279 1502 3338 1554 et
3380 1514 3560 1555 vacuo
3610 1514 3744 1570 pro-

2094 1585 2300 1651 latum,
2335 1603 2439 1642 nec
2465 1602 2659 1643 carere
2710 1588 3063 1651 substantia,
3098 1588 3253 1658 quod
3304 1589 3375 1644 de
3423 1590 3583 1643 tanta
3614 1588 3746 1644 sub-

2093 1676 2309 1731 stantia
2340 1678 2645 1748 processit,
2679 1680 2736 1732 et
2774 1680 2970 1732 tantas
3002 1677 3367 1733 substantias
3399 1677 3553 1733 fecit.
3586 1676 3746 1733 Fecit

2091 1766 2248 1820 enim
2281 1770 2337 1820 et
2366 1766 2510 1835 ipse,
2544 1782 2673 1836 quas
2733 1766 2882 1821 facta
2928 1768 3069 1821 sunt
3099 1781 3201 1838 per
3230 1764 3420 1821 illum.
3449 1765 3626 1832 Quale
3656 1769 3744 1822 est

2093 1859 2156 1908 ut
2188 1853 2333 1910 nihil
2367 1855 2463 1922 sit,
2497 1856 2623 1910 sine
2654 1870 2766 1926 quo
2815 1854 2960 1909 nihil
3011 1854 3228 1911 factum
3263 1863 3386 1922 est;
3438 1860 3505 1910 ut
3548 1855 3743 1913 inanis

2091 1943 2298 2011 solida,
2333 1949 2388 1999 et
2420 1960 2639 1999 vacuus
2669 1944 2861 2016 plena,
2896 1948 2954 1998 et
3002 1942 3385 2015 incorporalis
3417 1943 3745 2016 corporalia

2090 2034 2165 2087 sit
2197 2038 2490 2105 operatus.
2524 2033 2666 2088 Nam
2716 2032 2823 2088 etsi
2872 2037 3064 2105 potest
3094 2032 3409 2104 aliquando
3442 2033 3582 2105 quid
3616 2032 3741 2088 fieri

2089 2123 2385 2177 diversum
2438 2124 2566 2193 ejus
2618 2138 2720 2194 per
2768 2123 2923 2193 quod
2979 2122 3061 2191 tit,
3093 2121 3240 2177 nihil
3286 2126 3484 2177 tamen
3546 2125 3743 2193 potest

2088 2212 2210 2266 fieri
2244 2228 2348 2282 per
2377 2212 2457 2276 id,
2508 2212 2662 2282 quod
2712 2227 2960 2266 vacuum
3008 2214 3064 2266 et
3111 2210 3285 2265 inane
3315 2213 3426 2265 est.
3458 2210 3651 2264 Vacua
3684 2214 3742 2266 et

2087 2299 2280 2355 inanis
2312 2317 2404 2355 res
2435 2305 2525 2355 est
2554 2300 2755 2355 Sermo
2791 2299 2907 2367 Dei,
2942 2299 3039 2369 qui
3069 2298 3247 2353 Filius
3278 2298 3471 2353 dictus
3504 2304 3610 2367 est,
3635 2299 3740 2370 qui

2084 2388 2210 2460 ipse
2243 2389 2394 2443 Deus
2428 2389 2878 2460 cognominatus
2907 2392 2997 2443 est
3019 2388 3046 2441 ?
3076 2405 3142 2443 ετ
3172 2404 3361 2443 SERMO
3399 2404 3546 2442 nam
3582 2404 3735 2443 APUD

2086 2495 2270 2541 nsUM.
2312 2496 2380 2533 ET
2418 2494 2561 2533 usus
2600 2495 2745 2533 ERAT
2782 2494 2991 2533 SERMO.
3037 2499 3065 2526 »
3108 2478 3310 2547 (Idem,
3370 2479 3496 2532 adv.
3558 2478 3730 2532 Prax.

2085 2585 2211 2641 cap.
2269 2569 2350 2636 7.)
2398 2568 2546 2639 Ergo
2595 2566 3101 2639 argumentatione
3149 2567 3404 2622 ostendit
3446 2566 3730 2633 Verbum,

2087 2658 2206 2713 sive
2235 2657 2574 2712 Sermonem
2609 2673 2674 2711 ac
2705 2656 3010 2711 Rationem
3044 2656 3162 2721 Dei,
3200 2672 3315 2710 non
3347 2672 3477 2712 esse
3508 2653 3731 2726 aliquid

2085 2750 2258 2804 inane
2288 2753 2344 2805 et
2372 2764 2644 2817 vacuum,
2679 2748 2778 2804 sed
2812 2763 3004 2802 veram
3037 2746 3452 2802 substantiam.

2157 2856 2329 2928 Atqui
2362 2856 2492 2911 ideo
2523 2855 2619 2911 hic
2649 2871 2840 2909 sermo
2890 2854 3125 2909 divinus
3162 2870 3295 2909 vera
3340 2856 3427 2908 est
3457 2853 3733 2909 substan-

2084 2947 2186 3013 tia,
2222 2946 2319 3016 qui
2354 2963 2388 3000 a
2421 2948 2530 3000 Deo
2574 2943 2836 3015 prolatus
2865 2947 2971 2999 est.
3013 2942 3157 2998 Nam
3201 2958 3359 3008 eum,
3390 2941 3585 3012 inquit
3613 2940 3732 3011 ille,

2080 3036 2396 3107 prolatione
2450 3043 2787 3105 generatum,
2847 3042 2897 3088 et
2938 3032 3140 3088 idcirco
3186 3033 3393 3087 Filium
3441 3032 3538 3086 Dei
3586 3030 3734 3086 dici-

2085 3142 2238 3180 mus.
2273 3123 2541 3179 Prolatus
2572 3127 2767 3178 autem
2800 3140 2831 3178 a
2861 3122 3057 3177 divino
3088 3121 3253 3175 Patre
3283 3136 3410 3185 suo,
3440 3136 3508 3176 ex
3546 3119 3735 3193 ipsius

2086 3213 2383 3270 intellectu
2417 3217 2699 3283 tanquam
2734 3228 2807 3266 ex
2852 3212 3098 3275 matrice,
3132 3209 3369 3280 prodiit,
3402 3213 3577 3279 atque
3605 3207 3733 3264 ideo

325 3264 822 3359 ίὶυθίἶηδπῖοάυάι
857 3282 952 3337 alii
1004 3282 1119 3338 veri
1171 3282 1485 3337 ChriStiani
1540 3282 1810 3353 quwlibet
1853 3286 1971 3337 tor‘
2004 3264 2046 3329 Ο
2534 3264 3273 3357 1verus—Dei"Piliustest.
3341 3264 3563 3353 Etenim
3620 3297 3733 3353 hac

323 3378 652 3430 mentorum
695 3389 908 3445 genera
958 3371 1203 3443 experiri
1265 3376 1322 3425 et
1370 3371 1562 3426 necari
1614 3372 1971 3436 maluerunt,

320 3481 495 3537 quam
528 3464 679 3519 hanc
711 3461 985 3517 traditam
1019 3461 1131 3516 sibi
1166 3478 1197 3516 a
1242 3461 1468 3516 Christo
1520 3461 1765 3532 ejusque
1795 3460 1971 3515 disci-

318 3553 476 3626 pulis
506 3553 576 3609 de
616 3552 883 3624 ejusdem
915 3550 1131 3605 Christi
1164 3550 1466 3605 divinitate
1500 3555 1556 3605 et
1586 3548 1971 3604 sanctissimae

316 3643 620 3699 Trinitatis
662 3641 936 3714 mysterio
967 3640 1291 3696 doctrinam
1324 3638 1442 3695 ullo
1475 3640 1645 3695 modo
1675 3639 1973 3694 infirmare

317 3737 418 3789 aut
447 3731 845 3788 dissimulare.
877 3729 1086 3785 Nullus
1135 3745 1271 3802 ergo
1322 3729 1631 3785 dubitandi
1663 3728 1828 3784 locus
1859 3732 1971 3796 est,

318 3822 459 3895 quin
490 3838 625 3878 vera
656 3820 732 3876 sit
761 3820 881 3875 haec
911 3820 1177 3890 ejusdem
1210 3819 1551 3875 Tertuliiani
1586 3822 1643 3873 et
1678 3818 1971 3873 catholica

318 3911 586 3968 Ecclesia:
636 3909 919 3977 doctrina,
965 3925 1095 3980 qua;
1140 3907 1299 3962 hunc
1330 3908 1387 3962 iu
1435 3908 1675 3961 modum
1710 3924 1743 3960 a
1788 3906 1971 3963 sacris

319 4000 704 4073 scriptoribus
753 4000 999 4068 asserta,
1050 4001 1503 4068 constanterque
1561 4012 1626 4051 ac
1693 3999 1970 4067 perpetuo

319 4094 546 4147 servata
576 4089 1061 4160 propugnataque
1091 4085 1221 4141 fuit.

922 4246 1127 4286 ARTICU
1138 4245 1240 4285 LUS
1288 4246 1366 4285 ιν.

321 4324 526 4395 Quibus
557 4320 869 4377 rationibus
906 4320 1274 4395 Tertullianus
1296 4320 1589 4395 explicare
1626 4322 1854 4395 conatus
1899 4320 1973 4395 sit

387 4397 640 4453 divinam
682 4402 1060 4464 aeternamque
1111 4392 1242 4447 Filii
1287 4393 1381 4447 Det
1443 4392 1871 4464 generationem,
1904 4394 1973 4464 _et

388 4486 488 4594 ειιῖ
517 4468 633 4538 ille,
684 4483 795 4522 non
844 4461 979 4521 vero“
1003 4464 1243 4536 Spiritus
1281 4468 1519 4530 sanctus,
1558 4463 1731 4517 Filius
1762 4464 1860 4516 Dei
1882 4461 1969 4517 di-

389 4558 448 4594 ea
477 4557 564 4594 ur.

389 4557 564 4597 catur.

2082 3392 2209 3463 ipsa
2240 3390 2612 3464 generatione
2642 3406 2755 3445 non
2800 3387 2988 3445 solum
3028 3387 3240 3443 similis
3287 3386 3462 3450 Patri,
3506 3387 3605 3441 sed
3638 3403 3733 3442 ea-

2084 3483 2211 3536 dem
2246 3497 2481 3552 quoque
2532 3483 2622 3535 est
2672 3479 2981 3550 utriusque
3028 3476 3380 3532 substantia.
3414 3476 3539 3533 Non
3575 3476 3732 3530 enim

2083 3568 2199 3637 ille,
2229 3568 2442 3639 inquit,
2476 3567 2656 3622 Filius
2690 3567 2785 3621 Dei
2816 3583 2846 3621 a
2878 3565 3069 3621 Patris
3109 3567 3337 3620 matrice
3370 3565 3607 3631 recessit,
3637 3562 3733 3618 sed

2081 3661 2330 3713 excessit.
2380 3657 2665 3723 Quoniam
2705 3673 2840 3711 vero
2889 3670 2999 3711 non
3058 3656 3305 3723 recessit,
3345 3654 3606 3710 eamdem
3665 3668 3732 3708 ac

2081 3748 2178 3803 ille
2228 3749 2403 3803 habet
2447 3745 2876 3811 substantiam;
2926 3749 2983 3800 et
3028 3744 3167 3813 quia
3220 3745 3292 3798 ab
3341 3759 3409 3799 eo
3459 3740 3731 3815 prodivit,

2081 3838 2241 3893 illius
2273 3842 2362 3892 est
2391 3836 2572 3891 Filius
2620 3836 2803 3905 (idem
2833 3834 3112 3906 Apotoqet.
3154 3850 3281 3905 cap.
3328 3834 3423 3898 21,
3452 3848 3583 3904 pag.
3617 3830 3732 3901 21).

2152 3946 2262 4000 Sed
2297 3961 2501 4000 rursus
2531 3941 2957 3998 Tertullianum
2990 3940 3321 4007 audiamus,
3356 3938 3456 4010 qui
3489 3938 3546 3993 id
3593 3937 3733 3995 alibi

2082 4035 2258 4107 (Idem
2290 4034 2494 4089 advers.
2534 4034 2704 4087 Prax.
2741 4048 2865 4103 cap.
2898 4032 2953 4101 8)
3012 4029 3283 4103 pluribus
3342 4044 3521 4085 sacra!
3579 4027 3734 4083 Scri-

2082 4127 2264 4195 pturee
2297 4121 2656 4178 testimoniis
2687 4119 2898 4176 asserit
2930 4136 2995 4174 ac
3027 4119 3335 4175 confirmat
3366 4132 3379 4173 :
3424 4138 3451 4167 (ι
3480 4116 3560 4172 De
3590 4131 3730 4188 quo,

2083 4211 2293 4282 inquit,
2319 4211 2684 4282 procedendo
2719 4208 2901 4264 Filius
2931 4209 3121 4264 factus
3151 4211 3260 4277 est,
3283 4205 3733 4277 primogenitus,

2082 4304 2147 4355 ut
2175 4305 2310 4354 ante
2341 4300 2537 4354 omnia
2568 4298 2823 4370 genitus,
2865 4302 2922 4352 et
2952 4295 3314 4367 unigenitus,
3347 4297 3413 4350 ut
3464 4292 3624 4350 solus
3664 4309 3732 4350 ex

2087 4394 2196 4444 Duo
2229 4388 2479 4461 genitus,
2520 4388 2748 4459 proprie
2796 4388 2868 4441 de
2917 4384 3087 4440 vulva
3137 4384 3354 4449 cordis,
3403 4382 3459 4438 id
3504 4387 3593 4438 est
3634 4384 3730 4438 in.-

2081 4479 2348 4545 tettectus,
2412 4478 2620 4549 ipsius,
2692 4476 3015 4532 secundum
3068 4473 3222 4545 quod
3270 4478 3328 4528 et
3374 4476 3544 4528 Pater
3600 4473 3730 4544 ejus

2081 4571 2375 4624 testatur:
2413 4567 2699 4621 Eructavit
2747 4581 2839 4619 cor
2890 4580 3073 4619 meum
3101 4579 3401 4618 sermonem
3458 4564 3730 4634 optimum

390 4666 542 4722 Satis
581 4663 945 4720 Tertulliano
978 4678 1093 4716 non
1135 4662 1247 4717 fuit
1272 4678 1439 4716 suam
1472 4665 1528 4716 et
1558 4659 1739 4714 totius
1771 4658 1966 4714 catho-
2008 4644 2047 4707 Ῐ)
2080 4658 2318 4729 (Psalm.
2359 4672 2503 4725 xuv,
2533 4656 2590 4724 2)
2641 4672 2652 4708 :
2707 4655 2777 4709 ad
2828 4670 3003 4725 quem
3053 4652 3331 4724 deinceps
3370 4651 3635 4724 gaudens
3665 4652 3727 4709 in

318 4758 442 4813 lioae
491 4752 758 4810 Ecclesia:
809 4752 880 4807 de
947 4768 1223 4823 suprema
1273 4749 1401 4805 Filii
1456 4749 1554 4804 Dei
1612 4753 1668 4804 ct
1714 4747 1967 4819 Spiritus

319 4844 507 4901 sancti
540 4842 845 4899 divinitate
875 4840 1227 4897 sententiam
1260 4856 1346 4907 eo,
1390 4857 1505 4912 quo
1534 4838 1788 4894 vidimus
1818 4839 1963 4910 (Art.

320 4933 560 5005 super),
595 4932 769 4988 modo
815 4930 1137 5003 expositam
1186 4929 1339 4985 tueri
1389 4945 1455 4984 ac
1503 4928 1832 4995 vindicare;
1867 4927 1967 4982 sed

319 5021 607 5092 explicare
639 5021 819 5076 etiam
852 5024 1098 5076 conatus
1126 5022 1236 5085 est,
1288 5034 1393 5073 cur
1430 5018 1682 5073 Verbum
1716 5020 1772 5072 et
1800 5016 1966 5072 Ratio

318 5110 418 5164 Dei
451 5125 625 5163 verus
686 5109 814 5179 ejus
846 5109 1026 5164 Filius
1077 5109 1155 5163 sit
1209 5112 1264 5164 et
1313 5108 1424 5162 dici
1480 5108 1706 5161 debeat.
1774 5106 1965 5162 Palam

316 5199 515 5270 itaque
547 5196 823 5254 omnibus
854 5197 1113 5254 declarat
1149 5197 1352 5263 Deum,
1379 5211 1444 5251 eo
1468 5195 1592 5267 ipso
1625 5196 1778 5267 quod
1813 5195 1967 5250 Deus

318 5293 405 5343 est
436 5302 667 5358 semper
699 5291 874 5358 atque
906 5287 976 5341 ab
1010 5286 1172 5341 omni
1223 5284 1545 5342 aeternitate
1577 5283 1758 5340 fuisse
1786 5284 1968 5341 ratio-

316 5377 510 5433 nalem
560 5375 763 5448 (Ibid).
816 5376 960 5430 Cum
1015 5391 1151 5448 ergo
1213 5376 1338 5431 sine
1388 5374 1611 5429 ratione
1668 5390 1795 5428 esse
1853 5391 1967 5429 non

318 5468 525 5541 possit,
576 5467 645 5521 ab
693 5466 897 5522 eadem
951 5466 1277 5521 mternitate
1326 5462 1567 5537 protulit
1606 5464 1967 5534 Sermonem,

319 5557 417 5629 qui
452 5555 687 5628 quidem
722 5555 925 5611 Sermo
957 5553 1170 5610 melius
1210 5554 1434 5622 Latine,
1468 5553 1967 5626 quemadmodum

321 5646 757 5713 annotavimus,
812 5644 975 5700 Ratio
1028 5643 1312 5717 appellari
1373 5645 1673 5699 debuerat.
1726 5642 1970 5698 Divinus

322 5739 513 5794 autem
568 5734 668 5793 ille
723 5736 926 5794 Sermo
989 5752 1103 5792 non
1176 5739 1265 5791 est
1314 5734 1576 5807 quaedam
1636 5731 1968 5801 artioulata,

2079 4762 2322 4819 persona
2354 4744 2513 4799 illius
2556 4761 2567 4799 :
2622 4745 2794 4798 Filius
2843 4758 2994 4798 meus
3041 4757 3095 4797 es
3126 4750 3205 4807 tu,
3238 4756 3335 4809 ego
3366 4740 3531 4795 hodie
3558 4744 3731 4811 genui

2076 4839 2126 4891 te
2156 4836 2327 4906 (Psal.
2362 4852 2424 4903 ιι,
2463 4835 2558 4905 7);
2607 4839 2684 4900 et,
2738 4834 2871 4888 Ante
2915 4831 3232 4905 Luciferum
3270 4831 3441 4899 genui
3470 4837 3519 4886 te
3553 4830 3726 4904 (Psat.

2077 4942 2187 4995 cxx,
2220 4926 2297 4996 5).
2332 4923 2425 4979 Sic
2484 4928 2540 4978 et
2598 4923 2778 4977 Filius
2828 4939 2897 4978 ex
2948 4938 3055 4977 sua
3115 4936 3365 4993 persona
3422 4920 3731 4993 profitetur

2075 5015 2302 5070 Patrem
2350 5012 2411 5067 in
2437 5012 2704 5085 gnomine
2758 5011 2986 5084 SOphize
3024 5027 3038 5067 :
3072 5011 3343 5065 Dominus
3370 5009 3617 5066 condidit
3643 5026 3731 5067 me

2078 5105 2304 5159 initium
2355 5103 2579 5157 viarum
2626 5103 2685 5156 in
2735 5118 2900 5174 opera
2937 5116 3037 5155 sua
3067 5099 3251 5173 (Hebr.
3285 5099 3348 5169 ι).
3382 5099 3515 5154 Ante
3544 5113 3729 5154 omnes

2078 5201 2258 5248 autem
2286 5193 2450 5247 collos
2478 5191 2760 5263 generavit
2803 5207 2906 5245 me.
2941 5212 2968 5241 »
3021 5190 3203 5263 (Prov.
3236 5203 3363 5255 vm,
3391 5187 3509 5258 22.)
3539 5188 3729 5258 Atque

2078 5282 2197 5345 haec
2232 5282 2360 5354 ipsa
2392 5281 2536 5337 ratio
2570 5286 2680 5351 est,
2730 5298 2834 5337 cur
2879 5279 3164 5347 Verbum,
3209 5293 3312 5333 seu
3358 5281 3554 5332 Sermo
3606 5276 3727 5347 Dei,

2077 5390 2184 5427 non
2237 5388 2367 5425 vero
2418 5371 2668 5443 Spiritus
2717 5377 2975 5437 sanctus,
3010 5369 3089 5424 sit
3139 5366 3485 5437 dicaturque
3542 5364 3726 5421 Filius

2080 5463 2174 5517 Dei
2212 5477 2223 5515 :
2260 5466 2450 5532 atque,
2486 5465 2551 5515 ut
2578 5460 2704 5532 ipse
2735 5458 3132 5515 Tertullianus
3172 5455 3271 5523 ait,
3326 5475 3357 5504 ‹‹
3410 5454 3516 5520 Qui
3544 5454 3725 5511 etiam

2078 5551 2309 5623 proprie
2363 5568 2572 5606 nomen
2626 5549 2747 5603 Filii
2801 5546 3041 5617 accepit,
3077 5565 3103 5594 »
3135 5549 3258 5599 tum
3320 5541 3459 5614 quia
3510 5542 3723 5601 homen

2078 5641 2223 5695 illud
2285 5640 2397 5711 ipsi
2446 5638 2503 5693 in
2554 5637 2737 5694 sacris
2784 5632 3102 5705 Scripturis
3146 5632 3343 5702 datur,
3376 5634 3501 5687 tum
3543 5632 3722 5690 etiam

2080 5730 2219 5803 quia
2248 5729 2408 5801 prior
2435 5745 2468 5785 a
2498 5727 2620 5785 solo
2651 5728 2819 5782 Patre
2857 5739 2965 5781 suo
3011 5723 3071 5779 in
3118 5725 3339 5779 natura
3386 5720 3724 5781 similitudi-
