4158 6380
476 400 593 460 923

1008 400 1526 460 TEltTULLlANl
1573 399 1890 460 OPERUM
1941 399 2137 460 PARS
2181 397 2229 459 Ῑ.
2266 427 2342 445 --
2371 397 2643 459 SERIES
2687 397 2737 473 Ι,
2783 394 3346 457 APOLOGETICA.

3757 395 3884 455 924

482 531 666 587 Deum
701 548 900 586 verum
933 549 998 586 ex
1029 531 1140 587 Deo
1172 548 1324 597 vere,
1375 530 1662 604 genitum,
1715 549 1830 588 non
1879 531 2122 597 factum,
2155 533 2204 599 Α
2236 529 2613 602 expendenda
2643 533 2780 586 sunt
2811 531 3174 601 argumenta,
3207 543 3334 598 quae
3365 525 3536 582 nobis
3566 543 3599 582 a
3621 525 3883 597 Patavio,

487 620 1043 677 consubstantialem
1077 621 1249 676 Patri.
1287 646 1308 674 ι

1082 781 1176 818 AR'l
1191 781 1396 819 ICULUS
1444 781 1519 819 Vl.

484 852 884 924 Expendunlur
911 854 1301 923 solvunturque
1345 857 1694 924 argumenta,
1743 853 1938 923 quibus
1983 867 2121 906 non-

553 926 700 978 nulli
744 925 988 994 probare
1032 927 1288 979 nituntur
1318 927 1706 995 labe/aetatum
1731 927 1904 993 fuisse
1932 943 1967 978 α
2000 925 2122 978 Ter-

554 997 791 1068 tulliano
814 995 1168 1050 orthodoxam
1197 996 1261 1050 de
1307 1013 1560 1068 suprema
1607 998 1739 1051 Filii
1786 998 1880 1051 Dei
1923 996 2123 1068 divini.

555 1071 662 1122 tate
685 1067 1008 1134 doctrinam,
1042 1070 1169 1138 quia
1203 1068 1350 1121 dixit
1372 1070 1532 1123 illum
1563 1068 1764 1123 divinm
1791 1067 2123 1122 substantia?

495 1183 504 1192 .
553 1154 667 1194 esse
693 1141 1020 1209 portionem,
1053 1154 1178 1209 quae
1207 1142 1267 1193 in
1291 1145 1452 1195 Patre
1482 1145 1592 1195 tota
1621 1145 1720 1195 est.

555 1282 902 1354 Quanquam
934 1281 1252 1337 orthodoxa
1282 1283 1542 1352 omnino,
1568 1282 1739 1338 sicuti
1770 1282 2122 1353 eXplicatum

481 1371 774 1438 est,iuerit
803 1371 1146 1426 Tertulliani
1183 1372 1252 1426 de
1284 1387 1562 1442 suprema
1590 1371 1762 1426 Verbi
1796 1377 1851 1425 et
1875 1371 2000 1426 Filii
2025 1369 2125 1424 Dei

481 1459 782 1515 divinitate
830 1466 1160 1531 aeternaque
1206 1461 1578 1531 generatione
1627 1459 1961 1516 sententia:
1997 1458 2124 1530 qui-

483 1549 616 1604 dam
650 1548 1057 1618 nihilominus,
1089 1551 1262 1604 etiam
1293 1546 1561 1604 catholici
1612 1549 1788 1620 hujus
1837 1547 2126 1620 dogmatis

483 1643 805 1693 assertores
837 1636 999 1692 illum
1035 1655 1150 1692 non
1185 1637 1412 1692 minimi
1446 1638 1707 1708 quidem,
1749 1639 1851 1693 sed
1901 1636 2126 1708 gravis-

485 1725 619 1784 simi
658 1726 872 1781 erroris
925 1727 1200 1780 audacter
1248 1733 1552 1782 accusant.
1592 1727 1650 1780 Si
1699 1726 1854 1781 enim
1899 1723 2127 1782 Petavio

487 1815 711 1882 credas,
745 1815 1011 1870 Arianam
1057 1816 1314 1871 haeresim
1360 1817 1646 1886 impietate
1691 1820 1739 1870 et
1787 1815 2130 1870 absurditate

484 1913 708 1974 superat
763 1904 977 1974 (Petav.
1039 1910 1174 1959 tom.
1232 1904 1281 1958 Il
1331 1904 1578 1974 Tlieotog.
1631 1904 1868 1976 dogmat.
1918 1903 2020 1959 lib.
2068 1920 2128 1972 ιι,
2160 1904 2207 1969 Β

488 2010 616 2065 cap.
647 1995 702 2064 5,
736 2011 872 2066 pag.
911 1995 1024 2066 24).
1059 1996 1167 2050 Sed
1218 1996 1424 2051 doctus
1472 1995 1568 2050 ille
1613 1995 1700 2049 vir
1747 1995 2128 2067 semetipsum

489 2083 778 2154 corrigere
811 2084 1044 2139 tandem
1077 2090 1314 2140 coactus
1345 2089 1452 2140 est.
1482 2083 1631 2139 Alibi
1663 2085 1956 2155 siquidem
1990 2085 2131 2139 fate-

491 2175 592 2227 tur
623 2189 737 2228 non
770 2189 954 2242 pauca
984 2190 1286 2228 occurrere
1317 2173 1580 2244 ejusdem
1613 2173 1954 2229 Tertulliani
1985 2172 2132 2242 loca,

489 2260 550 2316 in
583 2260 798 2332 quibus
828 2265 1067 2332 apparet
1097 2261 1180 2317 vis
1214 2262 1512 2318 sententiae
1543 2262 1952 2334 dogmatisque
1982 2278 2132 2317 com-

490 2349 708 2417 munis,
744 2351 914 2420 cujus
945 2350 1184 2406 traditio
1219 2351 1448 2406 animos
1479 2351 1964 2424 Christianorum.
1999 2368 2130 2421 per-
2202 2391 2208 2396 .

492 2439 947 2509 vaserat(ldem,
999 2439 1224 2495 Prazfat.
1274 2441 1330 2493 in
1379 2445 1519 2494 tom.
1576 2439 1674 2507 cit,
1722 2457 1850 2512 cap.
1902 2441 1978 2511 5).
2024 2439 2129 2495 Ve-

493 2531 826 2582 rumtamen
878 2527 1094 2582 ibidem
1143 2527 1355 2598 adjecit
1401 2527 1783 2584 orthodoxam
1831 2528 2134 2584 Trinitatis

495 2616 668 2670 (idem
700 2616 759 2670 in
791 2615 1054 2685 ejusdem
1083 2616 1319 2687 scriptis
1349 2616 1581 2687 aspergi
1630 2617 1946 2672 identidem
1999 2617 2130 2688 qui-

497 2704 746 2759 busdam
776 2705 1045 2771 maculis,
1079 2721 1202 2774 quae
1235 2706 1574 2774 contagione
1616 2706 1798 2774 (mdis,
1833 2706 1902 2760 ad
1954 2721 2131 2775 quam

496 2792 728 2861 defecit,
763 2790 1249 2847 Montanistarum
1283 2793 1567 2848 haereseos
1598 2793 1748 2848 illini
1798 2797 2129 2864 potuerunt.

494 2882 567 2934 At
597 2879 866 2950 quamvis
898 2880 976 2935 ibi
1001 2880 1212 2951 judicii
1245 2881 1335 2936 sui
1361 2883 1727 2937 severitatem
1755 2882 1947 2953 potius
1978 2882 2130 2938 888

492 2967 964 3039 mitigare,quam
996 2970 1306 3024 emendare
1337 2969 1738 3035 videatur,sibi
1760 2975 1954 3026 tamen
1987 2970 2133 3026 satis

493 3075 608 3114 non
641 3064 887 3115 constat.
923 3058 1068 3112 Nam
1099 3075 1213 3113 non
1247 3059 1436 3114 solum
1462 3059 1520 3113 in
1551 3059 1737 3126 libris,
1773 3060 1873 3131 qui
1899 3051 1948 3115 'a
1995 3061 2129 3115 Ter-

493 3146 740 3202 tulliano
771 3145 1061 3216 haeretico,
1095 3147 1194 3202 sed
1229 3147 1287 3201 in
1338 3145 1467 3204 aliis
1515 3147 1712 3215 etiam,
1762 3149 1862 3219 qui
1909 3149 1982 3204 ab
2033 3149 2130 3205 illo

491 3234 682 3290 adhuc
765 3235 1050 3290 catholico
1117 3236 1423 3306 compositi
1491 3241 1648 3306 sunt,
1717 3235 2126 3293 labefactatum

490 3324 796 3380 Trinitatis
828 3325 1041 3394 dogma
1071 3324 1388 3380 contendit.
1421 3329 1538 3380 Nos
1567 3341 1700 3380 vero
1743 3327 1886 3381 satis
1934 3333 2128 3382 osten-

488 3412 686 3468 dimus
719 3411 860 3467 illud
891 3412 960 3467 ab
991 3413 1192 3468 eodem
1225 3413 1605 3482 Tertulliano,
1655 3413 1775 3470 sive
1822 3414 2129 3486 catholico,

491 3500 611 3556 sive
639 3501 990 3556 Montanista
1036 3509 1186 3556 recte
1234 3505 1548 3568 assertum,
1597 3519 1664 3558 ac
1713 3508 1917 3558 contra
1964 3503 2130 3572 alios,

495 3588 596 3659 qui
626 3588 683 3644 id
721 3590 1032 3660 negabant,
1064 3589 1292 3662 egregie
1324 3597 1778 3662 propugnatum.

572 3675 776 3732 Bullus
800 3683 992 3732 tamen
1043 3677 1229 3732 eidem
1276 3678 1636 3734 Tertulliano
1684 3686 1908 3748 nostro,
1957 3681 2134 3736 etiam

498 3764 598 3821 ubi
629 3771 830 3820 contra
863 3769 1132 3821 Praxeam
1165 3767 1445 3838 disputat,
1477 3766 1650 3822 aliam
1683 3769 1955 3824 censoriae
1985 3785 2142 3824 seve-

502 3854 691 3910 ritatis
749 3859 948 3910 notam
1005 3853 1223 3911 inussit
1276 3855 1444 3926 (Βαιι.
1493 3856 1696 3927 (le/ens.
1746 3858 1867 3912 Nic.
1913 3861 2052 3913 sect.
2085 3858 2138 3928 3,

503 3960 628 4015 cap.
666 3944 750 4009 10,
784 3960 951 3999 num.
988 3946 1023 3998 5
1054 3948 1110 4000 ct
1142 3946 1226 4012 11,
1262 3961 1395 4017 pag.
1427 3945 1530 3999 403
1560 3948 1618 4000 et
1664 3945 1808 4013 416).
1865 3945 2140 4011 Quamvis

501 4033 656 4088 enim
708 4033 990 4089 concedat
1045 4032 1208 4089 illum
1269 4038 1421 4089 recte
1475 4033 1691 4090 sentire
1749 4034 1818 4090 de
1870 4051 2143 4106 suprema

506 4121 633 4176 Filii
668 4121 763 4177 Dei
797 4139 862 4178 ac
907 4122 1071 4179 Verbi
1131 4121 1454 4190 divinitate,
1512 4122 1852 4193 azternitate,
1910 4125 2141 4180 consub-

507 4212 888 4280 stantialitate,
923 4211 1041 4267 sive
1071 4212 1272 4268 eadem
1312 4211 1474 4267 illius
1523 4229 1589 4267 ac
1636 4213 1824 4268 Patris
1871 4213 2143 4269 substan-

505 4299 606 4366 tia,
640 4299 770 4372 jpsi
819 4299 1204 4356 nihilominus
1233 4301 1463 4356 videtur
1493 4300 1789 4357 catholicae
1813 4301 2146 4359 traditionis

507 4389 667 4444 venis
701 4388 867 4461 quasi
891 4390 1086 4445 aureis
1107 4389 1356 4445 scoriam
1379 4389 1633 4461 aliquam
1661 4389 2145 4459 intermiscuisse,

508 4477 760 4534 absurde
792 4479 937 4534 satis
967 4477 1150 4550 loqui,
1183 4483 1240 4533 et
1267 4477 1324 4533 in
1375 4479 1796 4550 augustissimo
1843 4479 2146 4536 Trinitatis

505 4566 779 4638 mysterio
811 4564 1029 4636 ludere,
1062 4584 1367 4639 nugaeque
1412 4567 1640 4622 sectari.
1689 4569 1798 4624 Sed
1851 4569 1983 4640 quis
2035 4569 2146 4626 sibi

2232 619 2396 674 Bullo
2427 619 2677 691 aliisque
2708 616 3352 690 objiciuntur.Primum
3383 615 3580 688 itaque
3601 615 3888 670 Petavius

2230 707 2376 763 illud
2413 709 2738 780 urgendum
2771 723 2884 762 non
2918 709 3136 776 censet,
3171 707 3324 777 quod
3371 706 3441 760 ab
3489 709 3725 760 auctore
3773 721 3884 760 no-

2233 802 2352 853 stro
2383 796 2664 868 scriptum
2698 796 2950 868 legimus
2973 794 3204 862 Filium,
3231 795 3692 865 Sermonemque
3723 795 3819 849 Dei
3854 811 3890 848 a

2233 883 2397 940 Patre
2429 901 2534 940 suo
2561 884 2874 956 prolatum,
2909 900 2973 938 ac
3003 882 3176 938 veluti
3203 887 3596 954 corporatum.
3657 883 3885 954 Ecquid

2232 973 2386 1028 enim
2421 973 2476 1029 id
2510 972 2784 1045 urgeret?
2813 973 3015 1027 Nonne
3066 971 3212 1026 satis
3262 971 3567 1042 perspicue
3617 971 3887 1026 ostendi-

2233 1079 2367 1118 mus
2413 1063 2672 1133 corporis
2720 1062 2957 1116 nomine
3007 1059 3153 1116 nihil
3203 1059 3359 1116 aliud
3411 1060 3484 1114 ab
3510 1075 3577 1114 eo
3608 1059 3886 1132 intelligi,

2233 1151 2344 1206 nisi
2378 1151 2468 1206 sui
2499 1150 2730 1222 generis
2756 1150 3174 1212 substantiam,
3210 1165 3518 1221 personam
3549 1152 3721 1220 atque
3772 1149 3884 1221 hy-

2233 1239 2494 1312 postasin
2513 1240 2540 1294 ?
2571 1239 2685 1294 Nec
2719 1239 2917 1294 minus
2945 1238 3239 1294 evidenter
3264 1237 3666 1310 patefecimus,
3700 1242 3888 1308 atque

2234 1346 2300 1385 ex
2332 1328 2596 1384 dicendis
2627 1328 2820 1383 adhuc
2849 1327 3071 1400 patebit
3102 1327 3296 1400 ipsum
3315 1327 3706 1382 disertissime
3724 1343 3888 1382 asse-

2239 1418 2424 1472 ruisse
2481 1416 2688 1472 Filium
2752 1416 2854 1471 Dei
2914 1431 3142 1471 merum
3194 1431 3322 1470 esse
3354 1414 3648 1486 spiritum,
3681 1414 3780 1487 qui
3813 1431 3889 1470 ex

2235 1506 2431 1562 aeterni
2463 1507 2650 1561 Patris
2682 1506 2771 1560 sui
2809 1505 3104 1560 intellectu
3140 1509 3195 1560 et
3223 1503 3572 1573 cogitatione
3595 1504 3887 1576 procedit,

2238 1613 2302 1651 ac
2334 1594 2475 1649 nihil
2526 1594 2764 1667 proinde
2813 1594 3072 1666 corporei
3123 1592 3210 1648 vel
3260 1593 3502 1648 minime
3559 1593 3888 1649 admistum

2236 1684 2450 1740 habere
2478 1687 2686 1754 potest.

2307 1773 2576 1828 Momenti
2611 1771 2790 1844 igitur
2817 1771 2986 1842 longe
3017 1771 3294 1839 gravioris
3346 1770 3617 1826 Petavius
3667 1769 3892 1844 aliique

2237 1877 2301 1918 ea
2331 1877 2458 1916 esse
2481 1865 2708 1932 putant,
2741 1860 2957 1932 quibus
2988 1861 3143 1915 idem
3179 1864 3384 1914 auctor
3412 1864 3611 1914 noster
3641 1875 3892 1931 negasse

2237 1949 2384 2021 ipsis
2413 1950 2642 2004 videtur
2671 1950 2934 2005 eamdem
2978 1964 3107 2005 esse
3152 1949 3340 2004 Patris
3389 1948 3588 2003 mterni
3638 1949 3892 2020 ejusque

2240 2037 2365 2093 Filii
2415 2039 2828 2094 substantiam.
2874 2038 3099 2094 Etenim
3134 2044 3350 2109 aperte,
3383 2036 3683 2109 inquiunt,
3718 2038 3893 2094 docet

2239 2131 2419 2184 totam
2479 2128 2579 2184 Dei
2634 2128 3024 2184 substantiam
3079 2143 3207 2182 esse
3251 2127 3310 2182 in
3372 2127 3557 2196 Patre,
3616 2131 3676 2182 et
3723 2125 3892 2183 illius

2242 2218 2559 2288 quamdam
2584 2221 2812 2272 tantum
2845 2217 2901 2271 in
2949 2215 3091 2272 Filio
3131 2215 3475 2288 porlionem.
3529 2215 3677 2281 Quid
3727 2215 3889 2270 enim

2242 2305 2358 2372 his,
2408 2305 2593 2372 aiunt,
2641 2306 2834 2361 verbis
2890 2305 3105 2361 clarius
3154 2310 3212 2360 et
3241 2303 3627 2376 expressius?
3657 2327 3686 2354 «
3721 2304 3897 2360 Pater

2241 2398 2366 2449 tota
2397 2395 2731 2450 substantia
2761 2398 2869 2462 est,
2896 2393 3076 2449 Filius
3107 2411 3240 2449 vero
3273 2393 3552 2450 derivatio
3600 2391 3784 2448 totius
3832 2397 3895 2449 et

2243 2483 2450 2554 portio,
2484 2483 2636 2538 sicut
2663 2483 2789 2555 ipse
2820 2483 3130 2554 profitetur
3161 2499 3172 2537 :
3208 2484 3346 2552 Quia
3379 2483 3542 2538 Pater
3564 2483 3748 2554 major
3801 2499 3895 2538 me

2241 2577 2339 2628 est.
2375 2596 2398 2624 ι
2435 2572 2630 2641 (Joan.
2659 2589 2770 2638 xiv,
2802 2572 2916 2642 28.)
2939 2573 3142 2627 Totam
3177 2571 3358 2643 igitur
3387 2569 3742 2638 Divinitatie,
3796 2571 3890 2626 in-

2242 2661 2476 2734 quiunt,
2509 2661 2902 2717 substantiam
2935 2660 3336 2716 Tertullianus
3367 2660 3425 2716 in
3472 2659 3639 2716 Patre
3688 2664 3895 2732 utpote

2243 2750 2484 2820 majore,
2517 2754 2575 2805 et
2601 2750 2660 2804 in
2693 2747 2833 2804 Filio
2864 2752 3061 2820 utpote
3109 2749 3333 2804 minore
3381 2752 3604 2820 partem
3655 2751 3893 2804 tantum

2242 2855 2308 2896 ac
2357 2839 2682 2911 portionem
2735 2854 2864 2894 esse
2913 2838 3230 2895 arbitratus
3275 2842 3366 2893 est
3419 2836 3684 2909 (Tertull.
3745 2837 3884 2895 adv.

2241 2929 2409 2984 Praz.
2443 2945 2569 3000 cap.
2601 2928 2679 3000 9).

2310 3017 2530 3088 Urgent
2557 3017 2612 3071 id
2643 3017 2834 3072 adhuc
2863 3017 2934 3071 ab
2975 3015 3075 3072 illo
3134 3015 3339 3080 asseri,
3400 3014 3499 3070 ubi
3557 3015 3888 3070 absurdum

2239 3105 2573 3176 Marcionis,
2625 3105 2726 3178 qui
2777 3109 3004 3160 Patrem
3055 3121 3123 3159 ex
3163 3104 3399 3174 Virgine
3433 3108 3634 3160 natum
3667 3107 3725 3159 et
3754 3119 3890 3174 pas-

2239 3211 2371 3250 sum
2417 3211 2546 3250 esse
2594 3193 2746 3251 880
2777 3193 3090 3266 garriebat,
3119 3209 3372 3249 errorem
3405 3191 3619 3248 refellit
3653 3208 3665 3247 :
3698 3212 3724 3245 ι
3756 3193 3890 3248 Non

2160 3270 2202 3336 C
2236 3301 2476 3355 negans,
2510 3283 2722 3354 inquit,
2753 3283 2962 3338 Filium
2996 3287 3052 3337 et
3080 3281 3364 3354 Spiritum
3395 3285 3452 3337 et
3491 3282 3892 3338 substantiam

2239 3372 2523 3429 Creatoris
2553 3389 2680 3428 esse
2710 3371 3004 3429 Christum
3041 3372 3190 3443 ejus,
3217 3371 3500 3427 concedas
3533 3386 3769 3426 necesse
3801 3375 3899 3426 est

2241 3478 2361 3531 eos,
2420 3461 2519 3532 qui
2578 3462 2806 3516 Patrem
2866 3478 2982 3516 non
3039 3459 3446 3533 cognoverint,
3506 3477 3613 3516 nec
3682 3459 3897 3516 Filium

2243 3565 2556 3622 agnoscere
2587 3549 2850 3620 potuisse
2879 3565 2982 3620 per
3011 3548 3274 3619 ejusdem
3309 3547 3653 3603 substantia
3695 3547 3900 3602 condi-

2243 3638 2485 3706 tionem,
2517 3638 2686 3708 cujns
2713 3636 3014 3709 plenitudo
3043 3635 3341 3692 intellecta
3372 3652 3485 3690 non
3534 3639 3657 3701 est;
3708 3634 3900 3691 multo

2247 3725 2435 3798 magis
2494 3726 2703 3797 portio,
2761 3732 2915 3781 certe
2973 3741 3090 3797 qua
3135 3723 3520 3796 plenitudinis
3567 3740 3832 3780 consors.
3865 3744 3897 3775 ››

2249 3815 2517 3888 (Tertull.
2559 3814 2659 3869 lib.
2695 3832 2781 3884 ιιι,
2816 3815 3025 3870 advers.
3060 3814 3324 3870 Marcion.
3357 3829 3482 3885 cap.
3511 3813 3594 3880 6.)

2327 3923 2602 3994 Denique,
2637 3923 2736 3977 ubi
2787 3920 3218 3996 generationem
3270 3920 3395 3976 Filii
3445 3921 3544 3976 Dei
3587 3937 3721 3975 cum
3771 3920 3903 3977 sole

2251 4015 2494 4087 ejusque
2525 4014 2686 4070 radio
2713 4014 3028 4087 componit,
3061 4013 3144 4069 sic
3174 4013 3365 4068 adhuc
3391 4012 3650 4084 loquitur
3672 4030 3686 4068 :
3712 4013 3901 4069 «Nam

2252 4109 2307 4158 et
2340 4108 2489 4159 Deus
2520 4102 2800 4176 spiritus;
2831 4107 2888 4158 et
2917 4120 3050 4158 cum
3083 4101 3283 4158 radius
3309 4118 3379 4157 ex
3405 4101 3526 4158 sole
3556 4101 3899 4174 porrigitur,

2254 4192 2441 4266 portio
2471 4209 2538 4247 ex
2559 4209 2794 4248 summa
2827 4210 2840 4249 :
2875 4193 2972 4248 sed
3008 4191 3094 4248 sol
3126 4191 3236 4247 erit
3265 4191 3325 4246 in
3358 4191 3542 4262 radio,
3577 4191 3715 4264 quia
3756 4190 3905 4248 solis

2255 4287 2343 4337 est
2374 4281 2596 4350 radius,
2629 4298 2734 4338 nec
2765 4286 3071 4354 separatur
3100 4280 3454 4349 substantia,
3486 4281 3586 4337 sed
3635 4280 3902 4336 extendi-

2256 4376 2372 4426 tur.
2424 4393 2451 4421 »
2506 4371 2694 4439 (Idem.
2747 4372 3017 4442 Apologet.
3071 4387 3196 4442 cap.
3230 4371 3319 4438 21,
3353 4387 3410 4442 p.
3445 4370 3595 4442 399.)
3626 4371 3903 4425 Petavius

2256 4461 2453 4531 itaque
2484 4477 2550 4515 ex
2582 4459 2672 4515 bis
2704 4460 2980 4515 omnibus
3012 4459 3312 4515 concludit
3342 4458 3550 4514 Filium
3585 4459 3901 4528 Dei,juxta

2254 4548 2599 4605 Tertulliani
2631 4553 2916 4613 mentem,
2950 4565 3063 4603 non
3096 4553 3276 4604 totam
3309 4547 3699 4603 substantiam
3751 4547 3897 4602 diviv

505 4637 672 4710 facile
722 4655 1095 4726 persuadebit
1141 4637 1587 4723 Tertullianum,
1640 4660 1812 4713 tanta:
1844 4637 2137 4730 gravitatis

2257 4654 2388 4693 nam
2433 4638 2751 4711 possidere,
2804 4638 2902 4693 sed
2957 4638 3084 4708 ejus
3138 4639 3418 4692 duntaxat
3451 4637 3799 4708 portionem,
3836 4653 3903 4693 ac

506 4741 828 4809 hominem,
861 4743 932 4798 de
965 4743 1069 4800 lioc
1101 4744 1409 4801 Trinitatis
1459 4745 1733 4818 mysterio
1781 4745 1838 4801 in
1881 4761 1947 4802 eo
1995 4745 2143 4803 libro

506 4829 707 4886 ludere
755 4835 812 4886 et
864 4833 1090 4905 nugari,
1151 4834 1246 4889 ubi
1305 4836 1657 4907 praecipuum
1709 4852 1773 4891 ac
1826 4835 2143 4892 maximum

508 4917 676 4976 illum
708 4919 1046 4978 Christianae
1077 4922 1209 4980 ﬁdei
1239 4923 1572 4993 articulum,
1605 4925 1808 4980 eodem
1846 4924 2012 4981 Bullo
2061 4925 2143 4981 fa-

505 5012 680 5080 tente,
714 5011 851 5066 totis
882 5012 1062 5067 animi
1092 5012 1314 5070 viribus
1344 5017 1546 5069 contra
1588 5014 1815 5070 Praxea:
1864 5013 2143 5070 aliorum-

505 5117 617 5171 que
648 5100 1055 5159 baareticorum
1089 5119 1337 5170 errores,
1371 5103 1580 5158 asserit
1611 5120 1675 5159 ao
1707 5104 2142 5175 tuetur?(Idem,

503 5188 642 5245 ibid.
682 5191 791 5262 §2,
824 5208 951 5264 cap.
982 5193 1036 5260 7,
1091 5209 1257 5247 num.
1291 5194 1360 5261 ’1,
1414 5209 1543 5263 pag.
1597 5193 1744 5264 150.)
1791 5194 1859 5247 Et
1905 5197 2060 5247 certe
2111 5211 2145 5249 a

500 5279 669 5334 nobis
690 5280 810 5349 jam
845 5281 1150 5352 probatum
1180 5285 1265 5335 est
1297 5281 1673 5335 orthodoxam
1699 5282 2047 5337 sententiam
2072 5283 2144 5337 ab

505 5367 603 5422 illo
635 5385 745 5424 non
780 5369 968 5425 solum
999 5374 1200 5425 contra
1226 5371 1496 5425 Praxeam
1530 5370 1792 5442 aliosque
1819 5370 2141 5439 haereticos,

504 5457 603 5511 sed
634 5459 804 5512 etiam
841 5459 1121 5514 adversus
1153 5459 1418 5531 gentiles,
1453 5475 1622 5531 quos,
1655 5475 1720 5513 ea
1750 5457 2140 5528 dissimulata;

508 5545 616 5600 sibi
653 5547 842 5613 facile,
877 5547 1046 5602 sicuti
1085 5548 1360 5618 vidimus,
1397 5547 1705 5604 conciliare
1736 5553 1981 5618 poterat,
2014 5567 2142 5622 per-

509 5633 718 5705 spicue
742 5636 935 5692 doceri
993 5641 1050 5692 et
1081 5637 1376 5708 explicari.

576 5723 681 5777 Sed
715 5741 788 5779 ne
833 5725 973 5795 quid
1021 5724 1304 5782 intactum
1354 5725 1782 5799 relinquamus,
1832 5743 1900 5787 ea
1944 5729 2144 5787 omnia

2254 4727 2496 4799 proinde
2528 4743 2641 4782 non
2676 4727 2941 4782 eamdem
2985 4741 3114 4781 esse
3168 4725 3359 4780 Patris
3405 4725 3602 4780 salerni
3647 4741 3713 4780 ac
3766 4725 3899 4780 Filii

2253 4817 2382 4888 ejus
2411 4815 2808 4871 substantiam
2843 4821 2899 4870 et
2929 4820 3221 4870 naturam.

2322 4923 2540 4977 Verum
2575 4921 2623 4978 si
2655 4938 2747 4978 res
2779 4921 2861 4978 ita
2911 4939 2973 4978 se
3020 4922 3252 4990 haheat,
3303 4927 3456 4977 certe
3500 4921 3900 4979 Tertullianus

2252 5012 2364 5068 sibi
2397 5010 2763 5084 ineptissime
2795 5012 3166 5067 contradixit.
3197 5010 3467 5066 Vidimus
3499 5012 3654 5068 enim
3687 5011 3744 5066 in
3796 5029 3898 5067 sn-

2252 5098 2576 5172 perioribus
2610 5100 2869 5156 articulis
2902 5117 3073 5172 quam
3107 5104 3278 5173 saepe‘
3314 5116 3490 5172 quam
3541 5104 3898 5168 constanter,

2254 5205 2428 5262 quam
2464 5188 2713 5245 disserte
2744 5194 3035 5245 asseveret
3063 5206 3236 5245 unam
3271 5189 3464 5261 plane,
3499 5188 3810 5244 indivisam
3846 5193 3903 5245 et

2251 5279 2515 5336 eamdem
2549 5295 2676 5334 esse
2703 5280 2760 5334 in
2787 5284 2954 5335 Patre
2987 5284 3044 5335 at
3075 5279 3215 5333 Filio
3249 5279 3668 5333 substantiam.
3723 5283 3796 5332 At
3850 5277 3900 5335 si

2251 5367 2432 5423 Filius
2464 5368 2939 5441 portionem,sive
2971 5373 3196 5441 partem
3221 5371 3450 5423 tantum
3485 5366 3645 5423 illius
3665 5366 3898 5439 habeat,

2251 5475 2313 5514 ea
2350 5458 2550 5530 utique
2583 5475 2695 5514 non
2729 5459 2936 5514 eadem
2971 5457 3029 5513 in
3083 5457 3182 5513 illo
3227 5460 3401 5528 atque
3449 5456 3509 5512 in
3559 5455 3741 5528 Patre,
3792 5456 3896 5513 sed

2250 5547 2422 5604 sicuti
2451 5563 2584 5618 pars
2616 5564 2648 5602 a
2674 5550 2794 5603 toto
2826 5547 3012 5604 divisa
3041 5550 3130 5603 est
3159 5548 3342 5619 (supr.
3376 5545 3485 5601 hoc
3515 5562 3640 5617 cap.
3674 5549 3782 5601 art.
3817 5546 3893 5616 1).

2248 5641 2459 5694 Contra
2513 5655 2647 5694 vero
2705 5637 3124 5705 Tertullianus,
3183 5635 3269 5692 uti
3323 5635 3596 5705 vidimus,
3661 5636 3718 5691 in
3778 5633 3894 5692 alio

2252 5727 2517 5784 Adversus
2574 5726 2895 5784 Marcionem
2949 5726 3076 5800 (lib.
3134 5741 3212 5796 IV,
3271 5741 3398 5799 cap.
3456 5725 3551 5801 25)
3597 5724 3746 5785 libro
3769 5723 3896 5784 hac
