4158 6368
373 396 491 458 935

1284 396 1356 456 D.
1405 395 1502 456 LE
1544 392 1868 455 NOURRY
1911 386 2555 452 OBSERVATIONES
2596 388 2855 451 ΝονιΕ.

3671 382 3791 446 226

374 527 588 584 litteris
618 528 691 584 de
720 526 820 583 illo
852 527 1181 583 mandavit:
1222 546 1249 579 α
1279 527 1405 583 Non
1438 526 1651 582 minori
1690 540 1755 580 se
1785 521 2025 579 tradidit
2053 521 2106 589 Α
2137 519 2487 591 portionem,
2516 522 2655 591 quia
2685 536 2918 577 nomem
2966 520 3069 576 Dei
3113 536 3230 577 non
3270 519 3651 586 nominativo,
3684 519 3784 575 sed

379 617 580 673 omnia
616 618 873 673 Creator.
912 639 939 666 ››
971 619 1143 685 Atqui
1196 617 1245 671 si
1291 615 1473 671 Filius
1522 632 1700 670 unam
1748 614 2033 668 duntaxat

379 706 587 761 divina
618 706 959 761 substantia
990 706 1318 776 portionem
1362 721 1395 759 a
1425 705 1590 760 Patre
1620 703 1862 772 accepit,
1894 699 2028 765 alia,

378 812 497 867 qua
527 796 808 867 privatur,
872 794 1072 865 procul
1128 794 1307 849 dubio
1369 794 1561 849 minor
1590 802 1695 848 est.
1727 789 2029 861 Numquid

379 900 516 955 ergo
548 883 951 939 Tertullianus
985 884 1199 938 Filium
1252 882 1350 939 Dei
1408 884 1572 938 Patre
1603 898 1709 937 suo
1741 880 2028 935 minorem

375 989 504 1028 esse
531 973 781 1027 asseruit
812 978 868 1028 et
914 973 1189 1044 negavit?
1223 973 1363 1036 Quis
1395 973 1502 1028 hoc
1532 970 1781 1027 credat?

447 1082 593 1147 Quid
633 1098 787 1148 vero,
830 1082 982 1153 quod
1027 1082 1084 1135 in
1120 1081 1219 1135 illo
1266 1082 1364 1153 qui
1397 1081 1565 1135 nobis
1596 1079 1891 1147 objicitur,
1926 1078 2029 1131 ad-

372 1187 579 1226 versus
609 1171 960 1225 Marcionem
995 1169 1140 1224 loco.
1168 1170 1349 1225 Filius
1372 1168 1587 1223 dicitur
1616 1169 1853 1240 quidem
1888 1168 2027 1222 sub-

374 1260 603 1315 stantia
635 1259 843 1314 divina
874 1261 1076 1331 portio,
1137 1260 1239 1315 sed
1294 1259 1373 1313 ibi
1424 1259 1701 1314 continuo
1732 1258 2025 1329 adjicitur,

373 1351 516 1403 certe
572 1363 681 1419 qua
737 1348 1111 1418 plenitudinis
1163 1363 1404 1403 consors.
1436 1349 1607 1419 Atqui
1673 1348 1721 1401 si
1754 1347 1851 1401 ille
1882 1346 2027 1401 sub-

375 1437 601 1491 stantia
632 1436 860 1503 divina,
894 1453 1022 1508 qua
1055 1437 1497 1507 simplicissima
1521 1442 1630 1503 est,
1664 1442 1839 1507 atque
1870 1435 1928 1489 in
1961 1450 2027 1489 eo

374 1529 431 1581 et
464 1526 649 1591 Patre,
682 1530 747 1581 ut
775 1526 1004 1582 dictum
1050 1528 1122 1581 ab
1158 1527 1362 1582 eodem
1403 1525 1763 1582 Tertulliano
1813 1524 2027 1595 sapius

375 1614 924 1685 animadvertimus,
977 1631 1090 1670 non
1157 1620 1487 1686 separatur,
1544 1630 1784 1681 consors,
1832 1613 2027 1669 socius

377 1706 434 1757 et
464 1701 758 1774 particeps
789 1708 898 1767 est,
930 1719 1059 1759 eam
1084 1704 1286 1775 utique
1315 1709 1496 1759 totam
1530 1703 1810 1775 possidet.

450 1793 731 1849 Praterea
762 1794 810 1849 si
844 1793 1055 1849 divina
1099 1795 1443 1849 substantia
1488 1794 1698 1865 portio,
1742 1794 1861 1849 sive
1892 1809 2028 1865 pars

372 1884 611 1936 tantum
644 1882 843 1952 aliqua
892 1882 969 1937 sit
1017 1882 1077 1936 in
1129 1881 1292 1946 Filio,
1338 1882 1466 1953 ipse
1516 1886 1686 1937 Pater
1725 1898 1853 1937 eam
1881 1881 2028 1937 inte-
2056 1895 2106 1960 B

376 1985 542 2041 gram
577 1987 693 2024 non
726 1969 921 2025 habet.
958 1970 1095 2025 Pars
1143 1971 1300 2026 enim
1352 1970 1511 2026 illius
1542 1971 1651 2025 erit
1680 1972 1737 2024 in
1772 1970 1936 2039 Filio,
1969 1974 2028 2025 et

370 2074 405 2113 a
440 2058 606 2113 Patre
637 2059 939 2114 distracta.
985 2060 1043 2112 In
1090 2058 1186 2114 his
1215 2076 1349 2123 ergo
1378 2060 1607 2115 verbis:
1643 2082 1669 2110 ‹‹
1706 2064 1876 2114 Pater
1903 2064 2029 2114 tota

374 2146 711 2201 substantia
744 2152 855 2215 est,
889 2147 1071 2203 Filius
1106 2165 1241 2204 vero
1290 2150 1497 2219 portio,
1528 2171 1556 2198 »
1587 2149 1824 2204 evidens
1858 2147 2028 2219 plane

375 2236 766 2306 repugnantia
796 2236 1285 2307 deprehendetur.
1339 2238 1525 2293 Unius
1584 2240 1801 2309 quippe
1829 2238 1927 2306 rei,
1962 2253 2029 2292 ao

378 2324 754 2394 potissimum
788 2324 1243 2397 simplicissima
1266 2332 1454 2382 totum
1480 2328 1539 2381 in
1564 2343 1701 2389 uno,
1729 2330 1785 2381 et
1814 2325 2027 2397 parsin

381 2412 561 2468 altero
593 2429 721 2469 esse
753 2420 1070 2485 nequeunt.
1106 2416 1249 2469 Cum
1300 2415 1499 2470 nullus
1548 2415 1746 2487 itaque
1776 2423 1894 2470 tam
1925 2416 2029 2470 ab—

384 2503 574 2563 surda
604 2503 1083 2559 contradictionis
1100 2504 1523 2560 Tertullianum
1544 2506 1884 2561 convincere
1907 2521 2032 2575 pos-

386 2590 483 2659 sit,
515 2590 651 2661 quid
706 2597 904 2663 restat,
964 2594 1080 2649 nisi
1128 2599 1191 2648 ut
1246 2594 1511 2649 dicamus
1569 2594 1735 2650 illum
1758 2596 2032 2666 partionis

385 2680 622 2735 nomine
666 2698 781 2736 non
840 2681 1198 2737 intellexisse
1254 2686 1478 2752 partem
1532 2682 1790 2755 aliquam
1824 2682 2029 2737 divina

383 2769 752 2835 substantia,
788 2786 964 2840 quam
1023 2770 1121 2826 ille
1180 2788 1285 2827 nec
1344 2772 1546 2838 dividi,
1607 2789 1710 2828 nec
1767 2772 2028 2843 separari

381 2874 553 2928 posse
583 2859 1055 2915 constantissime
1085 2861 1456 2917 asseveravit.

449 2946 573 3009 Quo
603 2962 761 3017 ergo,
795 2947 1020 3018 inquiet
1041 2948 1273 3018 aliquis,
1307 2966 1482 3005 sensu
1517 2966 1729 3006 nomen
1749 2953 1932 3018 portio
1954 2950 2025 3006 ab

381 3050 449 3090 eo
498 3035 803 3090 sumitur?
856 3035 1037 3091 Nobis
1093 3037 1330 3108 quidem
1392 3038 1548 3093 haud
1600 3038 2027 3095 reluctantibus

385 3123 733 3194 probabitur
779 3125 979 3180 eodem
1030 3125 1365 3196 significatu
1399 3127 1602 3198 accipi,
1636 3134 1811 3199 atque
1842 3129 2024 3199 parti-

388 3212 490 3279 tio,
522 3227 623 3266 seu
649 3213 1044 3284 participatio,
1078 3220 1135 3269 et
1174 3216 1626 3272 communicatio
1647 3217 1855 3271 divina
1888 3218 2025 3272 sub-

2138 608 2395 679 genitivo
2423 625 2560 663 casu
2614 615 2917 679 acceptum
2967 610 3264 682 significat
3303 611 3632 681 portionem,
3666 609 3786 663 sive

2139 697 2597 769 generationem,
2648 705 2703 752 et
2753 697 3169 754 derivationem
3219 699 3346 753 Filii
3379 716 3412 754 a
3441 700 3608 753 Patre
3654 714 3782 753 suo.

2137 790 2286 840 Nam
2310 803 2377 841 ea
2407 787 2763 841 derivatione
2820 801 2925 841 seu
2981 790 3377 856 generatione,
3413 787 3521 842 etsi
3552 803 3784 843 omnem

2139 876 2400 930 divinam
2451 876 2839 931 substantiam
2880 875 3187 946 acceperit,
3220 892 3335 930 non
3394 877 3593 932 eadem
3629 874 3785 931 nihi-

2138 963 2397 1019 lominus
2428 969 2517 1019 est
2548 963 2709 1018 illius
2743 980 2807 1018 ac
2842 963 3030 1018 Patris
3088 980 3356 1034 persona.
3393 965 3784 1027 Quamobrem

2138 1052 2430 1122 inceptum
2486 1069 2816 1108 sermonem
2867 1054 2952 1107 sic
2997 1056 3199 1107 auctor
3240 1057 3437 1108 noster
3483 1052 3783 1123 prosequi-

2139 1146 2270 1197 tur:
2309 1165 2335 1191 ‹‹
2367 1142 2532 1197 Sicut
2591 1157 2727 1212 ergo
2783 1146 2983 1195 Sermo
3042 1141 3143 1196 Dei
3205 1158 3318 1195 non
3354 1144 3442 1196 est
3470 1140 3583 1213 ipsi
3613 1142 3784 1213 cujus

2137 1236 2225 1286 est
2256 1230 2549 1301 (videlicet
2608 1208 2835 1302 Patris),
2891 1232 2971 1287 ita
3029 1247 3131 1285 nec
3184 1229 3461 1302 Spiritus,
3492 1208 3602 1285 etsi
3638 1208 3792 1284 Deu!

2137 1319 2330 1374 dictus
2360 1322 2468 1386 est,
2522 1335 2636 1373 non
2687 1324 2883 1373 tamen
2928 1317 3053 1390 ipse
3083 1323 3193 1385 est,
3225 1319 3395 1389 cujus
3424 1318 3685 1374 dictus...
3718 1318 3787 1373 Et

2138 1406 2266 1462 ideo
2295 1406 2546 1479 b‘piritus
2596 1406 2698 1460 Dei
2753 1408 2919 1473 Deus,
2957 1413 3013 1462 et
3061 1407 3258 1462 Sermo
3289 1406 3390 1461 Dei
3423 1406 3615 1475 Deus;
3649 1407 3787 1478 quia

2136 1512 2204 1551 ex
2236 1501 2369 1566 Deo,
2406 1512 2519 1551 non
2551 1501 2743 1551 tamen
2776 1496 2923 1568 ipse,
2957 1513 3024 1551 ex
3071 1512 3184 1565 quo
3216 1500 3327 1551 est.
3359 1497 3520 1561 Quod
3554 1496 3603 1551 si
3630 1496 3784 1552 Deus

2135 1585 2259 1656 Dei,
2292 1590 2575 1658 tanquam
2610 1586 2977 1641 substantive
3008 1602 3122 1656 res,
3158 1602 3269 1641 non
3312 1585 3421 1641 erit
3450 1580 3575 1658 ipse
3608 1585 3783 1652 Deus,

2137 1676 2237 1731 sed
2296 1674 2586 1730 hactenus
2641 1680 2831 1742 Deus;
2887 1676 3027 1747 quia
3078 1692 3147 1730 ex
3204 1675 3390 1747 ipsius
3431 1673 3783 1745 substantia,

2138 1781 2256 1835 qua
2286 1768 2343 1819 et
2372 1764 2740 1819 substantive
2764 1780 2856 1819 res
2901 1768 3010 1830 est,
3043 1767 3100 1819 et
3146 1767 3208 1819 ut
3256 1767 3442 1835 portio
3468 1762 3662 1835 aliqua
3694 1768 3783 1818 to-

2137 1857 2277 1908 tius.
2315 1874 2344 1903 ››

2204 1942 2465 1999 Audisne
2497 1942 2790 2015 quomodo
2824 1940 2919 1998 Dei
2950 1940 3131 1997 Filius
3161 1946 3216 1996 et
3245 1946 3443 1997 Sermo
3475 1940 3556 1996 ibi
3588 1944 3786 2013 aperte

2137 2036 2380 2101 negetur
2409 2047 2537 2088 esse
2592 2030 2747 2087 Deus
2787 2030 2907 2097 Dei,
2961 2031 3063 2086 sed
3125 2048 3295 2086 verus
3354 2031 3602 2099 dicatur,
3634 2030 3788 2085 sicut

2135 2121 2264 2191 ejus
2297 2120 2481 2189 Pater,
2518 2122 2666 2176 Deus
2692 2123 2714 2175 Ρ
2741 2121 3020 2184 Quamvis
3070 2126 3266 2175 autem
3301 2136 3470 2175 verus
3500 2120 3578 2175 sit
3606 2119 3783 2190 Deus,

2136 2214 2195 2265 et
2222 2210 2425 2264 cadem
2451 2209 2612 2265 illius
2631 2226 2695 2264 ac
2720 2209 2907 2265 Patris
2932 2208 3300 2275 substantia;
3329 2209 3467 2280 quia
3496 2212 3691 2264 tamen
3714 2225 3785 2264 ex

2136 2298 2295 2355 illius
2328 2300 2677 2371 cogitatione
2708 2305 2764 2355 et
2792 2299 3182 2355 intellectione
3215 2299 3431 2371 prodiit
3459 2304 3517 2355 et
3545 2299 3783 2372 genitus

2140 2394 2248 2457 ost,
2282 2389 2354 2444 ab
2404 2389 2502 2444 illo
2552 2407 2801 2460 persona
2848 2388 3245 2460 distinguitur.
3296 2389 3413 2445 Hac
3454 2393 3649 2444 autem
3681 2404 3783 2461 ge-

2142 2478 2440 2533 neratione
2479 2478 2694 2533 dicitur
2743 2478 2924 2533 totius
2973 2478 3253 2533 derivatio
3303 2483 3358 2532 et
3416 2476 3626 2548 portio,
3661 2476 3783 2531 sive

2139 2567 2377 2638 partitio
2434 2571 2489 2622 et
2546 2567 3020 2635 communicatio,
3075 2568 3175 2622 sed
3236 2583 3370 2637 qua,
3414 2570 3477 2620 ut
3524 2565 3621 2620 ille
3677 2564 3777 2634 ait,

2135 2657 2499 2723 plenitudinis
2529 2672 2751 2711 consors
2785 2660 2891 2721 est,
2952 2654 3006 2709 id
3067 2660 3177 2724 est,
3212 2659 3392 2709 totam
3425 2660 3481 2709 ct
3510 2654 3779 2709 eamdem

2139 2744 2314 2800 habet
2345 2746 2553 2811 Patris,
2585 2764 2616 2800 a
2647 2762 2761 2817 quo
2816 2748 2980 2800 ortus
3024 2749 3131 2814 est,
3182 2743 3574 2799 substantiam
3605 2748 3661 2798 et
3692 2742 3779 2798 di-

2137 2834 2464 2890 vinitatem.

2209 2924 2405 2995 Neque
2435 2940 2533 2979 eos
2579 2923 2899 2979 audiendos
2959 2939 3284 2990 censemus,
3316 2921 3415 2993 qui
3451 2922 3774 2994 urgebunt:

2139 3012 2192 3068 Is
2252 3012 2300 3067 si
2360 3013 2437 3067 sit
2494 3010 2867 3083 Tertulliani;
2897 3028 3107 3067 sensus
3166 3012 3235 3066 ab
3266 3028 3331 3066 eo
3360 3027 3569 3066 nomen
3596 3012 3779 3081 portio

2136 3102 2317 3173 accipi
2351 3102 2669 3172 impropria
2714 3100 2973 3166 omnino,
3010 3118 3075 3155 ac
3110 3100 3277 3169 plane
3312 3098 3590 3154 inusitata
3621 3099 3780 3155 Iocu-

2134 3192 2311 3246 tione.
2342 3190 2489 3245 Suos
2521 3189 2677 3244 enim
2715 3187 3115 3244 Tertullianus
3146 3188 3326 3243 libros
3360 3187 3644 3253 barbaris,
3675 3187 3783 3242 im-

377 3270 880 3372 stantia,'quam‘
929 3270 1097 3358 Pater
1151 3304 1211 3358 in
1263 3304 1477 3359 Filium
1525 3306 1820 3361 derivarit.
1880 3307 2024 3362 Nam
2056 3270 2099 3337 Ο
2138 3280 2388 3351 Propriis
2438 3284 2495 3332 et
2540 3278 2864 3372 ίουείιβέίεκ
2917 3277 2999 3332 uti
3054 3293 3223 3372 “911,19
3268 3277 3453 3331 nescit
3481 3283 3538 3332 et
3568 3275 3783 3372 sagina

379 3388 562 3444 Filius
620 3390 728 3445 hoc
784 3390 933 3462 ipso,
998 3392 1097 3463 qui
1157 3393 1326 3448 nobis
1394 3394 1687 3465 obiicitur,
1749 3396 2030 3452 adversus

382 3481 657 3533 Praxeam
689 3478 814 3534 loco
851 3479 1065 3535 dicitur
1092 3480 1248 3536 840
1299 3483 1567 3539 derit-alio
1599 3485 1766 3539 totius
1796 3488 1845 3539 et
1897 3501 2028 3555 por-

374 3567 476 3633 tio,
500 3583 627 3638 qua
660 3568 895 3639 quidem
928 3570 1106 3625 verba
1147 3571 1227 3626 ibi
1268 3588 1594 3644 synonyma
1625 3574 1916 3629 videntur.
1952 3574 2030 3629 Ea

378 3659 573 3710 autem
608 3656 891 3712 derivatio
934 3664 1172 3714 vocatur
1220 3662 1431 3732 portio,
1456 3677 1557 3716 seu
1594 3661 1851 3732 partitio,
1889 3663 2029 3735 quia

375 3747 545 3798 Pater
573 3749 757 3799 totam
784 3762 953 3801 suam
985 3748 1378 3804 substantiam
1412 3766 1542 3805 cum
1582 3749 1726 3805 Filio
1756 3751 1839 3805 ita
1868 3767 2024 3807 com-

374 3834 715 3903 municavit,
748 3839 813 3889 ut
840 3836 1038 3892 abillo
1086 3840 1282 3893 tamen
1307 3855 1558 3909 persona
1578 3856 1686 3895 sua
1707 3841 1784 3894 sit
1814 3840 2025 3896 distin-

372 3927 522 3977 ctus.
584 3922 727 3976 Cum
788 3923 945 3979 enim
1006 3925 1135 3978 Filii
1194 3928 1503 3997 Patrisque
1566 3944 1827 3998 persona
1885 3946 1919 3983 a
1962 3946 2025 3984 se

370 4008 619 4065 invicem
679 4011 1147 4083 distinguantur,
1206 4031 1499 4087 suamque
1540 4016 1722 4072 Filius
1769 4034 1803 4072 a
1856 4017 2024 4074 Patre

370 4114 504 4154 cum
538 4104 661 4155 tota
690 4100 894 4155 eadem
927 4102 1264 4158 substantia
1319 4104 1515 4159 divina
1544 4106 1854 4178 acceperit,
1884 4106 2022 4162 hinc

372 4187 579 4261 portio,
615 4204 717 4244 seu
750 4188 1031 4245 derivatio
1064 4190 1224 4247 illius
1256 4193 1602 4264 appellatur.

443 4297 514 4349 At
535 4295 691 4350 hunc
712 4311 842 4351 esse
862 4312 1063 4352 verum
1089 4298 1432 4354 Tertulliani
1454 4315 1694 4354 sensum
1714 4299 1904 4371 colligi
1926 4318 2023 4373 po-

369 4388 485 4439 test
510 4400 577 4439 ex
610 4383 726 4438 alia
756 4385 885 4453 ejus
919 4386 1199 4442 adversus
1231 4388 1503 4442 eumdem
1537 4388 1813 4444 Praxeam
1846 4406 2021 4461 argu-

370 4474 751 4528 mentatione.
797 4475 909 4529 lste
960 4476 1255 4545 siquidem
1306 4476 1636 4541 hareticus,
1668 4482 1723 4533 et
1766 4477 1886 4545 alii,
1917 4480 2018 4550 qui

367 4561 546 4617 stulte
577 4562 804 4633 Opinati
838 4570 979 4617 sunt
1000 4567 1274 4619 eumdem
1297 4581 1426 4620 esse
1449 4570 1681 4621 Patrem
1706 4573 1762 4621 et
1782 4566 2016 4639 Filium,

2139 3372 2603 3437 observavimus,
2639 3369 2825 3425 verbis
2855 3386 2921 3425 ac
2955 3369 3291 3424 nominibus
3331 3372 3601 3440 aspersit.
3635 3368 3782 3423 Nam

2139 3466 2204 3515 ut
2249 3459 2521 3531 plurima,
2554 3459 2611 3513 in
2646 3459 2921 3515 omnibus
2953 3460 3081 3529 ejus
3125 3457 3290 3513 libris
3337 3457 3557 3529 passim
3591 3458 3779 3523 obvia,

2139 3566 2295 3605 nunc
2326 3548 2872 3620 pratermittantur,
2913 3564 3104 3603 nonne
3152 3546 3209 3601 in
3252 3547 3358 3603 hoc
3392 3547 3538 3618 ipso,
3572 3548 3638 3602 de
3671 3562 3782 3617 quo

2137 3639 2533 3711 disputamus.
2586 3639 2948 3708 Apologetico,
2982 3652 3158 3708 quem
3204 3638 3274 3690 ad
3324 3636 3591 3692 ethnicos
3633 3636 3784 3690 anti-

2136 3729 2303 3785 stites
2330 3726 2560 3793 direxit,
2597 3727 2783 3798 magis
2816 3744 2991 3798 quam
3046 3726 3103 3781 in
3156 3725 3308 3793 aliis,
3352 3725 3572 3795 Latine,
3606 3724 3782 3798 polite

2134 3821 2192 3873 et
2229 3816 2538 3872 emendate
2570 3813 2731 3885 loqui
2761 3815 3009 3870 debebat
3028 3815 3054 3870 Ῥ
3083 3814 3231 3869 8.11
3271 3817 3339 3869 At
3363 3814 3559 3885 plures
3588 3818 3781 3869 tamen

2134 3905 2194 3961 in
2225 3922 2291 3961 eo
2316 3906 2439 3976 jam
2470 3904 2823 3970 notavimus,
2858 3910 2915 3959 et
2945 3903 3133 3959 adhuc
3184 3903 3522 3959 notabimus
3571 3903 3782 3958 barba-

2133 3994 2367 4062 rismos,
2421 3994 2747 4064 modosque
2788 3993 3064 4065 loquendi
3114 3992 3467 4063 improprios
3497 3995 3553 4045 et
3582 3991 3782 4046 insue-

2130 4088 2241 4138 tos.
2280 4088 2495 4136 Nomen
2524 4088 2719 4137 autem
2758 4084 2958 4152 portio,
2992 4097 3056 4136 eo
3091 4098 3205 4154 quo
3238 4082 3567 4135 notavimus
3600 4095 3779 4135 sensu

2131 4172 2261 4227 ideo
2319 4170 2608 4237 adhibuit,
2661 4176 2726 4225 ut
2775 4171 3048 4226 Przixeam
3110 4170 3406 4225 efﬁcacius
3464 4168 3774 4235 refelleret,

2131 4261 2229 4332 qui
2263 4260 2561 4315 eil‘utiebat
2590 4260 2797 4314 Filium
2842 4276 3092 4333 persona
3143 4274 3512 4330 nequaquam
3547 4275 3578 4311 a
3611 4258 3778 4315 Patre

2131 4349 2436 4420 distingui.

2730 4490 3048 4529 ABTICULUS
3071 4490 3169 4528 VII.

2130 4564 2430 4619 Solvuntur
2449 4564 2567 4617 alia
2590 4567 2943 4629 argumenta,
2967 4564 3165 4632 quibus
3187 4565 3449 4631 objicilur
3469 4561 3777 4618 Tertullia-

364 4651 795 4707 contendebant
824 4652 918 4707 his
952 4651 1116 4708 Luca
1148 4654 1529 4725 Evangelista
1561 4657 1754 4711 verbis
1781 4673 1794 4711 :
1842 4635 2016 4727 Spiri-
2047 4645 2095 4709 D
2196 4635 2942 4727 ﬂﬁfﬂjlf'gﬂ-‘fflgci,
2965 4635 3584 4727 Δίζξτξξζι-ίξίξέῇίῇξ,[Ψίίῇ

366 4750 453 4796 tus
487 4741 584 4795 Dei
606 4743 959 4808 superveniet
1011 4743 1071 4795 in
1101 4746 1172 4809 te,
1231 4751 1281 4798 el
1310 4744 1493 4798 virtus
1523 4743 1791 4801 Altissimi
1828 4749 2019 4801 obum-

369 4830 557 4885 brabit
588 4838 637 4886 te
661 4834 814 4897 (Luc.
845 4848 883 4899 ι,
915 4831 1029 4900 35),
1062 4830 1217 4885 idem
1251 4832 1490 4888 omnino
1523 4833 1841 4905 signiﬁcari
1873 4851 1938 4891 ac
1968 4836 2019 4892 si

368 4918 648 4973 dixisset:
688 4936 709 4965 α
745 4918 929 4973 Filius
958 4918 1059 4974 Dei
1090 4918 1247 4975 Deus
1275 4925 1384 4986 est,
1426 4926 1482 4977 et
1514 4922 1697 4979 virtus
1726 4909 2018 4980 Altissimi

369 5004 707 5062 Altissimus
738 5011 842 5062 est.
882 5030 902 5055 ι
938 5007 1336 5064 Tertullianus
1360 5026 1492 5066 vero
1517 5010 1666 5066 hanc
1689 5012 2017 5069 haretioam

364 5093 904 5165 interpretationem
949 5098 1033 5151 sic
1086 5097 1399 5169 impugnat
1441 5117 1453 5155 :
1516 5100 1570 5153 Si
1631 5100 1748 5166 hic,
1801 5101 2015 5174 inquit,

365 5187 520 5239 esset
580 5184 951 5254 evangelista
1038 5202 1271 5251 sensus,
1331 5188 1669 5259 scripsisset
1750 5191 2012 5262 utique:

362 5296 388 5323 ‹‹
426 5274 573 5327 Deus
605 5272 998 5343 superveniet,
1031 5280 1088 5328 et
1117 5275 1457 5332 Altissimus
1488 5278 1865 5335 obumbrabit
1887 5288 1960 5336 te.
1986 5304 2014 5331 ››

362 5360 632 5434 (Tertull.
662 5361 786 5417 adv.
818 5363 987 5416 Praw.
1038 5379 1163 5436 cap.
1210 5367 1325 5437 26.)
1364 5368 1541 5437 Atqui
1572 5384 1688 5423 non
1720 5368 1801 5423 ita
1830 5371 2015 5441 scrip-

364 5453 463 5518 sit,
493 5451 594 5506 sed
628 5452 805 5505 virtus
836 5450 951 5516 Dei,
984 5467 1095 5506 non
1122 5452 1351 5522 directo,
1388 5455 1445 5510 id
1493 5461 1601 5523 est,
1655 5457 2014 5514 nominativo

363 5557 501 5596 casu
536 5560 561 5592 α
591 5539 777 5595 Deum
810 5540 1145 5609 nominans,
1180 5544 1507 5613 portionem
1549 5545 1729 5601 totius
1762 5546 2013 5620 intelligi

364 5630 564 5695 voluit,
601 5646 727 5701 qua
788 5646 1027 5686 cessura
1082 5638 1205 5687 erat
1262 5635 1319 5688 in
1374 5634 1496 5688 Filii
1530 5652 1763 5691 nomen.
1803 5658 1823 5685 ι
1862 5637 2015 5695 Dixit

367 5720 564 5792 itaque
620 5719 714 5776 his
742 5720 959 5792 verbis,
1008 5723 1236 5792 spiritus
1292 5727 1350 5779 et
1402 5725 1581 5781 virtus
1612 5726 1730 5797 Dei,
1763 5725 2012 5802 intelligi

2203 4708 2363 4763 illum
2393 4708 2665 4762 minorem
2702 4707 2888 4778 Patre,
2922 4707 3176 4778 hancque
3206 4707 3503 4775 visibilem,
3533 4715 3584 4761 et
3613 4707 3776 4762 illum

2199 4781 2255 4834 in
2265 4779 2533 4834 visibilem

2198 4921 2369 4977 Aliud
2432 4921 2723 4991 denegata
2783 4938 2816 4975 a
2870 4920 3249 4988 Tertulliauo,
3279 4926 3382 4976 aut
3412 4921 3775 4977 labefactata

2127 5028 2415 5084 suprema
2433 5010 2560 5065 Filii
2583 5011 2675 5066 Dei
2695 5011 3019 5066 divinitatis
3037 5018 3447 5081 argumentum
3469 5013 3586 5083 peti
3605 5026 3778 5082 posse

2127 5106 2335 5174 putant
2363 5118 2429 5156 ex
2478 5100 2568 5154 bis
2600 5100 2760 5153 illius
2792 5100 2982 5155 verbis
3013 5116 3025 5155 :
3061 5125 3087 5150 ‹‹
3126 5105 3294 5156 Pater
3326 5106 3448 5155 tota
3496 5100 3774 5155 substan-

2125 5192 2208 5246 tia
2263 5195 2371 5257 est,
2430 5188 2613 5243 Filius
2668 5204 2802 5244 vero
2860 5189 3143 5245 derivatio
3197 5190 3375 5244 totius
3453 5194 3510 5242 et
3565 5187 3773 5257 portio,

2126 5281 2280 5336 sicut
2308 5280 2432 5350 ipse
2472 5278 2810 5349 proﬁtetur:
2871 5277 3041 5332 Pater
3102 5280 3287 5348 major
3330 5292 3421 5331 me
3449 5279 3555 5330 est.
3584 5275 3628 5328 A
3660 5289 3773 5344 quo

2124 5377 2183 5427 et
2215 5371 2545 5425 minoratus
2596 5368 2849 5433 canitur,
2908 5368 2965 5421 in
3018 5368 3264 5438 psalmo,
3300 5365 3593 5420 modicum
3628 5362 3772 5433 quid

2123 5462 2270 5516 citra
2300 5458 2558 5531 angelos.
2613 5456 2705 5511 Sic
2759 5456 2925 5510 Pater
2982 5456 3134 5510 alius
3167 5474 3199 5511 a
3231 5455 3392 5521 Filio,
3444 5453 3586 5507 dum
3633 5450 3776 5507 Filio

2124 5550 2332 5619 major.
2368 5570 2397 5597 »
2432 5543 2692 5618 (Tertull.
2725 5543 2851 5598 adv.
2886 5548 3058 5597 Prom.
3103 5560 3230 5611 cap.
3261 5544 3343 5607 9.)
3379 5541 3580 5596 Nonne
3618 5555 3775 5611 ergo,

2121 5638 2421 5710 inquiunt,
2454 5635 2549 5689 ille
2585 5634 2659 5686 ibi
2685 5637 2881 5702 aperte
2912 5632 3207 5701 signiﬁcat
3237 5632 3295 5685 in
3328 5635 3515 5693 Patre,
3554 5629 3773 5700 majore

2122 5729 2288 5797 Filio,
2320 5731 2503 5784 totam
2540 5738 2669 5780 esse
2729 5720 3062 5778 Divinitatis
3122 5719 3519 5779 substantiam
3570 5727 3630 5781 et
3667 5720 3771 5783 ali-
