4158 6346
310 358 429 420 939

1223 356 1293 417 D.
1343 356 1441 417 LE
1484 358 1807 419 NOURRY
1855 358 2502 421 OBSERVATIONES
2550 358 2805 419 NOVJE.

3598 363 3718 425 930

386 493 461 544 At
488 488 606 558 ille,
638 488 893 559 inquies,
922 487 1141 543 ibidem
1174 488 1332 544 haud
1386 490 1634 545 obscure
1686 489 1955 561 scripsit:
1988 491 2040 557 Α
2072 506 2321 561 persona
2351 507 2479 559 sua,
2514 508 2547 546 a
2570 490 2737 545 Patre
2758 506 2865 545 suo
2897 488 3329 562 distinguitur?
3358 490 3506 555 Quin
3538 494 3718 569 etiam

317 581 500 646 Quem
531 594 600 634 ex
627 580 913 649 semetipso
947 579 1273 650 proferendo
1304 580 1515 635 Filium
1552 582 1698 651 fecit,
1731 587 1782 634 et
1802 580 1960 634 exin-

316 670 384 724 de
442 668 790 740 dispositioni
833 682 952 725 suae
1005 669 1397 738 voluntatique
1443 671 1695 739 praefecit
1743 668 1961 737 (Ibid.).

318 758 472 813 Bene
502 757 762 827 quidem.
790 758 900 812 Sed
934 758 1223 827 numquid
1258 758 1337 812 ibi
1372 758 1554 814 Filius
1576 758 1791 813 dicitur
1822 774 1963 829 quo-

319 847 455 902 dam
478 851 738 918 tempore
760 846 1065 912 factus,vel
1088 847 1158 901 ab
1182 852 1398 902 aeterno
1418 848 1652 918 genitus
1679 846 1965 918 negatur?

321 935 561 991 Minime
610 936 886 1007 profecto.
948 937 1105 991 Duos
1163 938 1316 991 enim
1363 938 1554 993 fassus
1604 938 1810 992 fuisset
1840 952 1968 991 esse

320 1030 488 1091 Deos,
519 1026 747 1081 Palrem
790 1030 1096 1092 aeternum,
1129 1032 1185 1081 et
1234 1026 1442 1080 Filium
1497 1043 1611 1081 non
1660 1032 1963 1092 aeternum,

320 1120 497 1187 atque
539 1115 622 1170 ita
663 1115 721 1170 in
770 1132 923 1185 eum,
975 1131 1149 1186 quem
1198 1114 1607 1186 impugnabat,
1658 1113 1971 1170 Marcionis

316 1203 624 1259 incidisset
670 1220 945 1260 errorem.
998 1206 1140 1260 Cum
1173 1220 1310 1275 ergo
1365 1205 1508 1260 dicit
1539 1203 1751 1260 Filium
1803 1203 1905 1258 Dei
1937 1219 1970 1257 a

320 1294 489 1350 Patre
520 1310 626 1350 suo
659 1298 799 1349 tunc
828 1294 1070 1362 factum,
1104 1295 1340 1365 quando
1381 1294 1549 1349 illum
1581 1310 1650 1349 ea:
1687 1295 1972 1364 semetipso

323 1382 649 1455 protulit,is
691 1382 861 1455 plane
911 1384 1133 1439 videtur
1174 1382 1332 1439 illius
1390 1399 1640 1439 sensus:
1698 1383 1862 1437 Pater
1891 1383 1969 1438 fe-

322 1473 402 1531 cit
428 1474 637 1531 Filium
664 1492 861 1544 suum,
916 1476 1146 1547 quando
1185 1474 1352 1531 illum
1402 1475 1648 1547 protulit
1674 1490 1743 1530 ca:
1770 1480 1971 1530 semet-

323 1565 460 1636 ipso,
486 1564 545 1619 id
577 1569 688 1631 est,
720 1580 789 1619 ex
831 1566 1079 1636 matrice,
1127 1564 1211 1620 uti
1260 1564 1541 1636 loquitur,
1574 1568 1631 1619 et
1676 1563 1849 1619 vulva
1878 1562 1971 1619 sui

327 1653 518 1709 cordis
548 1658 605 1711 et
634 1653 991 1725 intellectus,
1044 1671 1147 1711 seu
1199 1655 1446 1723 ratione,
1489 1652 1876 1724 intelligentia
1904 1668 1971 1708 ao

327 1742 679 1813 cogitatione
708 1747 962 1812 aeterna;
994 1748 1197 1815 postea
1241 1759 1373 1800 vero
1405 1759 1539 1799 cum
1584 1743 1782 1800 omnia
1811 1758 1970 1798 crea-

327 1847 388 1887 re
416 1831 621 1901 voluit,
653 1833 1006 1906 dispositioni
1054 1834 1429 1903 voluntatique
1459 1848 1576 1889 sum
1622 1850 1747 1888 cum
1772 1834 1970 1903 pne/"e-

324 1921 420 1975 cit.
445 1921 505 1977 Si
536 1925 671 1993 quis
699 1938 832 1978 vero
888 1922 1202 1979 contendat
1230 1922 1323 1979 his
1370 1922 1558 1979 verbis
1588 1939 1657 1978 ea:
1684 1923 1971 1992 semetipso

322 2009 479 2066 idem
512 2011 854 2083 signiﬁcari,
887 2018 1063 2084 atque
1095 2018 1257 2069 extra
1286 2029 1345 2067 se
1387 2013 1582 2083 ipsum
1630 2011 1970 2079 emittendo;

325 2116 535 2156 sensus
586 2099 745 2157 illius
792 2101 935 2157 erit:
994 2105 1165 2156 Pater
1212 2103 1418 2156 mundi
1477 2100 1644 2156 initio
1694 2105 1857 2156 extra
1911 2116 1974 2155 se

325 2189 570 2261 protulit
600 2206 667 2245 ac
696 2189 832 2246 fecit
864 2190 1099 2258 Filium,
1143 2190 1285 2245 dum
1332 2189 1498 2245 illum
1530 2190 1814 2245 creaturis
1847 2205 1973 2243 ma-

328 2277 608 2334 nifestum
668 2278 822 2335 fecit.
867 2280 952 2335 Ad
1012 2279 1264 2351 primam
1317 2279 1475 2335 enim
1535 2296 1723 2351 usque
1772 2276 1978 2334 mundi

327 2367 681 2423 creationem
711 2368 905 2424 divina
934 2368 1092 2424 illius
1138 2369 1455 2439 generatio,
1488 2371 1551 2423 ut
1602 2367 1774 2439 paulo
1807 2372 1977 2422 antea

328 2455 740 2527 explicuimus,
772 2457 832 2513 in
864 2463 1076 2513 aeterno
1107 2458 1270 2513 Paris
1294 2457 1426 2514 sinu
1459 2457 1649 2523 latuit,
1683 2463 1741 2513 et
1772 2456 1975 2512 mundi

332 2545 498 2601 initio
532 2547 705 2618 cmpit
733 2564 766 2603 a
795 2548 1080 2604 creaturis
1110 2548 1355 2604 rationis
1391 2548 1759 2620 compotibus
1791 2563 1974 2618 agno-

332 2634 415 2690 sci
440 2653 453 2703 ;
488 2639 743 2707 tuncque
772 2636 915 2704 haec,
948 2637 1121 2693 sicuti
1150 2644 1351 2692 auctor
1401 2641 1603 2692 noster
1628 2636 1893 2709 loquitur
1921 2640 1979 2691 et

331 2723 483 2780 infra
515 2724 705 2780 fusius
748 2723 1193 2796 explicabimus,
1249 2726 1507 2798 perfecta
1549 2726 1661 2781 fuit
1706 2727 1835 2797 ejus
1875 2742 1977 2780 na-

330 2813 543 2883 tivitas,
577 2831 704 2886 quae
735 2818 1037 2872 externum
1062 2814 1297 2887 aliquod
1332 2816 1555 2888 accepit
1585 2814 1977 2887 complemen-

332 2908 479 2960 tum.

400 3016 599 3083 Neque
650 3026 857 3082 urgeas
909 3011 1139 3065 Patrem
1190 3011 1262 3065 ab
1309 3027 1374 3065 eo
1403 3009 1786 3082 {invisibilem
1840 3010 1975 3077 dici,

331 3101 543 3158 Filium
575 3116 709 3154 vero
740 3098 1053 3167 visibilem,
1088 3104 1259 3170 atque
1298 3100 1454 3155 hunc
1485 3099 1702 3155 ideirco
1744 3104 1976 3154 Patrem

333 3190 619 3245 minorem
671 3205 815 3255 esse,
869 3205 973 3243 nec
1023 3188 1207 3243 Deum
1260 3190 1488 3261 proprie
1536 3188 1779 3244 dictum.
1821 3187 1977 3243 Nihil

2071 579 2356 635 afﬁrmate
2384 579 2722 651 pronuntiat
2744 580 3015 634 eumdem
3042 578 3251 634 Filium
3278 580 3399 648 Dei,
3425 589 3721 653 quatenus

2072 684 2265 723 sermo
2297 673 2355 723 et
2386 669 2629 740 spiritus
2660 672 2768 735 est,
2818 668 3020 723 eodem
3073 685 3338 739 prorsus,
3370 687 3484 741 quo
3528 672 3720 743 Pater,

2077 758 2246 812 modo
2304 758 2487 813 fuisse
2545 756 2941 813 invisibilem.
3010 761 3132 813 Non
3187 758 3473 814 difiitetur
3523 765 3723 817 tamen

2076 846 2266 912 illum,
2294 852 2610 917 antequam
2636 863 2871 901 carnem
2897 848 3308 918 assumpserit,
3333 865 3461 904 sese
3485 850 3726 921 patriar-

2077 935 2202 989 ehis
2236 937 2557 1007 praebuisse
2588 936 2903 991 videndum
2936 952 2949 1003 ;
2984 937 3082 991 sed
3117 953 3251 1008 qua,
3286 939 3491 993 amabo
3522 944 3598 1005 te,
3633 956 3725 995 ra-

2076 1024 2278 1079 tione?
2312 1026 2373 1079 In
2422 1025 2646 1080 visione
2698 1031 2947 1093 tantum,
3000 1026 3082 1080 ait
3124 1026 3239 1097 ille,
3290 1026 3349 1081 in
3382 1028 3631 1098 somnio,
3664 1028 3723 1083 in

2078 1114 2407 1185 tenigjmate,
2458 1119 2507 1169 et
2562 1118 2764 1187 fomna,
2826 1120 2888 1169 ut
2932 1116 3056 1185 ipse
3115 1115 3395 1187 loquitur,
3447 1120 3725 1189 imagina-

2078 1219 2187 1258 ria.

2150 1293 2274 1348 Non
2307 1293 2553 1348 deerunt
2578 1291 2844 1361 fortasse,
2876 1294 2974 1364 qui
3010 1294 3311 1363 mirentur,
3346 1295 3467 1351 haec
3498 1313 3532 1352 a
3562 1297 3730 1353 Peta-

2078 1381 2190 1452 vio,
2224 1382 2343 1437 viro
2389 1383 2592 1453 utique
2636 1382 3061 1449 eruditissimo,
3096 1390 3300 1440 contra
3349 1402 3547 1441 veram
3593 1386 3730 1442 Ter-

2079 1469 2310 1526 tulliani
2345 1471 2529 1526 nostri
2576 1471 2647 1525 de
2701 1470 2828 1525 Filii
2881 1472 2979 1527 Dei
3030 1472 3333 1528 divinitate
3377 1476 3731 1531 sententiam

2080 1560 2250 1615 nobis
2284 1559 2459 1630 objici
2504 1561 2725 1629 (Petav.
2783 1565 2824 1615 t.
2877 1561 2946 1627 lI,
2983 1561 3238 1631 Thcolog.
3266 1562 3368 1619 lib.
3418 1581 3460 1635 ι,
3494 1580 3621 1636 cap.
3654 1564 3729 1637 4).

2083 1649 2225 1707 Nam
2258 1649 2381 1719 ipse
2412 1667 2527 1705 non
2560 1648 2750 1705 solum
2783 1648 2935 1705 ultro
2959 1651 3290 1718 confitetur,
3325 1653 3427 1707 sed
3461 1653 3734 1725 plurimis

2081 1742 2137 1795 et
2167 1742 2301 1794 ante
2345 1744 2402 1795 et
2452 1745 2587 1810 post
2632 1739 2921 1811 synodum
2972 1740 3265 1795 Nicaznam
3325 1741 3594 1798 Ecclesisa
3626 1742 3737 1800 Ps.-

2082 1833 2239 1883 trum
2272 1827 2627 1883 testimoniis
2660 1828 2939 1894 ostendit,
2974 1828 3105 1883 illos
3136 1830 3510 1901 apertissime
3541 1830 3735 1888 decla-

2083 1918 2303 1973 ravisse
2335 1917 2545 1972 Filium
2580 1917 2702 1989 Dei,
2731 1918 2971 1974 tametsi
3012 1919 3210 1974 divina
3243 1921 3392 1991 ejus,
3440 1920 3593 1976 sicut
3623 1921 3734 1977 Pa-

2081 2008 2211 2078 tris,
2244 2011 2472 2074 natura,
2506 2007 2687 2062 videri
2720 2012 2989 2080 nequeat,
3023 2008 3095 2063 ab
3138 2008 3487 2080 patriarchis
3519 2009 3734 2067 nihilo-

2083 2096 2283 2152 minus
2363 2101 2419 2151 et
2494 2095 2823 2167 prophetis,
2902 2101 3220 2168 antequam
3298 2097 3472 2153 homo
3550 2099 3736 2163 ﬁeret,

2083 2185 2273 2241 aliena
2301 2184 2762 2256 aspectabilique
2792 2185 2987 2256 specie
3016 2186 3209 2241 visum
3250 2190 3424 2257 atque
3480 2204 3734 2259 conspe-

2084 2279 2243 2330 ctum
2272 2275 2479 2344 (idem,
2534 2274 2670 2330 ibid.
2722 2273 2824 2330 lib.
2886 2292 2969 2342 nr,
3026 2292 3152 2347 cap.
3186 2278 3298 2344 2,§
3358 2277 3421 2330 10
3453 2280 3509 2331 et
3537 2277 3733 2350 seqq).

2085 2365 2229 2430 Quid
2262 2381 2396 2419 vero
2449 2365 2604 2434 quod
2636 2363 2745 2435 ipsi
2794 2364 3023 2419 Petavio
3072 2369 3295 2420 certum
3345 2382 3472 2421 esse
3500 2366 3737 2423 videtur

2086 2469 2203 2508 non
2236 2452 2674 2521 modokFilium,
2725 2452 2821 2507 sed
2850 2452 3080 2508 Patrem
3133 2453 3310 2509 etiam
3354 2471 3420 2510 ac
3450 2455 3734 2527 Spiritum

2086 2548 2355 2598 sanctum
2389 2542 2731 2614 apparuisse
2751 2541 3092 2597 hominibus
3129 2541 3323 2614 specie
3373 2544 3737 2601 extrinsecus

2088 2630 2436 2703 assumpta?
2469 2637 2660 2703 Atque
2686 2646 2755 2686 ex
2784 2631 2859 2687 iis
2902 2631 3010 2687 rite
3037 2632 3297 2703 probatis
3328 2632 3625 2689 concludit
3652 2632 3735 2689 le-

2087 2721 2330 2776 vissima
2375 2736 2505 2775 esse
2553 2722 2728 2776 ducta
2778 2720 2915 2776 inde
2963 2720 3036 2775 ab
3080 2720 3310 2777 Arianis
3365 2728 3568 2778 contra
3607 2722 3737 2778 Filii

2088 2810 2456 2866 divinitatem
2488 2815 2859 2883 argumenta,
2884 2826 3012 2882 quas
3033 2826 3202 2867 nemo
3234 2828 3350 2866 non
3381 2815 3737 2869 contemnet.

2087 2899 2204 2955 Nos
2233 2915 2367 2954 vero
2398 2899 2458 2954 in
2508 2899 2913 2970 superioribus
2953 2899 3171 2955 nostris
3220 2900 3737 2959 dissertationibus

2089 2987 2459 3043 ostendimus
2489 2987 2596 3042 has
2624 2987 2877 3043 visiones
2909 3004 3196 3059 supremas
3229 2988 3357 3043 Filii
3387 2989 3488 3044 Dei
3520 2989 3739 3045 divini-

2088 3081 2263 3132 tatem
2325 3093 2697 3148 nequaquam
2749 3077 3033 3142 oblicere,
3095 3094 3160 3132 ac
3219 3094 3322 3132 cur
3378 3077 3471 3133 hic
3518 3079 3735 3150 potius,

2088 3182 2264 3237 quam
2296 3166 2422 3234 ejus
2457 3165 2623 3219 Pater
2654 3180 2778 3219 sese
2810 3163 3149 3219 hominibus
3171 3164 3483 3219 videndum
3518 3166 3734 3237 pushe-

333 3278 550 3336 etenim
581 3278 688 3333 hac
714 3278 1221 3350 argumentatione
1253 3278 1437 3334 levius
1468 3284 1525 3334 et
1567 3278 1879 3333 infirmius.
1914 3279 1977 3332 In

2098 3270 2152 3310 re
2182 3253 2450 3308 debuerit
2478 3253 2664 3324 (Tom.
2720 3254 2739 3305 Ι
2770 3254 3031 3324 Apparat.
3067 3270 3199 3325 pag.
3245 3254 3369 3323 404,
3414 3254 3520 3310 593
3550 3261 3606 3311 et
3631 3255 3738 3311 689

336 3385 444 3424 suo
491 3368 705 3440 quippe
752 3368 905 3423 idem
959 3367 1354 3424 Tertullianus
1402 3369 1657 3423 adversus
1706 3371 1983 3424 Praxeam

334 3458 484 3514 libro
515 3463 712 3529 aperte
743 3456 1105 3529 pronuntiat,
1145 3480 1173 3509 ‹‹
1212 3457 1566 3513 invisibilem
1616 3462 1846 3514 Patrem
1878 3474 1981 3530 pro

337 3547 705 3620 plenitudine
738 3547 1085 3617 majestatis,
1117 3546 1408 3604 visibilem
1452 3564 1586 3603 vero
1636 3548 1847 3603 Filium
1880 3565 1981 3620 pro

338 3635 573 3691 modulo
605 3634 1002 3692 derivationis.
1038 3658 1066 3685 »
1124 3637 1282 3708 (Ibid.
1318 3654 1445 3708 cap.
1491 3637 1602 3709 14.)
1646 3636 1826 3693 Paulo
1855 3643 1986 3709 post

334 3740 502 3782 vero:
537 3749 565 3776 «
616 3725 876 3781 Dicimus
924 3731 982 3782 et
1030 3725 1239 3781 Filium
1293 3744 1399 3782 suo
1449 3726 1684 3783 nomine
1742 3733 1984 3783 eatenus

337 3814 715 3884 invisibilem,
741 3831 857 3885 qua
878 3831 1070 3871 sermo
1102 3821 1159 3871 et
1188 3816 1431 3887 spiritus
1465 3816 1584 3882 Dei,
1615 3834 1683 3872 ex
1714 3817 1988 3872 substan-

331 3904 424 3959 tiis
458 3904 797 3959 conditione
828 3904 948 3974 iam
1000 3921 1178 3971 nunc,
1209 3912 1267 3960 et
1313 3923 1428 3977 qua
1458 3906 1633 3976 Deus,
1680 3911 1737 3961 et
1767 3923 1981 3975 sermo,

334 3999 392 4051 et
421 3992 707 4065 spiritus;
739 3992 1029 4049 visibilem
1077 4010 1210 4049 vero
1251 3999 1383 4049 ante
1431 4011 1690 4050 carnem.
1743 4017 1771 4043 ››
1803 3996 1985 4066 (lbid.)

334 4082 633 4146 Quomodo
662 4086 859 4137 autem
886 4086 1019 4137 ante
1048 4089 1415 4155 assumptam
1446 4100 1681 4139 carnem
1724 4101 1786 4139 se
1817 4101 1985 4155 aspe-

335 4169 612 4227 ctabilem
646 4170 978 4241 praebuerit,
1030 4171 1186 4227 hunc
1238 4171 1335 4227 ille
1377 4171 1593 4227 ibidem
1645 4172 1896 4244 explicat
1923 4174 1983 4228 in

339 4261 620 4316 modum:
653 4281 680 4308 ‹‹
733 4262 982 4331 Apparet
1026 4264 1179 4315 retro
1229 4277 1461 4333 semper
1510 4261 1569 4316 in
1628 4261 1889 4333 speculo,
1931 4266 1989 4318 et

340 4349 669 4421 aenigmate,
721 4354 778 4403 et
832 4348 1077 4419 visione,
1130 4354 1187 4404 et
1242 4350 1469 4405 somnio
1528 4353 1728 4418 Deum,
1784 4352 1841 4405 id
1901 4356 1990 4406 est

338 4439 548 4494 Filium
597 4439 717 4507 Dei,
767 4437 957 4493 visum
1017 4448 1134 4493 tam
1180 4439 1525 4509 patriarohis
1578 4444 1634 4495 et
1666 4440 1985 4511 prophetis,

340 4544 522 4599 quam
555 4534 612 4583 et
642 4528 753 4599 ipsi
784 4528 975 4583 adhuc
1007 4528 1210 4599 Moysi.
1244 4530 1310 4583 Et
1364 4529 1490 4600 ipse
1520 4528 1760 4600 quidem
1791 4530 1988 4585 Domi-

2091 3347 2148 3398 et
2177 3344 2367 3413 seqq.)

2676 3475 2994 3515 ARTICULUS
3031 3476 3154 3515 VIII.

2091 3555 2305 3605 Rursus
2334 3549 2644 3605 ostenditur
2667 3566 2829 3620 quam
2852 3550 3141 3619 perspicue
3170 3548 3548 3606 Tertullianus
3575 3558 3737 3607 aeter-

2163 3625 2395 3677 nitatem
2424 3622 2562 3676 Filii
2591 3622 2685 3676 Dei
2732 3630 2964 3686 asserat,
2998 3630 3051 3675 et
3095 3623 3381 3676 contraria
3406 3631 3738 3692 argumenta

2164 3695 2477 3763 diluuntur,
2512 3695 2709 3764 quibus
2756 3693 2952 3763 conﬁci
2996 3709 3150 3760 posse
3194 3696 3391 3764 putant
3434 3695 3737 3751 Tertullia-

2162 3783 2299 3821 num
2356 3766 2605 3821 docuisse
2659 3774 2790 3820 ante
2861 3764 3131 3819 mundum
3185 3766 3465 3821 conditum
3520 3768 3740 3823 nullam

2164 3840 2337 3909 fuisse
2386 3838 2519 3892 Filii
2570 3838 2666 3893 Dei
2711 3836 3096 3906 substantiam,
3145 3840 3195 3892 et
3242 3839 3536 3908 perfectam
3565 3840 3739 3907 [uisse

2164 3911 2281 3979 ejus
2308 3911 2681 3975 nativitatem,
2711 3925 2837 3965 cum
2864 3911 3003 3965 Deus
3050 3909 3318 3964 mundum
3358 3925 3545 3965 creare
3574 3910 3736 3965 moli-

2163 3985 2253 4036 tus
2282 3991 2378 4038 est.

2166 4095 2454 4168 Expositis
2514 4099 2571 4152 et
2620 4112 2787 4168 siqua
2842 4093 3006 4151 lance
3062 4094 3400 4168 ponderatis
3447 4095 3520 4153 iis
3557 4096 3735 4154 ratio-

2096 4203 2239 4240 num
2257 4186 2591 4253 momentis,
2615 4186 2833 4256 quibus
2849 4184 3241 4241 Tertullianus
3261 4187 3527 4241 eamdem
3550 4186 3737 4245 Patris

2097 4291 2162 4330 ac
2194 4273 2321 4329 Filii
2352 4274 2748 4330 substantiam
2797 4290 2911 4329 non
2945 4274 3251 4346 agnovisse
3304 4291 3609 4347 perperam
3642 4293 3740 4332 ar-

2097 4363 2315 4436 guitur,
2348 4364 2418 4418 ad
2450 4381 2517 4419 ea
2543 4364 2662 4434 jam
2713 4363 3018 4419 veniamus
3058 4362 3273 4435 quibus
3322 4365 3518 4421 aerius
3551 4365 3743 4421 adhuc

2078 4451 2482 4512 .insimulatur
2511 4453 2776 4523 ejusdem
2823 4453 2952 4507 Filii
2982 4453 3083 4508 Dei
3130 4453 3434 4525 negavisse
3454 4455 3744 4512 (sternitu-

2066 4556 2069 4559 ‘
2098 4548 2236 4598 tem.
2270 4543 2331 4599 Si
2365 4560 2496 4614 quas
2526 4542 2684 4597 enim
2717 4543 3059 4597 doctissimo
3090 4543 3321 4599 Petavio
3354 4545 3500 4601 fides
3530 4545 3745 4601 haben-

340 4635 478 4687 nus,
511 4618 559 4672 si
594 4618 738 4674 forte
768 4634 962 4673 coram
1000 4619 1070 4672 ad
1104 4617 1307 4673 faciem
1350 4616 1717 4689 loquebatur,
1752 4636 1867 4673 non
1896 4624 1982 4674 ta-

2098 4633 2189 4702 da,
2222 4633 2282 4686 in
2309 4631 2418 4688 hoc
2448 4630 2543 4685 ille
2594 4631 2874 4685 Arianam
2914 4630 3179 4687 haeresim
3230 4632 3533 4705 impietate
3559 4640 3617 4690 et
3645 4635 3748 4690 ab-

343 4724 500 4775 men,
535 4712 602 4763 ut
631 4716 738 4777 est,
776 4706 951 4763 homo
982 4706 1186 4762 faciem
1220 4708 1350 4778 ejus
1369 4706 1731 4776 videret,nisi
1763 4709 1906 4764 forte
1928 4708 1988 4762 in

340 4798 579 4871 speculo
626 4802 683 4853 et
730 4796 789 4852 in
849 4796 1176 4869 aenigmate.
1215 4839 1227 4851 .
1266 4838 1279 4851 .
1340 4802 1455 4853 Aut
1494 4798 1779 4868 numquid
1809 4797 1989 4854 Filius

341 4886 578 4957 quidem
611 4885 921 4941 videbatur
968 4890 1024 4940 et
1070 4885 1153 4940 sic
1200 4883 1421 4941 facies?
1474 4886 1574 4942 sed
1608 4885 1803 4957 ipsum
1838 4886 1991 4942 844

342 4978 452 5032 hoc
481 4977 541 5032 in
573 4977 816 5043 visione,
846 4984 905 5033 et
934 4978 1160 5033 somnio
1184 4982 1241 5032 et
1270 4977 1524 5048 speculo,
1562 4982 1618 5032 et
1642 4978 1950 5049 aenigmate
1974 4995 1988 5046 ;

350 5066 489 5137 quia
520 5082 710 5122 sermo
741 5072 798 5123 et
835 5068 1080 5139 spiritus
1131 5066 1245 5122 nisi
1292 5067 1641 5138 imaginaria
1689 5068 1876 5123 forma
1905 5067 1992 5124 vi-

345 5155 471 5210 deri
502 5172 618 5210 non
652 5160 864 5226 potest.
900 5180 922 5208 ι
961 5157 1149 5227 (Ibid)

416 5263 556 5328 Quis
588 5268 786 5319 autem
818 5263 911 5318 his
938 5264 1158 5319 auditis
1188 5263 1531 5320 Tertulliani
1551 5264 1766 5335 verbis,
1798 5265 1991 5336 palam

345 5371 461 5411 non
492 5353 744 5410 lateatur
772 5358 1003 5408 tantum
1036 5354 1263 5422 abesse,
1298 5361 1363 5410 ut
1400 5354 1497 5409 ille
1541 5371 1607 5410 eo
1639 5355 1793 5425 quod
1827 5354 1995 5410 Pater

344 5443 655 5499 invisibilis
688 5447 745 5499 et
784 5442 967 5498 Filius
1005 5443 1257 5499 visibilis
1306 5444 1558 5513 dicatur,
1606 5444 1783 5514 hujus
1816 5460 1995 5516 nega-

343 5539 508 5590 verat
538 5533 927 5602 divinitatem,
970 5533 1113 5605 quin
1155 5533 1350 5606 potius
1381 5535 1517 5590 inde
1548 5534 1827 5589 adversus
1862 5534 1995 5590 Pra-

344 5640 513 5680 xeam
546 5624 718 5696 plane
771 5622 1040 5679 conﬁciat
1088 5626 1360 5681 eumdem
1422 5624 1633 5680 Filium
1668 5622 1765 5679 Dei
1794 5640 1995 5679 verum

346 5728 475 5771 esse
522 5713 730 5788 Deum,
789 5713 889 5786 qui
938 5713 1063 5772 solo
1115 5714 1333 5774 modulo
1384 5713 1769 5788 derivationis,
1810 5712 1869 5770 id
1908 5717 1999 5774 est

2097 4722 2385 4778 surditate
2434 4726 2674 4791 superat
2722 4720 2938 4792 (Petav.
2991 4720 3093 4775 lib.
3131 4738 3148 4777 ι
3182 4721 3426 4794 ΤΙιεοιορ.
3470 4723 3649 4794 dogm.
3681 4724 3751 4782 de

2098 4812 2295 4867 Trinit.
2330 4827 2457 4882 cap.
2491 4812 2546 4878 5,
2583 4827 2712 4881 pag.
2761 4810 2876 4881 24).
2910 4809 3126 4867 Verum
3181 4813 3231 4867 si
3280 4813 3407 4885 ipse
3434 4812 3748 4869 Tertullia-

2098 4918 2211 4956 nus
2252 4905 2440 4966 reete,
2498 4900 2579 4954 uti
2632 4899 2927 4970 vidimus,
2981 4902 3247 4957 eamdem
3307 4918 3436 4959 esse
3493 4902 3751 4960 asseruit

2100 4998 2224 5053 Filii
2256 5015 2321 5053 ac
2356 4998 2539 5053 Patris
2581 5002 2876 5067 naturam,
2928 4998 3094 5054 illum
3127 4999 3329 5071 procul
3380 5001 3558 5058 dubio
3589 5001 3748 5057 Patri

2101 5106 2207 5144 suo
2266 5093 2622 5143 coaeternum
2698 5103 2828 5142 esse
2887 5105 3084 5143 revera
3139 5088 3534 5146 existimavit.
3593 5089 3742 5146 845

2103 5178 2519 5249 Unusquisque
2550 5182 2769 5245 autem,
2803 5194 2872 5232 ex
2904 5177 2993 5233 his
3025 5195 3150 5249 quae
3182 5195 3382 5249 supra,
3413 5194 3480 5233 ae
3510 5177 3748 5248 potissi-

2104 5285 2267 5323 mum
2298 5270 2358 5323 in
2392 5268 2580 5339 primo
2630 5266 2811 5337 hujus
2858 5268 3068 5340 capitis
3115 5268 3361 5324 articulo
3411 5266 3746 5335 retulimus,

2102 5358 2538 5429 deprehendere
2597 5358 2764 5412 facile
2815 5358 3008 5429 potuit
3064 5357 3210 5413 illud
3267 5355 3566 5412 catholicae
3612 5356 3747 5411 fidei

2102 5448 2523 5503 documentum
2556 5446 3038 5503 manifestissime
3068 5448 3137 5502 ab
3192 5462 3257 5502 eo
3290 5446 3475 5501 asseri
3519 5449 3576 5501 et
3605 5462 3749 5517 prrs-

2103 5537 2307 5592 dicari.

2174 5628 2284 5685 Sed
2317 5627 2457 5700 quid
2490 5624 2793 5696 speciatim
2842 5624 2913 5679 de
2950 5623 3112 5680 illius
3161 5623 3487 5680 aeternitate
3530 5625 3751 5682 consti-

2105 5716 2306 5790 tuerit,
2332 5716 2460 5788 jam
2491 5717 2740 5783 attento,
2772 5710 2821 5768 si
2855 5710 3039 5784 lubet,
3063 5713 3259 5773 animo
3289 5713 3753 5788 consideremus,
