4158 6376
528 403 635 470 931

1061 405 1580 472 'I‘EHTULLIA'NI
1624 401 1947 472 OPERUM
1990 399 2189 467 PARS
2233 403 2280 467 l.
2311 437 2391 452 --
2419 400 2694 469 SEBIES
2740 405 2786 483 Ι,
2829 402 3395 472 APOLOGETICA.

3813 409 3950 476 932

535 563 602 602 ac
633 548 820 618 primo
851 547 1079 615 quidem
1125 547 1417 617 quomodo
1462 544 1554 598 Dei
1604 543 1985 598 aeternitatem
2030 541 2171 595 defi-
2200 541 2255 607 Α
2283 539 2526 596 interior
2554 543 2960 597 tantummodo
2996 543 3126 609 fuit,
3161 544 3542 616 nondumque
3573 561 3765 616 perse
3790 547 3950 602 sub-

535 636 697 691 niat:
731 657 760 683 «
792 635 933 698 Quis
963 634 1132 693 alius.
1166 633 1377 704 inquit,
1411 633 1508 688 Dei
1539 648 1772 695 census,
1804 647 1981 701 quam
2005 635 2168 684 ister-

530 724 687 778 nitas
705 723 733 778 ?
761 724 901 788 Quis
924 723 1074 777 alius
1097 722 1438 776 {sternitatis
1460 737 1690 785 census,
1717 735 1892 791 quam
1920 734 2172 788 semper-

528 811 710 866 fuisse
739 816 796 866 et
828 812 1087 866 futurum
1121 826 1250 865 esse
1279 826 1347 864 ex
1396 809 1773 880 praerogativa
1807 805 2026 861 nullius
2055 806 2169 860 ini-

528 898 618 964 tii,
650 898 872 953 nullius
904 898 1085 954 ﬁnis?
1112 922 1138 947 »
1185 896 1452 966 (Tertull.
1485 896 1606 951 adv.
1651 897 1894 965 IIermog.
1928 910 2054 964 cap.
2090 893 2168 961 4.)

524 985 607 1042 Ibi
665 987 1082 1050 autem,sicuti
1132 987 1313 1049 vides,
1360 1003 1474 1040 non
1534 984 1724 1038 solum
1775 983 1979 1038 definit
2030 981 2166 1051 quid

522 1075 600 1132 sit
629 1077 948 1136 aeternitas.
980 1077 1078 1131 sed
1111 1091 1237 1130 eam
1269 1075 1352 1130 ita
1381 1073 1487 1129 soli
1543 1079 1652 1128 Deo
1684 1087 1812 1127 esse
1843 1069 2161 1143 propriam,

519 1169 586 1220 ut
633 1163 776 1219 nulli
827 1164 992 1218 alteri
1039 1169 1368 1234 competere
1417 1162 1621 1234 possit.
1670 1160 1850 1233 Atqui
1907 1159 2006 1214 ille
2048 1175 2162 1213 non

517 1254 714 1308 minus
747 1251 900 1307 clare
930 1257 986 1307 et
1035 1253 1360 1323 perspicue,
1411 1250 1497 1305 uti
1541 1266 1722 1320 supra
1773 1248 2163 1314 ostendimus,

517 1341 684 1396 docet
714 1342 1036 1412 probatque
1069 1339 1274 1394 Filium
1322 1339 1422 1394 Dei
1453 1356 1580 1394 esse
1627 1354 1852 1401 verum,
1885 1353 2069 1391 unum
2096 1352 2164 1392 ac

517 1431 788 1485 eumdem
822 1445 955 1483 cum
1008 1428 1171 1483 Patre
1219 1445 1325 1482 suo
1372 1427 1576 1481 Deum.
1641 1430 1994 1480 Persuasum
2026 1441 2162 1495 ergo

515 1516 718 1573 habuit
746 1518 1014 1572 eamdem
1047 1533 1176 1572 esse
1227 1515 1381 1571 illius
1427 1521 1483 1570 et
1516 1515 1705 1570 Patris
1752 1514 2138 1570 aeternitatem

505 1625 508 1628 ’
585 1625 651 1677 At
686 1623 807 1677 haac
868 1639 979 1676 non
1034 1627 1230 1676 nostra
1282 1626 1535 1684 tantum,
1569 1621 1667 1674 sed
1731 1621 1856 1689 ipsa
1887 1625 1942 1671 et
1999 1617 2162 1672 illius

513 1703 946 1782 argu’mentatio
978 1716 1087 1772 est,
1119 1726 1234 1781 qua
1280 1710 1428 1763 hanc
1470 1708 1594 1761 Filii
1626 1708 1724 1762 Dei
1776 1713 2159 1761 aeternitatem

512 1798 990 1854 luculentissima
1046 1799 1446 1853 demonstrat.
1509 1797 1677 1863 Audi,
1737 1812 1974 1868 quaeso,
2033 1799 2160 1866 ejus

2281 629 2548 684 sistebat.
2583 635 2726 685 Cum
2759 635 2951 684 autem
2989 632 3137 688 Deus
3185 633 3472 688 mundum
3506 634 3790 690 fabricare
3822 653 3948 691 cce-

2279 717 2383 788 pit,
2418 733 2731 774 sermonem
2783 718 2938 772 hunc
2991 721 3253 788 protulit,
3304 737 3558 793 eumque
3611 723 3945 780 animando

2277 806 2414 860 fecit
2445 807 2836 862 substantiam
2888 823 2954 862 ac
3003 824 3332 878 personam.
3376 810 3498 865 Non
3551 815 3721 867 antea
3767 829 3941 884 ergo,

2279 895 2365 948 uti
2397 895 2581 960 aiunt,
2646 894 2854 949 Filium
2908 895 3008 950 Dei
3069 897 3285 952 factum
3335 913 3465 953 esse
3529 900 3943 958 Tertullianus

2277 981 2554 1053 Opinatns
2583 987 2692 1038 est.

2345 1069 2456 1124 Sed
2486 1071 2680 1125 nescio
2712 1072 2982 1142 equidem
3031 1078 3226 1128 utrum
3263 1075 3534 1130 Petavius
3583 1080 3639 1132 et
3669 1077 3786 1132 alii
3820 1079 3933 1150 qui

2275 1157 2356 1212 ita
2408 1165 2932 1230 argumentantur,
2993 1160 3258 1216 animum
3316 1163 3386 1217 ad
3446 1179 3514 1218 ea
3573 1165 3934 1222 Tertulliani

2271 1257 2446 1300 verba
2477 1247 2618 1302 satis
2662 1249 3037 1316 adverterint,
3088 1265 3216 1320 quas
3246 1249 3348 1304 illa
3399 1251 3552 1321 ipsa,
3595 1269 3724 1322 quas
3756 1254 3939 1309 nobis

2272 1333 2576 1401 objiciunt,
2628 1337 2994 1392 continenter
3041 1338 3524 1398 subsequuntur:
3561 1362 3589 1388 ‹‹
3648 1343 3796 1409 Eme,
3839 1341 3942 1398 in-

2271 1422 2399 1493 quit
2431 1423 2588 1491 (Ibid.
2622 1441 2751 1494 cap.
2785 1427 2862 1495 6),
2891 1430 2981 1480 est
3008 1427 3281 1482 nativitas
3313 1429 3566 1497 perfecta
3596 1429 3927 1498 Sermonis,

2271 1511 2410 1564 dum
2446 1528 2514 1566 ex
2538 1513 2650 1567 Deo
2704 1515 2984 1583 procedit,
3017 1515 3289 1570 conditus
3338 1518 3410 1570 ab
3460 1532 3528 1570 eo
3559 1519 3814 1588 primum
3850 1522 3927 1575 ad

2272 1601 2592 1669 cogitatum
2629 1601 2687 1655 in
2714 1605 2948 1658 nomine
2981 1603 3208 1674 Sophiie
3233 1621 3246 1658 :
3281 1605 3544 1660 Dominus
3562 1607 3810 1662 condidit
3837 1626 3933 1663 me

2274 1688 2498 1742 initium
2545 1693 2784 1744 viarum.
2851 1691 3062 1744 Dehinc
3121 1697 3434 1760 generatus
3483 1693 3553 1746 ad
3604 1695 3926 1752 etfectum:

2272 1776 2406 1830 Cum
2434 1785 2662 1846 pararet
2692 1781 2907 1848 car-lum,
2930 1780 3156 1834 aderam
3179 1781 3269 1834 illi
3289 1781 3456 1836 simul
3487 1783 3677 1852 (Prov.
3707 1800 3831 1852 vm,
3851 1787 3929 1840 22

510 1888 707 1956 verba,
759 1891 816 1942 et
862 1887 972 1942 hoc
1023 1886 1328 1941 nobiscum
1391 1885 1686 1940 fateberis.
1723 1866 1770 1935 ‹‹⁷
1812 1884 2020 1949 Deum,
2078 1886 2131 1939 ai

2269 1871 2470 1973 seqq);
2515 1866 2911 1973 Efind'eqeum
2973 1883 3171 1939 parem
3223 1868 3336 1924 sibi
3393 1870 3638 1940 faciens,
3684 1873 3755 1928 de
3797 1889 3922 1945 quo

510 1974 630 2045 ille,
663 1973 1093 2029 immutabilem
1141 1980 1198 2029 et
1248 1973 1677 2028 informabilem
1729 1973 1886 2027 credi
1918 1988 2154 2028 necesse

510 2069 618 2132 est,
653 2068 715 2118 ut
767 2069 1068 2118 aeternum.
1117 2063 1577 2134 Transﬁguratio
1625 2066 1821 2116 autem
1871 2060 2152 2115 interem-

510 2153 632 2224 ptio
663 2158 751 2207 est
781 2153 1035 2224 pristini.
1069 2153 1250 2207 Omne
1281 2151 1435 2205 enim
1469 2150 1884 2220 quodcumque
1915 2149 2150 2203 transfl-

508 2248 753 2313 guratur
782 2242 838 2295 in
871 2241 1048 2301 aliud,
1100 2241 1315 2295 desinit
1361 2256 1490 2294 esse
1522 2240 1674 2309 quod
1732 2241 1939 2305 fuerat,
1972 2243 2028 2291 et
2057 2237 2150 2291 in-

505 2329 649 2402 cipit
710 2345 837 2385 esse
896 2331 1046 2400 quod
1108 2345 1220 2383 non
1281 2338 1446 2383 erat.
1502 2327 1653 2382 Deus
1711 2333 1901 2382 autem
1962 2342 2148 2396 neque

502 2420 722 2474 desinit
741 2435 890 2480 esse,
923 2433 1107 2489 neque
1134 2417 1289 2473 aliud
1317 2422 1506 2488 potest
1526 2432 1654 2470 esse
1683 2434 1696 2482 ;
1731 2431 1923 2471 sermo
1947 2420 2141 2469 autem

504 2510 675 2573 Deus,
711 2514 766 2564 et
795 2509 996 2562 Sermo
1028 2507 1312 2562 Dominus
1342 2511 1539 2560 manet
1568 2507 1626 2559 in
1661 2521 1846 2559 ravum
1882 2519 2143 2573 perseve-

501 2598 685 2652 rando
717 2597 774 2650 in
807 2613 914 2650 sua
949 2597 1152 2650 forma.
1191 2617 1217 2643 »
1260 2594 1468 2663 (ldem,
1498 2592 1618 2648 adv.
1665 2595 1832 2647 Prax.
1867 2609 1994 2662 cap.
2027 2593 2141 2655 27.)

505 2685 557 2741 Is
591 2690 783 2740 autem
829 2700 1022 2739 sermo
1070 2688 1158 2737 est
1204 2681 1301 2738 Dei
1352 2681 1630 2746 Verbum,
1681 2687 1737 2736 et
1783 2681 1986 2746 Filius,
2018 2681 2136 2751 qui,

501 2780 565 2829 ut
595 2773 959 2828 continenter
991 2772 1292 2843 subjunxit
1335 2770 1751 2831 Tertullianus,
1785 2785 1917 2823 caro
1951 2770 2138 2825 factus

499 2868 607 2917 est.
658 2861 796 2925 Quis
843 2863 1040 2931 itaque
1090 2875 1345 2930 unquam
1395 2858 1738 2912 clarioribus
1787 2858 1998 2918 verbis,
2034 2861 2134 2912 aut

497 2949 726 3006 clariori
749 2949 1255 3020 argumentatione
1270 2947 1650 3001 aeternitatem
1669 2945 1830 3000 illius
1848 2944 2137 3000 asseruit?

497 3039 795 3110 Numquid
828 3054 964 3109 ergo
996 3054 1110 3091 una
1144 3053 1316 3091 manu
1352 3035 1432 3089 ibi
1479 3033 1865 3089 Tertullianus
1898 3034 2132 3097 astruit,

495 3130 648 3200 quod
683 3127 819 3182 alibi
850 3127 1028 3180 altera
1058 3123 1730 3187 dcstruxerat‘IQuidam
1763 3129 1957 3176 tamen
1985 3122 2130 3176 tanti

495 3215 768 3289 paradoxi
803 3221 1095 3270 auctorem
1147 3217 1409 3267 nostrum
1453 3209 1749 3282 postulare
1780 3226 1891 3264 non
1925 3225 2124 3265 veren-

490 3311 550 3362 tu
563 3325 605 3362 r.

565 3413 829 3468 Petavius
860 3411 1152 3465 enimvero
1184 3408 1347 3463 vobis
1377 3407 1580 3478 objicit
1602 3423 1712 3461 non
1741 3405 1935 3460 minus
1967 3408 2125 3459 certo

488 3507 544 3558 et
576 3503 870 3556 evidenter
897 3499 971 3554 ab
1017 3497 1115 3552 illo
1162 3498 1440 3552 traditum
1494 3494 1711 3550 nullam
1753 3499 1886 3548 ante
1917 3491 2121 3547 mundi

490 3589 809 3663 primordia
841 3589 1019 3643 fuisse
1068 3587 1190 3642 Filii
1241 3586 1338 3642 Dei
1387 3584 1804 3649 substantiam,
1857 3583 1955 3638 sed
1991 3599 2116 3636 eam

483 3684 610 3734 tum
645 3678 936 3750 accepisse
967 3695 999 3731 a
1031 3677 1193 3732 Patre
1214 3693 1320 3731 suo
1342 3675 1574 3746 quando
1606 3673 1890 3726 mundum
1925 3687 2122 3726 creare

485 3768 725 3824 molitus
754 3772 859 3822 est.
893 3766 1052 3830 Quod
1095 3765 1328 3837 quidem
1381 3779 1495 3818 non
1527 3760 1622 3814 ille
1672 3759 1854 3828 solus,
1887 3760 1984 3815 sed
2019 3758 2117 3813 alii

483 3859 659 3913 etiam
692 3855 952 3912 nonnulli
1003 3853 1264 3909 arbitrati
1315 3858 1454 3907 sunt
1501 3849 1704 3905 confici
1757 3865 1926 3920 posse
1959 3848 2117 3903 hisce

482 3947 742 4018 ejusdem
793 3943 1134 4000 Tertulliani
1193 3940 1420 3996 verbis:
1467 3959 1496 3989 ‹‹
1543 3939 1613 3993 Ut
1666 3938 1915 4009 primum
1963 3937 2116 3992 Deus

479 4035 660 4090 voluit
690 4052 778 4098 ea,
829 4051 952 4105 quaz
1011 4047 1142 4086 cum
1191 4028 1417 4101 Sophia:
1473 4028 1692 4082 ratione
1736 4031 1793 4080 et
1850 4041 2115 4081 sermone

479 4125 850 4195 disposuerat
881 4123 1034 4176 intra
1065 4136 1148 4190 se,
1172 4119 1227 4173 in
1261 4116 1623 4172 substantias
1646 4119 1702 4170 et
1731 4116 1953 4185 species
1975 4132 2113 4170 suas

477 4214 666 4282 edere,
699 4213 891 4282 ipsum
921 4209 1173 4281 primum
1215 4205 1456 4278 protulit
1501 4209 1860 4270 Sermonem,
1893 4204 2112 4259 haben-

475 4307 592 4356 tem
626 4301 682 4355 in
718 4317 778 4355 se
809 4297 1142 4353 individuas
1165 4295 1388 4366 species
1420 4295 1700 4348 rationem
1729 4297 1785 4347 et
1813 4293 2109 4364 Sophiam,

475 4395 542 4446 ut
573 4407 674 4462 per
713 4388 908 4458 ipsum
967 4385 1170 4439 ﬁerent
1229 4382 1518 4447 universa,
1580 4397 1680 4453 per
1731 4397 1899 4451 quem
1945 4385 2113 4437 erant

473 4479 726 4551 cogitata
756 4481 931 4546 atque
962 4471 1281 4544 disposita;
1317 4470 1432 4526 imo
1463 4476 1519 4524 et
1569 4471 1718 4525 facta
1742 4471 1890 4540 jam,
1922 4487 2108 4540 quan-

471 4573 596 4622 tum
632 4566 689 4620 in
724 4563 822 4619 Dei
849 4579 1045 4618 sensu.
1081 4561 1195 4616 Hoc
1217 4559 1369 4614 enim
1403 4560 1619 4628 deerat,
1645 4564 1703 4613 ut
1735 4575 1930 4613 coram
1965 4574 2108 4630 quo-

2264 1953 2625 2022 procedendo
2688 1953 2867 2010 Filius
2928 1956 3116 2011 factus
3169 1960 3294 2023 est;
3354 1957 3806 2030 primogenitae,
3852 1965 3921 2017 ut

2264 2047 2397 2096 ante
2439 2041 2634 2096 omnia
2682 2044 2950 2110 genitus;
3007 2050 3066 2099 et
3124 2045 3482 2116 unigenitus,
3536 2051 3600 2102 ut
3651 2047 3817 2105 solus
3845 2067 3920 2106 ex

2263 2128 2379 2184 Deo
2410 2132 2642 2199 genitus
2675 2133 2906 2203 proprie
2935 2134 3004 2187 de
3037 2131 3204 2188 vulva
3235 2135 3428 2190 cordis
3458 2135 3670 2206 ipsius,
3700 2153 3914 2193 secun-

2258 2218 2400 2272 dum
2431 2221 2585 2288 quod
2631 2229 2686 2274 et
2741 2222 2905 2275 Pater
2952 2220 3077 2292 ipse
3125 2225 3377 2277 testatur
3421 2224 3595 2294 (Psal.
3629 2241 3777 2294 xuv,
3812 2226 3910 2297 4):

2259 2307 2541 2362 Eruclavil
2571 2325 2662 2363 cor
2690 2325 2873 2364 meum
2903 2325 3206 2364 sermonem
3235 2313 3526 2382 Optimum.
3563 2333 3592 2362 ››

2329 2412 2551 2484 Duplex
2580 2415 2794 2468 etenim
2831 2415 2905 2468 ibi
2959 2414 3056 2470 ille
3099 2415 3367 2472 distinxit
3420 2417 3743 2474 nativitatis
3772 2421 3908 2476 Filii

2253 2500 2351 2555 Dei
2384 2518 2590 2571 genus.
2643 2503 2902 2556 Primum
2954 2509 3172 2568 autem,
3207 2503 3326 2558 sive
3365 2506 3554 2576 prima
3581 2517 3638 2562 et
3670 2511 3905 2580 proprie

2250 2591 2403 2645 dicta
2430 2591 2590 2646 illius
2637 2593 2934 2661 generatio
2965 2598 3074 2658 est,
3118 2610 3235 2663 qua
3263 2594 3432 2650 Pater
3478 2602 3730 2654 aeternus
3761 2606 3900 2656 ante

2247 2694 2452 2734 omnes
2481 2686 2778 2735 creaturas
2810 2680 3054 2750 protulit
3073 2683 3229 2737 intra
3259 2699 3322 2738 se
3354 2683 3660 2740 Rationem
3684 2693 3743 2742 et
3764 2693 3895 2744 Ser-

2248 2783 2501 2823 monem.
2534 2768 2801 2823 Secunda
2824 2785 2956 2824 vero
3001 2769 3195 2824 minus
3245 2773 3476 2842 proprie
3521 2773 3678 2828 dicta
3733 2775 3896 2832 illius

2243 2858 2540 2928 generatio
2575 2861 2706 2924 fuit,
2737 2875 2869 2913 cum
2894 2864 3062 2914 Pater
3091 2859 3285 2931 ipsum
3318 2862 3484 2917 initio
3515 2865 3721 2919 mundi
3755 2883 3890 2937 pro-

2242 2947 2421 3013 tulit;
2480 2947 2619 3017 sive,
2680 2957 2742 3002 ut
2795 2949 2876 3002 ait
2925 2948 3049 3019 ipse
3079 2954 3282 3004 auctor
3337 2956 3558 3020 noster,
3601 2958 3894 3021 generavit

2239 3035 2604 3106 ade/fectum,
2657 3036 2711 3090 id
2759 3042 2849 3091 est
2895 3042 2956 3091 ut
3007 3053 3106 3108 per
3151 3053 3286 3092 eum
3334 3041 3532 3095 omnia
3581 3043 3880 3100 conderet.

2236 3123 2307 3176 At
2339 3123 2525 3194 prima
2553 3125 2850 3194 generatio
2882 3141 2994 3178 non
3030 3125 3138 3178 fuit
3187 3125 3386 3196 procul
3417 3128 3596 3183 dubio
3628 3129 3883 3197 inutilis,

2238 3216 2294 3265 et
2317 3228 2384 3266 ea
2415 3213 2588 3267 Pater
2617 3229 2814 3267 verum
2865 3213 3068 3284 genuit
3116 3213 3350 3269 Filium.
3381 3215 3525 3270 Nam
3575 3217 3750 3273 sicuti
3778 3219 3882 3276 ille

2235 3298 2354 3355 ait:
2391 3321 2418 3353 α
2474 3305 2720 3356 Possum
2780 3318 2894 3356 non
2938 3309 3155 3357 temere
3186 3304 3612 3373 praestruxisse,
3647 3311 3705 3360 et
3737 3315 3880 3364 tunc

2233 3393 2416 3444 Deum
2446 3395 2580 3445 ante
2601 3391 2996 3446 universitatis
3025 3392 3500 3448 constitutionem
3530 3396 3719 3450 solum
3754 3413 3872 3454 non

2233 3477 2434 3543 fuisse,
2468 3479 2776 3533 habentem
2810 3479 2868 3532 in
2917 3479 3234 3550 semetipso
3281 3481 3522 3550 proinde
3561 3485 3869 3551 rationem,

2229 3571 2286 3622 et
2317 3567 2371 3620 in
2435 3567 2652 3621 ratione
2703 3583 3056 3633 sermonem,
3115 3584 3289 3638 quem
3347 3571 3670 3626 secundum
3727 3589 3759 3626 a
3803 3591 3866 3629 se

2227 3653 2354 3725 ipso
2387 3656 2616 3709 faceret.
2650 3675 2677 3705 ι
2711 3653 2868 3722 (Ibid.
2918 3671 3043 3726 cap.
3093 3656 3172 3725 5.)
3204 3656 3346 3718 Quis
3392 3663 3587 3712 autem
3635 3677 3750 3715 non
3780 3661 3865 3715 vi-

2227 3743 2360 3798 deat
2401 3742 2481 3798 ibi
2539 3743 2959 3798 'l‘ertullianum
3019 3760 3188 3814 agere
3239 3745 3312 3800 de
3369 3747 3466 3800 Dei
3521 3750 3726 3814 Verbo,
3759 3765 3863 3805 seu

2226 3832 2506 3887 Sermone
2556 3838 2691 3888 ante
2741 3833 2945 3887 mundi
2994 3834 3369 3900 creationem,
3419 3840 3475 3890 et
3523 3852 3657 3891 cum
3711 3837 3868 3894 intra

2226 3922 2406 3977 Deum
2442 3923 2669 3977 Patrem
2704 3940 2876 3977 suum
2909 3922 3100 3978 adhuc
3130 3926 3299 3978 erat?
3353 3924 3524 3995 Atqui
3559 3931 3867 3998 perspicue

2222 4009 2302 4064 ibi
2353 4010 2610 4066 declarat
2661 4017 2783 4064 tum
2846 4015 3072 4066 Patrem
3128 4029 3241 4066 non
3293 4012 3476 4068 fuisse
3515 4013 3729 4080 solum,
3761 4017 3865 4072 sed

2224 4098 2500 4153 habuisse
2534 4098 2592 4153 in
2626 4100 2941 4170 semetipso
2964 4098 3120 4154 hunc
3149 4100 3511 4170 Sermonem,
3536 4120 3570 4158 a
3589 4119 3696 4158 sua
3728 4120 3863 4174 per-

2223 4203 2368 4241 sona
2399 4186 2763 4255 distinctum,
2797 4199 2968 4257 quem
3020 4190 3340 4243 secundum
3373 4207 3407 4244 a
3447 4207 3508 4246 se
3552 4207 3618 4245 ac
3649 4191 3861 4248 Filium

2219 4277 2369 4345 fecit,
2402 4291 2502 4330 seu
2534 4274 2756 4346 genuit.
2793 4275 2937 4346 Ergo
2967 4281 3098 4330 ante
3128 4277 3330 4330 mundi
3361 4280 3862 4351 constitutionem,

2220 4363 2278 4418 id
2309 4369 2418 4428 est,
2451 4364 2522 4418 ab
2563 4369 2775 4418 aeterno
2826 4363 3103 4435 Verbum,
3136 4366 3255 4420 sive
3300 4366 3480 4422 Filius
3509 4367 3631 4437 Dei,
3665 4374 3730 4424 ut
3757 4387 3864 4425 su-

2221 4469 2326 4524 pra
2350 4452 2893 4523 animadvertimus,
2925 4469 3094 4508 suam
3143 4473 3175 4508 a
3223 4453 3339 4510 Deo
3368 4455 3534 4511 Patre
3564 4465 3869 4529 acceperat

2221 4544 2490 4594 naturam
2523 4545 2581 4594 et
2620 4539 3036 4605 substantiam,
3067 4546 3306 4612 eratque
3355 4559 3602 4613 persona
3631 4549 3860 4600 tantum

474 4672 589 4726 que
620 4655 674 4708 in
708 4652 799 4708 sui
847 4651 1149 4722 speciebus
1193 4656 1368 4721 atque
1415 4647 1764 4704 substantiis
1794 4664 2112 4714 cognosce-

2244 4645 2257 4681 ι
2289 4629 2452 4684 Patre
2480 4628 2816 4683 distinctus.

475 4747 678 4798 rentur
735 4746 791 4795 et
857 4745 1234 4795 tenerentur.
1293 4738 1454 4793 Tunc
1510 4739 1691 4809 igitur
1749 4736 1924 4792 ctiam
1982 4735 2108 4808 ipse

471 4831 675 4886 Sermo
707 4829 953 4902 speciem
989 4832 1045 4883 et
1074 4835 1344 4883 ornatum
1375 4841 1547 4882 suum
1579 4825 1782 4892 sumit,
1814 4841 2023 4880 sonum
2050 4829 2107 4881 et

469 4935 690 4982 vocem,
723 4935 852 4973 cum
895 4917 1058 4982 dixit,
1092 4917 1214 4971 Fiat
1248 4916 1364 4971 lux.
1415 4938 1442 4965 ››
1469 4915 1631 4986 (Ibid.
1673 4930 1802 4985 cap.
1855 4914 1934 4985 6.)
1967 4914 2106 4969 Inde

469 5008 624 5063 enim
661 5007 920 5062 Petavius
964 5005 1153 5074 colligi
1207 5020 1374 5072 posse
1421 5003 1695 5073 opinatur
1745 5002 1892 5056 hanc
1927 5001 2106 5055 fuisse

469 5095 627 5150 illius
658 5096 728 5150 de
758 5095 882 5149 Filii
917 5095 1011 5147 Dei
1045 5091 1415 5164 generatione
1444 5107 1557 5144 non
1604 5089 1837 5160 quidem
1870 5094 2103 5156 aeterna,

469 5186 566 5241 sed
602 5182 902 5254 temporali
946 5181 1298 5251 opinionem.
1348 5178 1525 5233 Addit
1571 5185 1843 5248 praeterea
1871 5177 2106 5232 Tertul-

468 5271 690 5327 lianum
730 5272 900 5343 paulo
938 5276 1071 5324 ante
1115 5270 1331 5322 dixisse
1384 5271 1579 5332 Deum,
1613 5269 1712 5337 qui
1762 5273 1967 5320 natura
1997 5284 2104 5322 sua

467 5368 557 5417 est
586 5359 909 5416 rationalis.
961 5373 1138 5428 penes
1185 5373 1246 5410 se
1290 5373 1358 5411 ex
1406 5361 1620 5411 aeterno
1670 5354 1946 5409 habuisse
1993 5355 2102 5410 Ra-

465 5451 708 5519 tionem,
767 5445 963 5518 Λόγον,
1020 5449 1078 5500 et
1132 5461 1500 5499 sermonem.
1561 5443 1668 5498 Sed
1738 5443 1894 5496 hunc
1950 5445 2103 5498 intra

464 5539 848 5607 semetipsum
905 5533 1286 5597 continuisse,
1344 5554 1371 5581 «
1428 5532 1602 5585 tacite
1657 5531 1985 5601 cogitando,
2044 5537 2102 5587 et

465 5625 828 5694 disponendo
860 5639 1082 5687 secum,
1115 5638 1242 5692 quae
1277 5637 1375 5692 per
1405 5621 1744 5675 Sermonem
1795 5624 1918 5675 erat
1947 5621 2099 5677 846

467 5709 751 5770 dicturus.
786 5732 817 5764 »
863 5711 1024 5788 (Ibid.
1073 5725 1201 5782 cap.
1248 5711 1328 5786 5.)
1383 5714 1545 5766 Tunc
1590 5723 1728 5783 ergo
1767 5709 1864 5768 ille
1909 5727 2100 5770 sermo

2287 4740 2356 4788 At
2388 4735 2569 4801 Pater,
2602 4734 2795 4805 arguit
2828 4735 3113 4803 Petavius,
3147 4754 3181 4792 a
3225 4737 3582 4796 Tertulliano
3621 4741 3856 4813 dicitur,

2218 4844 2245 4872 α
2277 4828 2411 4878 ante
2439 4823 2638 4879 omnia
2683 4823 2835 4878 Deus
2881 4830 3006 4879 erat
3053 4825 3234 4894 solus,
3278 4829 3414 4896 quia
3464 4829 3608 4884 nihil
3640 4831 3857 4886 extrin-

2214 4928 2384 4968 secus
2414 4919 2619 4983 praater
2645 4911 2830 4967 illum.
2866 4933 2894 4962 »
2927 4915 2944 4984 (
2976 4915 3314 4970 Tertullian.
3348 4917 3446 4972 loc.
3475 4919 3597 4988 cit.)
3629 4919 3737 4974 Sed
3761 4921 3856 4974 vix

2213 5017 2280 5056 ac
2309 5015 2379 5054 ne
2425 5001 2516 5054 vix
2567 4999 2798 5069 quidem
2841 5018 2875 5054 a
2923 5003 3090 5057 nobis
3146 5003 3458 5076 impetrare
3511 5023 3852 5078 possumus,

2215 5094 2280 5144 ut
2307 5090 2617 5143 credamus
2648 5089 2765 5143 haec
2795 5092 2946 5145 serio
2977 5091 3048 5145 ab
3095 5093 3496 5150 eruditissimo
3545 5104 3600 5150 et
3628 5099 3851 5167 perspi-

2213 5178 2521 5232 cacissimo
2551 5178 2670 5232 viro
2700 5179 2894 5248 objici.
2940 5179 3086 5234 Nam
3133 5181 3528 5240 Tertullianus
3574 5187 3852 5241 continuo

2213 5267 2555 5335 subjunxit:
2616 5289 2643 5315 «
2703 5270 2982 5322 Ceterum
3039 5285 3109 5324 ne
3158 5275 3297 5325 tunc
3353 5273 3589 5342 quidem
3639 5272 3848 5340 solus;

2211 5355 2464 5410 habebat
2491 5355 2648 5410 enim
2676 5371 2899 5418 secum,
2931 5372 3107 5426 quam
3136 5358 3383 5414 habebat
3411 5360 3468 5415 in
3503 5362 3845 5433 semetipso,

2213 5443 2514 5499 Rationem
2547 5459 2714 5498 suam
2749 5442 2988 5510 scilicet,
3025 5466 3052 5493 »
3095 5447 3301 5517 (Ibid)
3356 5449 3704 5504 Persuasum
3740 5451 3853 5505 ita-

2209 5549 2324 5604 que
2352 5531 2468 5599 ille,
2502 5533 2656 5588 sicut
2685 5549 2865 5603 supra
2913 5533 3303 5602 ostendimus,
3338 5535 3588 5590 habebat
3617 5540 3846 5591 Patrem

2207 5625 2514 5691 aeternum,
2547 5626 2680 5676 ante
2712 5621 3001 5676 mundum
3033 5623 3486 5687 conditum,sive
3515 5625 3586 5679 ab
3611 5629 3856 5690 aeterno,

2210 5715 2270 5769 et
2297 5709 2492 5768 solum
2521 5709 2726 5782 fuisse,
2777 5713 2837 5768 et
2881 5725 2997 5768 non
3043 5709 3254 5770 solum.
3300 5710 3472 5770 Solus
3515 5711 3675 5772 enim
3704 5717 3852 5788 erat,
