4158 6326
307 327 425 387 933

1216 324 1285 385 D.
1335 326 1430 386 LE
1476 325 1800 388 NOURRY
1847 325 2492 390 OBSERVATIONES
2540 329 2793 392 NOV/E.

3595 342 3712 406 934

310 456 445 529 quia
474 454 620 527 nihil
653 454 904 513 habebat
933 460 1095 515 extra
1124 474 1208 525 se,
1242 475 1355 514 non
1388 458 1550 515 solus
1574 461 1795 525 autem,
1821 459 1958 528 quia
1986 459 2040 527 Α
2070 460 2391 516 aeternitate
2423 463 2687 533 genitum
2717 482 2749 519 a
2783 468 2950 520 Putre
2980 483 3109 535 suo,
3143 468 3240 538 qui
3286 467 3499 528 idcirco
3542 475 3615 530 ab
3648 491 3715 534 eo

309 546 562 604 habebat
591 545 746 602 intra
771 564 833 602 se
863 564 1218 619 sermonem,
1272 548 1371 619 qui
1427 548 1705 604 distincta
1754 548 1828 603 ab
1860 547 1958 604 illo

309 653 561 709 persona
594 653 659 692 ac
692 636 875 692 Filius
907 637 1036 708 ejus
1084 642 1193 694 est.
1244 636 1515 694 Vidimus
1565 638 1806 710 insuper
1857 639 1957 693 ob-

308 731 601 782 servatum
649 726 719 780 ab
777 726 980 782 eodem
1040 726 1397 782 Tertulliano
1459 727 1640 783 fuisse
1696 731 1959 782 Graecum

308 831 523 870 nomen
583 810 747 888 Myrr.
805 831 839 869 a
897 814 1044 871 847
1113 814 1336 871 Latinis
1396 815 1680 871 rationem
1742 816 1958 887 potius,

309 921 489 977 quam
518 920 854 961 sermonem
888 904 1163 961 debuisse
1213 904 1535 977 appellari:
1589 928 1616 954 «
1647 903 1793 969 Quia
1844 921 1959 959 non

307 994 674 1061 sermonalis,
702 994 916 1066 inquit,
941 1011 974 1050 a
996 994 1304 1066 principio,
1332 995 1433 1049 sed
1458 994 1762 1050 rationalis
1783 994 1959 1049 etiam

308 1088 457 1139 Deus
487 1087 622 1138 ante
659 1082 1041 1154 principium,
1075 1089 1131 1139 et
1164 1084 1302 1154 quia
1334 1082 1457 1154 ipse
1506 1100 1738 1155 quoque
1771 1098 1959 1138 sermo

307 1176 533 1228 ratione
566 1172 919 1240 consistens,
952 1172 1204 1243 priorem
1238 1190 1371 1227 eum
1407 1176 1469 1226 ut
1491 1189 1658 1228 suam
1684 1173 1958 1227 substan-

307 1261 451 1316 tiam
484 1262 778 1317 ostendat.
815 1286 835 1313 υ
874 1260 1062 1332 (Ibid.)
1104 1260 1330 1324 Quibus
1377 1278 1516 1316 sane
1550 1260 1739 1315 verbis
1775 1259 1960 1331 signi-

310 1351 441 1406 {icat
476 1366 683 1406 nomen
718 1350 884 1417 illud,
919 1347 1104 1424 λόγος,
1151 1350 1278 1406 ideo
1334 1350 1535 1405 Latine
1582 1349 1795 1404 melius
1848 1347 1959 1403 dici

308 1457 480 1513 posse
512 1440 823 1509 rationem,
854 1440 993 1512 quia
1042 1439 1197 1495 Deus
1246 1444 1412 1495 Pater
1461 1440 1531 1495 ab
1580 1442 1796 1494 aeterno
1847 1455 1959 1493 non

306 1532 657 1597 sermonartis,
693 1529 801 1585 hoc
832 1534 940 1598 est,
978 1530 1316 1584 Sermonem
1367 1535 1527 1585 extra
1576 1545 1637 1583 se
1689 1545 1801 1583 non
1837 1532 1979 1599 pro-"

308 1618 538 1675 tulerat.
575 1620 1013 1689 Verumtamen,
1047 1620 1187 1690 quia
1220 1623 1428 1674 natura
1476 1635 1583 1673 sua
1628 1618 1752 1690 ipse
1786 1616 1959 1673 ratio-

310 1708 461 1765 nalis
489 1714 598 1775 est,
651 1709 956 1765 Rationem
1002 1709 1072 1764 ab
1130 1713 1343 1764 aeterno
1402 1708 1557 1763 intra
1614 1723 1675 1763 se
1734 1706 1956 1775 habuit,

311 1816 437 1872 qua;
469 1799 735 1870 ejusdem
767 1802 857 1855 est
887 1814 1021 1854 cum
1054 1796 1151 1853 illo
1182 1796 1550 1864 substantiae,
1577 1797 1678 1853 sed
1704 1796 1963 1852 secunda

311 1891 368 1944 et
397 1887 675 1944 distincta
722 1905 1011 1960 persona;
1071 1887 1551 1959 quandoquidem
1612 1889 1781 1942 Pater
1833 1885 1962 1957 ejus

313 1978 384 2033 ab
415 1982 631 2033 aeterno
663 1977 826 2034 solus
857 1994 973 2034 non
1006 1982 1150 2033 erat.

382 2068 454 2122 At
486 2066 639 2122 hunc
671 2067 910 2138 quidem
940 2082 1140 2123 verum
1173 2082 1301 2122 esse
1333 2065 1681 2122 Tertulliani
1721 2079 1961 2121 sensum

315 2159 372 2211 et
430 2161 685 2212 mentem
745 2156 883 2211 inde
939 2155 1235 2211 evidenter
1309 2155 1617 2210 conficitur
1674 2154 1829 2225 quod
1884 2152 1961 2207 ibi

315 2245 573 2317 disputet
604 2245 885 2301 adversus
916 2246 1222 2313 Praxeam,
1255 2245 1355 2316 qui
1386 2245 1595 2300 Filium
1625 2248 1965 2298 Sermonem

317 2334 419 2389 Dei
450 2335 722 2390 eumdem
756 2334 996 2391 omnino
1028 2352 1094 2389 ac
1122 2338 1377 2403 Patrem,
1422 2338 1480 2389 et
1508 2334 1582 2389 ab
1634 2332 1731 2388 illo
1763 2331 1969 2388 distin-

320 2427 481 2478 ctum
514 2440 629 2478 non
660 2440 789 2479 esse
838 2422 1162 2480 effutiebat.
1224 2422 1371 2487 Quid
1427 2428 1642 2491 autem,
1705 2422 1969 2488 obsecro,

322 2516 523 2567 contra
553 2529 687 2568 eum
720 2514 1133 2585 promovisset,
1180 2513 1229 2569 si
1280 2513 1562 2568 fateretur
1613 2511 1710 2568 Dei
1759 2510 1970 2566 Filium

324 2618 391 2656 ac
416 2600 759 2657 Sermonem
805 2606 938 2657 ante
988 2601 1194 2657 mundi
1246 2602 1551 2657 exordium
1602 2617 1717 2655 non
1759 2599 1971 2655 substi-

325 2689 488 2758 tisse,
511 2707 613 2745 nec
631 2689 812 2746 fuisse
832 2708 1142 2763 personam
1168 2708 1200 2746 a
1224 2694 1393 2745 Patre
1419 2688 1800 2744 distinctam?
1823 2692 1972 2742 Prai-

327 2780 500 2852 cipua
531 2780 730 2850 itaque
785 2796 973 2835 causae
1032 2797 1151 2837 sua:
1215 2784 1376 2852 parte
1436 2784 1642 2850 sponte
1691 2778 1972 2845 cadendo,

321 2868 602 2941 jugulum
650 2868 918 2924 adversio
967 2869 1245 2924 dedisset.
1299 2870 1371 2923 At
1416 2872 1645 2923 tantum
1699 2868 1866 2923 abest
1913 2868 1978 2920 ut

338 2958 395 3013 id
429 2958 730 3028 concedat,
765 2962 827 3011 ut
860 2959 1050 3029 potius
1083 2957 1559 3013 constantissime
1587 2961 1812 3013 asserat
1842 2956 1978 3012 Ser-

337 3063 571 3101 monem
604 3047 699 3101 Dei
733 3050 869 3102 ante
901 3046 1105 3101 mundi
1146 3046 1497 3102 creationem
1545 3048 1603 3101 et
1645 3045 1715 3100 ab
1768 3048 1981 3100 aeterno

334 3152 367 3191 a
398 3136 565 3192 Patre
596 3151 724 3191 esse
755 3136 1123 3203 distinctum,
1170 3141 1345 3208 atque
1395 3135 1467 3191 ab
1515 3152 1581 3191 eo
1631 3134 1978 3189 secundum.

2067 550 2248 620 gradu
2280 553 2335 605 et
2365 551 2565 606 ordine
2592 553 2929 623 distinctus,
2963 557 3221 613 secunda
3267 563 3357 614 est
3410 564 3717 621 sanctissi-

2069 656 2175 694 mae
2206 638 2510 696 Trinitatis
2542 658 2811 713 persona.

2140 746 2254 801 Cur
2283 764 2439 819 ergo,
2476 748 2725 819 inquies,
2772 756 2889 806 tam
2937 758 3135 823 aperte
3184 756 3443 813 declarat
3490 776 3601 816 non
3644 763 3718 817 ab

2069 839 2305 905 aeterno,
2340 840 2439 892 sed
2492 840 2691 893 mundi
2755 840 2919 895 initio
2981 845 3293 913 perfectam
3356 848 3536 905 fuisse
3593 851 3720 921 ejus

2070 925 2461 994 nativitatem,
2493 932 2549 982 et
2577 932 2716 982 tunc
2755 946 2922 984 suam
2974 933 3266 1003 accepisse
3319 937 3594 1006 speciem,
3625 956 3720 994 or-

2071 1020 2299 1082 natum,
2357 1015 2508 1070 848
2568 1034 2777 1071 sonum
2837 1024 2895 1073 et
2950 1022 3195 1076 vocem?
3265 1023 3371 1079 Sed
3432 1028 3720 1098 numquid

2070 1101 2466 1159 Tertullianus
2509 1122 2575 1160 eo
2624 1107 2951 1178 dementias,
3010 1110 3370 1182 inquiemus,
3432 1116 3603 1183 venit,
3656 1120 3723 1172 ut

2071 1189 2473 1262 imperfectam
2510 1192 2824 1265 aliquando
2857 1196 2942 1252 vel
2976 1202 3205 1254 tantum
3252 1200 3585 1258 inchoatam
3620 1221 3723 1275 pu-

2071 1281 2279 1335 taverit
2312 1282 2434 1335 Filii
2471 1283 2569 1337 Dei
2591 1287 3047 1354 generationem,
3082 1305 3146 1342 ac
3174 1298 3369 1357 postea
3393 1294 3722 1363 sumpsisse

2074 1370 2324 1439 speciem
2360 1377 2417 1425 et
2447 1379 2742 1441 ornatum,
2777 1381 2954 1444 atque
2985 1377 3065 1429 ita
3114 1380 3428 1447 perfectam
3480 1387 3535 1436 et
3578 1398 3722 1437 con-

2074 1465 2429 1514 summatam
2453 1460 2480 1514 ‘I
2511 1461 2669 1532 (Ibid.
2705 1461 2721 1532 )
2754 1462 2876 1517 Non
2909 1481 2974 1518 eo
3016 1464 3195 1535 igitur
3237 1484 3415 1524 sensu
3448 1486 3575 1526 eam
3609 1470 3719 1527 im-

2075 1548 2386 1617 perfectam
2425 1551 2757 1620 appellavit,
2792 1552 2889 1606 sed
2944 1570 3057 1622 quo
3110 1556 3230 1621 ipse
3281 1558 3453 1612 modo
3503 1558 3721 1614 ibidem

2073 1635 2358 1707 explicat:
2394 1637 2551 1707 quia,
2585 1640 2691 1691 etsi
2727 1639 2801 1693 ab
2832 1645 3045 1695 aeterno
3072 1650 3325 1712 perlecta
3353 1646 3544 1710 fuerit.
3570 1647 3724 1703 intra

2074 1724 2172 1779 Dei
2224 1731 2420 1781 tamen
2471 1727 2668 1782 sinum
2717 1727 2952 1795 latebat,
3007 1731 3269 1802 nullique
3320 1735 3432 1789 nisi
3486 1737 3724 1806 ipsimet

1995 1836 2041 1901 Β
2075 1814 2182 1869 soli
2215 1815 2329 1870 Deo
2360 1821 2485 1870 erat
2515 1817 2770 1888 cognita.
2813 1824 2918 1873 Ast
2948 1820 3047 1873 ubi
3082 1824 3371 1877 mundum
3394 1825 3720 1898 condendo,

2075 1903 2231 1959 hunc
2261 1909 2600 1959 Sermonem
2635 1923 2807 1960 suum
2841 1914 3002 1962 extra
3028 1925 3091 1963 se
3136 1912 3399 1981 protulit,
3447 1929 3513 1968 ao
3544 1912 3723 1969 veluti

2073 2008 2142 2049 ex
2169 1993 2347 2049 cordis
2371 1996 2460 2048 sui
2488 1993 2657 2050 vulva
2686 2003 2735 2050 et
2764 1999 3013 2061 matrice,
3049 2004 3111 2052 ut
3155 1997 3313 2069 loqui
3348 2007 3526 2070 amat,
3558 2012 3725 2061 extra

2074 2096 2131 2135 se
2162 2083 2365 2147 emisit,
2400 2087 2538 2136 tunc
2571 2082 2668 2137 illo
2712 2089 2963 2165 internus
3012 2088 3198 2142 Sermo
3242 2092 3479 2158 sumpsit
3523 2107 3723 2148 sonum

2076 2175 2127 2225 et
2161 2186 2358 2239 vocem,
2394 2175 2566 2241 atque
2599 2171 2813 2227 idcirco
2846 2175 3192 2230 exteriorem
3233 2188 3492 2233 ornatum
3519 2190 3571 2236 et
3598 2197 3720 2253 spe-

2077 2261 2235 2313 ciem.
2272 2260 2433 2314 Tunc
2463 2259 2617 2314 enim
2651 2278 2683 2315 a
2712 2262 2992 2318 creaturis
3025 2264 3246 2320 ratione
3278 2268 3535 2337 praeditis
3560 2270 3722 2340 agni-

2080 2350 2175 2403 tus
2204 2348 2334 2402 l'uit.
2363 2352 2583 2404 Nomen
2608 2350 2823 2421 quippe
2844 2353 3042 2422 species
3068 2357 3224 2423 apud
3250 2355 3434 2411 bonos
3459 2364 3725 2415 auctores

2081 2436 2235 2491 idem
2287 2437 2582 2507 signiﬁcat
2624 2456 2690 2493 ac
2740 2440 2821 2494 rei
2878 2440 3127 2511 alicujus
3184 2446 3622 2502 demonstratio.
3657 2448 3727 2505 Et

2081 2541 2213 2579 vero
2256 2527 2484 2596 species,
2546 2526 2738 2597 inquit
2792 2527 3038 2597 Nonius,
3096 2531 3167 2586 ab
3224 2538 3441 2603 aspectu
3497 2536 3723 2594 dicitur.

2083 2615 2225 2669 Cum
2272 2614 2451 2685 igitur
2498 2614 2702 2670 Sermo
2755 2616 2872 2682 Dei,
2920 2619 3039 2673 sive
3089 2626 3340 2676 aeternus
3389 2623 3489 2678 Dei
3544 2626 3726 2681 Patris

2086 2703 2265 2757 Filius
2296 2707 2454 2758 extra
2504 2703 2671 2758 illum
2721 2705 3009 2778 principio
3060 2711 3268 2764 mundi
3316 2712 3571 2769 emissus
3617 2724 3724 2785 est,

2086 2797 2211 2847 tum
2244 2792 2496 2863 speciem
2531 2798 2589 2847 et
2619 2800 2892 2849 ornatum
2920 2796 3041 2851 sive
3071 2814 3283 2854 sonum
3318 2806 3377 2855 et
3402 2817 3598 2858 vocem
3632 2821 3727 2859 ao-

2088 2882 2248 2952 cipit,
2280 2892 2327 2936 el
2364 2883 2615 2950 perfecta
2647 2882 2755 2937 fuit
2793 2884 2921 2953 ejus
2971 2887 3266 2955 nativitas,
3325 2907 3435 2945 non
3486 2892 3725 2962 quidem

2089 2971 2278 3041 quoad
2311 2971 2529 3041 se,;sed
2574 2972 2765 3041 quoad
2816 2980 3132 3043 creaturas,
3187 2991 3314 3047 quas
3362 2994 3492 3034 eam
3542 2997 3725 3052 agno-

2088 3063 2317 3114 verunt.

2160 3147 2285 3215 Non
2317 3148 2572 3219 amplius
2602 3165 2737 3221 ergo
2770 3149 2807 3203 ii
2840 3151 3112 3207 audiendi
3158 3159 3317 3223 sunt,
3368 3157 3466 3228 qui
3518 3175 3729 3217 rursus

404 3243 515 3298 Sed
549 3242 694 3297 nihil
726 3242 975 3298 remittit
1017 3206 1287 3298 Petavius
1339 3245 1622 3313 urgetque
1670 3239 1973 3296 Tertullia-
2007 3206 2048 3274 (ἶ
2087 3206 2365 3304 objicient
2417 3206 2640 3289 dictum
2666 3206 2760 3290 Uab
2810 3206 3009 3293 eodem
3063 3206 3465 3299 Tertuill'iranb—z-
3503 3206 3729 3304 (7133;;

330 3349 470 3388 num
505 3337 700 3405 aperte
732 3333 1002 3389 docuisse
1049 3338 1187 3389 tunc
1248 3333 1561 3404 perfectam
1622 3332 1801 3388 fuisse
1848 3330 1974 3387 Filii

333 3423 427 3479 Dei
460 3422 843 3491 nativitatem,
878 3440 1013 3478 cum
1046 3423 1201 3478 Deu's
1244 3440 1311 3479 ex
1363 3423 1547 3478 nihilo
1596 3422 1813 3478 creavit
1856 3437 1976 3476 om-

329 3512 444 3568 nia.
479 3514 664 3567 Antea
692 3511 873 3584 igitur
903 3528 1007 3567 nec
1038 3515 1222 3583 ortus,
1258 3529 1361 3568 nec
1392 3528 1661 3584 persona,
1696 3528 1799 3567 nec
1831 3511 1973 3566 sub-

328 3601 546 3658 stantia
578 3607 722 3672 erat,
775 3619 840 3657 ac
899 3602 1145 3674 proinde
1201 3618 1304 3657 nec
1360 3600 1459 3656 Dei
1517 3600 1696 3656 Filius
1755 3601 1969 3672 (Petav.

326 3696 470 3746 tom.
504 3691 551 3747 II
592 3690 850 3761 Theolog.
883 3691 1127 3762 doymat.
1162 3690 1262 3747 lib.
1306 3708 1344 3760 1,
1386 3706 1434 3745 c.
1466 3692 1520 3756 5,
1573 3708 1628 3762 p.
1678 3691 1790 3762 25).
1823 3691 1970 3746 Nam

331 3796 397 3835 ea
427 3786 567 3835 sunt
598 3780 723 3835 loco
748 3780 946 3848 citato,
974 3781 1241 3852 quazjam
1268 3779 1598 3847 retulimus,
1622 3779 1779 3835 illius
1802 3780 1973 3835 verba

330 3868 596 3940 (Tertull.
630 3869 757 3923 adv.
790 3871 962 3924 Prax.
1010 3885 1137 3940 cap.
1182 3869 1275 3940 7):
1326 3891 1352 3917 ‹‹
1388 3869 1519 3923 Haec
1567 3873 1656 3924 est
1702 3869 1974 3925 nativitas

335 3957 588 4028 perfecta
617 3957 919 4011 Sermonis
950 3958 1090 4011 dum
1123 3974 1191 4011 ex
1220 3956 1334 4012 Deo
1379 3957 1658 4027 procedit,
1704 3957 1976 4013 conditus

335 4047 406 4101 ab
438 4063 503 4101 eo
538 4045 795 4116 primum
827 4045 898 4100 ad
949 4046 1267 4118 cogitatum
1317 4046 1377 4100 in
1427 4044 1663 4101 nomine
1710 4045 1975 4117 Sophiie:

337 4137 607 4190 Dominus
635 4133 879 4189 condidit
910 4151 978 4190 ne
1026 4135 1253 4190 initium
1304 4137 1527 4189 viarum
1568 4151 1815 4191 suarum.
1871 4135 1977 4190 De-

333 4223 473 4279 hinc
501 4226 810 4295 generatus
840 4224 912 4279 ad
954 4223 1267 4279 allectum:
1322 4224 1456 4278 Cum
1496 4232 1721 4294 pararet
1762 4225 1977 4293 cretum,

332 4315 556 4369 aderam
588 4315 697 4368 illi.
734 4334 762 4363 ››
796 4315 981 4382 (Prov.
1024 4329 1149 4378 VIII,
1200 4314 1290 4381 22,
1338 4314 1455 4382 27.)
1504 4314 1652 4385 Ergo
1703 4313 1832 4368 Filii
1880 4313 1979 4368 Dei

333 4402 610 4458 nativitas
640 4408 780 4456 tunc
810 4408 1061 4469 tantum,
1098 4402 1294 4473 inquit
1327 4401 1619 4467 Petavius,
1669 4403 1922 4472 perfecta
1951 4420 1983 4457 a

329 4490 690 4546 Tertulliano
719 4491 955 4559 dicitur,
990 4492 1223 4562 quando
1274 4491 1427 4546 Deus
1484 4506 1584 4561 per
1632 4489 1852 4561 ipsum.
1883 4489 1982 4561 qui

331 4581 532 4637 Sermo
565 4581 695 4652 ejus
727 4585 838 4650 est,
869 4584 925 4636 et
958 4580 1245 4635 mundum
1279 4583 1335 4634 et
1365 4578 1562 4634 omnia
1590 4578 1827 4634 creavit.

404 4688 617 4743 Verum
647 4687 1027 4742 doctissimus
1059 4686 1155 4740 ille
1187 4686 1274 4740 vir
1300 4684 1762 4741 animadvertere
1792 4684 1982 4756 potuit

333 4778 625 4847 duplicem
659 4778 730 4833 ab
762 4781 1001 4831 auctore
1051 4783 1249 4831 nostro
1300 4774 1588 4847 distingui
1639 4774 1740 4829 Dei
1793 4774 1979 4829 Patris

333 4881 685 4920 sermonem.
718 4867 946 4919 Primus
978 4880 1236 4936 namque
1259 4864 1372 4935 ipsi
1402 4862 1777 4930 estintimus,
1803 4879 1978 4934 quem

335 4953 513 5008 Graeci
566 4949 893 5022 ἐνδιάθετον,
952 4954 1099 5009 alter
1154 4959 1428 5008 externus
1493 4958 1551 5008 et
1625 4953 1976 5024 prolatitius,

336 5043 867 5117 quemsrrpoeopixov
921 5044 1222 5114 appellant
1269 5041 1635 5111 (Tertullian.
1690 5043 1787 5097 loc.
1836 5042 1976 5114 cit.).

334 5128 489 5183 Deus
519 5143 714 5184 autem
746 5132 913 5185 Pater
942 5132 1135 5202 priore
1167 5130 1264 5185 illo
1315 5129 1519 5185 intimo
1568 5132 1865 5197 Sermone,
1898 5131 1980 5186 ait

333 5217 755 5284 Tertullianus,
790 5219 989 5275 omnia
1018 5237 1234 5286 creare,
1269 5225 1326 5275 et
1368 5236 1497 5274 suos
1540 5221 1697 5275 edere
1744 5222 1803 5274 in
1850 5221 1976 5275 sub-

327 5310 559 5362 stantias
589 5316 639 5363 et
669 5310 895 5376 species,
931 5309 1086 5364 intra
1141 5326 1203 5364 se
1256 5310 1451 5380 ipsum
1498 5309 1869 5380 disposuerat
1912 5326 1978 5364 ac

324 5397 693 5468 cogitaverat.
727 5397 875 5452 Tum
928 5398 1140 5454 deinde
1193 5397 1541 5454 Sermonem
1590 5398 1750 5453 hunc
1802 5415 1976 5454 suum

322 5493 485 5542 extra
517 5503 599 5555 se,
634 5492 689 5543 et
739 5487 995 5544 exterius
1046 5488 1369 5544 emittendo
1422 5489 1695 5544 universa
1742 5490 1975 5544 creavit.

320 5577 643 5648 Atquijam
676 5576 932 5634 vidimus
974 5595 1007 5632 a
1038 5578 1397 5635 Tertulliano
1452 5577 1657 5647 asseri,
1709 5579 1889 5651 repeti
1923 5583 1981 5636 et

334 5665 617 5735 inculcari
674 5666 841 5726 illum
901 5665 1240 5734 interiorem
1298 5684 1630 5734 sermonem
1689 5668 1759 5730 ab
1818 5669 1979 5731 omni

2085 3340 2203 3378 non
2236 3322 2584 3379 sermonalis
2614 3340 2647 3378 a
2679 3324 2982 3397 principio.
3017 3348 3045 3379 »
3083 3328 3245 3399 (Ibid.
3290 3346 3418 3403 cap.
3468 3333 3549 3402 5.)
3579 3334 3727 3391 Nam

2084 3411 2451 3468 continenter
2481 3413 2744 3470 addidit:
2780 3438 2807 3465 «
2841 3416 2948 3471 Sed
3000 3417 3303 3475 rationalis
3345 3419 3498 3479 Deus
3550 3423 3726 3480 etiam

2084 3507 2217 3557 ante
2255 3501 2629 3573 principium,
2663 3507 2713 3558 et
2750 3506 2886 3575 quia
2930 3506 3055 3577 ipse
3102 3524 3335 3579 quoque
3385 3511 3588 3567 Sermo
3630 3530 3726 3570 ra-

2082 3591 2238 3647 tione
2269 3592 2617 3662 consistens,
2656 3593 2907 3664 priorem
2948 3612 3075 3650 eam
3130 3597 3433 3655 Rationem
3486 3608 3549 3657 ut
3579 3604 3725 3659 sub-

2082 3682 2358 3736 stantiam
2391 3698 2558 3736 suam
2590 3684 2880 3738 ostendat.
2918 3706 2944 3732 »
2975 3684 3029 3738 Si
3063 3694 3255 3741 autem
3294 3694 3441 3744 Deus
3470 3692 3725 3748 rationa-

2081 3769 2156 3826 lis
2190 3772 2299 3825 fuit
2330 3776 2463 3826 ante
2492 3771 2868 3842 principium,
2901 3772 3022 3827 sive
3054 3775 3125 3828 ab
3157 3780 3395 3843 aeterno,
3428 3778 3521 3834 ille
3545 3781 3725 3836 etiam

2085 3860 2157 3914 ab
2189 3865 2404 3915 aeterno
2436 3859 2679 3931 protulit
2708 3860 3034 3931 Rationem,
3083 3880 3234 3934 quae,
3283 3870 3345 3919 ut
3392 3866 3607 3937 saepius
3638 3869 3727 3924 di-

2088 3955 2267 4016 ctum,
2300 3954 2502 4005 Sermo
2534 3953 2591 4005 et
2618 3948 2797 4005 Filius
2828 3951 2958 4022 ejus
3002 3954 3092 4007 est
3145 3952 3300 4023 (Ibid.
3352 3970 3401 4009 ο.
3451 3956 3528 4026 8).
3578 3957 3730 4014 Tum

2088 4039 2319 4105 deinde,
2358 4063 2377 4087 ε
2414 4039 2516 4094 Hic
2546 4039 2769 4109 Sermo,
2800 4039 3015 4111 inquit,
3053 4041 3261 4112 spiritu
3313 4046 3573 4101 structus
3618 4051 3732 4117 est,

2090 4132 2167 4196 et,
2204 4132 2266 4182 ut
2297 4127 2377 4182 ita
2404 4126 2669 4193 dixerim,
2704 4128 3001 4183 Sermonis
3033 4144 3266 4201 corpus,
3302 4153 3329 4179 ››
3362 4131 3417 4186 id
3448 4137 3557 4195 est.
3590 4135 3733 4190 sub-

2092 4217 2307 4272 stantia
2340 4226 2421 4272 est
2459 4218 2706 4288 spiritus.
2757 4218 2993 4272 Fatetur
3025 4222 3217 4274 autem
3250 4223 3590 4293 utrumque,
3622 4223 3735 4280 etsi

2093 4322 2274 4360 unum
2309 4305 2584 4376 idemque
2615 4306 2753 4371 sint,
2786 4321 2953 4377 posse
2984 4305 3175 4377 aliquo
3226 4310 3398 4365 modo
3448 4311 3735 4385 distingui

2094 4396 2259 4465 (Ibid.
2294 4410 2422 4467 Cap.
2454 4396 2583 4467 26):
2623 4417 2648 4445 ‹‹
2680 4395 2824 4450 Nam
2855 4396 3123 4466 spiritus,
3159 4397 3239 4452 ait
3282 4397 3400 4465 ille,
3453 4401 3737 4456 substan-

2092 4486 2173 4540 tia
2203 4490 2292 4539 est
2323 4485 2633 4551 sermonis,
2670 4488 2726 4540 et
2755 4500 2947 4539 sermo
2968 4485 3227 4556 operatio
3249 4486 3513 4558 spiritus,
3538 4493 3596 4545 et
3619 4490 3737 4545 duo

2014 4586 2059 4649 Ι)
2093 4591 2275 4631 unum
2309 4580 2467 4630 sunt.
2501 4597 2528 4625 »
2564 4574 2666 4629 Hic
2708 4579 2897 4628 autem
2955 4579 3156 4629 Sermo
3212 4574 3314 4631 Dei
3368 4577 3570 4647 Patris,
3620 4579 3741 4634 sive

2088 4665 2215 4737 ipsa
2248 4664 2377 4735 ejus
2408 4662 2652 4735 spiritus
2685 4663 2964 4735 operatio,
2998 4664 3277 4720 creaturis
3310 4682 3423 4722 non
3458 4667 3620 4739 prius
3650 4668 3738 4723 in-

2090 4755 2301 4821 notuit,
2345 4770 2518 4826 quam
2559 4754 2815 4809 mundus
2847 4754 3216 4809 conderetur.
3262 4757 3335 4812 At
3381 4756 3560 4828 hujus
3598 4773 3738 4829 ope-

2091 4844 2335 4900 rationis
2367 4844 2485 4899 sive
2517 4842 2907 4915 generationis
2942 4842 3070 4897 Filii
3108 4843 3201 4898 Dei
3248 4847 3503 4918 cognitio
3535 4864 3568 4902 a
3598 4848 3738 4903 Ter-

2091 4934 2333 4989 tulliano
2374 4932 2706 5004 appellatur
2756 4932 3009 5004 perfecta
3059 4932 3369 5000 nativitas;
3423 4936 3561 5008 quin
3612 4951 3738 5007 quas

2089 5029 2260 5079 antea
2291 5022 2396 5077 soli
2439 5025 2546 5076 Deo
2584 5021 2737 5076 Patri
2791 5020 3025 5093 cognita
3063 5029 3207 5090 erat,
3258 5028 3398 5079 tunc
3453 5025 3739 5080 creaturis

2090 5114 2311 5169 ratione
2340 5110 2598 5183 praeditis
2632 5112 2919 5181 patefacta
2949 5115 3053 5166 est.

2160 5218 2339 5277 Nobis
2366 5224 2561 5272 tamen
2610 5216 2880 5272 Petavius
2935 5221 2991 5273 et
3049 5216 3145 5272 alii
3203 5218 3392 5273 adhuc
3448 5219 3738 5287 objectant

2088 5310 2210 5365 haec
2248 5307 2592 5362 Tertulliani
2645 5307 2715 5361 de
2763 5307 2965 5361 eadem
3028 5306 3155 5360 Filii
3218 5307 3312 5361 Dei
3369 5307 3736 5380 apparitione

2086 5396 2264 5452 verba
2324 5395 2537 5467 (Potav.
2598 5400 2738 5449 tom.
2803 5396 2868 5462 ll,
2932 5393 3182 5462 Thcolog.
3237 5392 3475 5464 dogmat.
3541 5393 3641 5449 lib.
3694 5410 3735 5462 ι,

2089 5502 2212 5559 cap.
2249 5487 2303 5554 5,
2337 5502 2392 5556 p.
2425 5486 2533 5551 26;
2565 5482 2809 5539 Tertull.
2842 5480 2968 5535 adv.
3017 5486 3194 5535 Prom.
3245 5497 3374 5553 cap.
3411 5482 3494 5554 12)
3522 5498 3534 5536 :
3568 5504 3595 5533 ‹‹
3628 5482 3738 5539 Sed

2089 5580 2146 5631 et
2200 5578 2258 5631 in
2320 5573 2799 5631 antecedentibus
2855 5569 3125 5641 operibus
3185 5570 3389 5625 mundi
3443 5572 3738 5644 quomodo

2088 5667 2373 5740 scriptum
2406 5662 2542 5721 est?
2564 5662 2824 5718 Primum
2848 5657 3084 5731 quidem
3109 5660 3366 5717 nondum
3392 5661 3534 5718 Filio
3557 5678 3736 5737 appa-
