4158 6344
475 388 590 450 935

997 387 1516 448 'l‘ERTULLlANl
1564 383 1886 448 OPEltUM
1930 383 2129 447 PARS
2174 387 2222 446 Ι.
2256 381 2634 444 —-SERIES
2681 383 2730 454 Ι,
2775 374 3338 442 APOLOGETICA.

3743 374 3879 437 926

481 529 680 578 rente:
716 527 780 578 Et
811 521 956 577 dixit
997 521 1160 586 Deus,
1210 522 1338 574 Fiat
1395 521 1512 586 lux,
1570 525 1620 574 et
1673 521 1820 590 facta
1860 522 1956 589 est,
1987 518 2112 590 ipse
2141 519 2196 587 Α
2225 517 2485 573 nondum
2516 515 2773 572 eluxerat
2803 513 2905 570 Dei
2961 509 3258 582 Sapientia
3310 513 3366 565 et
3419 508 3653 581 Sophia.
3713 509 3876 565 Tum

479 613 681 668 statim
714 611 913 666 Sermo
948 611 1045 664 lux
1073 626 1220 678 vera,
1254 624 1378 680 quae
1409 609 1689 663 illuminat
1719 609 1990 664 hominem
2020 623 2110 663 ve-

2219 623 2352 663 vero
2383 606 2703 662 clarissime
2748 603 3000 670 emicuit,
3055 601 3289 673 quando
3339 599 3438 654 lux
3489 597 3871 670 primigenia,

474 702 716 755 utentem
745 699 803 752 in
831 697 985 753 hunc
1018 696 1302 762 mundum,
1339 702 1395 750 et
1426 712 1526 768 per
1573 695 1740 751 illum
1790 693 2112 752 mundialis
2220 700 2504 768 tanquam
2534 695 2728 766 imago
2757 692 2883 747 Filii
2912 691 3143 762 Dei,qui
3165 695 3392 744 aaternaa
3415 687 3565 743 lucis
3585 686 3876 759 splendor

474 801 700 856 quoque
731 786 850 840 lux.
905 784 1124 839 Exinde
1175 791 1369 838 autem
1429 783 1489 838 in
1546 788 1823 838 Sermone
1879 782 2108 838 Christo

2219 789 2328 855 est,
2362 783 2664 839 materiam
2697 782 3030 848 illustravit,
3063 794 3270 850 resque
3310 775 3578 849 singulas
3622 793 3733 832 sua
3763 792 3869 831 ve-

473 874 788 930 assistente
816 877 873 929 et
903 874 1372 940 administrante,
1406 872 1560 928 Deus
1591 871 1836 926 voluerit
1865 871 2011 940 ﬁeri,
2053 875 2110 926 et
2218 875 2380 930 stivit
2410 873 2600 945 specie
2631 889 2852 944 suoque
2891 874 3123 926 ornatu.
3167 869 3274 923 Sed
3326 868 3464 922 huic
3512 867 3865 938 interpreta-

469 963 624 1019 Deus
655 962 903 1018 fecit.....
934 979 1033 1034 per
1081 979 1237 1034 quem
1283 962 1470 1016 omnia
1515 963 1659 1032 facta
1707 965 1856 1016 sunt.
1891 981 1918 1009 »
1971 961 2107 1015 lnde

474 1055 668 1106 autem
688 1050 1048 1106 concludunt
1067 1049 1146 1104 ibi
1163 1048 1465 1104 manifeste
1481 1049 1872 1104 demonstrari
1897 1048 2107 1102 Filium

472 1147 531 1198 et
559 1141 842 1214 Spiritum
876 1142 1194 1197 secundam
1226 1145 1284 1196 et
1308 1141 1540 1196 tertiam
1571 1139 1876 1195 Trinitatis
1907 1155 2106 1211 perso-

467 1249 603 1288 nam
636 1249 750 1287 non
784 1233 964 1288 fuisse
994 1249 1063 1287 ex
1091 1236 1304 1287 aeterno
1334 1232 1743 1299 subsistentes,
1787 1231 1883 1287 sed
1918 1247 2102 1301 quan-

467 1321 540 1376 do
569 1320 722 1376 Deus
755 1321 1038 1375 mundum
1071 1320 1256 1374 voluit
1283 1320 1490 1389 facere,
1525 1337 1590 1374 ac
1620 1321 1812 1392 reipsa
1842 1320 1992 1374 fecit.

535 1429 685 1484 849
719 1433 794 1483 At
823 1428 1249 1484 observandum
1285 1432 1373 1483 est
1402 1427 1830 1484 Tertullianum
1863 1427 2098 1484 hisver-

462 1517 556 1573 bis
586 1517 960 1589 respondisse
987 1517 1212 1572 Praxea':
1253 1515 1540 1585 bzeretico,
1593 1516 1901 1572 Catholicis
1951 1517 2097 1587 obji-

462 1605 634 1662 cienti
665 1607 873 1672 Deum,
904 1606 996 1660 cui
1027 1605 1175 1660 nihil
1204 1605 1564 1676 impossibile
1601 1609 1711 1674 est,
1745 1606 2006 1677 potuisse
2035 1623 2098 1662 se

459 1692 656 1765 ipsum
688 1699 745 1749 et
775 1698 1007 1748 Patrem
1038 1698 1094 1748 et
1126 1691 1333 1747 Filium
1365 1693 1539 1748 simul
1570 1693 1775 1749 facere.
1807 1694 2098 1750 Lubenter

459 1786 659 1838 autem
690 1782 786 1837 ille
816 1782 1031 1837 fatetur
1059 1782 1255 1836 omnia
1287 1781 1524 1853 quidem
1555 1797 1588 1836 a
1620 1783 1730 1837 Deo
1754 1799 1926 1854 posse
1946 1782 2092 1853 ﬁeri,

2215 963 2359 1017 tioni
2390 963 2532 1017 illud
2568 975 2892 1033 repugnare
2921 960 3172 1027 videtur,
3205 957 3359 1028 quod
3394 973 3508 1010 non
3561 955 3759 1010 minus
3793 971 3867 1011 ex

2217 1053 2494 1108 ordinatae
2525 1056 2583 1106 et
2611 1051 2863 1106 confusae
2899 1047 3181 1113 materiai,
3215 1063 3390 1118 quam
3436 1061 3504 1100 ex
3551 1043 3700 1100 lucis
3732 1044 3864 1116 pri-

2216 1142 2482 1212 migeniaa
2513 1139 2806 1195 creatione
2834 1138 3045 1194 emicat
3075 1137 3174 1192 Dei
3205 1137 3401 1191 Sermo
3432 1139 3488 1189 et
3518 1133 3724 1200 Filius,
3756 1149 3866 1205 per

2214 1247 2387 1300 quem
2419 1235 2474 1285 et
2501 1230 2598 1284 lux
2622 1228 2916 1301 quaelibet,
2948 1232 3004 1283 et
3031 1231 3236 1282 cetera
3255 1224 3453 1280 omnia
3476 1229 3671 1278 creata
3693 1229 3858 1278 sunt.

2213 1319 2272 1375 Si
2303 1319 2436 1390 quis
2466 1325 2661 1374 tamen
2695 1325 2847 1374 recte
2881 1316 3209 1389 probaverit
3255 1330 3451 1369 veram
3502 1329 3631 1367 esse
3679 1312 3857 1381 hanc,

2210 1424 2387 1478 quam
2420 1407 2624 1462 Bullus
2655 1407 2841 1471 affert,
2873 1406 3180 1460 verborum
3221 1401 3567 1457 Tertulliani
3597 1401 3858 1472 explica-

2207 1497 2450 1565 tionem,
2483 1496 2619 1552 huic
2650 1513 2766 1552 non
2818 1495 3136 1550 admodum
3185 1490 3624 1560 reluctabimur,
3676 1491 3856 1546 modo

2206 1587 2360 1643 850
2391 1587 2524 1642 inde
2549 1587 2720 1641 etiam
2749 1584 2940 1656 colligi
2976 1583 3162 1656 possit
3192 1599 3225 1638 a
3254 1579 3614 1636 Tertulliano
3633 1594 3854 1649 agnos-

2206 1675 2256 1730 ci
2286 1681 2567 1730 aeternum
2598 1673 2769 1740 lucis,
2795 1673 2917 1728 sive
2947 1671 3076 1727 Filii
3119 1670 3218 1726 Dei
3269 1662 3639 1741 splendorem
3683 1672 3852 1723 eter-

2205 1780 2458 1835 namque
2488 1763 2917 1836 generationem
2950 1761 3020 1817 ab
3049 1761 3178 1832 ipso
3207 1763 3328 1815 tam
3372 1760 3728 1825 constanter,
3759 1756 3850 1812 uti

461 1873 562 1926 sed
595 1887 710 1924 non
739 1871 956 1941 omnia,
989 1887 1117 1941 quae
1147 1852 1358 1942 potuit,
1390 1870 1462 1926 ab
1492 1871 1590 1925 illo
1627 1852 1956 1926 esse—facta.
1991 1852 2084 1928 De;

2201 1852 2478 1922 vidimus,
2512 1857 2794 1909 assertam
2826 1869 2890 1907 ac
2928 1857 3376 1923 propugnatam.

458 1959 634 2016 bebat
663 1961 841 2033 igitur
863 1960 1107 2016 Praxeas
1130 1960 1420 2016 evidenter
1440 1960 1840 2016 demonstrare
1864 1961 2090 2017 Patrem

459 2066 658 2106 revera
687 2066 749 2106 se
780 2050 971 2121 ipsum
1006 2049 1210 2104 fecisse
1239 2053 1356 2103 tam
1385 2049 1614 2104 Patrem
1651 2065 1826 2120 quam
1861 2049 2090 2122 Filium,

457 2138 578 2195 sive
606 2155 718 2194 non
753 2137 933 2195 alium
965 2155 1090 2194 esse
1123 2137 1354 2203 Filium,
1391 2154 1568 2208 quam
1599 2138 1794 2210 ipsum
1839 2139 2088 2194 Patrem.

455 2231 668 2284 Contra
697 2244 829 2284 vero
859 2226 1257 2283 Tertullianus
1288 2243 1353 2282 eo
1385 2226 1651 2282 securius
1681 2227 1937 2282 afﬁrmat
1968 2228 2024 2282 id
2057 2245 2091 2283 a

453 2315 673 2372 Praxea
698 2333 813 2371 non
863 2332 1034 2388 posse
1081 2332 1344 2388 unquam
1390 2315 1641 2387 probari,
1697 2332 1811 2388 quo
1861 2316 2090 2373 facilius

452 2404 612 2460 varia
643 2407 903 2477 congerit
932 2405 1243 2476 Scriptura
1275 2404 1629 2474 testimonia,
1678 2405 1892 2476 quibus
1934 2407 2088 2477 apud

453 2511 560 2549 nos
594 2516 622 2544 ‹‹
654 2493 929 2550 distincte
957 2493 1123 2548 Pater
1150 2498 1206 2548 et
1230 2493 1409 2549 Filius
1440 2494 1936 2562 demonstrantur,
1971 2495 2088 2550 dis-

450 2581 654 2651 tincte,
685 2582 949 2653 inquam,
983 2599 1100 2636 non
1132 2581 1314 2636 divise
1339 2599 1414 2656 ;_»
1447 2582 1610 2653 (Ibid.
1635 2599 1762 2654 cap.
1786 2585 1877 2654 21)
1900 2600 2090 2654 quan-

453 2670 766 2740 doquidem
795 2669 975 2725 Filius
1004 2669 1125 2736 Dei,
1159 2670 1314 2724 sicut
1342 2670 1514 2725 toties
1553 2670 1829 2741 diximus,
1861 2688 1895 2726 a
1924 2672 2090 2728 Patre

454 2759 728 2832 prodivit,
761 2764 934 2830 atque
964 2758 1176 2812 idcirco
1200 2758 1270 2813 ab
1294 2775 1359 2813 eo
1382 2763 1470 2814 est
1490 2759 1727 2829 quidem
1753 2759 2087 2831 distinctus,

453 2849 554 2903 sed
580 2864 693 2902 non
716 2847 935 2902 divisus
959 2852 1015 2902 et
1035 2853 1358 2919 separatus,
1379 2847 1517 2918 quia
1537 2849 1737 2903 eadem
1757 2855 1844 2904 est
1869 2850 2087 2905 utrius-

455 2952 569 3008 que
618 2935 966 2992 substantia.
1014 2937 1162 2990 Tum
1212 2935 1421 2992 dehinc
1470 2937 1780 3008 Scriptura:
1826 2939 2086 3008 ejusdem

452 3025 804 3080 auctoritate
832 3025 1089 3079 ostendit
1118 3029 1234 3078 tres
1281 3040 1410 3079 esse
1455 3025 1759 3081 Trinitatis
1811 3044 2088 3098 personas

452 3118 680 3170 unitate
711 3113 999 3184 simplicis
1029 3129 1336 3168 connexas.
1362 3119 1433 3168 At
1459 3113 1534 3167 ibi
1557 3131 1622 3169 ea
1651 3115 1890 3185 protulit
1914 3117 2087 3172 verba

450 3219 576 3276 qua:
598 3203 766 3258 nobis
787 3202 1164 3272 objiciuntur,
1189 3218 1255 3257 ac
1280 3207 1411 3273 post
1431 3202 1550 3258 hzec
1570 3203 1866 3259 concludit
1890 3207 2087 3260 omnia

449 3293 602 3348 facta
632 3309 760 3347 esse
790 3307 893 3361 per
924 3290 1025 3346 Dei
1059 3291 1420 3356 Sermonem,
1454 3291 1574 3347 sive
1601 3310 1702 3364 per
1728 3293 1934 3348 Filium
1961 3295 2083 3364 Dei,

450 3381 551 3452 qui
568 3385 625 3436 et
646 3380 770 3451 ipse
793 3380 946 3434 Deus
966 3383 1070 3435 est.
1097 3379 1241 3443 Quia
1262 3396 1397 3450 ergo
1421 3379 1518 3434 Dei
1541 3382 1738 3435 Sermo
1761 3391 1850 3437 est
1870 3382 2084 3440 idcirco

452 3471 524 3526 ab
542 3485 608 3524 eo
621 3467 1022 3538 distinguitur,
1039 3473 1094 3522 et
1111 3466 1259 3522 alius
1277 3468 1510 3538 dicitur,
1526 3492 1553 3518 ς(
1570 3485 1848 3540 personae,
1867 3471 2080 3542 inquit,

448 3575 565 3614 non
594 3555 938 3612 substantiae
965 3557 1218 3626 nomine,
1253 3557 1322 3611 ad
1355 3556 1811 3625 distinctionem,
1857 3577 1972 3614 non
2009 3562 2082 3616 ad

449 3646 817 3702 divisionem.
846 3667 873 3695 »
906 3645 1204 3709 Quomode
1235 3652 1425 3700 autem
1463 3663 1579 3700 una
1609 3652 1698 3702 est
1728 3647 1885 3703 illius
1905 3655 1961 3703 et
1982 3650 2082 3705 Pa-

446 3734 554 3791 tris
584 3734 911 3791 substantia
939 3740 994 3789 et
1019 3750 1171 3788 unus
1203 3749 1336 3788 cum
1367 3750 1433 3789 eo
1463 3733 1639 3801 Deus,
1673 3735 1785 3790 nisi
1816 3737 1887 3791 ab
1919 3743 2080 3794 aeter-

450 3841 546 3894 no,
587 3823 741 3879 sicut
765 3824 932 3878 Pater
962 3820 1178 3877 fuerit?
1234 3823 1376 3878 Cum
1438 3822 1614 3891 igitur
1669 3823 1812 3878 dixit
1867 3825 2077 3882 Filium

446 3912 547 3969 Dei
581 3920 715 3968 ante
755 3912 958 3967 mundi
1008 3910 1306 3966 exordium
1359 3928 1472 3966 non
1524 3913 1887 3982 apparuisse,
1921 3914 2076 3970 haud

441 4004 688 4060 obscure
719 4001 1012 4073 signiﬁcat
1042 3999 1209 4055 illum
1242 4006 1382 4055 tunc
1413 3998 1559 4053 nulli
1589 4005 1864 4056 creaturaa
1896 4003 2080 4060 fuisse

437 4093 761 4164 cognitum.
799 4091 903 4145 Ubi
937 4106 1092 4159 vero,
1125 4088 1209 4143 uti
1238 4088 1334 4142 ille
1365 4088 1581 4143 ibidem
1627 4089 1728 4156 ait,
1778 4090 1961 4162 primo
1988 4093 2076 4148 di-

439 4185 602 4236 etum
635 4183 745 4245 est,
775 4181 897 4235 Fiat
943 4178 1064 4248 lux,
1113 4182 1253 4230 tunc
1301 4176 1499 4230 statim
1545 4175 1643 4231 lux
1687 4179 1837 4234 facta
1883 4186 1990 4250 est,
2021 4187 2080 4237 et

441 4266 840 4340 apparuitlux
865 4281 1019 4334 vera,
1065 4263 1184 4319 sive
1229 4262 1429 4317 Sermo
1477 4261 1601 4328 Dei,
1653 4281 1764 4319 non
1814 4266 2074 4339 quidem,

441 4358 580 4428 quia
607 4363 732 4411 tum
766 4355 1046 4426 primum,
1076 4369 1179 4406 nec
1210 4358 1380 4406 antea
1411 4352 1651 4419 exstitit,
1687 4355 1785 4423 qui
1817 4356 1889 4409 ab
1909 4361 2075 4412 mter-

438 4462 514 4501 no
545 4445 779 4518 genitus
810 4444 1017 4510 fuerat,
1049 4441 1150 4496 sed
1183 4440 1323 4511 quia
1351 4445 1490 4496 tunc
1519 4441 1859 4499 hominibus
1903 4446 2075 4517 cmpit

441 4549 724 4606 apparere
755 4531 856 4604 qui
888 4537 976 4586 est
1003 4531 1103 4585 lux
1130 4546 1283 4598 vera,
1343 4547 1468 4602 quae
1515 4529 1812 4588 illuminat
1841 4551 2075 4591 omnem

2802 2000 3121 2041 ARTICULUS
3161 2000 3239 2037 IX.

2201 2076 2447 2132 Solvitur
2475 2074 2630 2130 aliud
2658 2082 3060 2143 argumentum,
3096 2071 3226 2127 inde
3248 2072 3504 2142 petitum,
3550 2069 3690 2141 quod
3721 2070 3846 2124 Ter-

2273 2147 2550 2202 tullianus
2582 2147 2785 2201 dixisse
2809 2146 3026 2201 videtur
3052 2145 3226 2215 fuisse
3256 2147 3488 2214 tempus,
3535 2158 3640 2214 quo
3668 2143 3848 2196 Filius

2272 2220 2374 2275 Dei
2402 2235 2508 2274 non
2538 2223 2677 2274 erat.

2269 2333 2400 2389 Alia
2456 2333 2726 2389 Petavius
2783 2330 3312 2404 argumentatione,
3369 2346 3437 2385 ex
3491 2327 3842 2384 Tertulliani

2199 2428 2400 2478 contra
2433 2424 2850 2494 Hermogenem
2885 2421 3032 2476 libro
3070 2420 3338 2485 deducta,
3375 2417 3604 2490 probari
3647 2417 3841 2472 adhuc

2199 2528 2368 2583 posse
2398 2512 2674 2584 opinatur
2704 2511 2787 2564 illi
2819 2510 3240 2581 incompertam
3272 2507 3506 2579 penitus
3533 2506 3716 2562 fuisse
3745 2505 3838 2560 Fi-

2197 2601 2257 2654 lii
2292 2600 2390 2656 Dei
2423 2601 2828 2676 ceternitatem.
2859 2599 3166 2653 Africanus
3197 2596 3484 2667 siquidem
3507 2600 3712 2650 auctor
3732 2611 3836 2649 no-

2196 2693 2316 2744 ster
2345 2688 2751 2755 disertissime,
2795 2687 2878 2741 uti
2927 2686 3156 2741 Petavio
3193 2684 3444 2751 videtur,
3494 2682 3838 2754 pronuntiat

2197 2781 2433 2849 tempus
2467 2777 2671 2842 fuisse,
2702 2793 2816 2848 quo
2851 2775 3032 2831 Filius
3061 2775 3160 2830 Dei
3184 2790 3298 2829 non
3321 2778 3462 2828 erat.
3489 2772 3707 2828 Parum
3729 2789 3836 2827 au-

2193 2870 2310 2922 tem
2345 2871 2669 2937 putumque
2700 2865 2840 2921 illud
2872 2864 2990 2920 Arii
3021 2869 3079 2920 et
3115 2867 3470 2919 sectatorum
3517 2863 3647 2933 ejus
3677 2877 3836 2916 com-

2196 2961 2459 3011 mentum
2493 2961 2661 3026 putat
2681 2955 2950 3010 eruditus
2971 2953 3071 3008 ille
3091 2953 3177 3008 vir
3196 2971 3229 3006 a
3250 2950 3608 3007 Tertulliano
3630 2949 3835 3020 asseri,

2194 3046 2297 3100 ubi
2330 3044 2728 3117 Hermogenis,
2756 3043 2853 3114 qui
2879 3043 3181 3098 materiam
3205 3041 3319 3096 Deo
3343 3045 3685 3096 cowternam
3707 3055 3838 3094 esse

2193 3135 2505 3206 garriebat,
2566 3138 2913 3205 argumenta
2985 3131 3176 3185 diluit.
3235 3129 3485 3184 Materia:
3542 3129 3837 3184 enimvero

2115 3256 2158 3324 ρ
2197 3223 2579 3278 aeternitatem
2613 3223 2920 3277 haereticus
2954 3220 3052 3275 ille
3091 3221 3267 3274 homo
3317 3220 3719 3274 demonstrare
3764 3233 3834 3272 eo

2195 3311 2506 3378 nitebatur,
2541 3312 2694 3381 quod
2726 3311 2879 3365 Deus
2911 3325 3212 3380 nunquam
3253 3325 3367 3363 non
3399 3307 3683 3363 Dominus
3707 3306 3836 3360 fue-

2193 3401 2291 3456 rit.
2325 3403 2394 3456 At
2415 3400 2723 3466 Dominus,
2755 3397 3079 3470 inquiebat,
3105 3413 3336 3468 semper
3356 3412 3483 3452 esse
3507 3412 3620 3450 non
3645 3394 3834 3466 potuit

2193 3490 2304 3544 nisi
2341 3489 2618 3553 materiae,
2645 3489 2804 3559 cujus
2832 3503 3046 3559 semper
3081 3487 3342 3542 Dominus
3372 3484 3683 3540 haberetur.
3717 3483 3829 3538 Sed

2190 3575 2298 3630 hoc
2329 3575 2708 3646 Hermogenis
2737 3581 3143 3644 argumentum
3176 3572 3389 3628 refellit
3409 3571 3828 3640 Tertullianus,

2191 3669 2480 3735 negatque
2510 3662 2693 3718 Deum
2727 3679 2956 3734 semper
2983 3661 3160 3718 fuisse
3207 3661 3523 3716 Dominum
3559 3657 3825 3731 (Tertull.

2189 3754 2311 3808 adv.
2346 3757 2601 3822 llermog.
2636 3769 2760 3823 cap.
2794 3753 2867 3823 3).
2918 3751 3134 3806 «Deus
3181 3751 3358 3817 enim,
3407 3749 3490 3804 uti
3539 3749 3640 3819 ait,
3688 3747 3826 3803 sub-

2189 3841 2415 3899 stantiae
2450 3841 2636 3912 ipsius
2671 3858 2902 3906 nomen,
2934 3839 2993 3894 id
3025 3843 3113 3894 est
3160 3838 3504 3908 divinitatis,
3537 3837 3825 3893 Dominus

2185 3947 2318 3986 vero
2353 3947 2466 3985 non
2519 3929 2886 3999 substantiae,
2937 3929 3036 3983 sed
3093 3927 3420 4000 potestatis.
3454 3948 3482 3976 »
3539 3925 3822 3981 Dominus

2185 4034 2321 4090 ergo
2351 4023 2581 4074 tantum
2613 4019 2740 4085 t'vit,
2771 4034 2838 4074 ex
2871 4035 2986 4089 quo
3037 4034 3104 4072 ea
3149 4033 3278 4072 esse
3327 4019 3645 4088 cmperunt,
3693 4031 3822 4084 quae

2185 4107 2339 4163 Deus
2371 4107 2430 4162 in
2461 4111 2746 4178 potestate
2778 4105 3002 4162 habuit.
3036 4106 3185 4160 Tum
3231 4105 3442 4160 deinde
3487 4103 3571 4160 sic
3620 4119 3822 4175 prosc-

2185 4196 2422 4268 quitur:
2464 4217 2490 4247 α
2518 4195 2663 4260 Quia
2691 4200 2747 4249 et
2775 4195 2947 4250 Pater
2983 4194 3136 4250 Deus
3188 4197 3292 4260 est,
3343 4197 3400 4248 et
3437 4193 3621 4264 judex
3666 4191 3823 4247 Deus

2184 4291 2292 4356 est,
2327 4302 2440 4341 non
2473 4285 2601 4340 ideo
2634 4290 2830 4340 tamen
2863 4283 3032 4339 Pater
3059 4287 3117 4338 et
3153 4283 3338 4354 judex
3383 4298 3632 4353 semper,
3682 4280 3824 4352 quia

2183 4375 2336 4430 Deus
2356 4390 2606 4445 semper.
2623 4379 2760 4428 Nam
2781 4389 2887 4429 nec
2907 4373 3071 4428 Pater
3087 4372 3412 4443 potuitesse
3432 4375 3565 4427 ante
3584 4369 3817 4440 Filium,

2183 4480 2289 4521 nec
2312 4464 2493 4535 judex
2524 4468 2657 4518 ante
2683 4461 2983 4518 delictum.
3016 4461 3148 4515 Fuit
3177 4464 3371 4517 autem
3402 4465 3657 4531 tempus,
3684 4473 3819 4514 cum

2184 4557 2240 4608 et
2269 4552 2545 4608 delictum
2575 4557 2633 4607 et
2677 4551 2855 4606 Filius
2903 4567 3017 4605 non
3070 4549 3197 4618 fuit,
3247 4550 3402 4622 quod
3444 4549 3729 4621 judicem,
3759 4551 3821 4603 et

438 4622 741 4713 hominem
769 4618 1368 4713 veni—entemin‘hunc
1399 4619 1704 4713 mundum.
1745 4624 1818 4713 _At
1845 4626 2073 4713 tantum
2103 4626 2152 4691 D
2185 4642 2286 4713 qui
2318 4642 2548 4696 Patrem
2581 4640 2895 4696 Dominum
2930 4640 3176 4695 faceret:
3209 4618 3294 4693 sic
3315 4643 3372 4693 et
3391 4618 3678 4694 Dominus
3701 4653 3816 4692 non

441 4710 609 4768 abest
639 4714 700 4764 ut
729 4709 849 4764 haec
873 4708 1214 4765 Tertulliani
1262 4709 1446 4763 nostri
1493 4710 1794 4781 responsio
1843 4712 2071 4770 Petavio

441 4798 693 4870 aliisque
726 4799 910 4854 faveat
957 4803 1022 4854 ut
1069 4797 1263 4870 potius
1311 4803 1492 4854 totam
1542 4799 1807 4856 funditus
1855 4807 2073 4858 evertat

435 4903 638 4944 eorum
670 4888 1254 4958 argumentationem.

505 4995 735 5050 Scimus
765 4995 1002 5066 quidem
1032 4994 1193 5050 illius
1224 4994 1398 5049 verba
1426 4993 1605 5049 alium
1656 4994 1716 5049 in
1765 5013 2005 5053 sensum
2037 5014 2071 5054 a

435 5084 596 5141 Bullo
627 5085 976 5157 detorqueri.
1008 5085 1087 5139 Ea
1117 5084 1274 5139 enim
1306 5082 1469 5138 valde
1499 5084 1748 5139 obscura
1775 5102 1903 5141 esse
1933 5104 2068 5142 con-

433 5175 654 5245 ﬁtetur,
686 5175 787 5229 sed
817 5190 946 5246 qua:
977 5178 1172 5228 tamen
1202 5170 1537 5243 suspicatur
1565 5173 1635 5227 de
1662 5174 1790 5228 Filii
1833 5175 2069 5246 appari-

429 5263 588 5320 tione
614 5263 698 5319 sic
729 5279 856 5318 esse
887 5261 1295 5332 intelligenda:
1329 5259 1503 5316 Filius
1533 5260 1652 5328 Dei,
1679 5261 1758 5316 ait
1778 5262 1894 5329 ille,
1921 5279 2068 5334 qua-

432 5354 606 5408 tenus
639 5356 729 5407 est
757 5358 970 5406 aeterna
999 5350 1164 5404 Ratio
1195 5355 1251 5404 et
1281 5348 1516 5420 Sophia,
1565 5355 1707 5405 tunc
1754 5349 1813 5404 in
1863 5351 2068 5421 primis

431 5457 709 5514 apparere
738 5440 974 5510 incepit,
1007 5439 1239 5510 quando
1271 5439 1425 5494 Deus
1451 5437 1811 5494 inconditam
1843 5444 1899 5494 et
1930 5457 2067 5495 con-

428 5531 619 5584 fusam
653 5545 849 5584 rerum
897 5528 1198 5583 materiem
1251 5527 1538 5599 sapientia
1581 5545 1688 5582 sua
1735 5527 2064 5599 disponere,

430 5617 700 5674 ordinare
730 5623 788 5674 et
813 5635 1090 5674 exornare
1119 5632 1430 5687 aggressus
1461 5622 1569 5672 est.
1600 5619 1673 5671 At
1715 5633 1782 5672 ex
1823 5619 2066 5675 confusa

431 5717 539 5760 nec
569 5704 836 5762 ordinata
863 5721 1059 5762 rerum
1090 5702 1377 5777 congerie,
1412 5719 1538 5774 quae
1586 5703 1761 5762 chaos
1810 5710 2061 5782 vocatur,

2180 4737 2316 4786 ante
2340 4747 2426 4798 ea,
2460 4745 2704 4800 quorum
2736 4729 3017 4784 Dominus
3046 4728 3367 4795 exsisteret,
3399 4727 3500 4782 sed
3532 4726 3818 4782 Dominus

2179 4823 2407 4874 tantum
2440 4819 2672 4873 futurus
2707 4817 3077 4890 quandoque,
3111 4817 3260 4871 sicut
3292 4821 3453 4888 pater
3485 4832 3585 4888 per
3605 4814 3814 4885 filium,

2180 4908 2536 4978 sicutjudex
2565 4924 2668 4978 per
2692 4907 2967 4962 delictum
2999 4924 3011 4972 ;
3044 4906 3125 4960 ita
3164 4911 3220 4961 et
3266 4905 3550 4960 Dominus
3599 4921 3703 4975 per
3749 4920 3818 4959 ea

2182 5013 2308 5067 quae
2341 4995 2453 5051 sibi
2487 4995 2771 5051 servitura
2803 4996 3053 5052 fecisset.
3088 5016 3116 5043 ››
3147 4993 3310 5049 Unde
3333 4993 3628 5049 concludit
3650 4995 3814 5050 Peta-

2181 5085 2307 5140 vius
2329 5102 2362 5140 a
2389 5084 2748 5140 Tertulliano
2779 5085 2931 5140 clare
2962 5101 3027 5139 ac
3059 5083 3362 5156 perspicue
3385 5082 3610 5138 deﬁniri
3633 5083 3816 5139 fuisse

2179 5176 2434 5244 tempus,
2469 5190 2583 5244 quo
2615 5173 2796 5229 Filius
2827 5172 2926 5228 Dei
2958 5190 3070 5228 non
3102 5178 3246 5228 erat.

2249 5262 2446 5333 Neque
2477 5262 2948 5334 respondendum
2984 5266 3073 5317 est
3120 5260 3545 5317 Tertullianum
3597 5278 3709 5316 non
3743 5262 3814 5318 de

2177 5350 2299 5418 Dei,
2332 5351 2432 5406 sed
2463 5349 2718 5420 quolibet
2747 5351 3055 5406 hominum
3089 5349 3205 5406 ﬁlio
3235 5349 3416 5421 loqui.
3448 5350 3594 5405 Nam
3618 5351 3717 5405 ubi
3742 5351 3814 5406 de

2178 5439 2279 5495 Dei
2307 5440 2533 5512 sophia,
2567 5440 2687 5495 sive
2715 5439 2842 5512 ipso
2875 5441 2974 5494 Dei
3011 5439 3171 5509 Filio,
3212 5439 3470 5507 disserit,
3500 5439 3580 5493 ibi
3611 5441 3681 5495 de
3711 5439 3812 5495 illo

2175 5529 2313 5584 citat
2332 5533 2388 5584 et
2407 5529 2824 5600 interpretatur
2843 5529 2964 5584 base
2976 5527 3413 5584 Proverbiorum
3430 5529 3605 5583 verba
3626 5530 3810 5600 (Prov.

2173 5635 2301 5684 vm,
2332 5623 2375 5673 t.
2399 5621 2469 5671 22
2499 5623 2552 5673 et
2578 5620 2784 5691 :cqq.):
2821 5639 2849 5668 ‹‹
2880 5617 3163 5674 Dominus
3212 5617 3473 5672 condidit
3523 5633 3615 5672 me
3645 5617 3813 5673 initio

2177 5709 2410 5766 viarum
2441 5725 2680 5766 suarum
2706 5725 2720 5767 ;
2744 5710 2804 5766 in
2827 5725 3002 5782 opera
3023 5725 3128 5766 sua
3149 5714 3282 5765 ante
3302 5707 3517 5766 secula
3545 5707 3816 5768 fundavit
