4158 6354
359 292 471 352 937

1267 289 1338 348 D.
1385 290 1479 349 LE
1528 287 1854 350 NOURRY
1899 285 2550 347 OBSERVATIONES
2596 287 2854 348 NOVIE.

3653 289 3776 352 938

359 437 451 476 me
493 463 506 477 .
553 461 566 475 .
613 463 625 475 .
671 462 683 474 .
730 463 741 473 .
778 420 942 474 Prior
972 423 1166 474 autem
1200 420 1411 492 abysso
1442 421 1636 489 genita
1667 437 1820 474 eum.
1852 442 1878 469 »
1914 418 2007 472 Sic
2038 422 2091 484 Α
2124 419 2224 472 sed
2259 421 2491 473 tantum
2523 419 2594 472 de
2624 418 2862 472 domino
2893 423 3039 474 erat.
3093 417 3371 490 Exempla
3409 417 3592 489 igitur
3625 426 3773 476 sunt

357 515 551 565 autem
603 509 699 564 ille
747 510 881 564 inde
933 513 1379 580 argumentatur
1413 509 1676 581 (Tertull.
1710 509 1834 564 adv.
1870 510 2003 562 Iler-

354 616 495 670 mog.
523 616 648 669 cap.
678 600 763 670 18)
791 615 802 652 :
832 621 858 648 ι(
885 603 1175 669 Agnoscat
1207 615 1343 669 ergo
1375 597 1769 669 Hermogenes
1794 597 2008 652 idcirco

353 690 528 745 etiam
565 687 843 758 Sophiam
898 688 991 742 Dei
1030 693 1226 742 natam
1271 691 1326 742 et
1355 687 1648 742 conditam
1684 685 2006 758 prmdicari,

355 795 427 833 ne
459 778 600 848 quid
627 777 896 831 innatum
920 781 976 830 et
998 775 1359 831 inconditum
1383 781 1586 847 praeter
1612 777 1801 831 solum
1830 781 2006 830 Deum

353 867 747 922 crederemus.
784 866 844 919 Si
868 865 1024 920 enim
1058 864 1210 919 intra
1237 865 1551 919 Dominum
1577 865 1828 935 quodex
1859 865 2006 936 ipso,

351 959 408 1011 et
437 955 495 1010 in
531 956 658 1026 ipso
693 954 823 1020 fuit,
857 954 982 1009 sine
1014 953 1181 1008 initio
1214 971 1327 1008 non
1363 954 1491 1021 fuit,
1531 954 1748 1025 Sophia
1785 953 2010 1008 scilicet

351 1046 560 1115 ipsius,
594 1043 802 1098 exinde
825 1049 962 1098 nata
994 1048 1048 1098 et
1071 1044 1326 1110 condita,
1361 1061 1428 1098 ex
1460 1061 1573 1114 quo
1609 1044 1664 1098 in
1697 1060 1872 1098 sensu
1907 1044 2006 1097 Dei

350 1135 422 1190 ad
455 1150 630 1205 opera
663 1133 866 1187 mundi
900 1132 1267 1201 disponenda
1297 1133 1471 1204 coepit
1516 1133 1722 1204 agitari
1758 1151 1769 1200 ;
1823 1132 2006 1188 multo

352 1224 539 1294 magis
572 1240 683 1276 non
719 1221 873 1292 capit
902 1221 1026 1276 sine
1061 1222 1223 1276 initio
1255 1223 1579 1293 quidquam
1617 1223 1817 1286 fuisse,
1851 1222 2004 1292 quod

353 1317 516 1367 extra
539 1311 852 1366 Dominum
882 1311 1073 1365 fuerit.
1103 1333 1129 1360 »
1178 1310 1257 1364 lbi
1302 1328 1440 1366 sane
1464 1311 1889 1380 Tertullianus,
1923 1311 2008 1364 in-

347 1401 572 1472 quient,
617 1399 808 1470 palam
842 1405 1138 1454 asseverat
1187 1399 1468 1470 Sephiam
1502 1400 1622 1455 sive
1654 1400 1754 1455 Dei
1790 1400 2004 1454 Filium

347 1505 462 1545 non
495 1489 678 1544 fuisse
703 1489 829 1543 sine
870 1488 1059 1557 initio,
1082 1487 1346 1560 illudque
1389 1489 1722 1560 accepisse;
1756 1506 1820 1544 ac
1851 1491 1998 1545 85]

344 1579 622 1651 Sophiam
656 1582 797 1633 tunc
848 1582 1048 1633 natam
1103 1595 1168 1632 ac
1218 1577 1539 1649 conditam,
1570 1580 1804 1650 quando
1835 1580 2008 1651 ccepit

346 1669 416 1723 ad
456 1685 630 1739 Opera
665 1667 871 1722 mundi
903 1667 1267 1738 disponenda
1301 1668 1358 1722 in
1385 1684 1561 1723 sensu
1595 1668 1693 1723 Dei
1728 1669 1957 1740 agitari.

2121 524 2245 577 quae
2274 508 2343 561 ad
2378 507 2801 562 confutandam
2829 507 3251 579 Hermogenem
3285 508 3545 564 adhibet.
3573 510 3776 581 Cujus-

2118 594 2259 650 libet
2291 601 2508 659 autem,
2544 595 2661 651 sive
2694 597 2869 652 creati
2901 596 3020 652 sive
3050 597 3290 653 increati
3325 598 3506 668 patris
3537 603 3594 654 et
3615 599 3776 670 judi-

2118 684 2222 753 cis,
2277 686 2542 757 exempla
2573 686 2638 740 ad
2676 687 2803 756 ejus
2834 688 3202 758 propositum
3245 687 3465 758 pariter
3494 689 3774 745 conduce-

2118 775 2278 829 bant

2188 865 2322 919 Esto
2379 869 2597 927 tamen,
2640 869 2694 919 et
2740 866 3148 933 concedamus,
3190 865 3238 920 si
3282 864 3463 933 lubet,
3495 864 3662 921 illum
3706 868 3776 922 de

2116 969 2249 1008 vero
2280 954 2394 1008 Deo
2437 954 2602 1009 Patre
2654 955 2900 1025 ejusque
2949 953 3092 1010 Filio
3143 953 3325 1026 loqui,
3359 956 3648 1027 numquid
3681 954 3777 1011 in-

2118 1043 2280 1098 ﬁcias
2313 1043 2394 1097 ire
2425 1044 2612 1112 potuit
2662 1043 2827 1098 illum
2865 1061 2971 1099 suo
3014 1044 3171 1099 Patri
3203 1061 3333 1099 esse
3364 1050 3715 1101 cozeternum
3749 1045 3777 1100 ?

2118 1131 2320 1188 Nonne
2346 1131 2488 1188 satis
2517 1148 2809 1203 superque
2837 1132 3147 1203 probatum
3181 1137 3270 1188 est
3300 1149 3475 1206 quam
3500 1133 3777 1206 praclare

2117 1238 2182 1275 ac
2233 1238 2384 1291 saepe
2435 1221 2834 1292 praedicaverit
2877 1222 3218 1277 Sermonem
3251 1238 3352 1278 seu
3387 1222 3598 1278 Filium
3652 1222 3776 1281 Dei.

2117 1310 2216 1382 qui
2252 1312 2440 1366 Patris
2472 1311 2563 1365 sui
2596 1311 2739 1366 ratio
2771 1315 2879 1378 est,
2915 1327 3147 1382 semper
3196 1312 3254 1366 in
3296 1311 3393 1368 illo
3427 1312 3629 1379 fuisse,
3663 1329 3769 1369 nec

2117 1417 2378 1472 unquam
2403 1401 2564 1471 abeo
2587 1405 3017 1472 separatum,ac
3043 1401 3283 1472 proinde
3310 1417 3437 1457 esse
3463 1401 3778 1458 internum?

2116 1489 2506 1552 Quamobrem
2541 1489 2640 1544 ubi
2669 1490 2810 1544 dicit
2843 1494 3076 1560 tempus
3109 1489 3312 1560 fuisse,
3343 1507 3458 1562 quo
3518 1490 3615 1546 ille
3647 1508 3764 1548 non

2114 1583 2258 1647 erat,
2293 1578 2372 1633 ibi
2405 1577 2607 1649 procul
2646 1577 2824 1633 dubio
2857 1594 3068 1650 negare
3100 1578 3288 1634 noluit
3314 1579 3442 1650 ejus
3474 1579 3766 1637 aeternita-

2112 1671 2254 1736 tem,
2289 1684 2464 1738 quam
2498 1667 2715 1740 saepius
2748 1667 2885 1722 alibi
2919 1668 3174 1725 asseruit
3196 1685 3262 1723 ac
3292 1673 3519 1726 tutatus
3549 1674 3659 1726 est.

415 1776 620 1830 Totam
654 1779 845 1830 autem
882 1775 1029 1829 hanc
1060 1777 1652 1846 argumentationem,
1688 1781 1745 1830 et
1776 1776 2002 1847 integra
2033 1797 2078 1861 Β
2184 1773 2335 1831 852
2370 1775 2510 1838 Quis
2542 1791 2698 1846 ergo,
2735 1775 2988 1845 inquies,
3020 1776 3330 1831 verborum
3361 1777 3488 1846 ejus
3522 1792 3760 1843 sensus,

348 1864 609 1919 Auctoris
661 1864 846 1918 nostri
897 1865 1068 1919 verba
1100 1864 1428 1930 retulimus,
1464 1881 1534 1919 ne
1565 1864 1720 1920 ullus
1755 1882 1860 1919 nos
1893 1866 2000 1921 ali-

347 1954 487 2024 quid
546 1958 647 2007 aut
695 1953 1104 2007 dissimulasse
1151 1959 1251 2007 aut
1302 1954 1657 2023 praemisisse
1707 1960 1999 2010 causetur.

343 2043 542 2114 Neque
572 2043 749 2096 etiam
800 2042 1314 2097 dissimulabimus
1347 2044 1465 2097 haec
1498 2043 1844 2098 Tertulliani
1878 2044 2004 2100 loca

343 2132 485 2186 adeo
515 2132 766 2186 obscura
795 2136 851 2186 et
881 2130 1148 2186 difﬁcilia
1178 2133 1529 2202 quibusdam
1577 2133 1781 2199 videri,
1817 2139 1880 2188 ut
1911 2151 2000 2189 ar-

343 2220 774 2291 gumentationi
806 2237 873 2275 ex
925 2222 997 2275 iis
1046 2222 1233 2275 ducta)
1267 2221 1411 2275 nihil
1446 2221 1602 2276 aliud
1640 2225 2004 2293 responden-

341 2311 482 2365 dum
518 2310 877 2376 censuerint,
915 2310 1024 2363 nisi
1059 2310 1150 2364 his
1187 2310 1519 2381 Hieronymi
1543 2311 1756 2377 verbis,
1785 2312 2001 2382 quibus

345 2398 627 2467 Helvidio,
657 2399 927 2468 ejusdem
963 2399 1307 2453 Tertulliani
1343 2399 1456 2454 alia
1487 2401 1556 2454 de
1588 2417 1766 2455 causa
1802 2407 2000 2456 aucto-

349 2486 581 2542 ritatem
618 2488 928 2558 proferenti
955 2489 1266 2559 respondet
1289 2489 1674 2559 Hieronymus
1705 2489 1847 2560 (adv.
1883 2491 2006 2544 Hel-

344 2575 522 2645 vid.):
573 2597 600 2624 ‹‹
636 2580 702 2629 Et
754 2576 824 2629 de
876 2576 1238 2631 Tertulliano
1287 2579 1523 2646 quidem
1580 2577 1723 2631 nihil
1747 2578 2002 2649 amplius

343 2665 498 2733 dico,
532 2681 709 2735 quam
743 2663 1010 2720 Ecclesia
1045 2665 1342 2720 hominem
1376 2683 1491 2721 non
1520 2667 1726 2732 fuisse,
1749 2689 1776 2717 »
1801 2667 1856 2720 id
1891 2673 2000 2735 est,

342 2753 404 2807 in
435 2753 626 2808 varios
658 2753 1064 2808 haereticorum
1097 2771 1323 2810 errores
1357 2755 1717 2826 prolapsum.
1749 2757 1858 2812 Sed
1892 2757 2002 2812 hoc

346 2844 648 2912 responsio
704 2843 1068 2898 difficultatis
1097 2845 1282 2898 nodus
1313 2850 1564 2910 secatur,
1589 2863 1700 2899 non
1736 2847 1999 2902 solvitur.

343 2935 492 2987 Nam
522 2931 922 2986 Tertullianus
971 2932 1126 2986 hunc
1160 2932 1373 2988 librum
1407 2934 1648 3004 scripsit
1686 2935 1878 2990 adhuc
1904 2953 2000 2990 ca-

340 3020 595 3076 tholicus
621 3025 676 3075 et
711 3020 973 3076 Ecclesiae
1007 3020 1202 3076 homo.
1239 3022 1453 3077 Deinde
1480 3040 1632 3090 vero,
1667 3024 1899 3077 etiamsi
1941 3026 2000 3079 in

341 3110 534 3165 varios
583 3125 808 3164 errores
855 3109 1143 3176 inciderit,
1205 3122 1400 3181 atque,
1437 3115 1500 3165 ut
1551 3112 1748 3165 Hilarii
1805 3113 1994 3169 verbis

343 3203 946 3269 utamur,quanquam
971 3222 997 3248 (ι
1025 3215 1183 3254 error
1206 3199 1462 3254 hominis
1485 3201 1734 3255 detraxit
1758 3202 1994 3274 scriptis

344 3287 749 3359 probabilibus
785 3288 1193 3342 auctoritatem
1232 3309 1258 3340 »
1314 3288 1517 3357 (Hilar.
1583 3290 1879 3345 Comment.
1938 3294 1997 3346 in

347 3375 532 3431 Matth.
567 3393 690 3446 cap.
726 3376 801 3446 5),
857 3392 962 3430 nos
1011 3380 1202 3431 tamen
1260 3394 1438 3447 supra
1477 3379 1845 3432 ostendimus
1894 3383 1994 3433 Ca-

347 3465 629 3518 tholicum
661 3467 728 3518 de
761 3463 957 3518 divina
988 3470 1044 3518 et
1093 3470 1307 3519 aaterna
1339 3466 1465 3520 Filii
1497 3467 1591 3521 Dei
1627 3469 1998 3539 generatione

347 3556 562 3625 dogma
593 3554 664 3608 ab
699 3553 816 3621 illo,
849 3553 968 3608 sive
999 3554 1340 3626 orthodoxe,
1374 3555 1492 3611 sive
1526 3555 1794 3613 haeretico
1825 3575 1997 3614 cons-

346 3648 539 3699 tanter
570 3646 861 3698 assertum
893 3660 959 3698 ac
989 3643 1364 3699 vindicatum.

417 3750 565 3805 Vero
621 3751 815 3821 itaque
847 3750 1095 3806 similior
1125 3753 1391 3807 fortassis
1425 3753 1716 3809 videbitur
1746 3755 1996 3810 aliorum

349 3840 672 3910 responsio,
709 3841 807 3910 qui
842 3841 1045 3895 dicunt
1077 3840 1526 3911 Tertullianum,
1552 3845 1816 3897 acerrimi
1843 3845 2000 3916 inge-

347 3929 428 3983 nii
461 3929 834 3997 virum,haud
871 3929 1104 3983 insolito
1136 3931 1564 4001 disputantium
1591 3949 1750 3987 more
1785 3933 1838 3986 in
1876 3951 1994 3988 ma-

347 4019 504 4072 xima
536 4019 604 4071 de
637 4019 892 4072 materias
925 4019 1248 4073 aeternitate
1281 4037 1412 4074 cum
1450 4024 1800 4092 llermogeae
1825 4022 1999 4077 haere-

348 4107 464 4162 tico
494 4106 882 4173 contentione,
914 4106 1084 4176 paulo
1119 4107 1292 4173 ultra,
1319 4126 1494 4180 quam
1530 4127 1628 4180 par
1659 4116 1803 4178 erat,
1839 4112 1998 4166 abre-

355 4201 520 4268 ptum
554 4195 736 4250 fuisse
768 4197 936 4266 (Bult.
985 4196 1192 4266 defens.
1246 4197 1338 4266 βά.
1390 4199 1534 4262 Nic,
1571 4204 1709 4253 sect.
1759 4200 1812 4266 3,
1869 4217 1993 4271 cap.

353 4286 440 4350 10,
478 4302 536 4338 n.
563 4285 636 4355 4).
661 4284 891 4339 Nemini
923 4285 1103 4354 enim,
1129 4285 1212 4340 vel
1249 4286 1620 4341 mediocriter
1650 4288 1706 4340 in
1741 4287 1998 4358 legendis

349 4375 476 4445 ejus
506 4373 672 4428 libris
703 4377 950 4440 versato,
984 4373 1415 4445 incompertum
1449 4390 1576 4430 esse
1605 4381 1798 4446 potest
1829 4375 1994 4431 illum

348 4463 419 4518 ad
477 4462 891 4518 stabiliendam
944 4462 1198 4534 aliquam
1248 4462 1701 4534 propositionem
1737 4465 1998 4536 undique

2113 1863 2329 1932 quibus
2359 1879 2483 1920 eam
2535 1869 2652 1918 tam
2694 1868 2892 1934 aperte
2939 1863 3189 1920 inficiari
3247 1863 3474 1919 videtur
3508 1864 3535 1920 ?
3584 1864 3766 1921 Nobis

2112 1949 2280 2006 facile
2312 1952 2546 2022 quidem
2573 1952 2953 2023 persuadebis
2985 1952 3127 2008 nihil
3151 1953 3310 2008 aliud
3337 1953 3449 2009 sibi
3485 1953 3763 2023 voluisse,

2113 2055 2290 2110 quam
2341 2040 2472 2096 aliis
2523 2058 2698 2111 supra
2747 2041 3070 2112 explicatis,
3104 2042 3319 2113 quibus
3369 2042 3595 2098 dixerat
3622 2046 3763 2098 tunc

2111 2130 2427 2198 perfectam
2460 2131 2641 2186 fuisse
2671 2130 2830 2186 illius
2864 2131 3501 2202 nativitatem,quando
3528 2133 3678 2188 Deus
3696 2132 3770 2188 ad

2112 2220 2402 2274 mundum
2435 2221 2753 2275 creandum
2803 2236 3117 2291 aggressus
3157 2226 3267 2277 est.
3301 2221 3558 2276 Tametsi
3598 2221 3756 2276 enim

2112 2313 2282 2362 antea
2313 2314 2370 2363 et
2399 2324 2467 2363 ex
2498 2313 2731 2375 aeterno,
2767 2309 2850 2363 uti
2883 2309 3272 2376 ostendimus,
3318 2310 3413 2366 hic
3445 2310 3629 2365 Filius
3659 2309 3762 2366 Dei

2111 2412 2217 2468 gen
2231 2398 2342 2452 itus
2364 2398 2554 2465 fuerit;
2576 2399 2837 2453 nondum
2853 2404 3045 2453 tamen
3068 2415 3136 2454 ex
3152 2399 3352 2454 aeterni
3366 2398 3554 2454 Patris
3595 2399 3754 2466 sinu,

2111 2503 2213 2541 seu
2248 2487 2570 2553 intellectu,
2605 2491 2887 2558 tanquam
2928 2503 2994 2542 ex
3045 2487 3172 2556 ejus
3207 2488 3468 2557 matrice,
3502 2487 3675 2543 vulva
3707 2492 3764 2543 et

2111 2577 2282 2631 corde
2335 2581 2684 2630 excesserat.
2733 2578 2879 2631 Ante
2911 2592 3002 2630 res
3050 2575 3232 2647 igitur
3281 2581 3504 2633 creatas
3537 2592 3643 2632 nec
3671 2575 3760 2630 Fi-

2110 2665 2227 2720 lius
2258 2681 2406 2733 esse,
2442 2681 2546 2720 nec
2580 2665 2808 2720 Patrem
2842 2665 3055 2721 habere
3087 2665 3759 2736 cognoscebatur?Cum

2112 2759 2308 2810 autem
2334 2756 2497 2810 Pater
2519 2754 2686 2809 illum
2726 2759 2886 2811 extra
2923 2770 2983 2810 se
3015 2755 3234 2821 emisit,
3265 2760 3405 2810 tunc
3435 2756 3564 2826 ejus
3595 2769 3763 2826 gene-

2111 2843 2419 2912 rationem,
2450 2850 2506 2898 et
2541 2843 2707 2899 illum
2758 2860 2957 2899 revera
2987 2844 3199 2898 Filium
3252 2844 3351 2899 Dei
3383 2859 3532 2911 esse,
3569 2844 3762 2899 homi-

2112 2951 2214 2988 nes
2260 2949 2572 3004 agnoscere
2630 2936 2950 3003 cceperunt.
2998 2931 3394 2988 Tertullianus
3441 2932 3642 3004 itaque
3697 2936 3763 2987 ut

2109 3021 2376 3076 frivolam
2408 3021 2789 3093 Hermogenis
2828 3039 2894 3076 ex
2927 3038 3061 3077 voce
3091 3023 3315 3076 Domini
3343 3026 3640 3092 sumptam
3672 3038 3769 3077 ar-

2111 3110 2613 3182 gumentationem
2639 3110 2934 3165 efficacius
2955 3109 3377 3175 everteret,dici
3401 3124 3574 3180 posse
3603 3109 3755 3164 arbi-

2107 3204 2294 3254 tratus
2326 3204 2414 3254 est
2461 3199 2641 3255 fuisse
2690 3203 2946 3270 tempus,
2983 3216 3097 3271 quo
3132 3215 3237 3254 nec
3268 3200 3452 3254 Deum
3483 3215 3611 3255 esse
3642 3216 3743 3270 pa-

2104 3294 2277 3354 trem,
2308 3304 2412 3343 nec
2443 3289 2570 3359 ejus
2605 3289 2812 3342 Filium
2848 3289 3110 3343 homines
3150 3289 3583 3360 agnoscebant;
3612 3289 3753 3359 quia

2105 3378 2286 3448 hujus
2313 3378 2608 3449 generatio
2639 3382 2695 3432 et
2718 3377 2994 3432 nativitas
3024 3377 3170 3449 ipsis
3203 3382 3500 3449 comperta
3521 3381 3579 3434 et
3601 3378 3762 3448 agni-

2107 3471 2165 3522 ta
2198 3483 2312 3521 non
2345 3468 2552 3522 fuerat.
2586 3469 2687 3522 Ast
2709 3466 2810 3521 ubi
2841 3483 2966 3521 eam
3002 3472 3384 3538 agnoverunt,
3409 3471 3569 3535 tunc,
3601 3467 3757 3522 sicu-

2108 3556 2150 3610 ti
2201 3556 2424 3610 dictum
2475 3556 2546 3610 ab
2587 3572 2652 3610 eo
2701 3555 2979 3622 vidimus,
3015 3555 3135 3611 haec
3175 3555 3470 3626 generatio
3501 3555 3758 3627 perfecta

2105 3646 2228 3699 fuit.
2266 3645 2346 3699 De
2367 3645 2474 3699 hac
2503 3645 2682 3717 igitur
2710 3645 2984 3715 perfecta,
3011 3661 3077 3700 eo
3109 3662 3224 3717 quo
3243 3644 3600 3712 notavimus,
3622 3660 3757 3700 sen-

2109 3752 2176 3789 su
2209 3733 2577 3805 generatione
2606 3733 2766 3804 loqui
2794 3733 3042 3789 videtur.

2179 3845 2251 3896 At
2281 3842 2431 3896 hanc
2465 3858 2661 3896 revera
2691 3856 2818 3896 esse
2850 3840 3011 3895 illius
3041 3844 3299 3896 mentem
3331 3839 3534 3896 confici
3569 3843 3760 3910 potest

2108 3948 2174 3986 ex
2207 3931 2399 3985 citatis
2432 3930 2742 4001 ipsiusmet
2764 3930 3046 3984 adversus
3075 3929 3502 4000 Hermogenum
3527 3927 3757 3983 verbis:

2109 4043 2136 4070 «
2168 4020 2382 4090 Sephia
2419 4020 2630 4091 ipsius,
2664 4018 2882 4089 inquit,
2915 4018 3124 4073 exinde
3164 4026 3298 4072 nata
3328 4021 3384 4072 et
3413 4016 3667 4083 condita,
3691 4033 3761 4071 ex

2110 4125 2224 4179 quo
2256 4109 2314 4162 in
2349 4126 2526 4164 sensu
2560 4107 2656 4163 Dei
2681 4107 2751 4162 ad
2777 4124 2952 4178 opera
2977 4105 3183 4160 mundi
3202 4105 3563 4176 disponenda
3588 4104 3763 4175 coepit

2109 4198 2317 4268 agitari
2353 4221 2378 4247 ››
2404 4197 2669 4268 (Tertull.
2703 4196 2912 4251 advers.
2946 4197 3269 4266 Hermogen.
3303 4210 3430 4264 cap.
3467 4194 3490 4247 1
3537 4193 3554 4264 )
3582 4211 3596 4261 ;
3621 4192 3762 4265 quia

2109 4286 2228 4340 haec
2284 4287 2409 4356 ipsa
2461 4286 2697 4357 Sophia,
2748 4301 2872 4353 quas
2920 4283 3042 4352 illo,
3094 4288 3158 4339 ut
3206 4282 3483 4352 diximus,
3517 4282 3757 4351 fatente,

2106 4375 2164 4428 in
2203 4378 2311 4431 Deo
2344 4379 2512 4430 Patre
2543 4391 2776 4445 semper
2818 4373 2946 4442 fuit,
2979 4372 3320 4427 hominibus
3354 4388 3421 4426 ex
3468 4371 3596 4442 ipso
3625 4375 3761 4426 nata

2106 4465 2401 4534 apparuit,
2435 4481 2501 4519 ac
2551 4463 2864 4518 manifesta
2895 4462 3042 4533 ipsis
3090 4463 3239 4516 facta
3280 4464 3390 4516 est.
3423 4460 3570 4518 Nam
3601 4459 3760 4515 enim

347 4555 687 4620 argumenta
722 4550 1014 4622 colligere,
1047 4568 1113 4607 ac
1145 4568 1212 4606 ea
1242 4550 1416 4606 etiam
1459 4567 1586 4621 quae
1636 4569 1751 4606 non
1805 4554 1999 4623 magni
2035 4539 2076 4603 Ι)
2109 4553 2255 4608 dixit
2283 4569 2412 4608 eam
2435 4558 2558 4607 tum
2584 4551 2844 4623 primum
2878 4554 3064 4605 ortam
3090 4566 3155 4604 ac
3187 4549 3468 4621 genitam.
3502 4548 3628 4603 Non
3652 4547 3762 4603 hoc

348 4644 514 4695 erant
534 4640 837 4694 momenti.
863 4644 987 4694 Non
1012 4656 1169 4710 ergo,
1194 4639 1494 4710 inquiunt,
1513 4656 1579 4694 ex
1603 4642 1800 4697 citatis
1822 4641 2000 4712 hujus

352 4728 484 4783 libri
507 4729 1100 4798 verbisjudicandum
1124 4733 1234 4794 est,
1258 4728 1398 4797 quid
1425 4727 1521 4783 ille
1543 4730 1612 4783 de
1633 4735 1849 4786 aeterna
1870 4732 1999 4785 Filii

350 4818 447 4873 Dei
502 4818 875 4889 generatione
925 4818 1211 4884 senserit;
1259 4818 1357 4872 sed
1392 4833 1459 4872 ex
1484 4819 1635 4883 aliis,
1672 4821 1769 4874 ubi
1803 4821 2000 4876 sedato

353 4912 672 4978 pacatoque
705 4909 900 4962 animo
935 4924 1126 4974 suam,
1161 4906 1243 4960 uti
1277 4907 1554 4974 vidimus,
1581 4913 1637 4962 et
1693 4910 1874 4964 totius
1909 4912 2000 4964 Ec-

349 4994 536 5049 clesia
570 4997 638 5049 de
672 5013 948 5066 suprema
979 4995 1108 5050 Filii
1135 4995 1235 5050 Dei
1261 4996 1566 5052 divinitate
1597 5003 1652 5053 et
1682 5000 2002 5055 aeternitate

350 5084 676 5139 doctrinam
710 5085 1038 5154 explicavit.

419 5172 527 5226 Sed
564 5173 917 5239 accuratius,
951 5175 998 5228 si
1031 5174 1213 5242 lubet,
1252 5176 1653 5246 expendamus
1686 5182 1881 5233 utrum
1908 5179 2004 5234 ille

353 5277 497 5315 verte
530 5265 586 5315 et
618 5278 649 5314 a
680 5278 741 5316 se
781 5261 1052 5317 stabilita:
1103 5263 1375 5318 doctrinae
1427 5263 1641 5320 limites
1671 5265 1727 5320 in
1763 5268 2006 5336 objectis

353 5350 498 5406 locis
530 5350 722 5420 reipsa
753 5351 828 5406 sit
857 5357 1283 5424 transgressus.
1321 5353 1379 5407 In
1409 5353 1599 5424 priore
1632 5361 1827 5412 autem
1860 5358 2007 5412 dixit

358 5445 540 5494 Deum
599 5456 712 5494 non
765 5457 995 5513 semper
1049 5441 1227 5497 fuisse
1278 5441 1603 5512 dominum,
1649 5445 1864 5500 «sicut
1902 5463 2007 5501 nec

356 5536 523 5601 pater
553 5529 742 5601 potuit
773 5547 902 5586 esse
943 5535 1076 5586 ante
1128 5531 1337 5597 ﬁlium,
1371 5548 1473 5586 nec
1494 5532 1677 5602 judex
1709 5539 1840 5589 ante
1871 5535 2009 5590 deli-

352 5623 536 5675 ctum.
569 5642 598 5671 »
632 5620 812 5691 Atqui
860 5620 941 5676 ibi
974 5622 1212 5692 quaestio
1265 5637 1380 5678 non
1411 5621 1481 5677 de
1513 5627 1678 5692 patre
1707 5628 1763 5680 et
1783 5625 2006 5697 judice,

675 5748 944 5814 PATROL.
991 5750 1040 5811 Ι.

2108 4644 2237 4714 ipso
2269 4643 2414 4708 loco,
2448 4658 2561 4713 quo
2594 4639 2975 4711 Hermogenis
3007 4639 3262 4710 argutias
3294 4638 3569 4710 explodit,
3601 4636 3763 4693 illam

2111 4733 2181 4787 ab
2213 4737 2426 4787 aeterno
2458 4737 2644 4786 ortam
2677 4730 2858 4784 fuisse
2891 4728 3282 4784 disertissime
3314 4727 3624 4799 pradicat:
3651 4727 3765 4784 «Si

2112 4821 2441 4876 necessaria
2461 4819 2789 4889 est,inquit,
2814 4819 2927 4873 Deo
2953 4818 3193 4873 materia
3228 4818 3297 4872 ad
3329 4832 3507 4888 Opera
3526 4817 3759 4886 mundi,

2113 4917 2177 4966 ut
2208 4911 2598 4981 Hermogenes
2628 4908 3002 4972 existimavit,
3028 4907 3235 4961 habuit
3270 4909 3421 4962 Deus
3453 4908 3766 4962 materiam

2110 5002 2281 5073 longe
2313 5000 2637 5069 digniorem
2671 5002 2726 5052 et
2757 4997 3139 5059 idoneiorem,
3175 5014 3289 5050 non
3320 4997 3473 5068 apud
3510 4995 3767 5066 philoso-

2114 5091 2263 5162 phos
2293 5089 2722 5154 aestimandam,
2757 5087 2856 5140 sed
2890 5087 3043 5156 apud
3079 5085 3392 5156 prophetas
3431 5084 3768 5154 intelligen-

2116 5178 2272 5241 dam,
2296 5175 2569 5246 Sophiam
2606 5190 2773 5228 suam
2807 5171 3050 5228 scilicet.
3079 5173 3204 5226 Haac
3238 5171 3492 5241 denique
3523 5169 3648 5225 sola
3669 5185 3768 5224 co-

2117 5265 2314 5338 gnovit
2346 5281 2585 5318 sensum
2619 5261 2869 5318 Domini.
2906 5261 3044 5326 Quis
3097 5260 3250 5315 enim
3296 5259 3405 5314 scit
3456 5276 3579 5329 quae
3627 5261 3768 5314 sunt

2116 5355 2239 5421 Dei,
2272 5359 2326 5408 et.
2359 5371 2485 5424 quae
2516 5352 2574 5407 in
2611 5352 2761 5423 ipso,
2795 5349 2908 5404 nisi
2950 5349 3196 5420 spiritus
3231 5347 3331 5418 qui
3365 5349 3423 5401 in
3456 5347 3585 5417 ipso
3609 5346 3636 5400 ?
3665 5349 3769 5402 So-

2117 5444 2256 5515 phia
2286 5448 2484 5498 autem
2519 5441 2783 5512 spiritus.
2817 5462 2836 5488 n
2878 5438 3035 5493 Unde
3065 5434 3162 5489 ille
3194 5433 3491 5490 concludit
3523 5451 3535 5488 :
3577 5453 3598 5481 ι
3628 5433 3769 5499 Quis

2117 5551 2232 5588 non
2263 5533 2414 5587 hanc
2443 5531 2635 5603 potius
2665 5529 2929 5583 omnium
2961 5525 3179 5578 fontem
3211 5527 3267 5577 et
3296 5520 3580 5593 originem
3603 5537 3770 5577 com-

2119 5623 2376 5689 mendet,
2411 5619 2714 5677 materiam
2745 5630 2878 5672 vero
2919 5610 3302 5668 materiarum
3335 5626 3451 5667 non
3483 5609 3598 5666 sibi
3627 5612 3766 5668 sub-

3372 5739 3452 5802 30
