4158 6338
372 395 491 456 939

888 388 1412 450 TERTULLIANI
1458 382 1781 448 ΟΡΕῆοΜ
1830 382 2026 445 PAltS
2074 385 2119 444 ι.
2154 415 2229 425 —-
2263 378 2532 440 SEltIES
2578 378 2625 448 Ι.
2675 374 3240 440 APOLOGETICA.

3644 374 3775 437 940

377 527 585 594 ditam,
621 541 735 580 non
767 526 921 579 statu
973 522 1281 591 diversam,
1314 537 1428 576 non
1474 524 1634 574 motu
1666 517 2013 590 inquietam,
2044 517 2100 583 Α
2129 513 2254 569 Filii
2293 512 2390 568 Ι)θὶ
2421 511 2744 580 divinitate,
2777 512 3069 567 sententia
3107 527 3173 566 ac
3203 509 3488 567 doctrina.
3523 511 3635 567 Sed
3671 510 3770 566 his

378 631 494 671 non
542 613 744 670 habitu
794 611 1254 679 informem,sed
1305 609 1542 664 insitam
1591 613 1648 662 et
1693 607 2009 678 prepriam,

379 709 435 759 et
455 702 924 773 compositam,et
944 697 1398 769 decoram,quali
1419 703 1567 752 Deus
1591 696 1780 768 potuit
1801 694 2011 766 egisse,

382 792 473 847 sui
506 791 692 862 magis
723 805 896 860 quam
919 788 1093 843 alieni
1115 787 1338 858 egens?
1366 789 1437 840 At
1477 787 1609 856 quis
1645 802 1756 840 non
1793 783 2014 839 intelli—

2121 603 2265 659 lueis
2298 601 2489 657 adhuc
2519 599 2738 672 aliquid
2770 601 2974 657 afferre
3003 617 3070 655 ea
3101 605 3370 672 possunt,
3400 617 3528 671 qua
3560 599 3658 654 ille
3694 599 3772 655 de

2121 693 2324 748 eodem
2382 690 2482 745 Dei
2531 689 2674 745 Filio
2719 690 2980 745 humana
3028 705 3200 745 carne
3240 689 3446 744 induto
3493 688 3765 745 tradidit.

2123 780 2452 838 Gentilibus
2499 784 2695 834 autem
2746 778 3017 846 breviter,
3067 779 3344 850 hancque
3401 778 3462 833 in
3521 779 3771 834 modum

382 880 465 953 git
495 881 574 934 ibi
604 897 634 933 a
665 877 1012 934 Tertulliano
1057 877 1240 932 asscri
1289 875 1565 946 Sophiam
1597 873 1718 942 Dei,
1751 874 1821 928 ab
1853 873 2014 928 omni
2123 871 2372 941 explicat
2417 867 2558 940 quid
2616 868 2687 922 de
2731 867 2831 922 illo
2879 867 3192 924 Christiani
3225 867 3509 924 sentirent
3539 884 3552 923 :
3588 889 3618 916 «
3655 867 3778 922 Iste

382 969 701 1025 aeternitate
731 966 911 1022 fuisse
959 983 992 1021 a
1043 965 1209 1020 Patre
1239 980 1346 1019 suo
1375 963 1656 1034 genitam,
1682 979 1807 1034 quas
1841 960 2013 1032 spiri-

381 1063 479 1115 tus
509 1063 738 1112 tantum
768 1061 876 1119 est,
909 1072 974 1109 ac
1006 1053 1102 1108 Dei
1149 1054 1336 1108 Patris
1366 1052 1754 1123 consiliarius,
1786 1068 1913 1123 quae
1943 1051 2014 1106 ab

382 1165 448 1204 eo
480 1163 595 1202 non
617 1149 784 1211 statu,
807 1144 864 1198 id
897 1151 1004 1208 est,
1031 1148 1091 1198 ut
1121 1160 1299 1214 supra
1331 1141 1656 1197 notavimus
1686 1139 2020 1196 substantia

382 1241 472 1293 est
506 1235 754 1302 diversa,
786 1233 887 1288 sed
937 1235 1184 1304 propria,
1216 1249 1281 1286 ac
1322 1248 1553 1302 semper
1579 1230 1760 1285 insita
1802 1229 1929 1300 fuit,
1962 1232 2020 1284 et

385 1342 503 1397 qua
531 1324 676 1390 sola,
711 1339 812 1377 nec
863 1321 980 1377 ulla
1028 1321 1142 1376 alia
1174 1337 1253 1388 re,
1287 1321 1358 1375 ad
1408 1320 1611 1374 mundi
1666 1318 2016 1373 creationem

385 1413 607 1485 egebat,
639 1413 684 1468 si
709 1417 904 1466 tamen
939 1411 1091 1465 Deus
1122 1410 1316 1480 aliquo
1360 1425 1613 1479 unquam
1673 1408 1864 1480 egisse
1909 1405 2022 1460 dici

387 1503 573 1576 possit
598 1502 627 1556 ?

457 1593 562 1648 His
588 1607 757 1663 porro
771 1589 854 1646 ita
876 1589 1174 1655 stabilitis,
1202 1587 1543 1660 ilermogeni
1568 1587 1751 1642 Deum
1783 1584 2026 1641 materia

390 1681 740 1754 indiguisse,
775 1684 948 1750 atque
981 1679 1122 1733 adeo
1165 1677 1279 1749 ipsi
1328 1693 1456 1732 esse
1503 1681 1846 1731 coazternam
1878 1676 2024 1729 eﬁ‘u-

386 1771 551 1827 tienti
586 1769 899 1841 respondet
928 1786 944 1821 :
977 1789 1005 1817 «
1040 1767 1255 1822 Idcirco
1281 1765 1458 1821 etiam
1487 1765 1764 1836 Sophiam
1794 1764 1894 1819 Dei
1925 1779 2026 1818 na-

389 1865 510 1916 tam
543 1864 601 1916 et
628 1857 921 1914 conditam
957 1855 1276 1928 praedicari,
1299 1871 1371 1910 ne
1402 1855 1535 1925 quid
1569 1854 1839 1908 innatum
1869 1856 1925 1907 et
1944 1851 2027 1906 in-

391 1903 692 2005 conditum
726 1952 931 2017 praeter
953 1903 1141 2000 solum
1167 1903 1347 1998 Deum
1379 1903 1768 1998 ciederemus.
1792 1963 1820 1990 »
1842 1939 2028 2012 (Ibid.)
2060 1903 2105 1968 Β

391 2037 544 2093 Dicit
569 2036 767 2107 itaque
789 2034 1087 2107 Sophiam,
1112 2049 1214 2088 seu
1235 2039 1570 2088 Sermonem
1593 2036 1649 2086 et
1670 2028 2024 2096 Filium‘Dei,

393 2125 710 2197 aliquando
737 2129 930 2179 natam
959 2123 1258 2195 prmdicari
1278 2122 1429 2178 858
1448 2125 1504 2176 et
1544 2122 1748 2191 agitari
1784 2119 2028 2191 ccepisse

385 2217 556 2288 juxta
584 2213 823 2269 citatum
857 2213 928 2267 ab
961 2211 1058 2267 illo
1091 2211 1381 2283 prophetae
1413 2211 1631 2266 dictum
1679 2226 1692 2264 :
1737 2232 1762 2258 ‹‹
1792 2209 2026 2262 Erueta-

391 2305 475 2359 vit
503 2317 828 2358 sermonem
861 2300 1149 2371 optimum
1183 2317 1196 2354 :
1229 2302 1415 2370 Atque
1465 2298 1545 2353 ita
1589 2303 1782 2364 natus,
1815 2296 2026 2368 inquit,

393 2397 594 2448 Sermo
625 2390 727 2446 Dci
759 2390 858 2461 qui
891 2395 946 2444 et
985 2389 1113 2459 ejus
1145 2387 1361 2459 Sophia
1409 2392 1534 2453 est;
1562 2409 1588 2436 ››
1629 2385 1766 2456 quia
1797 2401 1862 2440 ex
1894 2384 2028 2440 sinu

394 2479 581 2535 Patris
613 2477 726 2545 sui,
760 2477 818 2531 in
850 2493 962 2546 quo
994 2477 1066 2530 ab
1098 2481 1310 2529 aeterno
1340 2473 1572 2545 genitus
1603 2473 1867 2537 latuerat,
1892 2475 2031 2525 tunc

395 2569 588 2635 exivit,
637 2571 695 2622 et
737 2565 1003 2630 excessit,
1035 2573 1207 2634 atque
1248 2564 1346 2630 ita,
1379 2567 1444 2617 ut
1472 2562 1746 2628 diximus,
1781 2562 2033 2632 perfecta

397 2657 510 2712 fuit
535 2658 664 2726 eius
694 2653 965 2710 nativitas
991 2671 1005 2720 ;
1029 2651 1166 2722 quia
1186 2657 1333 2718 tum,
1361 2667 1463 2705 nec
1494 2655 1665 2705 antea
1693 2649 2032 2704 hominibus

395 2745 683 2818 patefacta
700 2749 756 2798 et
775 2743 1172 2797 demonstrata
1190 2740 1560 2803 est.0uemad
1573 2739 1806 2794 modum
1837 2742 2030 2793 autem

398 2833 520 2888 haec
550 2833 679 2904 ipsa
721 2829 847 2886 Filii
896 2830 992 2885 Dei
1028 2828 1342 2902 generatio,
1378 2828 1458 2882 ita
1487 2827 1662 2883 etiam
1695 2827 1874 2882 divini
1905 2828 2033 2897 ejus

398 2921 585 2977 Patris
615 2919 957 2985 dominatio,
981 2919 1098 2972 imo
1128 2923 1184 2973 et
1217 2918 1553 2990 paternitas,
1577 2936 1609 2972 a
1639 2916 1919 2972 creaturis
1950 2933 2032 2970 ra-

399 3011 574 3066 tionis
605 3008 974 3079 compotibus
1002 3006 1175 3078 cmpit
1205 3006 1402 3061 mundi
1434 3005 1751 3078 primordio
1773 3005 2033 3076 agnosci,

399 3103 458 3156 et
487 3099 641 3154 Deus
673 3098 822 3153 sicut
852 3097 1063 3161 Patris,
1087 3097 1170 3150 ita
1200 3102 1256 3151 et
1287 3095 1513 3150 Domini
1547 3095 1825 3166 appellari
1848 3094 2030 3150 nomi-

402 3186 782 3244 nibus.Porro
812 3191 1006 3240 autem
1035 3185 1186 3240 hanc
1215 3201 1343 3239 esse
1375 3183 1718 3239 Tertulliani
1752 3187 2030 3247 mentem,

2126 959 2223 1014 Dei
2255 958 2476 1024 radius,
2509 979 2537 1006 »
2587 957 2642 1011 id
2695 961 2806 1022 est,
2839 956 3018 1012 Filius
3062 955 3186 1028 Dei,
3219 956 3317 1028 qui
3360 973 3429 1012 ex
3459 955 3646 1012 Patris
3677 955 3776 1012 sui

2126 1048 2256 1104 sinu
2304 1053 2584 1118 tanquam
2636 1045 2837 1100 radius
2883 1062 2952 1101 ex
2996 1045 3125 1101 Sole
3175 1046 3410 1116 prodiit,
3466 1064 3488 1094 ι
3521 1050 3586 1100 ut
3616 1049 3777 1099 retro

2127 1153 2358 1207 semper
2400 1135 2825 1207 praedicabatur
2899 1135 2969 1191 ab
3039 1133 3323 1208 antiquis,
3387 1156 3408 1186 ι
3485 1133 3775 1189 nimirum

2127 1225 2448 1298 prophetis,
2471 1248 2499 1274 «
2533 1225 2804 1296 delapsus
2833 1223 2893 1278 in
2922 1224 3205 1296 virginem
3239 1225 3578 1296 quamdam,
3608 1231 3665 1278 et
3715 1223 3780 1278 in

2131 1319 2293 1370 utero
2341 1314 2468 1384 ejus
2523 1330 2656 1368 caro
2717 1313 3024 1385 ﬁguratus,
3088 1314 3349 1369 nascitur
3406 1315 3582 1368 homo
3653 1313 3778 1367 Deo

2132 1403 2344 1458 mistus
2379 1426 2404 1451 »ι
2439 1401 2796 1472 (Tertullian.
2848 1403 3124 1473 Apologet.
3156 1419 3280 1474 cap.
3312 1403 3406 1470 21,
3448 1418 3578 1473 pag.
3621 1402 3779 1471 309).

2132 1492 2242 1547 Sed
2297 1491 2420 1545 biec
2462 1491 2574 1546 alio
2627 1508 2686 1545 in
2759 1491 2906 1546 libro
2975 1491 3320 1546 clarioribus
3373 1491 3530 1546 hisce
3585 1491 3783 1545 verbis

2134 1579 2448 1652 exposuit:
2503 1600 2528 1631 α
2579 1584 2778 1651 Itaque
2822 1579 3127 1652 utriusque
3170 1579 3513 1636 substantiis
3561 1594 3781 1634 census

2135 1668 2432 1724 hominem
2464 1673 2520 1724 et
2542 1669 2725 1724 Deum
2755 1669 3054 1737 exhibuit;
3085 1669 3221 1725 hinc
3251 1673 3477 1737 natum,
3501 1669 3638 1723 inde
3661 1685 3784 1724 non

2139 1761 2340 1812 natum
2369 1772 2383 1824 ;
2415 1756 2551 1812 hinc
2581 1773 2880 1828 carneum,
2906 1757 3041 1813 inde
3071 1758 3429 1830 spiritalem;
3463 1757 3597 1814 hinc
3620 1757 3787 1812 inﬁr-

2139 1861 2325 1912 mum,
2395 1847 2528 1902 inde
2597 1848 2958 1917 praefortem;
3017 1846 3154 1902 hinc
3212 1847 3585 1914 morientem,
3642 1846 3786 1902 inde

2136 1932 2444 1989 viventem.
2478 1937 2611 2000 Quas
2662 1935 2986 2006 proprietas
3034 1935 3438 1992 conditionum
3487 1936 3696 1991 divinas
3726 1939 3791 1990 et

2137 2021 2406 2077 humanae
2454 2041 2620 2094 aequa
2661 2025 2866 2095 utique
2915 2029 3134 2080 natura
3183 2026 3492 2098 utriusque
3539 2024 3788 2080 veritate

2137 2111 2448 2182 dispuncta
2478 2117 2587 2178 est,
2607 2113 2808 2167 eadem
2840 2113 2952 2168 ﬁde
2982 2113 3223 2186 spiritus
3254 2119 3313 2169 et
3340 2114 3535 2170 carnis
3555 2131 3570 2181 ;
3590 2114 3782 2168 virtu-

2137 2203 2225 2255 tes
2255 2199 2526 2271 spiritum
2557 2200 2711 2258 854
2740 2201 2863 2268 Dei,
2897 2205 3200 2273 passiones
3239 2218 3472 2259 carnem
3517 2202 3782 2258 hominis

2137 2289 2527 2359 probaverunt
2576 2312 2596 2339 ι
2659 2290 2840 2361 (Idem
2891 2291 2957 2346 de
3009 2291 3182 2347 Carne
3222 2292 3448 2362 Christi,
3508 2309 3635 2362 cap.
3691 2292 3773 2362 5).

2139 2376 2487 2433 Luculenter
2533 2377 2712 2449 igitur
2759 2380 2927 2434 docet
2965 2380 3276 2450 perfectam
3323 2379 3564 2436 omnino
3593 2379 3780 2435 fuisse

2137 2465 2197 2521 in
2241 2466 2470 2522 Christo
2527 2466 2781 2522 divinam
2831 2468 3270 2540 humanamque
3329 2475 3618 2525 naturam.
3661 2469 3782 2525 Nec

2139 2554 2342 2611 minus
2364 2558 2562 2627 aperte
2593 2555 2850 2611 declarat
2896 2557 3044 2612 duas
3102 2557 3233 2612 illas
3282 2558 3497 2614 Christi
3531 2563 3780 2613 naturas

2141 2647 2416 2702 confusas
2469 2663 2581 2701 non
2617 2647 2819 2716 fuisse,
2851 2649 2952 2704 sed
3011 2665 3045 2704 a
3101 2663 3163 2704 se
3217 2649 3465 2705 invicem
3523 2648 3604 2703 ita
3659 2649 3782 2704 dis-

2141 2735 2375 2803 tinctas,
2404 2740 2468 2790 ut
2495 2736 2729 2808 penitus
2745 2738 2981 2792 diversis
3003 2737 3123 2793 sint
3141 2753 3342 2793 earum
3377 2738 3782 2809 proprietates.

2211 2848 2274 2898 In
2334 2843 2667 2914 Apolegetico
2723 2843 2920 2915 itaque
2971 2861 3104 2899 cum
3152 2844 3224 2899 ab
3270 2845 3610 2900 eodictum
3642 2849 3780 2900 est:

2145 2954 2172 2982 «
2202 2931 2472 2987 Nascitur
2519 2932 2694 2988 homo
2742 2933 2856 2988 Deo
2908 2934 3118 2988 mistus
3172 2956 3199 2983 »
3257 2935 3378 3004 (loc.
3425 2951 3578 3005 supr.
3637 2934 3781 3005 cit.),

2142 3019 2219 3074 ibi
2256 3019 2453 3092 procul
2489 3021 2664 3076 dubio
2698 3037 2811 3076 non
2859 3022 3153 3093 signiﬁcat
3182 3023 3328 3079 duas
3358 3023 3486 3094 ejus
3518 3027 3782 3089 naturas,

2143 3109 2230 3163 uti
2288 3113 2486 3181 postea
2544 3109 2884 3183 Eutychiani
2938 3112 3395 3178 somniaverunt,
3440 3112 3619 3167 fuisse
3648 3128 3786 3182 per-

2149 3200 2361 3255 mixtas
2393 3206 2450 3255 et
2476 3201 2773 3267 confusas,
2807 3203 2906 3256 sed
2941 3201 3024 3257 sic
3056 3201 3187 3268 sibi,
3221 3203 3374 3258 sicut
3395 3203 3534 3258 alibi
3559 3205 3783 3274 patefe-

401 3277 539 3332 inde
569 3274 894 3362 conﬁcitur,
920 3273 1184 3362 quod‘ibi
1218 3272 1477 3362 disputet
1497 3273 1774 3327 adversus
1799 3272 2036 3327 Hermo-
2067 3261 2108 3327 C
2148 3289 2356 3359 cimus,
2415 3289 2713 3361 copulatas
2761 3261 2825 3345 ὀι
2881 3261 3194 3362 conject”;
3255 3296 3320 3346 ut
3392 3261 3658 3348 ριπίεὶυε
3728 3296 3788 3346 οι

403 3379 633 3436 genem,
666 3361 767 3433 qui
795 3360 1180 3416 contendebat
1209 3362 1386 3416 Deum
1420 3361 1490 3415 ab
1522 3365 1734 3416 aeterno
1766 3377 1877 3415 non
1909 3376 2037 3416 esse

401 3452 730 3515 dominum,
773 3450 885 3505 nisi
934 3448 1202 3505 habuerit
1232 3454 1390 3505 extra
1417 3465 1478 3504 se
1511 3449 1835 3516 materiam,
1869 3449 2038 3519 cujus

399 3554 598 3594 revera
640 3537 915 3592 dominus
953 3536 1142 3591 fuerit.
1177 3538 1480 3603 Caeterum,
1504 3537 1768 3606 quamvis
1807 3534 2034 3591 Tertul-

397 3627 592 3682 lianus
623 3627 695 3681 ab
727 3624 885 3681 omni
911 3625 1434 3696 argumentationis
1473 3624 1651 3695 hujus
1691 3623 2036 3679 difﬁcultate

399 3731 525 3771 sese
555 3713 788 3786 penitus
829 3730 941 3767 non
993 3712 1389 3779 extricaverit;
1441 3728 1608 3767 nemo
1653 3718 1848 3768 tamen
1900 3713 2038 3768 inde

394 3803 740 3861 cuncludere
774 3800 974 3856 merito
1006 3806 1194 3873 potest
1222 3804 1294 3856 ab
1325 3801 1424 3856 illo
1448 3806 1715 3871 negatam
1744 3801 1924 3856 luisse
1946 3802 2034 3856 Fi-

394 3893 456 3948 lii
477 3893 574 3949 Dei
596 3891 1000 3958 aeternitatem,
1027 3907 1092 3945 ac
1114 3891 1371 3946 divinam
1398 3895 1688 3945 naturam.
1711 3891 1851 3956 Quis
1880 3890 2035 3946 enim

398 3981 584 4037 nescit
613 3978 909 4035 intellectu
942 3978 1288 4034 difﬁcillima
1328 3979 1591 4050 quaedam
1625 3979 1974 4034 documenta
2003 3996 2037 4033 a

399 4070 668 4143 pluribus
701 4069 856 4124 haud
881 4069 1214 4124 dubitanter
1235 4068 1436 4134 asseri,
1467 4067 1566 4138 qui
1589 4083 1788 4123 omnes
1822 4068 2037 4140 quibus

397 4158 778 4230 implicantur
833 4158 1240 4214 difficultatum
1303 4158 1485 4211 nodos
1537 4158 1770 4227 penitus
1817 4157 2037 4212 solvere

400 4264 516 4311 non
551 4248 833 4318 possunt?
861 4252 929 4301 At
969 4246 1401 4302 evidentissime
1445 4246 1808 4300 ostendimus
1859 4263 2033 4317 quam

401 4339 756 4404 constanter,
789 4350 964 4404 quam
997 4334 1234 4397 diserte,
1284 4337 1341 4386 ot
1389 4332 1514 4386 sine
1556 4333 1690 4388 ullis
1729 4335 2033 4389 verborum

398 4423 746 4495 ambagibus
818 4421 1214 4476 Tertullianus
1281 4423 1533 4476 asseruit
1589 4439 1654 4476 ac
1720 4423 2037 4478 vindicavit

395 4511 522 4566 Filii
554 4510 652 4567 Dei
676 4511 1058 4566 aeternitatem
1081 4509 1451 4581 divinamque
1475 4511 1602 4581 ejus
1624 4512 2036 4567 naturam.Sed

2145 3394 2315 3434 verus
2347 3383 2516 3444 Deus,
2549 3385 2606 3433 et
2636 3395 2804 3434 verus
2838 3379 3012 3435 homo
3045 3381 3122 3436 sit
3154 3382 3401 3450 (Dissert.
3435 3397 3492 3438 in
3532 3382 3782 3436 Lactant.

2147 3483 2273 3538 cap.
2310 3467 2397 3536 17,
2429 3471 2538 3521 art.
2571 3467 2647 3537 3).

2218 3579 2338 3628 Non
2369 3575 2660 3628 communi
2692 3579 2886 3630 autem
2919 3575 3224 3631 hominum
3259 3593 3420 3633 more
3468 3577 3638 3633 illum
3679 3578 3785 3634 ho-

2147 3663 2365 3718 minem
2414 3663 2635 3718 factum
2683 3679 2812 3719 esse
2860 3667 3062 3732 docet;
3111 3667 3213 3721 sed
3259 3667 3531 3739 delapsus,
3573 3668 3784 3739 inquit,

2146 3755 2205 3807 in
2231 3753 2526 3822 virginem,
2557 3768 2684 3822 qua
2715 3752 2843 3808 sine
2891 3752 3068 3809 ullius
3113 3755 3220 3810 viri
3271 3772 3448 3827 opera
3479 3756 3640 3812 illum
3687 3773 3774 3829 ge-

2147 3839 2275 3895 nuit
2305 3840 2606 3911 (Apotoget.
2656 3839 2764 3895 loc.
2817 3840 2893 3896 cit
2921 3841 2960 3912 ).
2992 3841 3206 3898 Verum
3230 3845 3367 3914 quia
3397 3845 3505 3900 hoc
3555 3845 3784 3900 creditu

2146 3927 2584 3993 difﬁcillimum,
2632 3928 2719 3984 vel
2787 3930 2858 3984 ab
2915 3931 3163 3986 ethnicis
3221 3932 3448 3988 irrideri
3509 3938 3783 4004 poterat,

2145 4015 2536 4071 Tertullianus
2567 4016 2833 4072 consulto
2881 4035 3023 4074 sane
3065 4025 3307 4076 cunctos
3335 4023 3610 4076 admonet
3638 4021 3784 4077 illud

2146 4122 2179 4160 a
2209 4105 2389 4160 sacris
2438 4107 2891 4176 praenuntiatum
2952 4107 3128 4162 fuisse
3179 4109 3496 4180 prophetis,
3533 4126 3784 4182 quorum

2147 4193 2462 4249 auctoritas
2521 4210 2553 4247 a
2603 4194 2854 4264 nemine,
2905 4201 2968 4250 ut
3033 4213 3211 4268 supra
3257 4198 3535 4267 diximus,
3597 4204 3787 4270 potest

2148 4282 2456 4338 inﬁrmari.
2498 4285 2820 4354 Qapropter
2891 4284 2989 4340 ille
3065 4287 3234 4356 paulo
3293 4294 3428 4343 ante
3501 4287 3781 4344 dixerat:

2147 4394 2173 4420 ‹‹
2211 4371 2374 4426 Venit
2403 4370 2583 4442 igitur
2611 4371 2711 4441 qui
2760 4373 2830 4426 ad
2881 4373 3309 4429 reformandam
3361 4381 3418 4430 et
3445 4374 3783 4430 illuminan-

2147 4461 2281 4514 dam
2313 4477 2462 4529 cam,
2497 4460 2770 4532 (gratiam
2817 4461 3148 4516 Judaeorum
3198 4463 3544 4520 Christianis
3595 4472 3785 4521 trans-

2147 4548 2438 4620 missam),
2483 4553 2766 4605 venturus
2813 4567 2846 4604 a
2895 4555 3007 4605 Deo
3056 4553 3481 4623 praenuntiatur
3517 4554 3786 4610 Christus

396 4598 978 4715 ilhrgf‘fgggfkbfn
995 4603 2035 4715 {agiliﬂuiggisgffdmat’
2068 4628 2113 4690 D
2146 4637 2241 4693 ille
2268 4598 2422 4692 ﬁlius
2458 4638 2573 4692 Dei.
2610 4659 2638 4688 »
2668 4667 2737 4680 -
2767 4661 2795 4688 «
2830 4639 3016 4710 Hujus
3059 4598 3247 4712 rigitur
3293 4643 3492 4712 gratiae
3522 4643 3785 4715 disciplie

398 4687 895 4760 quemadmodum
925 4687 983 4741 in
1015 4688 1278 4758 sequenti
1313 4689 1499 4760 capite
1529 4687 1874 4745 videbimus.

1055 4830 1289 4886 CAPUT
1322 4832 1416 4886 IX.

829 4919 902 4974 De
934 4918 1146 4974 Christo
1174 4920 1278 4976 Deo
1298 4925 1348 4977 et
1377 4921 1612 4977 homine.

923 5053 1123 5092 ARTlCU
1133 5054 1234 5091 ωε
1274 5053 1513 5093 PRIMUS.

402 5124 478 5181 De
507 5123 752 5180 humano
783 5125 988 5180 Christi
1007 5142 1075 5180 ea:
1103 5127 1315 5196 virgine
1342 5132 1484 5191 ortu,
1504 5143 1538 5181 a
1557 5128 1733 5181 sacris
1760 5127 2043 5198 prophetis

471 5198 846 5268 praenuntiata
878 5215 890 5251 :
924 5214 1024 5252 cur
1051 5199 1257 5252 dicitur
1287 5198 1440 5252 homo
1491 5199 1598 5253 Deo
1630 5200 1825 5253 mistus
1861 5219 1880 5253 :
1920 5202 2042 5267 ejus

475 5271 534 5324 in
581 5274 754 5324 terras
795 5269 1092 5324 adventum
1137 5287 1252 5322 non
1296 5286 1448 5339 posse
1476 5269 1632 5338 rejici
1659 5288 1695 5323 a
1721 5272 2038 5340 gentilibus,

469 5343 566 5412 qui
593 5341 662 5396 ad
689 5340 1074 5396 destruendam
1105 5341 1257 5395 illius
1287 5343 1571 5396 veritatem
1602 5343 1851 5412 quadam
1880 5343 2042 5396 simi-

470 5413 549 5468 lia
577 5414 880 5483 ﬁnxerunt.

468 5526 621 5582 Satis
659 5528 912 5591 abunde,
968 5527 1080 5580 nisi
1129 5527 1299 5600 plane
1346 5529 1623 5599 fallimur,
1659 5546 1693 5584 a
1739 5529 1906 5583 nobis
1937 5529 2040 5584 de-

401 5621 793 5670 monstratum
843 5621 930 5671 est
981 5631 1152 5686 quam
1208 5632 1342 5673 vera
1388 5617 1824 5688 orthodoxaque
1869 5617 2044 5673 fuerit

407 5701 753 5762 Tertulliani
790 5705 863 5760 de
906 5721 1181 5777 suprema
1227 5705 1423 5777 Verbi,
1467 5706 1586 5762 sive
1631 5706 1929 5764 Sermonis
1983 5711 2043 5763 et

2147 4743 2350 4798 meque
2402 4725 2619 4781 arbiter
2673 4732 2730 4781 et
2786 4729 3084 4800 magister,
3165 4729 3531 4787 illuminator
3613 4737 3786 4804 atque

2146 4816 2424 4871 deductor
2473 4816 2702 4886 generis
2749 4815 3016 4882 humani,
3050 4818 3229 4874 Filius
3269 4821 3365 4875 Dei
3397 4823 3786 4876 annuntiaba-

2148 4909 2279 4969 tur;
2314 4920 2425 4958 non
2467 4904 2703 4974 quidem
2736 4904 2818 4960 ita
2863 4907 3116 4978 genitus,
3151 4914 3215 4963 ut
3245 4910 3551 4966 erutescat
3589 4910 3648 4965 in
3683 4910 3784 4965 ﬁlii

2150 4993 2408 5059 nomine,
2467 4998 2570 5047 aut
2625 4993 2695 5049 de
2753 4996 2933 5064 patris
2980 4997 3202 5053 semine
3243 5039 3256 5053 .
3303 5040 3316 5053 .
3359 5041 3371 5054 .
3415 4999 3513 5055 Dei
3576 4999 3787 5056 Filium

2151 5080 2371 5135 nullam
2403 5082 2473 5136 de
2505 5081 2872 5152 impudicitia
2891 5085 3067 5140 habet
3089 5092 3331 5144 matrem
3359 5105 3373 5154 ;
3405 5088 3578 5144 etiam
3609 5106 3786 5161 quam

2149 5169 2378 5223 videtur
2435 5171 2668 5240 habere,
2719 5189 2835 5228 non
2893 5180 3174 5247 nupserat
3223 5197 3250 5226 ››
3321 5177 3523 5249 (lbib.).
3580 5179 3790 5234 Omnia

2151 5257 2270 5313 haec
2316 5260 2558 5315 totidem
2625 5261 2798 5316 verba
2841 5263 2898 5318 in
2950 5265 3165 5321 nostris
3220 5266 3524 5322 codicibus
3581 5285 3789 5324 manu-

2151 5349 2388 5421 scriptis
2445 5355 2502 5406 et
2573 5352 2830 5424 antiquis
2904 5355 3263 5413 editionibus
3324 5360 3396 5414 ad
3473 5358 3790 5432 Rigaltium

2151 5456 2334 5510 usque
2403 5441 2787 5497 exhibentur.
2865 5443 2975 5500 Sed
3045 5446 3333 5518 Rigaltio,
3433 5464 3607 5519 quem
3697 5447 3793 5502 alii

2151 5532 2354 5599 postea
2411 5531 2595 5585 secuti
2650 5537 2811 5597 sunt,
2841 5533 3094 5603 primam
3141 5535 3321 5606 hujus
3365 5536 3474 5592 loci
3507 5536 3790 5608 phrasim,

2151 5618 2376 5683 uncicis
2407 5619 2715 5690 inclusam,
2763 5622 2996 5693 penitus
3044 5637 3304 5680 resecare
3361 5624 3596 5697 placuit.
3652 5627 3792 5682 Nul-

2149 5706 2265 5764 lam
2322 5712 2520 5766 tamen
2577 5710 2994 5782 amputationis
3067 5711 3232 5778 illius
3304 5714 3558 5776 reddidit
3613 5714 3795 5774 ratio-
