4158 6330
294 367 405 425 941

1206 367 1279 428 D.
1328 369 1424 429 LE
1470 371 1796 433 NOURRY
1842 370 2490 434 OBSERVATIONES
2534 369 2791 431 ΝονλΕ.

3577 369 3698 431 942

299 516 455 569 nem,
530 499 649 556 imo
696 516 769 555 ne
845 500 1159 557 minimum
1223 503 1455 573 quidem
1528 507 1791 562 verbum.
1874 508 1941 561 At
1970 514 2024 578 Α
2126 506 2323 561 Palam
2345 505 2537 561 adhuc
2557 504 2959 561 Tertullianus
2981 502 3287 575 profitetur
3308 501 3699 560 huncChristi

296 588 530 645 tametsi
588 588 709 644 hac
767 588 1000 659 phrasis
1054 588 1279 647 inutilis
1330 610 1592 664 prorsus,
1654 601 1709 650 et
1761 596 1940 651 textui

295 677 640 733 Tertulliani
691 677 951 734 omnimo
1003 686 1353 751 prapostere
1400 682 1623 739 inserta
1668 684 1779 756 ipsi
1820 684 1943 739 visa

300 767 418 836 sit;
452 766 634 823 lector
680 770 876 822 tamen
928 768 1106 839 hujus
1154 770 1537 827 additamenti
1580 764 1787 829 saltem
1846 773 1945 828 ad-

300 857 629 911 monendus
649 860 793 911 erat.

372 982 677 1050 Caterum,
731 980 875 1035 nulli
919 982 1169 1038 obscura
1232 1000 1362 1039 esse
1420 991 1610 1055 potest
1658 988 1946 1044 sententia

301 1070 673 1137 Tertulliani,
707 1070 805 1141 qui
843 1071 1322 1129 manifestissime
1355 1078 1700 1145 pronuntiat
1732 1076 1943 1133 Filium

300 1160 399 1215 Dei
432 1159 741 1232 delapsum
771 1176 901 1215 esse
931 1159 990 1213 in
1023 1160 1332 1232 virginem,
1363 1179 1432 1217 ex
1476 1181 1585 1233 qua
1617 1164 1944 1222 humanum

304 1265 513 1319 corpus
556 1249 799 1319 accepit.
849 1247 1151 1321 Virginem
1203 1257 1395 1305 autem
1448 1252 1612 1322 dixit,
1667 1254 1804 1326 quia
1852 1256 1946 1310 hic

303 1340 401 1393 Dei
434 1337 676 1405 Filius,«
706 1337 1270 1410 Nullam,inquit,de
1300 1340 1663 1412 impudicitia
1696 1350 1944 1401 matrem

304 1427 515 1495 habet;
548 1428 726 1481 etiam
759 1444 934 1498 quam
966 1428 1197 1484 videtur
1226 1430 1460 1497 habere,
1494 1448 1607 1486 non
1641 1439 1943 1503 nupserat,

305 1522 378 1570 At
408 1517 455 1571 si
510 1515 632 1570 ulla
689 1516 910 1587 absque
971 1516 1345 1588 impudicitia
1398 1518 1550 1587 labe,
1583 1527 1639 1575 et
1698 1522 1947 1578 maritali

304 1604 596 1660 consortio
641 1610 828 1659 mater
876 1606 1025 1660 facta
1094 1611 1203 1672 est,
1254 1614 1409 1663 certe
1457 1609 1754 1664 Christum
1788 1610 1948 1667 salva

303 1694 655 1766 virginitatis
674 1711 793 1748 sua
823 1694 1156 1766 integritate
1177 1696 1397 1766 genuit.
1421 1698 1530 1753 Sed
1556 1716 1672 1769 qua
1701 1700 1945 1769 ratione,

306 1783 528 1854 inquiet
560 1782 795 1854 aliquis,
830 1783 941 1837 dici
983 1786 1175 1855 potuit
1210 1801 1221 1839 :
1254 1786 1371 1841 Non
1400 1791 1714 1856 nupserat?
1746 1789 1949 1845 Nonne

306 1871 571 1943 plerique
594 1888 796 1927 omnes
819 1871 979 1927 illam
1007 1873 1263 1944 Josepho
1280 1881 1524 1945 nuptam
1550 1892 1747 1931 revera
1771 1878 1952 1934 fuisse
1982 1883 2028 1947 B

307 1960 685 2017 asseverant?
744 1961 1117 2033 Respondent
1184 1962 1367 2033 aliqui
1426 1964 1533 2020 hoc
1591 1966 1765 2021 verbo
1832 1984 1946 2022 non

305 2055 584 2120 nupserat,
622 2049 765 2104 nihil
797 2050 953 2105 aliud
988 2051 1309 2122 significari
1342 2054 1452 2108 nisi
1490 2054 1727 2109 Mariam
1758 2055 1947 2111 virum

307 2155 421 2193 non
454 2139 814 2210 cognovisse.
850 2139 995 2194 Nam
1055 2144 1112 2194 et
1169 2141 1298 2211 ipsa
1328 2143 1533 2213 angelo
1601 2144 1902 2215 respondit
1933 2163 1947 2214 ;

309 2228 580 2295 Quomodo
624 2227 714 2296 ﬁet
770 2228 936 2292 istud,
1000 2232 1263 2299 quoniam
1320 2234 1503 2285 virum
1560 2249 1669 2286 non
1724 2248 1953 2303 eognos-

306 2320 416 2371 co?
474 2318 621 2387 (Luc.
684 2334 723 2386 ι,
780 2317 894 2387 34).
974 2318 1083 2373 Sed
1146 2318 1235 2373 his
1314 2320 1681 2390 probandum
1740 2327 1862 2376 erat
1919 2339 1953 2377 a

307 2404 523 2475 quibus
553 2406 791 2460 verbum
837 2406 981 2461 nubo
1027 2406 1134 2461 hoc
1183 2423 1354 2462 sensu
1407 2408 1747 2480 accipiatur.
1798 2410 1951 2465 Non-

308 2494 487 2548 nullis
530 2510 666 2549 vero
715 2494 855 2563 hac,
924 2512 1098 2566 quam
1152 2496 1484 2569 Hieronymi
1543 2513 1673 2553 esse
1722 2503 1951 2570 putant,

308 2583 591 2653 probatur
632 2582 827 2654 opinio
876 2583 1119 2639 Mariam
1178 2586 1409 2655 quando
1466 2587 1733 2658 concepit
1788 2586 1949 2642 Chri—

312 2677 497 2738 stum,
557 2670 710 2727 835
780 2689 1057 2743 sponsam
1131 2674 1251 2729 sive
1308 2679 1374 2729 ut
1452 2675 1953 2747 Evangelistarum

316 2765 558 2816 utamur
595 2762 790 2829 verbo,
826 2762 1207 2833 desponsatam
1255 2763 1492 2834 quidem
1562 2765 1743 2822 fuisse
1792 2766 1955 2822 Jose-

315 2850 454 2923 pho,
524 2850 617 2905 cui
685 2854 816 2922 post
880 2853 1051 2907 breve
1132 2869 1166 2907 a
1238 2859 1520 2924 conceptu
1586 2854 1954 2910 intervallum

311 2944 495 3010 nupta
525 2944 632 2994 est.
665 2940 774 2994 Sed
808 2937 1009 2995 nullus
1041 2940 1379 2995 Tertulliani
1435 2948 1681 2999 mentem
1741 2944 1958 3000 certius

311 3044 489 3099 quam
540 3027 636 3083 ille
688 3029 813 3099 ipse
860 3028 1086 3100 aperire
1158 3035 1349 3101 potest
1397 3034 1619 3099 (Petav.
1696 3039 1833 3088 tom.
1908 3033 1957 3087 V

312 3117 563 3189 Theolog.
608 3117 846 3187 dogmat.
901 3117 1003 3173 lib.
1074 3135 1189 3187 xxv,
1242 3136 1370 3193 cap.
1426 3122 1480 3191 3,
1530 3123 1557 3189 §
1604 3121 1711 3189 40;
1755 3122 1958 3177 Hiero-

2052 612 2120 650 ex
2153 597 2377 667 virgine
2407 601 2621 664 ortum,
2655 598 2711 649 et
2741 594 3058 649 adventum
3090 592 3148 648 in
3182 596 3391 660 terras,
3449 609 3483 648 s
3515 593 3700 649 sacris

2053 686 2271 741 nostris
2302 685 2535 743 vatibus
2566 683 3026 756 pranuutiatum
3050 680 3249 737 fuisse.
3283 681 3395 737 Sed
3428 698 3557 753 qua
3580 680 3701 738 sint

2053 774 2286 830 illorum
2328 773 2584 840 oracula,
2644 773 2753 828 hoc
2811 772 2871 827 in
2900 771 3074 839 libro,
3132 770 3190 824 in
3258 786 3371 842 quo
3430 769 3698 826 brevitati

2052 863 2414 932 consulebat,
2458 862 2628 935 plane
2676 862 2877 917 tacuit.
2913 860 3090 916 Plura
3117 875 3252 915 vero
3302 859 3401 915 ille
3459 860 3519 915 in
3547 858 3696 916 libro

2053 954 2309 1009 adversus
2363 952 2587 1021 Judaos,
2640 956 2697 1006 et
2728 950 2825 1006 alii
2857 952 2916 1005 in
2951 949 3082 1005 aliis
3118 949 3287 1005 libris
3310 948 3641 1005 retulerunt
3678 972 3694 1018 ς

2054 1043 2125 1097 de
2148 1042 2363 1113 quibus
2384 1042 2578 1097 adhuc
2610 1042 2665 1095 in
2692 1040 2901 1095 iisdem
2924 1038 3326 1111 superioribus
3349 1037 3566 1094 nostris
3583 1036 3701 1093 dis-

2055 1131 2474 1188 sertationibus
2492 1135 2684 1185 actum
2700 1146 2733 1185 a
2746 1130 2914 1185 nobis
2939 1128 3355 1184 fuit.0mittere
3370 1132 3566 1183 tamen
3584 1144 3700 1183 non

2055 1237 2375 1292 possumus
2404 1218 2623 1275 Justini
2646 1218 2921 1291 martyris
2940 1215 3363 1283 testimonium,
3391 1216 3546 1288 quod
3560 1216 3699 1272 Ter-

2055 1310 2289 1366 tulliani
2318 1310 2492 1365 dictis
2512 1309 2729 1381 optime
2750 1308 3232 1380 congruit,eaque
3248 1306 3464 1361 mirum
3488 1305 3547 1361 in
3576 1322 3704 1361 mo-

2056 1400 2196 1454 dum
2229 1400 2555 1455 contirmat.
2592 1398 2699 1454 Ubi
2730 1397 2886 1453 enim
2921 1396 3337 1452 sanctissimus
3371 1394 3468 1450 ille
3490 1398 3709 1467 martyr

2057 1488 2254 1560 plures
2291 1490 2361 1544 de
2403 1488 2595 1543 futuro
2643 1487 2857 1542 Christi
2907 1486 3161 1541 adventu
3214 1501 3517 1541 sacrorum
3569 1499 3704 1557 pro-

2056 1576 2368 1648 phetarum
2401 1576 2808 1649 pradictiones
2838 1574 3000 1641 citat,
3020 1579 3195 1646 atque
3225 1574 3377 1630 hanc
3407 1574 3466 1629 in
3500 1572 3708 1645 primis

2058 1666 2219 1722 Isaia
2255 1683 2267 1721 :
2302 1668 2433 1723 Εσοο
2497 1667 2653 1736 Virgo
2709 1667 2769 1719 in
2823 1667 2977 1721 utero
3033 1663 3290 1725 habebit;
3322 1662 3403 1718 ibi
3448 1660 3708 1718 ostendit

2060 1756 2283 1811 nullam
2326 1756 2462 1811 inde
2506 1754 2757 1809 ethnicis
2799 1752 2927 1808 dari
2975 1751 3341 1808 occasionem
3389 1768 3565 1808 suum
3604 1768 3708 1807 ex-

2058 1844 2303 1900 cusandi
2333 1844 2554 1913 Jovem,
2598 1842 2699 1915 qui
2744 1840 2945 1913 plures
3002 1840 3330 1896 adulterino
3387 1840 3707 1896 concubitu

2060 1932 2278 1989 liberos
2327 1936 2690 2005 susceperat.
2740 1932 2885 1986 Nam
2936 1930 3083 1985 illud
3153 1930 3313 1986 Isaia
3360 1929 3705 1986 vaticinium

2063 2019 2328 2093 Σημαίνει
2388 2020 2450 2074 οὐ
2510 2020 2977 2073 συνουσιασθιῖσαν
3038 2018 3136 2087 τὴν
3198 2017 3459 2094 παρθένον
3507 2015 3710 2073 συλλα-

2061 2104 2198 2163 ϐεῖν·
2249 2110 2294 2164 εἰ
2345 2110 2445 2185 γὰρ
2519 2108 2704 2163 ἑσυνου
2761 2108 2951 2177 σιάσθη
3029 2108 3417 2176 ὑπὸιὸτουοῢν,
3475 2105 3573 2161 οὐκ
3627 2101 3705 2161 ἔτι

2060 2199 2125 2267 ἦν
2160 2200 2445 2274 παρθένος·
2479 2196 2624 2253 ἀλλὰ
2656 2196 2883 2269 δύναμις
2913 2201 3047 2251 Θεοῦ
3104 2195 3402 2259 ἐπελθοῦσα
3446 2200 3515 2269 τῇ
3574 2216 3711 2271 παρ-

2061 2290 2217 2362 θένῳ,
2278 2289 2587 2344 ἐπεσκίασεν
2649 2288 2837 2357 αὐτὴν,
2894 2288 2986 2342 καὶ
3048 2287 3387 2362 κυοφορῆσαι
3447 2287 3709 2361 παρθένον

2064 2376 2221 2432 οὖσαν
2246 2377 2514 2447 πεποίηκε
2534 2396 2546 2409 ⁸
2583 2379 2867 2449 Signiﬁcat
2924 2380 3200 2449 virginem
3248 2378 3451 2449 absque
3477 2391 3709 2432 consue-

2064 2468 2251 2524 tudine
2282 2485 2510 2524 venerea
2531 2476 2909 2539 conceptarum
2940 2468 3131 2538 fuisse.
3162 2466 3224 2522 Si
3242 2470 3393 2521 enim
3420 2483 3545 2522 cum
3572 2482 3712 2540 quo-

2064 2575 2229 2630 quam
2257 2560 2633 2623 consuevisset,
2666 2573 2776 2611 non
2786 2560 2919 2628 jam
2942 2558 3092 2627 virgo
3112 2558 3328 2627 fuisset.
3358 2556 3425 2611 At
3444 2557 3595 2611 enim
3615 2556 3714 2611 Dei

2064 2649 2239 2702 virtus
2266 2647 2473 2718 virgini
2499 2647 2912 2718 superveniens,
2947 2646 3035 2700 illi
3063 2645 3424 2712 obumbravit,
3456 2650 3509 2701 et
3539 2648 3712 2718 virgo

2064 2754 2186 2792 cum
2215 2742 2373 2808 esset,
2404 2744 2465 2792 ut
2511 2740 2686 2807 [etum
2722 2735 2957 2806 gravida
3003 2736 3065 2790 in
3093 2740 3249 2791 utero
3295 2736 3471 2807 ferret
3525 2735 3709 2808 θῆσσα

2066 2827 2307 2899 (Justin.
2342 2826 2567 2898 Apolog.
2602 2826 2677 2897 1).

2137 2934 2350 2989 Verum
2382 2934 2430 2989 si
2463 2936 2620 2989 certo
2650 2932 2850 2989 nullus
2881 2930 3261 3005 pronuntiare
3316 2932 3530 2988 audeat
3572 2932 3713 2988 Ter-

2067 3023 2384 3079 tullianum
2458 3023 2529 3079 ad
2591 3022 2713 3077 hac
2792 3021 3141 3077 collineasse
3222 3020 3443 3077 Justini
3518 3020 3714 3092 verba,

2068 3110 2289 3165 nemini
2332 3110 2585 3182 profecto
2643 3110 2798 3166 836
2831 3109 3079 3164 dubium
3137 3124 3269 3164 esse
3325 3111 3539 3179 potest,
3573 3108 3717 3180 quin

311 3223 471 3278 nym.
515 3206 639 3262 adv.
688 3207 915 3277 Helvi)
978 3210 1050 3262 At
1096 3208 1155 3262 in
1223 3226 1330 3264 suo
1375 3210 1440 3264 de
1508 3227 1675 3266 came
1746 3210 1959 3267 Christi
1990 3243 2033 3309 Ο
2070 3198 2397 3272 Cyprianus
2429 3200 2499 3255 ad
2540 3200 2697 3256 hunc
2728 3197 3076 3255 Tertulliani
3100 3197 3284 3253 nostri
3305 3196 3499 3253 locum
3523 3212 3718 3297 respe-

309 3295 457 3351 libro
486 3296 604 3350 hac
635 3297 705 3352 de
740 3296 922 3351 Maria
971 3297 1200 3368 Virgine
1251 3299 1496 3371 scripsit
1529 3319 1541 3355 :
1579 3323 1605 3350 ‹‹
1644 3300 1765 3355 Etsi
1796 3300 1958 3372 virgo

310 3386 597 3457 concepit,
676 3386 731 3440 in
802 3392 973 3457 partu
1035 3404 1142 3441 suo
1212 3389 1436 3460 nupsit,
1506 3389 1635 3461 ipsa
1693 3390 1944 3461 patefact

313 3476 575 3547 corporis
610 3473 757 3545 lege,
790 3497 819 3524 »
853 3492 1027 3544 quam
1060 3476 1276 3531 ibidem
1309 3478 1450 3532 citat
1483 3496 1495 3533 :
1531 3501 1557 3528 ι(
1593 3479 1776 3534 Omne
1808 3496 1963 3534 mas-

315 3564 581 3619 culinum
634 3564 979 3635 adaperiens
1026 3565 1278 3631 vulvam,
1349 3572 1617 3621 sanctum
1664 3568 1964 3623 vocabitur

314 3652 560 3707 Domino
594 3677 615 3704 ι
656 3654 860 3723 (Idem,
894 3656 964 3708 de
993 3670 1159 3708 carne
1194 3654 1399 3711 Christ.
1446 3673 1574 3728 cap.
1621 3658 1736 3728 23).
1788 3657 1962 3713 Vides

316 3759 456 3798 sane
493 3743 733 3797 verbum
765 3742 970 3798 nubere
999 3744 1096 3798 hic
1145 3744 1214 3798 ab
1246 3761 1311 3799 eo
1362 3746 1517 3800 sumi
1568 3764 1668 3816 pro
1718 3747 1961 3819 virginis

313 3836 505 3903 partu,
541 3848 655 3903 quo
686 3831 855 3887 vuiva
882 3834 1011 3901 ejus
1061 3839 1318 3888 reserata
1369 3840 1477 3889 est.
1532 3835 1653 3890 Non
1683 3837 1805 3905 jam
1840 3836 1961 3907 qui-

315 3922 446 3976 dem
508 3920 829 3991 quarimus
880 3938 995 3992 quo
1054 3938 1232 3977 sensu
1290 3938 1418 3978 eam
1494 3928 1755 3995 apertam
1832 3942 1961 3982 esse

313 4010 542 4077 dixerit,
576 4010 647 4065 de
677 4027 791 4081 quo
842 4011 901 4064 in
958 4011 1175 4065 nostris
1226 4012 1296 4065 ad
1351 4012 1727 4068 Ambrosium
1761 4015 1957 4069 obser-

314 4099 670 4153 vationibus.
727 4099 906 4153 Nobis
952 4098 1108 4154 enim
1182 4117 1336 4155 nunc
1385 4102 1603 4157 sufficit
1664 4102 1830 4170 illud,
1890 4104 1961 4159 de

313 4205 426 4260 quo
459 4188 652 4260 agitur
689 4188 931 4244 verbum
979 4190 1185 4244 nubere
1238 4190 1309 4245 ab
1342 4207 1408 4246 eo
1459 4192 1640 4261 accipi
1692 4208 1794 4263 pro
1829 4208 1958 4247 mu-

313 4277 513 4333 liebris
543 4279 690 4333 uteri
724 4278 782 4333 in
816 4283 985 4350 partu
1018 4279 1410 4350 patefactione
1445 4280 1661 4349 (Not.in
1697 4271 1958 4337 Ambros.

321 4369 565 4437 Exposit.
621 4369 874 4438 Evangel.
924 4385 1029 4424 sec.
1068 4370 1247 4440 Luc.).
1306 4369 1470 4425 Sicut
1516 4374 1708 4425 autem
1751 4385 1962 4442 negare

317 4474 432 4512 non
457 4474 774 4529 possumus
806 4458 955 4515 hanc
996 4458 1239 4514 minime
1287 4458 1585 4531 propriam
1618 4476 1746 4515 esse
1786 4459 1963 4530 hujus

316 4546 475 4602 verbi
509 4546 1017 4618 significationem,
1053 4548 1135 4603 ita
1165 4552 1320 4603 certe
1378 4564 1581 4603 omnes
1634 4549 1800 4605 fateri
1858 4550 1962 4604 de-

318 4635 457 4690 bent
487 4610 771 4691 illibatam
806 4610 1419 4708 Maria'virginitatem
1476 4639 1546 4692 ab
1580 4636 1678 4693 illo
1735 4638 1965 4694 eviden-
1997 4610 2044 4674 D

316 4724 546 4779 tissime
593 4725 777 4780 asseri
825 4725 1012 4796 (Tom.
1064 4726 1107 4793 Ι,
1160 4726 1420 4796 Apparet.
1456 4725 1559 4781 lib.
1614 4743 1698 4797 ιιι,
1730 4727 1965 4783 dissert.

316 4816 371 4881 2,
405 4830 531 4884 cap.
558 4815 614 4881 6,
647 4818 757 4870 art.
786 4814 841 4880 9,
876 4831 1006 4886 pag.
1049 4815 1195 4885 973).
1232 4814 1357 4869 Non
1391 4814 1448 4869 in
1496 4832 1602 4870 suo
1650 4815 1805 4871 enim
1836 4821 1967 4872 tan-

319 4906 444 4955 tum
480 4903 847 4973 Apologetico,
884 4905 984 4959 sed
1032 4902 1144 4958 alio
1194 4903 1371 4959 etiam
1422 4903 1479 4958 in
1538 4904 1704 4974 libro,
1738 4910 1801 4960 ut
1832 4905 1971 4961 alibi

323 4989 601 5056 vidimus,
633 4991 776 5046 illud
810 4994 1229 5048 documentum
1275 4992 1518 5061 stabilit,
1556 5011 1620 5048 ac
1664 4995 1973 5049 confirmat

324 5082 605 5148 tanquam
641 5080 712 5135 ab
745 5081 1017 5136 universa
1048 5080 1139 5137 sui
1172 5082 1451 5153 temporis
1474 5083 1751 5150 Ecclesia,
1788 5090 1844 5139 et
1869 5102 1969 5139 an-

327 5172 418 5221 tea
453 5182 664 5237 magno
698 5185 985 5224 consensu
1022 5176 1343 5240 receptum.
1376 5176 1488 5226 Nos
1520 5188 1651 5227 vero
1697 5173 1766 5227 de
1816 5189 1881 5227 eo
1916 5174 1973 5227 in

330 5257 737 5327 superioribus
794 5260 1015 5313 nostris
1078 5259 1590 5315 dissertationibus
1654 5261 1975 5333 disputavi-

331 5362 463 5399 mus
497 5346 657 5414 (Ibid.
698 5346 797 5403 lib.
834 5364 893 5413 ιι,
927 5348 1162 5404 dissert.
1194 5351 1247 5416 6,
1283 5366 1409 5421 cap.
1440 5352 1494 5416 7,
1524 5352 1551 5419 ξ
1578 5351 1635 5417 5,
1671 5367 1800 5422 pag.
1832 5352 1975 5418 597;

333 5437 622 5491 Dissertat.
658 5439 717 5491 in
747 5439 996 5494 Lactant.
1029 5455 1151 5510 cap.
1192 5440 1277 5507 17,
1311 5444 1420 5494 art.
1450 5440 1503 5505 3,
1539 5444 1680 5494 tom.
1728 5439 1770 5510 Ι,
1801 5449 1980 5509 Appa-

332 5536 438 5581 rat'
481 5527 585 5582 loc.
620 5529 716 5583 cit.
762 5532 818 5583 et
865 5527 968 5583 lib.
1021 5546 1104 5599 ιιι,
1153 5529 1386 5585 dissert.
1430 5534 1486 5595 2,
1532 5546 1658 5601 cap.
1693 5530 1746 5598 6,
1780 5534 1888 5585 art.
1924 5530 1975 5598 4,

334 5632 463 5687 pag.
496 5617 623 5686 597,
658 5622 713 5674 et
752 5634 915 5690 seqq.
972 5624 1029 5674 et
1076 5619 1303 5675 Dissert.
1352 5622 1411 5675 in
1457 5624 1703 5675 Lactant.
1765 5636 1890 5691 cap.
1923 5620 1978 5690 8,

339 5708 444 5760 art.
482 5707 553 5779 1).

2080 3290 2245 3356 xerit,
2273 3305 2407 3343 cum
2440 3288 2561 3343 hac
2592 3288 2827 3360 scriptis
2877 3288 3143 3343 tradebat
3175 3303 3187 3341 :
3223 3308 3251 3337 «
3310 3285 3496 3356 Hujus
3540 3284 3723 3358 igitur

2076 3376 2479 3449 indulgentia,
2513 3377 2734 3449 gratia,
2766 3376 3207 3447 disciplinaque
3248 3374 3465 3430 arbiter
3495 3378 3554 3429 et
3600 3390 3722 3429 ma-

2073 3467 2274 3537 gister.
2309 3467 2508 3522 Sermo
2538 3472 2595 3522 et
2628 3466 2808 3522 Filius
2838 3466 2937 3521 Dei
2992 3465 3269 3533 mittitur,
3317 3464 3417 3535 qui
3451 3481 3554 3536 per
3584 3480 3717 3536 pro-

2073 3556 2281 3626 phetas
2312 3572 2517 3611 omnes
2551 3560 2702 3611 retro
2734 3554 3101 3610 illuminator
3146 3557 3203 3608 et
3244 3554 3445 3608 doctor
3490 3552 3718 3622 generis

2049 3644 2316 3709 humani
2352 3645 2889 3717 pradicabatur.....
2921 3643 3025 3699 Hic
3056 3643 3113 3697 in
3137 3642 3425 3713 virginem
3454 3640 3722 3697 illabitur

2070 3752 2304 3790 carnem
2374 3735 2592 3803 Spiritu
2667 3739 2868 3789 sancto
2943 3736 3310 3805 cooperante,
3397 3729 3714 3786 induitur:

2071 3824 2225 3879 Deus
2257 3841 2390 3878 cum
2422 3824 2659 3879 homine
2689 3824 2970 3879 miscetur
2997 3840 3025 3873 ι
3062 3821 3356 3893 (Cyprian.
3401 3819 3469 3875 de
3517 3818 3720 3875 Idolor.

2068 3913 2284 3983 vanit.).
2336 3914 2544 3968 Mistus
2593 3922 2785 3969 autem
2838 3912 2910 3967 ab
2954 3928 3043 3977 eo,
3092 3911 3245 3967 sicut
3290 3907 3717 3964 aTertulliano

2069 4002 2301 4058 dicitur.
2338 4020 2452 4057 non
2485 4002 2794 4073 utriusque
2827 4005 3047 4056 natura
3080 3998 3293 4054 divina
3338 4002 3397 4053 et
3446 3998 3717 4051 humana

2070 4091 2205 4145 ficta
2235 4091 2307 4145 ab
2366 4090 2741 4162 Eutychianis
2788 4089 3153 4154 confusione,
3216 4087 3317 4142 sed
3378 4084 3516 4157 quia
3545 4083 3719 4140 Chri-

2071 4182 2295 4244 stus,ut
2324 4179 2500 4249 paulo
2534 4182 2670 4233 ante
2701 4177 3065 4244 monuimus,
3103 4179 3413 4246 utramque
3444 4177 3722 4230 naturam

2071 4266 2387 4337 perfectam
2422 4265 2628 4321 divina
2660 4283 2777 4322 sua
2810 4280 3073 4338 persona
3110 4263 3489 4332 conjunctam
3540 4275 3721 4332 copu-

2072 4354 2373 4426 latamque
2404 4354 2599 4410 habet.

2144 4462 2296 4515 Tum
2343 4460 2555 4516 dehinc
2600 4462 2816 4516 Auctor
2874 4462 3073 4515 noster
3135 4457 3422 4529 ipsosmet
3474 4451 3721 4526 gentiles

2075 4549 2387 4616 allocutus,
2448 4550 2569 4604 hac
2626 4550 2698 4605 ab
2745 4548 2819 4605 iis
2877 4548 3039 4619 rejici
3099 4563 3215 4603 non
3273 4560 3445 4617 posse
3499 4543 3587 4599 sic
3618 4542 3720 4599 de-

2077 4643 2367 4695 monstrat
2398 4656 2411 4694 :
2445 4662 2472 4688 ‹‹
2507 4637 2765 4710 Recipite
2796 4636 3030 4693 interim
3081 4636 3232 4692 hanc
3262 4632 3547 4701 fabulam,
3597 4632 3722 4688 sive

2077 4728 2254 4783 sicuti
2300 4727 2602 4797 famulam,
2652 4726 2866 4784 similis
2896 4730 2986 4781 est
3034 4724 3265 4796 vestris,
3297 4725 3439 4779 dum
3464 4721 3726 4778 ostendi-

2079 4833 2214 4873 mus
2274 4817 2570 4887 quomodo
2626 4815 2895 4872 Christus
2950 4815 3250 4888 probetur.
3299 4812 3575 4869 Sciebant
3629 4809 3730 4883 qui

2080 4923 2257 4977 penes
2288 4923 2388 4961 vos
2420 4906 2645 4961 fabulas
2676 4907 2745 4961 ad
2766 4904 3229 4962 destructionem
3261 4902 3527 4958 veritatis
3556 4901 3733 4957 istius

2081 4995 2325 5051 amulos
2386 4997 2993 5068 praministraverunt
3060 5017 3087 5044 «
3148 4992 3412 5064 (Tertull.
3474 4991 3733 5063 Apotoget

2082 5102 2209 5156 cap.
2240 5086 2331 5153 2i,
2364 5102 2495 5156 pag.
2521 5084 2666 5156 399).
2705 5084 2765 5138 In
2813 5082 3033 5139 nostris
3092 5099 3225 5137 vero
3279 5077 3732 5149 masnuscriptis

2085 5174 2406 5244 codicibus,
2440 5180 2495 5228 et
2527 5183 2662 5229 ante
2695 5173 3015 5245 Rigaltium
3066 5172 3261 5239 editis,
3317 5173 3448 5241 post
3488 5168 3731 5223 verbum

2084 5263 2363 5334 probetur,
2410 5264 2530 5318 hac
2579 5262 2766 5328 aliter,
2825 5262 3027 5332 sicque
3083 5258 3302 5330 scripta
3359 5259 3499 5311 sunt
3531 5271 3544 5308 :
3579 5276 3607 5305 «
3665 5253 3737 5309 Et

2088 5353 2189 5424 qui
2224 5368 2399 5423 penes
2431 5370 2532 5407 vos
2564 5349 2852 5422 ejusmodi
2888 5348 3117 5405 fabulas
3176 5345 3418 5401 aliiulas
3478 5344 3550 5398 ad
3601 5344 3734 5398 des-

2087 5443 2439 5497 tructionem
2456 5442 2720 5497 veritatis
2736 5438 3067 5495 istiusmodi
3085 5434 3735 5507 praministraverunt.»

2089 5531 2202 5587 Cur
2232 5548 2364 5587 vero
2414 5529 2702 5603 Rigaltius
2748 5529 2869 5583 hac
2920 5526 3094 5581 verba
3151 5520 3570 5590 immutaverit,
3604 5519 3736 5577 nul-

2089 5620 2205 5676 lam
2239 5620 2311 5676 ab
2345 5636 2412 5675 eo
2443 5624 2740 5696 exspectes
2769 5616 3078 5671 rationem.
3111 5610 3508 5667 Tertullianus
3539 5614 3736 5666 autem

2092 5711 2374 5768 adversus
2432 5707 2696 5767 ethnicos
2752 5704 2837 5762 sic
2894 5704 3343 5775 argumentatur
3398 5718 3416 5756 :
3476 5698 3739 5774 Objicere
