4158 6336
452 377 571 442 943

971 373 1491 438 TERTULLIANI
1538 371 1854 436 OPERUM
1904 371 2099 432 PARS
2143 369 2188 432 Ι.
2229 407 2299 418 -—
2329 371 2600 436 SERIES
2645 372 2693 452 Ι,
2739 375 3302 438 APOLOGETICA.

3724 372 3849 438 944

456 513 600 570 mihi
660 511 900 585 potestis
953 527 1021 566 ea
1071 526 1194 582 quae
1249 509 1320 564 de
1393 508 1642 576 Christo,
1711 508 1958 579 ejusque
2015 507 2352 572 exAdieos
2398 508 2468 562 de
2509 509 2721 564 Christi
2788 509 3013 565 Domini
3076 510 3325 565 adventu
3389 509 3700 566 docebant.
3753 509 3851 564 Sic

456 601 692 674 Virgine
723 605 875 666 ortu,
919 605 975 655 et
1015 599 1277 654 humana
1321 597 1438 652 vita
1486 597 1624 664 dixi,
1688 612 1909 652 meram
1968 611 2097 650 esse

461 689 740 746 fabulam.
791 693 863 742 At
907 687 1016 742 etsi
1059 687 1116 741 id
1163 688 1327 742 vobis
1375 687 1776 751 concederem,
1822 685 1972 740 hanc
2012 688 2098 738 ta-

462 794 593 834 men
639 793 750 832 non
801 791 1094 847 respuere,
1127 775 1227 830 sed
1282 775 1538 844 recipere
1587 774 1851 839 debetis;
1883 774 2101 844 quippe

461 884 587 939 quis
618 866 690 920 iis
738 863 950 920 similis
1007 869 1117 932 est,
1177 881 1324 935 quas
1381 864 1659 918 finxistis.
1719 863 2101 918 Ostendimus

459 956 616 1013 enim
649 954 941 1027 quomodo
981 953 1252 1008 Christus
1301 954 1372 1008 de
1423 952 1658 1023 Virgine
1692 957 1862 1006 natus
1895 951 2100 1022 probe-

463 1048 577 1115 tur,
611 1060 676 1098 ac
708 1043 904 1114 plures
934 1059 1062 1097 esse
1096 1042 1432 1112 scriptores,
1467 1043 1565 1110 qui
1599 1040 1820 1095 similes
1853 1039 2100 1106 fabulas,

461 1133 534 1189 ad
578 1133 996 1188 destructionem
1052 1133 1296 1186 veritatis
1347 1146 1511 1201 penes
1567 1146 1661 1183 vos
1701 1131 2100 1200 praeministra-

463 1225 656 1278 verint.
689 1221 790 1277 Dic
820 1224 1034 1288 autem,
1069 1237 1288 1291 quaeso,
1322 1225 1519 1275 utrum
1552 1219 1646 1272 hic
1676 1218 2102 1289 descriptorum

460 1311 521 1368 in
569 1311 867 1366 codicibus
919 1309 1136 1364 nostris
1189 1309 1498 1363 verborum
1561 1307 1910 1362 Tertulliani
1968 1323 2101 1360 sen-

462 1417 586 1469 sus,
618 1402 802 1471 magis
832 1415 1010 1469 quam
1043 1397 1100 1452 in
1138 1396 1466 1468 Rigaltiana
1513 1397 1770 1452 editione
1816 1396 2104 1451 obscurus

463 1489 561 1546 sit.

538 1577 842 1640 Caeterum,
898 1579 1068 1630 antea
1111 1574 1383 1630 Justinus
1452 1578 1673 1644 martyr
1720 1571 1900 1628 simili
1933 1572 2105 1644 plane

466 1667 638 1724 modo
655 1671 858 1722 contra
879 1664 1111 1718 eosdem
1134 1663 1381 1733 gentiles
1401 1664 1798 1734 disputaverat
1817 1681 1834 1716 :
1857 1661 1914 1715 Ei
1941 1656 1998 1713 δὲ
2016 1658 2105 1712 καὶ

467 1751 556 1808 διὰ
585 1749 854 1827 παρθένου
909 1754 1257 1824 γιγςννῆσθαι
1303 1749 1556 1824 φέρομεν,
1589 1748 1770 1802 κοινὸν
1815 1748 1903 1800 καὶ
1945 1751 2104 1802 τοῦτο

465 1841 602 1918 πρὸς
621 1840 712 1895 τὸν
745 1837 947 1914 Περσέα
976 1833 1110 1891 ἔστω
1143 1836 1293 1908 ὑμῖν.
1331 1839 1478 1906 Quod
1509 1854 1634 1894 vero
1688 1843 1740 1893 et
1777 1853 1845 1892 ea:
1897 1838 2106 1908 virgine

469 1931 765 1986 Christum
796 1935 987 1982 nutum
1014 1943 1132 1982 esse
1176 1927 1565 1998 praedicamus,
1597 1943 1880 1982 commune
1906 1929 1974 1981 sit
2003 1926 2108 1981 hoc

469 2035 678 2091 quoque
704 2019 923 2090 propter
942 2018 1196 2072 Perseum
1221 2017 1498 2071 vobiscum
1531 2016 1768 2083 (Justin.
1792 2016 2010 2085 Apolog.
2047 2017 2107 2082 i).

469 2108 619 2164 Nota
676 2108 970 2161 enimvero
1030 2109 1120 2159 est
1178 2103 1456 2159 omnibus
1515 2104 1634 2158 haec
1716 2104 1932 2170 fabula,
1991 2121 2108 2175 qua

467 2196 713 2270 gentiles
742 2192 1055 2250 commenti
1086 2196 1224 2248 sunt
1251 2192 1539 2260 Jovem,in
1573 2209 1816 2247 aureum
1852 2193 2106 2247 imbrem

465 2300 835 2348 conversum,
865 2282 1242 2336 descendisse
1293 2283 1362 2335 ad
1398 2281 1657 2344 Danaen,
1705 2285 1761 2335 et
1791 2282 1862 2334 ab
1893 2299 1958 2336 ea
1977 2282 2109 2336 Per-

465 2389 631 2431 seum
665 2371 960 2445 genuisse.
985 2370 1146 2425 Alias
1177 2373 1454 2441 praeterea
1485 2369 1849 2424 ethnicorum
1883 2370 2109 2425 fabulas

463 2463 682 2518 ibidem
731 2465 970 2516 sanctus
1021 2464 1238 2530 martyr
1281 2464 1586 2523 memorat,
1635 2474 1783 2528 quas
1832 2459 1944 2523 his,
1979 2476 2107 2529 quas

467 2553 539 2608 de
593 2550 819 2605 Christo
874 2564 1004 2603 vere
1061 2552 1396 2612 narrantur,
1456 2546 1682 2602 similes
1743 2563 1870 2602 esse
1921 2555 2107 2601 osten-

467 2641 568 2696 dit.
596 2642 803 2694 Postea
828 2653 964 2692 vero
1012 2635 1110 2691 ille
1141 2634 1342 2704 adjicit
1386 2635 1615 2690 fabulas
1665 2635 2002 2706 hujusmodi
2034 2637 2106 2692 ab

471 2726 722 2785 ethnicis
788 2725 993 2795 poetis,
1080 2725 1362 2778 instinctu
1429 2723 1692 2790 dolisque
1776 2726 2103 2780 daemonum

471 2818 602 2873 ideo
661 2815 1021 2882 decantatas,
1085 2816 1150 2867 ut
1205 2828 1329 2882 quae
1389 2828 1422 2866 a
1474 2810 1702 2866 Christo
1761 2813 2108 2869 mirabiliter

470 2910 636 2978 gesta
664 2907 822 2974 sunt,
849 2919 950 2973 pro
982 2900 1196 2956 fabulis
1235 2899 1595 2970 poeticisque
1619 2901 1967 2958 commentis
2001 2903 2104 2957 ha-

466 2994 762 3051 berentur.

534 3088 718 3139 Nemo
747 3085 837 3137 est
882 3083 1100 3148 autem,
1151 3078 1271 3149 qui,
1317 3079 1485 3134 nobis
1539 3078 1714 3133 etiam
1767 3079 2098 3149 silentibus,

464 3189 578 3229 non
609 3169 898 3242 intelligat
927 3173 1212 3240 quantum
1248 3169 1364 3222 haec
1396 3167 1739 3222 Tertulliani
1759 3168 1929 3224 dictis
1955 3185 2098 3224 con-

460 3267 692 3334 gruant,
734 3266 908 3329 atque
940 3257 1074 3312 inde
1104 3256 1544 3312 confirmentur.
1574 3261 1698 3312 Non
1731 3273 1907 3312 unam
1941 3260 2096 3313 enim
2131 3237 2172 3302 Ο

459 3354 692 3406 tantum
737 3347 809 3401 de
875 3344 1034 3400 Jovis
1081 3360 1212 3399 cum
1275 3345 1464 3400 Danae
1517 3344 1736 3400 nefario
1789 3347 2100 3401 concubitu

463 3434 880 3503 famulam,sed
905 3432 1050 3490 alias
1079 3434 1255 3488 etiam
1283 3432 1478 3503 plures
1509 3433 1710 3503 paucis
1736 3434 1892 3490 hisce
1914 3435 2103 3490 verbis

459 3523 806 3597 perstrinxit
837 3539 851 3576 :
887 3543 915 3570 ‹‹
949 3520 1127 3576 Filius
1157 3520 1306 3576 857
1347 3521 1443 3575 Dei
1494 3522 1956 3577 annuntiabatur
1989 3541 2100 3578 non

467 3614 705 3685 quidem
739 3611 822 3667 ita
855 3611 1108 3682 genitus,
1141 3615 1202 3664 ut
1233 3610 1543 3664 erubescat
1575 3609 1634 3664 in
1694 3610 1796 3664 filii
1845 3611 2100 3682 nomine,

468 3705 570 3758 aut
600 3702 672 3757 de
715 3699 895 3772 patris
926 3697 1147 3754 semine
1180 3716 1193 3766 ;
1227 3716 1339 3753 non
1372 3699 1443 3753 de
1474 3699 1690 3753 sororis
1716 3700 1958 3765 incesto,
1987 3717 2102 3756 non

470 3791 542 3847 de
572 3794 774 3862 stupro
805 3787 956 3856 ﬁlias,
988 3791 1090 3842 aut
1117 3787 1383 3857 conjugis
1425 3785 1625 3841 alienae
1657 3787 1825 3840 deum
1879 3794 2101 3858 patrem

460 3897 671 3950 passus
693 3884 784 3935 est
811 3883 1385 3950 squammatum,aut
1415 3880 1725 3932 cornutum
1749 3882 1850 3932 aut
1877 3878 2100 3948 pluma-

462 3975 590 4025 tum
621 3973 960 4033 amatorem,
994 3967 1052 4021 in
1085 3983 1227 4022 auro
1257 3981 1619 4021 conversum.
1648 3967 1920 4022 Danaidis
1942 3968 2103 4024 Jovis

461 4057 572 4114 ista
600 4063 740 4114 sunt
767 4057 1009 4112 numina
1040 4061 1249 4111 vestra.
1306 4078 1333 4104 »
1375 4054 1633 4125 (Tertull.
1665 4056 1937 4126 Apologet.
1972 4073 2101 4128 cap.

457 4147 550 4218 21,
581 4163 712 4218 pag.
747 4145 900 4215 396),
934 4147 1121 4216 Atque
1171 4143 1254 4199 ita
1286 4146 1404 4198 huic
1437 4144 1711 4212 leguntur
1769 4145 1825 4199 in
1887 4147 2100 4202 nostris

458 4235 758 4290 codicibus
809 4231 1251 4303 manuscriptis,
1304 4237 1358 4286 et
1417 4233 1590 4287 editis
1659 4233 2098 4301 vetustioribus,

457 4324 570 4380 nisi
614 4323 770 4395 quod
821 4323 880 4377 in
913 4322 1004 4376 his
1055 4327 1338 4391 punctum
1391 4325 1520 4390 post
1567 4339 1773 4376 nomen
1827 4325 2100 4379 Danaidis

452 4427 719 4485 posuere,
751 4416 809 4467 et
851 4426 1057 4466 aurum
1116 4425 1218 4479 pro
1269 4425 1434 4464 auro.
1493 4412 1561 4462 At
1612 4410 1901 4480 Rigaltins
1953 4410 2096 4465 illud

448 4501 712 4558 Danaidis
779 4514 989 4555 nomen
1055 4495 1298 4552 abstulit
1374 4499 1642 4569 prepria,
1719 4499 1802 4553 uti
1884 4499 2096 4570 liquet,

2208 597 2422 669 quippe
2445 599 2818 670 prosequitur
2843 614 2856 656 :
2883 621 2912 650 ‹‹
2943 599 3212 655 Sciebant
3241 607 3293 654 et
3319 599 3504 654 ,ιιιὰωὶ
3532 603 3854 655 venturum

2209 701 2337 740 esse
2367 686 2686 751 Christum,
2719 687 2939 742 scilicet
2969 688 3178 758 quibus
3212 687 3504 760 propheta:
3524 687 3853 759 loqueban-

2209 779 2322 830 tur.
2357 776 2500 830 Nam
2535 781 2590 831 et
2636 793 2789 832 nunc
2840 778 3156 832 adventum
3213 777 3339 848 ejus
3386 780 3712 849 expectant,
3745 791 3858 832 nec

2212 864 2327 919 alia
2357 865 2546 937 magis
2575 864 2727 920 inter
2757 882 2862 920 nos
2891 869 2947 919 et
2977 865 3108 920 illos
3132 865 3520 936 compulsatio
3551 871 3642 922 est
3671 882 3854 938 quam

2210 953 2364 1023 quod
2389 955 2514 1024 jam
2545 954 2774 1009 venisse
2804 970 2920 1008 non
2951 954 3216 1010 credunt.
3248 955 3489 1010 Duobus
3538 955 3696 1010 enim
3746 955 3855 1010 ad-

2210 1043 2479 1097 ventibus
2531 1043 2898 1113 significatis,
2951 1060 3158 1114 primo,
3218 1044 3317 1114 qui
3363 1045 3484 1114 jam
3526 1049 3860 1114 expunctus

2213 1131 2353 1201 (sive
2385 1137 2638 1200 exactus,
2674 1137 2730 1186 et
2760 1133 3075 1202 confectus)
3117 1136 3205 1187 est
3247 1132 3304 1186 in
3355 1131 3687 1187 humilitate
3719 1149 3860 1187 con—

2213 1221 2452 1274 ditionis
2473 1220 2766 1285 humanm;
2791 1221 3185 1292 secundo,qui
3209 1219 3609 1276 concludendo
3641 1221 3862 1276 saeculo

2212 1308 2482 1363 imminet
2515 1309 2572 1363 in
2605 1309 2969 1363 sublimitate
2999 1309 3324 1364 divinitatis
3353 1315 3584 1388 exerjm,
3616 1310 3695 1380 (id
3747 1316 3862 1378 est,

2213 1397 2540 1468 conspicuae
2565 1402 2621 1452 et
2651 1397 3283 1469 manifestae),primum
3317 1415 3432 1453 non
3455 1397 3861 1470 intelligendo,

2214 1488 2535 1542 secundum
2573 1502 2743 1556 quem
2786 1487 3158 1541 manifestius
3189 1489 3565 1558 praedicatum
3597 1491 3861 1558 sperant,

2217 1592 2397 1631 unum
2431 1575 2904 1631 existimaverunt
2941 1599 2960 1623 υ
2998 1574 3257 1646 (Tertull.
3292 1576 3562 1646 Apoleget.
3596 1592 3725 1647 cap.
3757 1577 3855 1645 21,

2215 1681 2348 1736 pag.
2382 1665 2526 1734 400).
2562 1669 2638 1718 De
2671 1665 2778 1718 hoc
2809 1669 3003 1719 autem
3037 1663 3382 1720 Tertulliani
3413 1666 3572 1720 fonte
3619 1664 3863 1737 Cypria-

2216 1770 2328 1808 nus
2356 1769 2515 1807 more
2547 1769 2652 1807 suo
2685 1752 2903 1824 potavit
2935 1777 2949 1819 ;
2981 1757 3155 1807 atoue
3187 1769 3325 1808 suos
3361 1753 3446 1808 sic
3477 1753 3779 1808 transtulit
3803 1753 3862 1808 in

2216 1859 2360 1897 usus
2393 1857 2406 1896 :
2443 1863 2470 1890 α
2510 1841 2781 1896 Sciebant
2809 1846 2865 1896 et
2893 1840 3077 1895 Judaei
3133 1841 3430 1897 Christum
3480 1856 3609 1896 esse
3640 1846 3856 1897 ventu-

2219 1930 2520 1986 rum.Nam
2554 1930 2644 1984 hic
2675 1929 2791 1984 illis
2823 1946 3054 2001 semper
3073 1929 3369 2001 prophetis
3399 1929 3862 1985 admonentibus

2219 2019 2698 2075 annuntiabatur.
2757 2018 2867 2073 Sed
2926 2018 3252 2090 significato
3309 2015 3529 2089 duplici
3585 2019 3714 2088 ejus
3761 2020 3858 2074 ad-

2217 2115 2412 2175 ventu,
2446 2125 2560 2163 uno
2607 2107 2708 2179 qui
2757 2108 2814 2162 in
2865 2107 3138 2162 exercitio
3185 2113 3243 2162 et
3287 2106 3551 2178 exemplo
3601 2107 3861 2165 hominis

2220 2197 2580 2268 fungeretur,
2612 2195 2794 2251 altero
2825 2196 2923 2267 qui
2955 2196 3138 2252 Deum
3169 2196 3468 2265 fateretur,
3501 2213 3616 2251 non
3647 2197 3863 2254 intelli-

2217 2287 2404 2358 gendo
2448 2285 2704 2358 primum
2735 2285 3072 2354 adventum,
3114 2285 3212 2355 qui
3248 2285 3518 2354 passione
3557 2289 3862 2356 praecessit

2217 2375 2498 2444 occultus,
2533 2391 2711 2430 unum
2744 2378 2973 2429 tantum
3014 2375 3278 2444 credunt,
3313 2373 3412 2445 qui
3444 2373 3554 2429 erit
3602 2374 3661 2429 in
3691 2379 3860 2448 pote-

2218 2468 2424 2520 atatem
2458 2463 2808 2520 manifestus
2840 2485 2867 2512 ››
2900 2464 3191 2535 (Cyprian.
3227 2463 3291 2518 de
3318 2463 3452 2518 ldot.
3484 2465 3710 2533 uouit).

2287 2573 2540 2643 Uterque
2561 2571 2740 2643 igitur
2769 2571 2982 2627 fatetur
3012 2587 3210 2626 verum
3248 2572 3427 2627 fuisse
3476 2572 3718 2640 Christi,
3761 2590 3858 2629 as-

2217 2666 2451 2732 sumpta
2481 2659 2737 2716 hominis
2764 2676 2955 2725 carne,
2989 2660 3325 2715 adventum.
3345 2661 3576 2717 Etenim
3606 2662 3678 2717 ab
3700 2665 3856 2718 vete-

2218 2751 2380 2806 ribus
2411 2749 2711 2820 sacrisque
2743 2749 3041 2820 prophetis
3070 2754 3188 2804 tam
3221 2755 3440 2820 aperte,
3474 2750 3646 2805 sicuti
3677 2751 3855 2821 paulo

2216 2844 2348 2895 ante
2379 2838 2741 2906 monuimus,
2775 2838 3202 2908 praenuntiatus
3229 2843 3336 2904 est,
3371 2843 3435 2894 ut
3469 2838 3655 2894 Judei
3686 2839 3852 2896 illum

2212 2929 2480 3001 ignorare
2511 2945 2624 2982 non
2668 2928 2979 2998 potuerint.
3038 2927 3254 2983 verum
3306 2927 3446 2999 quia
3490 2927 3756 2984 Christus
3789 2929 3850 2984 in

2213 3019 2481 3072 humans:
2530 3015 2882 3071 conditionts
2928 3015 3261 3071 humilitate
3311 3015 3612 3072 mortalem
3663 3017 3845 3072 vitam

2210 3105 2511 3177 egit,hunc
2530 3103 2712 3158 Judaei
2730 3120 2929 3159 verum
2965 3104 3238 3159 Messiam
3262 3119 3389 3160 esse
3410 3105 3712 3176 prtel'racte
3749 3121 3846 3161 ne-

2210 3197 2512 3266 gaverunt,
2545 3209 2611 3248 ac
2651 3192 2927 3262 superbia
2979 3191 3164 3247 inﬂati
3211 3198 3545 3262 exspectant
3571 3193 3850 3260 alterum,

2212 3283 2310 3354 qui
2345 3284 2399 3337 in
2435 3284 2548 3336 fine
2583 3282 2784 3334 mundi
2813 3297 2946 3335 cum
2980 3285 3102 3336 tota
3132 3280 3336 3336 divinas
3370 3282 3694 3352 majestatis
3726 3283 3850 3354 glo-

2211 3371 2296 3425 ria
2325 3375 2601 3425 venturus
2631 3369 2856 3424 est.Sed
2888 3368 3025 3423 alibi
3057 3369 3427 3424 ostendimus
3457 3367 3850 3426 voluntarium

2214 3459 2395 3514 fuisse
2428 3460 2580 3513 hunc
2609 3457 2944 3513 Judaeorum
2987 3473 3266 3526 errorem,
3298 3457 3398 3529 qui
3445 3475 3561 3514 non
3595 3458 3787 3514 solum
3819 3476 3854 3515 a

2211 3545 2571 3602 Tertulliano
2602 3550 2884 3613 nostro,et
2905 3546 3417 3617 Cypriano,verum
3449 3547 3625 3602 etiam
3657 3564 3691 3603 a
3714 3547 3854 3604 Lac-

2211 3634 2394 3689 tantio
2425 3634 2688 3690 funditus
2718 3634 2994 3689 evertitur
3042 3635 3286 3706 (Dissert.
3333 3636 3394 3691 in
3432 3636 3685 3692 Lactant.
3721 3652 3848 3708 cap.

2215 3725 2299 3792 17,
2333 3727 2442 3778 art.
2473 3724 2549 3792 5).
3121 3777 3126 3780 .

2283 3812 2448 3866 Tanti
2481 3815 2673 3866 autem
2705 3811 3039 3867 Judmorum
3090 3811 3326 3882 erroris,
3359 3815 3654 3884 tantaeque
3687 3813 3848 3870 caeci—

2209 3899 2346 3956 tatis
2367 3917 2562 3962 causa,
2598 3899 2788 3972 inquit
2830 3901 3249 3967 'I‘crtullianus,
3296 3918 3495 3956 eorum
3546 3902 3657 3957 fuit
3703 3903 3850 3957 deli-

2211 3993 2390 4057 ctum,
2424 3989 2576 4045 858
2608 3989 3106 4059 quemadmodum
3143 3990 3320 4045 Isaias
3350 3989 3714 4061 praedixerat.
3737 3993 3846 4047 Sed

2209 4077 2458 4148 ipsemet
2486 4081 2702 4132 Auctor
2730 4081 2928 4132 noster
2980 4078 3506 4133 adhucaudiendus
3536 4083 3626 4134 est
3657 4097 3670 4134 :
3705 4103 3732 4129 «
3766 4084 3848 4135 Ne

2209 4167 2364 4220 enim
2415 4165 2805 4237 intelligerent
2853 4167 3166 4238 pristinum
3234 4166 3454 4222 Christi
3505 4168 3845 4239 adventum,

2209 4251 2506 4319 credituri,
2535 4254 2582 4309 si
2616 4254 3041 4310 intellexissent
3071 4261 3128 4311 et
3154 4257 3526 4312 consecuturi
3570 4256 3844 4326 salutem,

2207 4344 2252 4398 si
2285 4343 2692 4407 credidissent,
2727 4343 2999 4399 meritum
3033 4345 3145 4399 fuit
3183 4344 3463 4400 delictum
3495 4347 3845 4419 eorum.lpsi

2207 4431 2408 4502 legunt
2433 4433 2511 4486 ita
2532 4433 2818 4504 scriptum
2837 4449 2849 4486 :
2867 4457 2893 4482 ‹‹
2922 4432 3198 4489 multatos
3225 4449 3287 4488 se
3309 4433 3846 4505 sapientiaetintel-

2207 4519 2464 4592 ligentia,
2498 4525 2556 4575 et
2586 4519 2888 4575 oculorum
2931 4529 2988 4575 et
3035 4523 3266 4576 aurium
3324 4523 3488 4593 fruge
3521 4544 3549 4571 »
3581 4523 3844 4593 (Tertull.

451 4589 823 4680 auctoritate,
856 4591 1171 4680 “front”
1218 4587 1482 4680 (ξξπξηίυιη
1534 4585 1800 4680 θοξῇθυω
1853 4603 2090 4680 ἠδ-ηυξ·
2125 4602 2171 4663 D
2200 4585 2479 4680 Apologet.
2514 4624 2638 4678 cap.
2688 4609 2778 4675 21,
2839 4623 2966 4678 pag.
3020 4609 3167 4679 400).
3227 4585 3552 4680 Cyprianus
3587 4585 3731 4664 ‘vero
3761 4610 3846 4664 sic

449 4679 771 4748 criptorum
815 4679 871 4730 et
899 4675 1187 4730 editorum
1239 4675 1432 4729 iidem.
1467 4679 1545 4730 De
1605 4675 1695 4730 his
1735 4694 1904 4747 porro
1933 4676 2091 4732 Jovis

448 4767 520 4823 ad
552 4764 804 4836 virgines
837 4768 894 4819 et
929 4762 1200 4818 mulieres
1249 4765 1720 4834 constuprandas
1764 4765 2088 4822 conversio-

448 4855 624 4911 nibus
655 4871 689 4909 a
709 4853 876 4908 nobis
897 4853 1116 4906 dictum
1149 4857 1239 4906 est
1262 4853 1318 4906 in
1345 4853 1746 4921 superioribus
1779 4855 2088 4919 nostris,ac

446 4943 768 5015 praesertim
802 4943 858 4996 in
885 4941 1123 4996 Arnobii
1158 4939 1338 4996 libros
1391 4941 1908 4999 dissertationibus
1946 4944 2086 5013 (Dis-

443 5036 636 5090 :erlat.
672 5032 731 5087 in
760 5033 961 5087 Arnob.
997 5047 1122 5100 cap.
1159 5032 1210 5095 9,
1249 5033 1356 5084 art.
1387 5031 1462 5100 4).

1048 5169 1368 5209 ARTICULUB
1421 5170 1482 5207 II.

438 5247 699 5303 Eumdem
756 5245 962 5301 Christi
1017 5245 1077 5297 in
1131 5251 1305 5297 terras
1368 5243 1671 5297 adventum
1753 5259 1861 5299 non
1934 5259 2086 5314 posse

507 5319 710 5386 negari
758 5336 796 5372 a
847 5317 1070 5381 Iudaeis,
1145 5317 1260 5369 nisi
1315 5331 1459 5370 ca'ca
1527 5315 1884 5370 obstinatione
1936 5320 2085 5371 mut-

506 5393 690 5446 etatis.

503 5516 820 5584 Pastquam
864 5509 1264 5566 Tertullianus
1316 5511 1595 5565 adversus
1671 5511 1942 5580 gentiles,
1993 5527 2080 5578 eo,

432 5618 608 5675 quem
640 5600 1051 5672 explicuimus,
1089 5601 1262 5653 modo
1299 5600 1772 5671 disputavit,tum
1803 5601 2082 5658 continuo

429 5688 533 5749 illa
559 5702 696 5746 vera
727 5703 855 5747 esse
903 5688 1132 5762 probat,
1189 5703 1317 5759 quae
1357 5687 1676 5744 Christiani
1727 5693 1930 5746 contra
1977 5689 2080 5747 Ju-

2199 4713 2436 4750 rursum
2463 4698 2591 4765 ejus
2616 4695 2826 4765 pressit
2847 4695 3120 4766 vestigia;
3154 4720 3180 4745 ‹‹
3205 4698 3365 4761 Quod
3393 4701 3590 4753 autem
3611 4697 3718 4752 hoc
3740 4698 3844 4753 Ju-

2199 4784 2450 4840 daeorum
2487 4784 2740 4855 populus
2774 4783 3098 4855 intelligere
3133 4801 3243 4839 non
3276 4785 3839 4856 potuit,delictorum

2199 4873 2473 4927 meritum
2508 4872 2630 4926 fuit.
2668 4873 2762 4927 Sic
2802 4878 2968 4927 erant
2999 4873 3296 4943 sapientia:
3353 4878 3412 4929 et
3441 4873 3842 4945 intelligentia:

2197 4961 2448 5014 caecitate
2477 4960 2730 5025 multati,
2764 4966 2826 5015 ut
2857 4962 2956 5031 qui
2990 4962 3107 5016 vita
3141 4963 3367 5033 indigni
3413 4967 3630 5029 essent,
3664 4963 3839 5019 habe-

2196 5054 2324 5104 rent
2357 5049 2531 5104 vitam
2582 5055 2714 5104 ante
2744 5050 2964 5119 oculos,
3016 5066 3122 5106 nec
3169 5050 3430 5108 viderent
3461 5074 3489 5103 «
3540 5053 3832 5124 (Cyprian.

2194 5136 2260 5192 de
2289 5137 2485 5192 Idolor.
2517 5140 2734 5206 vanit.).

2266 5245 2450 5300 Ambo
2481 5248 2675 5300 autem
2711 5245 2780 5300 ad
2813 5245 2932 5301 hinc
2964 5245 3164 5318 procul
3199 5228 3375 5302 dubio
3417 5246 3835 5317 collineabant,

2194 5349 2260 5388 ae
2300 5333 2474 5388 tacita
2525 5335 2780 5400 nomine,
2833 5334 3093 5390 citabant
3140 5336 3306 5392 Isaias
3349 5337 3570 5392 verba:
3605 5359 3632 5387 ‹‹
3683 5338 3837 5393 Dices

2190 5424 2389 5495 papula
2428 5424 2557 5479 huic
2610 5438 2631 5488 ς
2691 5423 2884 5480 Audite
2940 5425 3242 5494 audientes,
3299 5432 3350 5483 et
3406 5428 3574 5484 nolite
3623 5427 3836 5482 intelli-

2191 5528 2336 5582 gere,
2386 5519 2438 5567 et
2487 5513 2659 5569 videte
2707 5514 2988 5584 visionem,
3036 5519 3087 5571 et
3136 5517 3306 5572 nolite
3353 5532 3692 5589 cognoscere.
3729 5517 3836 5570 Ea:-

2190 5619 2333 5658 caeca
2379 5618 2476 5657 cor
2529 5603 2719 5674 populi
2772 5603 2965 5672 hujus,
3020 5609 3075 5659 et
3119 5621 3280 5662 aures
3331 5607 3448 5677 ejus
3478 5623 3749 5676 aggrava,
3781 5615 3836 5662 et

2189 5691 2371 5747 oculos
2419 5690 2642 5760 claude,
2699 5707 2768 5746 ne
2821 5694 2965 5763 forte
3011 5693 3192 5751 videat
3241 5695 3434 5768 oculis,
3595 5695 3838 5754 auribus
