4158 6368
365 393 482 454 945

1278 397 1349 456 D.
1399 398 1493 458 LE
1540 398 1867 458 NOURRY
1913 396 2566 459 OBSERVATIONES
2609 396 2866 458 NOVIE.

3659 401 3778 464 946

363 529 579 595 audiat,
639 536 689 583 et
760 528 918 584 corde
990 544 1088 583 suo
1165 530 1469 602 intelligat,
1529 540 1578 585 et
1654 533 2019 597 convertatur,
2050 532 2101 597 Α
2131 529 2312 585 Judaei
2347 530 2445 600 qui
2479 528 2647 584 illum
2678 530 3054 586 crediderunt
3076 531 3375 587 hominem
3425 537 3655 589 tantum
3705 535 3777 592 de

362 623 411 673 et
440 633 629 673 sanem
655 633 778 671 cum
812 639 838 665 ››
870 618 997 687 (Isa.
1032 635 1109 688 v1,
1163 618 1218 687 9,
1279 618 1385 690 10).
1449 621 1583 684 Quae
1641 620 1877 690 quidem
1935 616 2013 671 ci-

362 712 485 763 tata
541 706 804 763 invenies
863 724 978 762 non
1012 706 1203 762 solum
1240 708 1297 763 iu
1330 708 1583 763 Matthasi
1622 706 1929 778 Evangelia
1960 710 2017 761 et

362 798 605 851 Actibus
637 795 1064 867 apostolorum,
1097 797 1195 851 sed
1233 814 1266 852 a
1298 798 1523 852 Joanne
1556 799 1729 852 etiam
1762 799 2012 866 Evange-

361 885 498 941 lista
541 886 696 940 hunc
750 884 809 941 in
866 887 1107 941 modum
1170 903 1183 941 :
1242 893 1539 957 Pr0plerea
1594 903 1702 942 non
1758 890 2013 957 poterunt

360 976 603 1042 credere,
665 976 797 1047 quia
856 978 1062 1031 iterum
1119 976 1262 1031 dixit
1292 978 1466 1032 Isaias
1498 996 1516 1031 :
1547 978 1855 1033 Exceccavil
1881 990 2013 1030 ocu-

362 1064 440 1119 los
470 1080 679 1133 eorum,
708 1068 763 1119 et
792 1065 1085 1119 induravit
1127 1082 1222 1120 cor
1264 1081 1489 1126 eorum;
1535 1074 1593 1119 ut
1637 1082 1747 1119 non
1798 1064 2017 1118 videant

359 1154 568 1221 oculis,
627 1156 681 1207 et
742 1153 1057 1221 intelligant
1116 1155 1308 1223 corde,
1366 1160 1422 1210 et
1478 1158 1899 1216 convertantur,
1960 1158 2015 1207 et

357 1259 542 1297 sanem
575 1258 659 1297 eos
715 1243 923 1310 (Matth.
987 1260 1023 1312 ι,
1088 1244 1191 1311 14;
1253 1245 1366 1300 Act.
1428 1261 1549 1309 vm,
1582 1246 1687 1311 26;
1720 1245 1874 1298 Joan.
1910 1259 2009 1312 x11,

357 1332 445 1398 39,
476 1332 585 1401 40),
611 1332 719 1386 Sed
755 1332 824 1387 de
865 1332 1085 1387 Judaais
1134 1332 1486 1388 intolerabili
1537 1349 1776 1404 prorsus
1830 1332 2009 1387 obsti-

356 1419 611 1474 nationis
670 1420 809 1475 vitio
865 1420 1193 1487 obczecatis,
1251 1421 1466 1493 quique
1514 1422 1729 1475 idcirco
1777 1421 2011 1475 credere

356 1508 612 1581 amplius
646 1526 760 1564 non
794 1511 1055 1581 potuisse
1086 1510 1382 1581 dicuntur,
1417 1512 1475 1565 in
1508 1516 1707 1565 nostra
1749 1511 1818 1565 de
1866 1510 2009 1565 Lac-

353 1598 497 1653 tanti
536 1598 702 1653 libris
731 1598 1146 1655 dissertatione
1170 1602 1294 1669 jam
1326 1602 1781 1672 disputavimus,
1832 1605 2007 1669 atque

359 1687 510 1741 infra
542 1687 791 1743 articulo
822 1688 993 1743 tertio
1024 1688 1245 1759 aliquid
1279 1689 1470 1744 adhuc
1503 1689 1815 1744 dicendum
1862 1688 2004 1759 (Dis-

354 1785 527 1831 serlat
558 1778 615 1831 in
649 1778 906 1833 Lactant.
941 1794 1067 1849 cap.
1103 1778 1191 1843 16,
1224 1783 1333 1833 art.
1365 1779 1443 1847 2).

425 1882 625 1953 Neque
676 1883 773 1938 hic
823 1883 986 1938 stetit
1035 1882 1323 1939 indomita
1370 1889 1429 1940 et
1476 1900 1625 1940 caeca
1668 1882 2000 1939 Judaeorum

356 1971 677 2043 pervicacia
712 1988 723 2027 :
758 1973 858 2026 sed
892 1988 1025 2026 cum
1074 1972 1339 2029 Christus
1386 1973 1667 2028 inauditis
1712 1972 1996 2027 hactenus

352 2060 655 2116 miraculis
685 2077 754 2116 ex
781 2060 981 2116 aeterni
1012 2062 1103 2117 sui
1135 2062 1320 2118 Patris
1351 2062 1483 2118 sinu
1514 2080 1575 2119 se
1604 2062 1833 2119 venisse
1863 2061 2001 2117 uni-

350 2148 564 2219 cuique
596 2150 1078 2206 mauifestissime
1109 2154 1478 2223 patefaceret,
1503 2152 1624 2207 haec
1678 2151 1762 2206 illi
1814 2150 1997 2223 magi-

346 2238 429 2294 cis
481 2239 707 2295 artibus
752 2238 1009 2294 tribuere
1058 2241 1185 2295 ausi
1234 2247 1392 2297 sunt.
1440 2242 1647 2297 Verum
1682 2241 1995 2307 enimvero,

350 2350 376 2378 ‹‹
410 2332 591 2391 Quem
622 2327 1010 2397 solummodo,
1043 2329 1125 2384 ita
1153 2330 1343 2402 pergit
1363 2330 1777 2399 Tcrtullianus,
1813 2329 1998 2384 homi-

350 2433 483 2471 nem
518 2424 1018 2488 praesumpserant
1049 2420 1119 2474 de
1150 2419 1505 2484 humilitate,
1529 2421 1883 2489 sequebatur
1911 2417 1995 2473 uti

350 2523 585 2576 magum
618 2506 978 2563 aestimarent
1014 2508 1085 2563 de
1133 2512 1440 2579 potestate,
1490 2525 1624 2564 cum
1679 2507 1776 2563 ille
1824 2508 1995 2563 verbo

349 2595 639 2650 daemonia
672 2596 743 2650 de
776 2596 1117 2652 hominibus
1146 2602 1646 2666 excuteret,czecos
1678 2597 1995 2652 relumina-

349 2687 456 2751 ret,
491 2682 753 2754 leprosos
781 2721 798 2740 .
837 2725 849 2738 .
890 2726 902 2740 .
937 2686 1252 2741 ostendens
1282 2702 1410 2742 sese
1441 2684 1610 2759 Λόγον
1652 2684 1771 2755 Dei,
1792 2686 1849 2740 id
1883 2690 1994 2753 est,

350 2773 607 2829 Verbum
642 2771 786 2827 illud
821 2772 1217 2845 primordiale,
1251 2776 1729 2847 primogenitum,
1778 2775 1995 2831 virtute

348 2868 405 2918 et
426 2862 647 2918 ratione
681 2861 893 2916 fultum
932 2884 958 2911 »
990 2864 1349 2933 (Tertullian.
1401 2867 1678 2937 Apologet.
1729 2882 1856 2936 cap.
1901 2866 1990 2933 21,

348 2969 405 3024 p.
437 2952 582 3023 400).
621 2956 706 3007 Ita
738 2952 796 3006 in
829 2952 1062 3023 Rigaltii
1096 2953 1371 3009 editione.
1414 2959 1475 3008 In
1527 2955 1744 3010 nostris
1794 2957 1991 3009 autem

348 3042 671 3112 codicibus,
721 3046 780 3097 et
832 3047 1003 3098 antea
1048 3042 1218 3099 editis
1252 3060 1265 3098 :
1302 3043 1597 3099 Ostendens
1625 3061 1683 3100 se
1710 3060 1841 3111 esse,
1874 3043 1993 3099 sive

346 3148 460 3187 sese
495 3131 737 3186 Verbum
766 3133 884 3201 Dei,
917 3132 973 3186 id
1002 3141 1100 3199 est,
1131 3129 1318 3206 λόγον,
1350 3134 1525 3194 illud;
1571 3151 1637 3188 ac
1684 3138 1816 3203 post
1862 3148 1992 3186 ver-

348 3222 488 3275 bum
519 3222 743 3292 fultum,
778 3222 835 3275 in
868 3221 952 3277 eis
983 3222 1247 3277 additum
1281 3227 1388 3290 est,
1417 3224 1669 3279 eumdem
1699 3218 1793 3295 qui
1832 3223 1993 3277 verba

348 3312 535 3365 omnia
583 3319 633 3365 et
676 3315 877 3380 faceret
922 3320 972 3366 et
1015 3313 1259 3381 fecisset.
1308 3313 1418 3367 Sed
1472 3312 1749 3383 quoniam
1804 3311 1997 3382 priora

344 3400 519 3455 verba
541 3416 574 3454 a
595 3400 843 3471 Rigaltio
864 3401 1222 3471 transposita
1243 3401 1762 3473 fuerunt,aliquam
1788 3401 1995 3455 saltem

347 3505 451 3544 cur
482 3488 803 3559 posteriora
854 3488 1152 3556 deleverit,
1205 3492 1488 3545 rationem
1539 3491 1780 3545 reddere
1821 3490 1996 3544 debe-

347 3579 467 3634 bat.
504 3578 798 3648 Numquid
838 3583 1035 3634 autem
1070 3594 1137 3634 ea
1188 3580 1408 3651 rejecit,
1459 3579 1546 3634 vel
1598 3580 1734 3651 quia
1781 3578 1859 3633 ibi
1909 3582 2000 3634 est

346 3666 743 3733 sulcecismus,
791 3668 878 3725 vel
933 3670 1072 3740 quia
1120 3669 1354 3725 inutilia
1394 3687 1521 3726 esse
1551 3670 1838 3725 abitratus
1868 3667 1998 3724 est?

349 3757 497 3822 Quid
533 3774 665 3811 vero
697 3757 747 3811 si
792 3774 1111 3829 pronomen
1167 3759 1412 3815 eumdem
1458 3760 1528 3814 ad
1581 3756 1741 3831 λόγον
1787 3758 1999 3813 refera-

348 3843 492 3900 tur?
518 3844 721 3900 Nonne
751 3846 808 3899 in
838 3845 1082 3902 Joannis
1113 3846 1423 3919 Evangelio
1456 3846 1727 3918 legimus,
1783 3847 1999 3902 Princi-

349 3936 509 4006 pium
538 3936 635 4006 qui
663 3939 716 3989 et
745 3936 935 4005 loquor
964 3935 1115 3991 vobis
1139 3939 1166 3989 ?
1198 3937 1374 4006 (Joan.
1406 3952 1529 4005 vm,
1555 3938 1667 4004 25.)
1702 3934 1999 4007 Numquid

349 4022 409 4077 in
442 4024 535 4078 his
567 4025 761 4078 minor
786 4029 895 4093 est,
928 4040 1105 4095 quam
1151 4025 1209 4078 in
1262 4024 1608 4079 Tertulliani
1658 4024 1850 4079 verbis
1902 4040 1999 4079 so-

350 4109 693 4166 loecismus?
725 4110 984 4182 Denique
1017 4111 1222 4166 ultima
1252 4113 1447 4179 verba,
1475 4130 1601 4183 quae
1632 4112 1691 4167 in
1724 4111 2000 4167 omnibus

351 4201 572 4256 nostris
605 4200 911 4256 codicibus
946 4200 1215 4271 legimus,
1249 4202 1399 4258 859
1435 4218 1537 4257 nec
1569 4203 1867 4273 superflua
1918 4201 2001 4256 vi-

350 4292 586 4357 dentur,
619 4307 724 4347 nec
759 4307 968 4363 parum
1000 4291 1071 4346 ad
1104 4290 1449 4347 Tertulliani
1482 4292 1820 4347 conducunt
1868 4307 1992 4363 pro-

350 4381 635 4453 positum.

424 4489 609 4560 Major
640 4488 838 4559 itaque
869 4488 980 4543 fuit
1010 4486 1242 4560 Rigaltii
1275 4487 1754 4559 diligentia,cum
1786 4486 2000 4542 ibidem

354 4578 608 4634 monitos
642 4576 888 4632 lectores
917 4594 1045 4633 esse
1074 4577 1276 4644 voluit,
1311 4577 1369 4631 in
1402 4576 1753 4648 quibusdam
1791 4578 2001 4631 Aucto-

2126 618 2459 673 humilitate
2488 619 2684 674 carnis
2715 623 2772 674 et
2797 620 3079 690 corporis,
3113 621 3505 678 exstimabant
3534 640 3773 696 magum

2124 709 2193 762 de
2215 707 2447 762 licentia
2481 708 2806 778 potestatis,
2832 731 2858 757 υ
2887 710 2966 779 (et
2996 710 3147 780 apud
3177 710 3602 768 Tertullianum
3636 731 3770 771 nos-

2125 801 2281 851 trum
2314 798 2389 852 de
2414 798 2698 868 potestate)
2730 798 3072 869 Cyprian.de
3102 799 3599 874 Idolor.vanit.).1n
3631 819 3771 874 qua-

2123 893 2255 939 tuor
2284 903 2438 950 vero,
2472 903 2619 956 quos
2653 890 2804 941 nacti
2834 904 3062 957 sumus,
3106 890 3538 961 antiquioribus
3590 893 3770 962 hujus

2122 974 2392 1045 Cypriani
2425 974 2592 1031 libris
2624 977 3044 1048 manuscriptis
3076 978 3375 1035 codicibus
3404 979 3619 1052 legitur
3648 998 3767 1038 ma-

2122 1080 2313 1131 gnum,
2349 1065 2404 1118 in
2439 1064 2571 1119 aliis
2602 1069 2795 1119 autem
2828 1083 3069 1137 magum.
3108 1072 3513 1124 Verumtamen
3573 1076 3765 1143 poste-

2122 1153 2241 1206 rior
2270 1152 2389 1207 haec
2422 1153 2590 1208 lectio
2641 1154 2807 1209 alteri
2868 1158 3259 1228 praeponenda
3314 1158 3572 1225 videtur;
3628 1160 3767 1231 quia

2123 1245 2366 1312 uterque
2421 1242 2658 1297 disserit
2716 1245 2785 1298 de
2838 1245 3035 1299 divina
3065 1246 3276 1301 Christi
3312 1251 3619 1317 potestate,
3649 1265 3769 1319 qua

2123 1331 2404 1385 miracula
2436 1334 2859 1402 propemodum
2892 1334 3204 1401 infinita,et
3235 1335 3347 1391 huc
3380 1352 3566 1408 usque
3598 1337 3765 1395 inau-

2120 1419 2241 1474 dita
2273 1421 2500 1489 edebat,
2565 1439 2693 1491 quae
2752 1423 3252 1492 impudentissimi
3310 1424 3765 1483 calumniatores

2117 1508 2301 1563 Judaei
2338 1510 2581 1578 magicis
2615 1510 2775 1565 illius
2807 1512 3033 1567 artibus
3055 1512 3344 1568 ascribere
3364 1514 3761 1571 ausifnerant.

2118 1599 2195 1649 De
2226 1595 2317 1649 his
2347 1602 2539 1650 autem
2574 1597 2786 1651 Christi
2820 1597 3153 1667 miraculis,
3184 1600 3401 1671 quibus
3449 1602 3762 1659 evidentis-

2117 1684 2263 1739 sinie
2294 1686 2695 1755 comprobavit
2721 1702 2782 1741 se
2809 1704 2936 1743 esse
2969 1688 3069 1743 Dei
3106 1688 3337 1759 Filium,
3369 1696 3426 1747 et
3455 1698 3761 1765 assumpto

2115 1791 2353 1847 corpore
2384 1776 2663 1844 humano,
2694 1778 2873 1832 vitam
2902 1780 3091 1851 egisse
3123 1781 3451 1851 mortalem,
3484 1783 3541 1838 in
3583 1800 3760 1856 supe-

2116 1863 2250 1918 riori
2282 1864 2525 1936 aliisque
2548 1866 3061 1925 dissertationibus
3084 1870 3301 1926 nostris
3321 1872 3755 1944 disputavimus

2110 1955 2369 2021 (Dissert.
2404 1957 2459 2009 in
2496 1956 2747 2011 Lactant.
2781 1973 2904 2028 cap.
2940 1960 2993 2025 9,
3029 1962 3136 2013 art.
3168 1961 3203 2013 2
3233 1965 3289 2015 et
3320 1978 3483 2035 seqq.
3518 1979 3643 2035 cap.
3668 1964 3754 2035 18,

2110 2046 2218 2097 art.
2250 2044 2322 2114 3)·

2708 2206 3026 2246 ARTICULUS
3064 2208 3147 2248 III.

2110 2304 2676 2379 Chrislumviolentis
2704 2304 3028 2379 Iudaeorum
3078 2309 3378 2379 suffragiis,
3439 2311 3577 2363 sicut
3636 2312 3754 2378 ipse

2180 2377 2519 2443 pra’dixcrat
2563 2379 2621 2430 in
2669 2393 2890 2431 crucem
2919 2377 3168 2450 aram
3191 2382 3373 2450 Syria:
3401 2377 3753 2445 procuratore

2177 2454 2383 2513 actum,
2416 2453 2604 2521 sponlo
2633 2453 2683 2501 et
2708 2464 2832 2503 cum
2860 2449 3020 2503 verbo
3047 2452 3312 2521 spiritum
3342 2452 3614 2507 dimisisse
3630 2470 3649 2512 ,·
3689 2454 3754 2509 de

2173 2522 2446 2646 solisltum
2475 2520 2746 2591 deliquio,
2782 2523 2843 2575 in
2873 2536 3086 2576 arcana
3114 2524 3308 2592 relato,
3338 2540 3401 2578 ac
3430 2525 3497 2579 de
3548 2524 3755 2581 Christi

2174 2608 2308 2646 sevu
2334 2598 2482 2646 tura.

2174 2598 2482 2664 sepultura.

2175 2711 2519 2778 Quanquam
2552 2712 2639 2763 tot
2666 2712 2904 2779 tamque
2959 2710 3253 2781 stupenda
3306 2710 3520 2766 Christi
3573 2711 3750 2767 mira-

2104 2798 2236 2854 cula
2266 2797 2653 2853 invictissime
2685 2799 2963 2854 adversus
2993 2799 3249 2865 Judaeos,
3269 2816 3334 2855 ac
3366 2817 3751 2873 quoscunque

2104 2886 2249 2941 alios
2282 2885 2443 2940 illum
2478 2902 2607 2941 vere
2643 2888 2819 2942 Deum
2853 2891 2909 2942 et
2947 2886 3245 2942 hominem
3278 2888 3483 2956 fuisse,
3514 2906 3581 2944 ac
3611 2905 3745 2944 cum

2102 2975 2442 3031 hominibus
2475 2975 2687 3030 vixisse
2714 2976 3151 3044 demonstrent;
3186 2976 3294 3033 hoc
3351 2982 3547 3033 tamen
3606 2979 3745 3033 Ter-

2102 3064 2387 3119 tullianus
2446 3066 2589 3119 satis
2618 3064 2731 3119 sibi
2755 3082 2869 3119 non
2903 3082 3032 3119 esse
3062 3065 3377 3120 arbitratus
3410 3072 3514 3120 est.
3552 3067 3748 3137 Pergit

2103 3153 2281 3220 enim,
2317 3169 2421 3207 nec
2452 3154 2648 3208 minus
2678 3152 3007 3208 luculenter
3039 3155 3405 3209 demonstrat
3452 3154 3507 3209 id
3558 3154 3751 3211 adhuc

2027 3280 2069 3347 Ο
2106 3242 2353 3297 stabiliri
2387 3243 2839 3314 conﬁrmarique
2871 3259 3041 3314 posse
3072 3242 3201 3298 aliis
3231 3242 3526 3298 similibus
3576 3243 3753 3299 mira-

2107 3332 2275 3398 culis,
2308 3349 2431 3400 que:
2464 3332 2533 3386 ab
2565 3331 2664 3386 illo
2696 3336 2829 3387 ante
2859 3336 2915 3387 et
2947 3337 3077 3403 post
3107 3338 3353 3386 mortem
3395 3334 3550 3388 edita
3589 3337 3753 3387 sunt.

2106 3423 2250 3477 Eum
2284 3438 2419 3493 ergo
2451 3426 2853 3492 sequamur,et
2883 3422 2952 3476 de
2982 3421 3083 3476 illa
3113 3420 3323 3477 Christi
3356 3428 3540 3477 morte
3568 3422 3755 3477 disse-

2108 3517 2330 3566 rentem
2361 3510 2675 3565 audiamus
2709 3528 2722 3567 ε
2756 3533 2783 3559 ‹‹
2829 3511 2913 3565 Ad
2967 3510 3318 3574 doctrinam,
3370 3510 3580 3581 inquit,
3632 3511 3759 3582 ejus

2109 3598 2248 3670 quia
2304 3597 2711 3673 (manuscripti
2774 3599 3023 3667 codices,
3081 3601 3211 3669 qua)
3289 3597 3760 3664 revincebantur,

2111 3687 2398 3758 magistri,
2437 3687 2841 3758 primoresque
2869 3687 3317 3753 Judaeorum,ita
3344 3688 3765 3759 exasperaban-

2111 3784 2226 3844 tur,
2262 3777 2515 3832 maxime
2550 3778 2704 3847 quod
2734 3778 2805 3832 ad
2864 3794 2997 3832 eum
3034 3777 3240 3849 ingens
3291 3777 3609 3833 multitudo
3662 3778 3760 3833 de-

2111 3867 2392 3932 ﬂecteret,
2427 3870 2488 3920 ut
2522 3871 2819 3937 postremo
2852 3865 3108 3921 oblatum
3144 3866 3343 3922 Pontio
3392 3866 3599 3933 Pilato,
3653 3866 3759 3938 Sy-

2110 3956 2256 4009 riam
2304 3959 2444 4009 tunc
2492 3972 2559 4009 ex
2593 3961 2755 4025 parte
2800 3956 3063 4010 Romana
3095 3956 3451 4026 procuranti,
3485 3954 3761 4011 violentia

2109 4042 2521 4114 suffragiorum
2553 4043 2610 4098 in
2640 4061 2810 4099 cruce
2841 4044 3252 4114 (manuscripti
3286 4042 3534 4109 codices,
3553 4044 3759 4113 Iesum)

2108 4132 2241 4186 dedi
2277 4132 2389 4186 sibi
2422 4134 2768 4187 extorserint
2806 4155 2831 4180 ››
2857 4131 3125 4197 (Tertull.
3162 4131 3400 4203 Apolog.
3435 4148 3560 4204 cap.
3601 4134 3761 4204 21,p.

2111 4221 2254 4288 400).
2313 4220 2633 4291 Cyprianus
2690 4236 2823 4274 vero
2885 4220 3006 4274 haec
3064 4220 3135 4275 ab
3170 4224 3415 4276 Auctore
3449 4225 3647 4277 nostro
3679 4220 3764 4276 sic

2112 4314 2415 4363 mutuatus
2462 4315 2573 4377 est,
2604 4315 2667 4363 ut
2705 4309 2969 4377 quaedam
3002 4308 3180 4363 etiam
3215 4309 3572 4380 decerpserit
3605 4308 3765 4365 illius

2108 4399 2286 4454 verba
2319 4415 2331 4452 :
2366 4419 2395 4447 ‹‹
2428 4398 2618 4467 Hunc,
2654 4398 3149 4469 inquit,magistri
3182 4398 3767 4467 eorum,Judaeorum,

2112 4492 2287 4558 atque
2312 4487 2614 4558 primores,
2634 4488 2739 4541 hoc
2762 4492 2869 4555 est,
2897 4503 3046 4557 quos
3076 4493 3129 4541 et
3159 4487 3427 4542 doctrina
3461 4485 3559 4543 ille
3590 4491 3646 4543 et
3676 4504 3771 4542 sa-

2112 4577 2332 4647 pientia
2386 4576 2737 4641 rcvincehat,
2773 4576 2928 4630 860
2976 4576 3207 4632 accensi
3257 4577 3363 4643 ira,
3393 4581 3449 4631 et
3499 4576 3770 4649 indigna-

354 4669 435 4724 ris
466 4667 650 4723 nostri
683 4670 739 4722 et
790 4667 1060 4739 Cypriani
1111 4666 1543 4738 exemplaribus
1593 4664 1703 4738 legi
1765 4665 2004 4736 quidem
2042 4651 2083 4714 Ι)
2117 4666 2272 4721 tione
2304 4666 2617 4737 provocati,
2652 4670 2949 4736 postremo
2982 4666 3285 4721 detentum
3317 4666 3525 4721 Pontio
3558 4666 3770 4734 Pilato,

357 4774 644 4829 magnum,
677 4757 777 4812 sed
813 4758 1010 4828 aptius
1043 4757 1328 4827 scriptum
1355 4756 1534 4811 videri
1565 4772 1818 4824 magum.
1854 4756 2004 4810 Bene

357 4846 617 4917 quidem.
654 4845 1050 4902 Tcrtullianus
1080 4846 1235 4901 enim
1270 4849 1472 4915 postea
1502 4844 1649 4899 dixit
1681 4861 1693 4898 :
1730 4867 1756 4893 «
1792 4844 2003 4915 Ecquis

355 4935 458 4990 ille
487 4934 779 5003 Christus,
813 4952 945 4991 cum
981 4936 1179 4991 fabula
1209 4952 1337 4999 sua,
1371 4936 1417 4990 si
1453 4935 1622 4989 homo
1670 4934 2003 4990 communis

356 5023 732 5090 conditionis,
766 5024 814 5079 si
850 5026 1099 5096 magus?
1133 5046 1160 5073 ››
1193 5024 1455 5095 (Tertull.
1488 5025 2003 5095 Apologet.cap.20,

357 5127 488 5182 pag.
522 5112 634 5181 25.)
686 5111 802 5167 Nos
852 5130 1085 5184 quoque
1136 5118 1411 5183 praeterea
1457 5113 1896 5168 observavimus
1946 5112 2004 5165 in

357 5199 655 5254 Harlaeano
705 5200 924 5268 codice,
974 5201 1071 5256 ubi
1122 5202 1369 5256 habetur
1414 5218 1693 5271 magnum,
1741 5201 2005 5272 apposita

357 5305 485 5345 esse
516 5289 631 5344 duo
666 5293 883 5360 puncta
912 5290 1066 5345 infra
1097 5289 1351 5347 litteram
1382 5308 1439 5361 η,
1463 5290 1679 5361 quibus
1712 5292 2009 5362 superﬂua

357 5379 723 5450 delendaque
751 5383 1004 5434 notatur.
1054 5380 1395 5436 Tertulliani
1446 5397 1579 5435 vero
1625 5380 1786 5435 locus
1832 5398 1865 5435 a
1912 5385 2010 5453 Cy-

360 5470 565 5542 priane
601 5467 682 5522 sic
710 5468 1101 5540 transcriptus
1132 5474 1219 5525 est
1254 5486 1264 5525 :
1301 5494 1327 5520 «
1364 5472 1507 5524 Cum
1540 5469 1806 5525 Christus
1836 5470 2010 5525 Jesus

361 5558 685 5615 secundum
732 5575 766 5613 a
810 5559 1110 5630 prophetis
1158 5564 1289 5615 ante
1328 5558 1623 5632 praedicta,
1652 5559 1823 5613 verbo
1850 5564 2010 5615 etvo-

364 5648 448 5703 cis
517 5647 766 5719 imperio
825 5648 1113 5703 daemonia
1171 5650 1239 5703 de
1298 5649 1641 5703 hominibus
1691 5652 2006 5717 excuteret,

365 5735 718 5811 paralyticos
750 5737 1149 5813 restringeret,
1199 5739 1463 5812 leprosos
1512 5742 1807 5812 purgaret.
1848 5781 1860 5795 .
1895 5782 1909 5797 .
1948 5782 1961 5797 .
1997 5783 2010 5800 .

2119 4756 2215 4827 qui
2249 4760 2389 4809 tunc
2450 4772 2515 4809 ex
2574 4760 2736 4825 parte
2795 4755 3056 4809 Romana
3110 4754 3338 4826 Syriam
3397 4756 3768 4826 procumbat,

2120 4844 2511 4908 tradiderunt,
2565 4859 2795 4897 crucem
2848 4844 2997 4913 ejus,
3060 4848 3115 4898 et
3174 4848 3421 4899 mortem
3475 4844 3770 4916 suffragiis

2116 4932 2387 4988 violentis
2418 4950 2485 4987 ac
2518 4931 2914 5001 pertinacibus
2947 4932 3280 5005 ﬂagitantes
3316 4955 3344 4982 ››
3380 4934 3673 5006 (Cyprian.
3703 4933 3769 4990 de

2116 5023 2314 5078 Idolor.
2376 5022 2595 5091 venit).
2660 5022 2822 5086 Quod
2891 5027 3086 5077 autem
3152 5027 3395 5093 uterque
3446 5040 3512 5078 ac
3568 5028 3771 5094 postea

2118 5110 2457 5167 Lactantius
2482 5115 2601 5166 tam
2622 5111 2835 5167 diserte
2860 5110 3155 5183 appellant
3180 5110 3425 5167 Pilatum
3450 5112 3622 5183 Syriae
3644 5128 3771 5183 pro-

2119 5204 2469 5261 curatorem,
2503 5201 2611 5255 hoc
2646 5218 2759 5254 non
2794 5206 2953 5256 caret
2984 5201 3332 5257 difﬁcultate
3367 5218 3380 5256 :
3414 5201 3511 5256 sed
3548 5217 3676 5255 eam
3710 5202 3770 5257 in

2123 5293 2323 5344 nostra
2355 5289 2423 5345 ad
2456 5289 2637 5361 hujus
2667 5289 2848 5346 libros
2880 5289 3294 5345 dissertatione
3343 5289 3599 5344 enodare
3647 5293 3774 5345 ten-

2119 5380 2397 5435 tavimus.
2451 5379 2750 5434 Rationem
2787 5396 3021 5451 quoque
3053 5377 3421 5434 reddidimus
3452 5394 3559 5433 cur
3585 5379 3773 5435 Judaei

2121 5470 2396 5524 dicantur
2425 5469 2694 5525 doctrina
2725 5468 2935 5523 Christi
2966 5467 3307 5538 exasperati,
3333 5466 3442 5523 hoc
3471 5471 3579 5532 est,
3603 5485 3771 5540 aspe-

2123 5560 2308 5615 riores
2344 5558 2501 5626 facti,
2536 5560 2677 5626 sive,
2712 5564 2775 5613 ut
2802 5559 2881 5613 ait
2909 5558 3254 5629 Cyprianus,
3300 5560 3389 5613 ira
3427 5562 3477 5613 et
3524 5558 3767 5631 indigni-

2123 5654 2234 5705 tate
2260 5648 2511 5720 accensi,
2546 5648 2685 5719 quia
2714 5647 2901 5719 lcgem
2945 5664 3144 5703 eorum
3195 5646 3455 5703 solvebat
3505 5652 3562 5704 et
3608 5649 3763 5705 anti-

2123 5740 2343 5811 quabat
2372 5740 2673 5812 (Dissertat.
2706 5740 2770 5797 in
2799 5739 3050 5797 Lactant.
3084 5754 3134 5796 c.
3174 5738 3257 5811 18,
3290 5741 3404 5799 art.
3441 5738 3519 5811 2).
