4158 6334
455 371 574 434 947

979 365 1506 428 TERTULLIANI
1550 365 1870 428 OPERUM
1914 365 2116 427 PARS
2160 366 2212 427 Ι.
2243 395 2319 410 —
2348 363 2624 425 SERIES
2669 363 2718 436 Ι,
2763 362 3337 424 APOLOGETICA.

3744 362 3877 423 948

528 499 705 556 Addit
735 500 930 554 autem
961 495 1356 552 Tertullianns
1391 514 1405 552 :
1441 518 1469 548 ‹‹
1501 497 1847 552 Praedixerat
1891 500 1948 552 et
1977 496 2103 568 ipse
2131 499 2185 564 Α
2217 494 2432 567 inquit,
2467 499 2786 565 momento,
2809 511 2923 566 quo
2956 494 3214 550 animam
3242 491 3470 564 agebat,
3493 492 3640 563 dies,
3661 491 3876 548 orbem

461 590 545 647 ita
576 589 852 645 facturos.
885 591 1098 643 Parum
1135 587 1238 642 hoc
1271 585 1353 658 (in
1405 585 1828 658 manuscriptis
1875 586 2109 641 deside-

464 683 630 738 ratur
659 692 979 751 pronomen
1010 675 1151 746 hoc),
1203 675 1251 730 si
1303 692 1417 731 non
1467 680 1524 730 et
1572 675 1864 748 propheta:
1895 678 2046 730 retro
2079 697 2106 724 »

462 766 726 841 (Tertull.
771 766 1050 836 Apotoget.
1102 781 1230 836 cap.
1291 766 1382 832 21,
1433 781 1566 836 pag.
1629 765 1773 832 401).
1828 765 1938 819 Sed
1989 763 2109 819 haec

465 854 640 928 paulo
671 853 860 910 fusius
891 852 1267 926 apertiusque
1297 869 1330 907 a
1353 851 1634 924 Cypriane
1665 851 1757 905 his
1788 850 1979 906 verbis
2009 867 2107 906 ex-

462 943 675 1017 plicata
705 947 879 998 sunt:
906 963 935 991 «
959 942 1074 997 Hoc
1104 956 1202 996 eos
1228 941 1482 996 facturos
1511 945 1570 995 et
1590 940 1714 1012 ipse
1745 939 2106 1010 praedixerat,

464 1037 521 1089 et
568 1032 989 1105 prophetarum
1049 1031 1314 1085 omnium
1375 1028 1775 1084 testimonium
1836 1028 1920 1083 sic
1976 1033 2110 1083 ante

461 1124 854 1196 praecesserat,
885 1124 1150 1192 oportere
1197 1119 1364 1173 illum
1415 1119 1556 1190 pati,
1590 1123 1656 1172 ut
1703 1134 1816 1173 non
1871 1117 2112 1173 sentiret

460 1215 693 1268 tantum
728 1213 995 1275 mortem,
1029 1209 1130 1263 sed
1163 1211 1227 1263 ut
1254 1207 1510 1262 vinceret
1535 1229 1554 1255 ι
1584 1206 1874 1279 (Cyprian.
1897 1206 1964 1261 de
1992 1206 2108 1261 Ido-

461 1301 563 1357 lor.
593 1301 816 1368 van-it.).
849 1301 971 1364 Quo
1004 1302 1199 1353 autem
1235 1297 1404 1352 modo
1455 1296 1720 1351 Christus
1750 1295 2108 1350 inferendam

463 1390 576 1445 sibi
599 1407 633 1445 a
659 1388 880 1444 Judaais
913 1403 1112 1442 necem
1145 1384 1498 1458 praedixerit,
1523 1401 1638 1440 non
1671 1401 1824 1440 unus
1852 1389 2108 1453 tantum,

462 1479 564 1536 sed
608 1493 813 1534 omnes
858 1474 1227 1548 evangelista:
1279 1474 1534 1529 maximo
1584 1473 1756 1545 plane
1813 1489 2102 1528 consensu

466 1565 763 1623 testiﬁcati
783 1569 941 1621 sunt.
967 1565 1052 1619 Ab
1074 1564 1220 1635 ipsis
1241 1578 1476 1635 quoque
1508 1563 1720 1618 veteris
1749 1561 2110 1617 Testamenti

469 1655 768 1729 prophetis
817 1652 1226 1710 annuntiatam
1269 1651 1449 1707 fuisse
1478 1651 1616 1706 alibi
1649 1651 2038 1707 ostendimus.

542 1781 692 1836 Tum
723 1779 933 1834 deinde
961 1779 1178 1832 Auctor
1206 1779 1403 1831 noster
1437 1793 1450 1830 :
1486 1797 1514 1826 ‹‹
1542 1778 1610 1828 Et
1638 1780 1834 1830 tamen
1865 1774 2113 1830 sufﬁxus

473 1869 634 1925 cruci
665 1868 941 1940 spiritum
975 1883 1109 1921 cum
1152 1866 1328 1920 verbo
1377 1863 1622 1930 dimisit,
1657 1867 1945 1935 praevento
1985 1879 2113 1917 car-
2145 1867 2191 1932 Β

469 1957 665 2012 niﬁcis
703 1955 894 2011 ofﬁcio
921 1977 950 2004 ‹‹
975 1954 1190 2024 (Matth.
1214 1970 1306 2024 xx,
1331 1953 1536 2023 18,19;
1571 1951 1731 2007 Marc.
1765 1968 1820 2021 x,
1854 1951 1924 2006 35
1947 1969 1960 2018 ;
1983 1954 2110 2006 Luc.

464 2063 523 2113 ι,
552 2045 622 2100 33
651 2049 709 2101 et
735 2060 895 2111 xvm,
928 2044 991 2098 31
1021 2059 1035 2111 ;
1067 2044 1223 2099 Joan.
1257 2058 1340 2108 ιιι,
1375 2042 1428 2108 4,
1458 2042 1529 2107 8;
1562 2042 1686 2095 Act.
1720 2057 1820 2105 xu,
1850 2040 1954 2107 32;
1988 2041 2114 2095 Dis-

464 2139 660 2191 :ertat.
693 2137 753 2189 in
786 2137 1031 2188 Lactant.
1065 2147 1192 2201 cap.
1225 2133 1279 2199 8,
1312 2135 1424 2194 art,
1468 2132 1540 2196 2;
1575 2128 1917 2184 Tertullian.
1955 2128 2112 2200 Apol.

465 2239 595 2294 cap.
627 2223 722 2288 21,
756 2239 812 2292 ρ.
846 2221 991 2292 401).
1030 2224 1115 2275 Ita
1144 2219 1383 2290 quidem
1419 2217 1723 2289 Rigaltius.
1759 2218 1869 2273 Sed
1901 2218 2113 2272 miram

467 2310 642 2384 plane
673 2311 907 2365 adverte
937 2308 1042 2376 ibi,
1065 2308 1218 2363 sicut
1246 2306 1409 2373 alibi,
1438 2309 1566 2379 ejus
1598 2306 2115 2378 diligentiam.Non

472 2399 652 2456 aliam
685 2397 900 2470 quippe
949 2397 1168 2453 notavit
1213 2396 1503 2452 diversam
1537 2395 1865 2463 lectionem,
1899 2396 2034 2466 nisi,
2067 2405 2117 2451 et

477 2488 720 2555 tandem,
753 2503 878 2558 pro,
909 2491 960 2541 et
991 2494 1192 2541 tamen.
1227 2490 1297 2539 At
1336 2484 1393 2539 in
1438 2484 1714 2540 omnibus
1745 2485 1962 2539 nostris
1994 2501 2118 2538 ma-

479 2575 799 2647 nuscriptis
819 2573 1276 2645 exemplaribus,
1307 2573 1459 2628 sicut
1493 2576 1548 2628 et
1576 2577 1748 2628 antea
1777 2573 1971 2640 editis,
1997 2572 2119 2629 hac

477 2664 771 2720 habentur
794 2680 807 2717 :
829 2686 857 2714 «
891 2664 959 2718 Et
988 2666 1181 2716 tamen
1214 2662 1482 2728 sufﬁxus,
1517 2662 1702 2716 multa
1727 2662 1930 2717 mortis
1959 2660 2118 2716 illius

476 2753 714 2825 propria
743 2750 998 2808 ostendit
1019 2750 1295 2821 insignia.
1318 2750 1460 2804 Nam
1494 2749 1766 2820 spiritum
1789 2765 1922 2804 eum
1945 2751 2117 2805 verbo

477 2845 686 2913 sponte
715 2838 957 2910 dimisit,
988 2843 1273 2910 praevento
1305 2837 1596 2894 carniﬁcis
1626 2837 1836 2893 ofﬁcio.
1863 2861 1890 2886 »
1921 2838 1977 2892 Si
2001 2855 2121 2892 om-

476 2931 575 2986 nia
602 2933 798 2984 antem
832 2928 951 2983 haec
979 2929 1155 2983 verba
1199 2926 1446 2996 Rigaltio
1477 2943 1591 2982 non
1624 2927 1981 2991 arridebant,
2016 2944 2121 2982 cur

473 3017 637 3075 nulla
653 3019 792 3074 data
814 3019 1057 3087 ratione,
1080 3021 1138 3072 et
1160 3015 1260 3072 illa
1283 3016 1545 3084 abstulit,
1569 3021 1626 3071 et
1650 3017 1890 3071 verbum
1912 3025 2118 3088 sponte,

476 3107 631 3179 quod
681 3106 834 3179 apud
895 3105 1270 3177 Cyprianum,
1320 3103 1666 3160 Tertulliani
1733 3111 2116 3175 sequestrem,

476 3196 780 3268 ﬁdumque
830 3195 1205 3265 interpretem
1255 3193 1338 3248 sic
1385 3192 1598 3264 legitur
1645 3209 1658 3248 :
1709 3215 1737 3243 «
1772 3193 2117 3260 Cruciﬁxus,

480 3287 772 3356 praevento
802 3281 1095 3338 carniﬁcis
1127 3281 1339 3348 ofﬁcio,
1380 3281 1656 3352 spiritum
1707 3287 1914 3352 sponte
1943 3282 2116 3337 dimi-

478 3372 558 3428 sit
588 3393 618 3421 »
647 3370 939 3442 (Cyprian.
970 3370 1035 3425 de
1073 3370 1272 3426 Idotor.
1307 3369 1526 3441 venit).
1585 3370 1788 3426 Nonne
1834 3370 2119 3442 Rigaltins

482 3459 807 3531 intelligere
828 3458 964 3514 hinc
985 3459 1175 3530 potuit
1195 3459 1396 3514 eadem
1413 3474 1540 3514 esse
1563 3458 1906 3514 Tertulliani
1923 3459 2118 3525 verba,

485 3564 613 3620 quae
656 3547 978 3620 Cyprianus
1028 3547 1086 3602 in
1137 3547 1316 3618 hujus
1364 3549 1694 3619 Apologetici
1735 3548 1931 3602 codice
1963 3547 2119 3603 haud

485 3636 661 3692 dubie
689 3636 946 3707 legerat?
993 3634 1288 3708 Numquid
1319 3635 1492 3692 etiam
1525 3635 1742 3692 oblitus
1784 3636 1988 3702 fuerat,
2022 3640 2122 3691 aut

486 3724 861 3781 dissimulare
893 3725 1080 3796 potuit
1101 3725 1256 3796 quod
1287 3742 1321 3779 a
1350 3725 1652 3780 Lactantio
1684 3725 1955 3780 similiter
1983 3725 2119 3781 scri-

483 3818 653 3887 ptum
685 3813 1157 3870 observavimus:
1183 3837 1210 3864 ‹‹
1242 3817 1576 3885 Suspensus
1597 3816 1770 3883 atque
1795 3813 2003 3868 afﬁxus
2024 3830 2119 3870 ex-

482 3903 756 3960 clamavit
785 3904 857 3958 ad
903 3903 1217 3959 Dominum
1248 3919 1387 3958 voce
1417 3918 1648 3974 magna,
1681 3906 1738 3956 et
1767 3900 1917 3957 ultro
1945 3902 2118 3973 spiri-

480 3997 610 4048 tum
641 3992 838 4064 posuit
867 4013 896 4041 »
927 3993 1226 4063 (Dissertat.
1258 3993 1319 4046 in
1351 3992 1599 4046 Lactant.
1635 4006 1762 4062 cap.
1797 3991 1882 4057 18,
1904 3995 2013 4045 art.
2043 3993 2119 4062 3).

479 4082 678 4137 Obiter
705 4086 902 4138 autem
935 4082 1168 4136 adverte
1200 4081 1292 4135 his
1320 4079 1532 4148 verbis,
1565 4095 1686 4134 voce
1711 4094 1934 4148 magna,
1967 4079 2121 4135 idem

481 4169 797 4242 signiﬁcari
829 4179 1004 4239 alque
1035 4169 1126 4223 his
1172 4167 1516 4224 Tertulliani
1559 4167 1766 4234 nostri,
1797 4183 1923 4222 cum
1964 4169 2124 4224 verbo

481 4258 711 4314 dimisit.
737 4258 807 4314 Ut
831 4259 968 4329 quid
995 4258 1230 4313 tandem
1257 4255 1542 4328 Rigaltins
1573 4255 1686 4312 alia
1715 4256 1936 4312 abrasit
1965 4258 2120 4328 ejus-

481 4348 613 4403 dem
662 4345 1008 4403 Tertulliani
1054 4345 1247 4414 verba,
1281 4347 1496 4416 quibus
1546 4346 1824 4400 adversus
1864 4346 2121 4413 Judseos,

481 4435 746 4508 aliosque
789 4436 1037 4507 probare
1085 4433 1265 4490 voluit
1309 4433 1606 4490 Christum
1637 4438 1817 4490 Deum
1847 4441 1901 4490 et
1933 4433 2120 4490 homi-

2219 585 2486 655 signante
2515 583 2658 651 sole,
2690 584 2981 638 subducta
3009 586 3116 638 est.
3151 581 3484 652 Deliquium
3518 582 3724 652 utique
3755 598 3875 653 pu-

2216 678 2503 740 taverunt,
2538 674 2636 745 qui
2670 673 2726 727 id
2761 688 2992 744 quoque
3023 688 3199 743 super
3228 671 3457 728 Christo
3484 671 3873 742 praedicatum

2219 779 2332 817 non
2365 762 2670 818 scierunt»
2699 761 2967 834 (Tertull.
2993 762 3276 833 Apologet.
3307 777 3436 832 cap.
3459 761 3549 828 21,
3575 761 3875 832 paanOl).

2220 851 2284 905 Et
2336 850 2456 906 basc
2505 851 2763 922 quidem,
2797 865 2902 906 nec
2955 849 3121 920 plura
3180 849 3457 920 leguntur
3489 850 3545 904 in
3587 849 3879 905 omnibus

2217 940 2536 1006 codicibus,
2582 957 2716 995 cum
2768 940 2942 996 editis
2994 939 3450 1010 antiquioribus,
3496 942 3621 993 tum
3683 955 3876 994 manu

2217 1028 2476 1100 qualibet
2521 1029 2789 1086 exaratis.
2823 1029 2930 1084 Sed
2965 1029 3021 1083 in
3053 1028 3305 1084 editione
3349 1044 3459 1083 sua
3501 1026 3622 1082 haec
3654 1027 3880 1097 adjecit

2219 1118 2502 1186 Rigaltius
2556 1136 2568 1173 :
2625 1119 2852 1173 Ratione
2906 1133 3012 1172 non
3083 1116 3439 1187 deprehensa,
3506 1119 3876 1187 negaverunt.

2217 1209 2401 1276 Atque
2432 1208 2512 1262 ita
2541 1206 2636 1262 ille
2697 1206 2873 1261 textui
2899 1204 3239 1260 Tertulliani
3272 1205 3392 1261 haec
3425 1205 3671 1270 addidit,
3694 1204 3875 1259 sicuti

2221 1313 2335 1350 non
2370 1313 2554 1367 pauca
2587 1295 2855 1366 pluribus
2887 1295 3016 1350 aliis
3047 1295 3104 1348 in
3145 1293 3287 1349 locis
3319 1311 3389 1349 ex
3416 1310 3482 1349 eo
3522 1293 3852 1349 abstulerat

2223 1384 2379 1441 Unde
2405 1389 2600 1438 autem
2635 1383 2733 1438 illa
2762 1382 3159 1454 desumpserit
3180 1382 3349 1438 nobis
3375 1398 3479 1438 nec
3501 1381 3599 1437 ille
3625 1382 3877 1452 indicat,

2222 1489 2326 1527 nec
2357 1473 2618 1527 divinare
2649 1472 2853 1542 utique
2882 1488 3218 1542 possumus.
3245 1472 3482 1526 Duobus
3503 1487 3699 1526 autem
3724 1487 3878 1526 usus

2219 1569 2304 1616 est
2354 1560 2775 1632 manuscriptis
2825 1561 3003 1631 hujus
3052 1559 3188 1615 libri
3236 1560 3560 1630 codicibus,
3613 1560 3878 1615 Pnteano

2220 1656 2276 1706 et
2304 1649 2626 1719 Pithazano,
2671 1666 2736 1704 ac
2785 1649 2960 1704 variis
3008 1648 3316 1704 Fuldensis
3347 1648 3718 1704 lectionibus.
3755 1649 3878 1703 Pu-

2220 1741 2458 1792 teanum
2516 1743 2709 1792 autem
2776 1737 3122 1805 antiquitate
3181 1753 3288 1792 sua
3345 1737 3765 1807 venerandum,
3815 1740 3879 1791 et

2226 1826 2629 1881 Philhmanum
2665 1843 2780 1898 prae
2812 1825 3087 1882 manibus
3116 1825 3424 1896 habemus,
3449 1826 3506 1881 in
3532 1826 3752 1897 quibus
3777 1842 3877 1881 su-

2221 1915 2525 1987 peraddita
2555 1914 2654 1969 illa
2697 1916 2872 1970 verba
2920 1932 3036 1970 non
3085 1919 3418 1970 occurrunt.
3452 1915 3662 1970 Notare
3691 1914 3882 1986 igitur

2224 2002 2512 2074 Rigaltius
2540 2002 2788 2057 debebat
2825 2006 3023 2057 utrum
3056 2001 3206 2058 inter
3235 2001 3529 2058 variantes
3562 2001 3878 2058 Fuldensis

2222 2090 2571 2162 exemplaris
2619 2090 2864 2146 lectione
2914 2091 3300 2162 reperiantur,
3332 2099 3385 2145 et
3416 2107 3520 2146 cur
3566 2090 3747 2161 hujus
3779 2107 3878 2146 so-

2223 2178 2338 2235 lius
2369 2179 2774 2234 auctoritatem
2807 2181 3027 2235 caeteris
3058 2180 3334 2235 omnibus
3366 2178 3706 2250 praetulerit.

2300 2288 2372 2342 De
2405 2290 2724 2341 memorata
2773 2287 3048 2357 deinceps
3079 2304 3111 2340 a
3139 2285 3494 2341 Tertulliano
3525 2284 3666 2341 solis
3713 2285 3878 2340 defe-

2225 2375 2433 2444 ctione,
2457 2375 2702 2446 ejusque
2726 2374 3131 2446 praedicatione
3153 2374 3287 2429 alibi
3314 2374 3706 2430 disseruimus
3723 2375 3874 2438 (Dis-

2223 2472 2353 2519 sert.
2388 2466 2447 2519 in
2477 2465 2722 2518 Lactant.
2757 2481 2884 2535 cap.
2933 2464 2986 2517 8.
3041 2468 3150 2518 art.
3193 2465 3272 2535 2).
3314 2466 3611 2531 Quantum
3639 2480 3774 2520 vero
3805 2480 3877 2519 ea

2227 2552 2478 2625 perculsi
2508 2553 2724 2608 fuerint
2769 2569 2884 2607 non
2933 2551 3122 2607 solum
3153 2552 3359 2619 Judaei,
3392 2553 3491 2608 sed
3525 2553 3702 2609 etiam
3731 2569 3874 2624 gen-

2226 2641 2453 2710 tiles,ex
2480 2641 2573 2696 his
2606 2641 2830 2710 conjice
2859 2642 3354 2712 subsequentibus
3381 2642 3653 2697 Auctoris
3684 2642 3876 2697 nostri

2227 2731 2461 2786 verbis:
2506 2752 2535 2781 «
2565 2732 2631 2785 Et
2661 2737 2853 2786 tamen
2911 2747 3044 2784 cum
3096 2731 3301 2785 mundi
3361 2748 3561 2786 casum
3618 2731 3875 2786 relatum

2228 2819 2285 2875 in
2319 2820 2546 2875 arcanis
2576 2820 2784 2875 vestris
2815 2819 3047 2874 habetis
3068 2844 3088 2870 ι
3127 2819 3492 2889 (Tertullian.
3526 2820 3713 2892 ibid.).
3736 2819 3878 2883 Quae

2229 2909 2462 2976 quidem
2497 2908 2577 2962 ita
2610 2909 2670 2962 in
2719 2908 2938 2963 nostris
2981 2907 3303 2978 codicibus,
3351 2908 3505 2963 sicut
3548 2908 3607 2964 in
3638 2908 3878 2980 Rigaltii

2227 2996 2481 3052 editione
2513 2995 2728 3067 scripta
2775 2998 2933 3051 sunt.
2967 2997 3032 3050 At
3061 2996 3190 3065 quis
3222 3013 3336 3050 non
3373 2994 3640 3052 laudabit
3669 2997 3877 3069 singu-

2227 3084 2408 3140 larem
2438 3084 2651 3140 eruditi
2680 3084 2839 3139 illius
2869 3085 2975 3139 viri
3006 3084 3399 3155 sedulitatem,
3420 3085 3522 3157 qui
3545 3103 3650 3142 nos
3682 3087 3882 3142 ibiad-

2232 3176 2462 3231 monuit
2491 3175 2548 3229 in
2582 3174 2714 3230 aliis
2759 3174 3138 3240 editionibus,
3187 3191 3290 3247 pro
3337 3178 3578 3244 arcanis,
3613 3176 3874 3248 positum

2230 3265 2466 3320 archivis
2488 3268 2513 3318 .9
2543 3264 2781 3334 Majoris
2815 3268 3011 3319 tamen
3036 3264 3207 3319 laude
3228 3265 3442 3337 dignus
3465 3265 3662 3337 procul
3694 3267 3876 3321 dubio

2229 3354 2396 3419 foret,
2429 3353 2474 3407 si
2512 3353 2618 3408 hac
2650 3351 2899 3424 aliisque
2936 3352 3235 3410 nonnullis
3280 3354 3577 3411 similibus
3608 3359 3763 3411 certe
3791 3356 3874 3410 le~

2229 3441 2487 3498 vissimis
2520 3442 2865 3497 lectionibus
2912 3442 3148 3512 notatis,
3181 3442 3326 3499 alias
3359 3442 3531 3515 longe
3579 3443 3779 3515 plures
3811 3449 3869 3500 et

2231 3531 2516 3604 gravioris
2568 3532 2824 3601 profecto
2884 3533 3166 3587 momenti
3225 3548 3340 3587 non
3381 3533 3872 3604 praetermisisset.

2230 3621 2375 3675 Nam
2388 3619 2782 3675 archivaidem
2797 3619 3872 3695 planesigniﬁcantatquearcanaquaa,

2234 3710 2400 3764 Festo
2432 3713 2487 3763 et
2515 3709 2708 3764 Servio
2741 3708 3016 3776 testibus,
3038 3710 3314 3766 dicuntur
3335 3716 3558 3768 secreta
3578 3717 3635 3767 et
3656 3712 3877 3779 clausa,

2234 3805 2291 3853 et
2319 3815 2351 3854 a
2372 3799 2587 3869 quibus
2612 3814 2814 3852 omnes
2835 3802 3107 3854 arcentur
3126 3799 3377 3871 (Festus,
3395 3800 3495 3855 lib.
3518 3818 3611 3868 xx,
3633 3801 3698 3858 de
3715 3804 3879 3870 Yerb.

2233 3889 2527 3958 signiﬁcat.
2555 3903 2568 3955 ;
2602 3887 2832 3942 Servius
2865 3888 2922 3941 in
2958 3888 3174 3956 Virgit.,
3206 3887 3243 3943 l.
3278 3906 3296 3943 ι
3324 3890 3539 3946 Αἰγιεεά.
3572 3907 3626 3961 v,
3655 3892 3804 3960 266).

2303 3996 2477 4047 Porro
2509 3995 2704 4046 autem
2727 3990 2868 4046 illud
2894 3991 3035 4047 solis
3059 3994 3365 4064 deliquium
3394 3995 3451 4048 in
3487 4012 3700 4051 arcana
3729 4011 3880 4067 gen-

2231 4080 2420 4136 tilium
2454 4079 2700 4136 relatnm
2733 4096 2861 4136 esse
2892 4085 3106 4136 Auctor
3145 4086 3343 4138 noster
3371 4090 3703 4152 asseverat;
3739 4085 3880 4156 quia

2231 4169 2373 4225 illud
2425 4175 2482 4225 et
2537 4169 2670 4235 alia,
2703 4186 2828 4238 quae
2874 4176 3008 4225 ante
3065 4175 3122 4225 et
3171 4175 3303 4243 post
3354 4173 3569 4228 Christi
3624 4179 3874 4229 mortem

2233 4263 2564 4324 evenerant,
2598 4275 2631 4312 a
2663 4257 2905 4312 notariis
2955 4258 3226 4329 publicis,
3260 4265 3361 4315 ant
3410 4260 3542 4316 aliis
3584 4262 3880 4333 descripta

2234 4348 2292 4403 in
2326 4347 2662 4403 eorumdem
2694 4345 3000 4417 gentilium
3033 4346 3284 4403 archivis
3319 4351 3722 4405 servabantur.
3742 4352 3880 4416 Quae

2233 4441 2426 4493 autem
2449 4436 2569 4490 haec
2591 4436 2710 4491 sint
2734 4433 2966 4490 archiva
2988 4435 3109 4491 sive
3131 4453 3362 4505 arcana,
3381 4455 3454 4493 an
3479 4439 3876 4495 Romanorum

479 4541 610 4580 nem
655 4529 863 4596 sponte
910 4541 1016 4579 sua
1059 4540 1188 4579 esse
1241 4528 1558 4591 mortuum,
1618 4523 2118 4594 quemadmodum
2155 4598 2176 4600 ξ
2229 4525 2319 4581 vel
2349 4525 2594 4580 aliorum
2639 4523 2972 4595 gentilium,
3005 4540 3073 4580 ex
3121 4525 3214 4580 his
3263 4526 3504 4582 forsitan
3545 4527 3740 4599 colligi
3773 4545 3872 4600 po-

479 4623 630 4678 facta
660 4626 800 4676 tunc
828 4622 898 4676 ab
931 4637 997 4676 eo
1032 4619 1314 4677 miracula
1342 4620 1871 4677 demonstrabant?

555 4754 699 4810 861
743 4754 903 4820 Quod
937 4769 1067 4809 vero
1117 4753 1235 4822 ille,
1282 4770 1348 4810 ac
1395 4757 1599 4826 postea
1655 4753 1977 4826 Cyprianus
2033 4754 2119 4809 di-

477 4847 639 4912 cunt,
694 4847 972 4914 praevento
1020 4843 1296 4912 carniﬁcis
1348 4845 1546 4912 ofﬁcio,
1597 4841 1738 4897 illud
1791 4841 2023 4913 planius
2062 4847 2118 4898 et

476 4931 783 4988 enodatius
812 4931 904 4987 his
936 4931 1214 4987 Lactantii
1253 4931 1445 4986 verbis
1483 4930 1807 5002 explicatur
1838 4948 1853 4989 :
1892 4950 1912 4978 α
1947 4931 2117 4985 Fixus

477 5037 610 5078 cum
643 5020 913 5092 spiritum
959 5020 1349 5091 deposuisset,
1385 5019 1781 5074 necessarium
1811 5020 2118 5074 carniﬁces

477 5127 592 5166 non
633 5113 985 5181 putaverunt
1028 5125 1162 5164 ossa
1209 5109 1338 5180 ejus
1387 5108 1750 5179 sntl'ringere,
1786 5108 1939 5162 sicut
1987 5123 2114 5162 mos

476 5215 677 5255 eorum
711 5198 932 5254 ferebat
965 5219 991 5247 »
1024 5197 1311 5269 (Lactant.
1337 5214 1410 5268 iv,
1439 5197 1620 5252 Divin.
1654 5197 1832 5251 Instit.
1867 5196 2110 5267 cap.26).

471 5287 552 5344 De
579 5287 690 5343 hoc
721 5293 914 5342 autem
949 5303 1108 5342 more
1154 5285 1386 5357 Lipsius
1417 5285 1698 5356 disputat,
1734 5299 1906 5355 quem
1942 5283 1990 5337 si
2022 5283 2108 5338 lu-

471 5376 568 5432 bet
598 5380 654 5431 et
682 5380 865 5443 vacat,
896 5374 1056 5430 adire
1095 5374 1310 5445 poteris
1354 5373 1534 5445 (Lips.
1591 5372 1694 5428 lib.
1737 5389 1775 5426 ιι
1824 5373 1888 5428 dc
1920 5372 2110 5438 Cruce,

471 5480 596 5536 cap.
639 5465 728 5530 14,
761 5480 893 5536 pag.
926 5463 1052 5531 663,
1085 5463 1331 5533 tom.j3).

542 5601 974 5667 Prosequamnr
1022 5594 1279 5664 interim,
1326 5597 1400 5660 et,
1448 5593 1586 5665 quid
1622 5593 1692 5648 de
1721 5591 1950 5649 Christo
1981 5609 2106 5649 mo-

471 5685 654 5743 riente
705 5684 882 5741 addat
936 5682 1354 5753 Tertullianus,
1411 5682 1715 5740 videamus
1748 5698 1760 5737 :
1793 5703 1822 5730 ‹‹
1873 5681 2108 5754 Eodem,

2148 4598 2195 4662 D
2229 4615 2381 4684 terit,
2403 4631 2530 4685 quae
2558 4613 2726 4683 paulo
2748 4618 2878 4684 post
2899 4614 3164 4669 dicemus
3195 4617 3265 4670 dc
3286 4615 3454 4672 Pilati
3479 4617 3550 4672 ad
3577 4598 3868 4673 Tiberium

2226 4705 2635 4775 imperatorem
2669 4703 2738 4757 de
2771 4701 2998 4757 Christo
3030 4702 3263 4758 litteris.

2296 4792 2522 4846 Interea
2575 4807 2706 4846 vero
2747 4791 3284 4848 animadvertemus
3337 4811 3550 4851 manus
3590 4796 3783 4852 adhuc
3841 4814 3872 4851 a

2227 4881 2476 4953 Rigaltio
2529 4881 2720 4936 illatas
2794 4881 2887 4938 his
2955 4882 3454 4954 subsequentibus
3528 4887 3867 4943 Tertulliani

2223 4970 2414 5025 verbis
2450 4987 2461 5026 :
2497 4970 2648 5026 862
2685 4992 2712 5020 ‹‹
2748 4971 2909 5025 Hunc
2937 4971 3121 5026 Judaei
3155 4973 3483 5029 detractum
3517 4977 3587 5030 de
3618 4983 3871 5042 cruce,et

2224 5057 2490 5129 sepulcro
2512 5059 2837 5127 conditum,
2864 5076 3076 5132 magna
3098 5061 3272 5116 etiam
3299 5062 3568 5120 militaris
3589 5067 3867 5122 custodia

2223 5147 2525 5216 diligentia
2555 5146 3057 5202 circumsederunt
3093 5172 3119 5198 υ
3169 5150 3374 5220 (Ibid.).
3430 5154 3492 5207 In
3539 5156 3754 5210 nostris
3787 5155 3864 5211 si-

2223 5235 2456 5306 quidem
2496 5236 2914 5307 mannscriptis
2944 5241 3001 5292 et
3030 5241 3201 5293 antea
3231 5239 3404 5296 editis
3432 5242 3860 5313 exemplaribus

2219 5323 2432 5396 legitur
2463 5342 2474 5379 :
2510 5347 2536 5374 «
2570 5325 2731 5380 Tunc
2776 5324 3077 5380 Judaai.....
3112 5342 3326 5399 magna
3375 5329 3550 5385 etiam
3617 5331 3862 5387 militari

2220 5431 2418 5484 manu,
2453 5413 2726 5468 custodiis
2759 5411 3060 5485 diligentia
3090 5415 3611 5474 circumsederunt.
3653 5442 3673 5469 ι
3705 5421 3850 5484 Quid

2219 5508 2412 5558 autem
2473 5502 2552 5557 ibi
2604 5502 2886 5558 nocebant
2935 5502 3054 5557 haec
3111 5505 3305 5570 verba,
3361 5523 3565 5577 magna
3625 5510 3869 5564 militari

2216 5609 2384 5647 manu
2408 5595 2433 5644 .9
2461 5593 2661 5647 Nonne
2694 5591 2783 5646 his
2829 5594 3046 5646 Auctor
3077 5597 3276 5648 noster
3304 5595 3736 5666 signiﬁcantius
3767 5615 3864 5654 ex-

2218 5681 2434 5754 pressit
2465 5697 2580 5737 non
2620 5696 2862 5754 parvum
2893 5680 3072 5740 fuisse
3102 5681 3356 5742 militum
3388 5702 3729 5758 numerum,
3763 5704 3841 5760 qu
