4158 6326
363 354 481 417 949

1268 346 1344 405 D.
1392 341 1490 405 LE
1539 344 1870 408 NOURRY
1915 350 2576 415 OBSERVATIONES
2620 352 2879 415 ΝονιΕ.

3664 348 3783 410 950

360 486 697 559 sepulcrum
756 480 970 539 Christi
1028 477 1484 552 diligeutiseime
1549 480 2013 537 custodiebant?
2040 485 2094 552 Α
2126 485 2245 540 haec
2282 486 2703 558 subsequentia
2748 484 3089 542 Tertulliani
3117 484 3288 538 verba
3324 500 3335 538 :
3373 505 3399 531 ‹‹
3433 480 3653 538 Dehinc
3682 480 3778 537 or'

361 577 470 634 Sed
505 579 710 630 caetera
740 586 1189 645 prosequamur.

966 747 1173 788 ABTICU
1184 749 1286 787 LUS
1328 749 1402 786 IV.

363 848 436 902 De
470 845 676 899 Christi
704 860 737 897 a
760 850 938 896 morte
965 840 1038 895 ad
1068 841 1233 895 vitam
1266 854 1533 910 regressu,
1568 841 2010 910 apparitionibus

432 918 490 971 in
545 916 798 981 Galila'a,
851 912 1127 967 ordinatis
1180 912 1250 966 ad
1306 912 1772 966 disseminamtum
1832 915 2010 968 Evan-

430 990 639 1058 getium
685 986 992 1055 discipulis,
1028 985 1181 1058 illius
1240 986 1317 1058 in,
1345 984 1499 1058 cwtos
1547 1000 1796 1048 ascensu,
1838 989 1891 1039 et
1937 988 2009 1058 iis

429 1056 683 1115 omnibus
731 1076 765 1113 a
814 1058 993 1111 Pilato
1041 1056 1111 1109 ad
1144 1056 1414 1110 Tiberium
1446 1056 1826 1125 imperatorem
1858 1056 2006 1111 reta-

430 1134 497 1187 tis
524 1150 542 1186 :
563 1148 664 1185 cur
696 1129 931 1184 Cwsares
965 1127 1177 1183 Christo
1206 1127 1590 1195 credidissent,
1617 1130 1666 1181 si
1693 1144 1800 1183 non
1831 1139 2011 1184 essent

428 1204 630 1260 saeculo
661 1202 951 1257 necessari.

430 1328 626 1399 Pergit
658 1325 1078 1391 Tertullianus,
1108 1324 1501 1396 certioresque
1542 1342 1646 1380 nos
1679 1326 1814 1380 facit
1843 1327 2006 1382 Chri—

360 1423 518 1474 stum
554 1416 891 1489 prmdixisse
938 1415 1056 1469 fore
1091 1418 1154 1469 ut
1182 1413 1354 1468 tertia
1394 1419 1524 1484 post
1555 1420 1800 1470 mortem
1836 1433 2005 1471 suam

361 1507 454 1563 die
486 1506 557 1561 ad
592 1506 769 1561 vitam
803 1508 1171 1559 revocaretur
1197 1502 1458 1573 (Tertull.
1492 1505 2004 1575 Apotoget.cap.21,

358 1611 489 1667 pag.
524 1596 671 1666 401).
726 1594 896 1648 Recte
953 1592 1212 1663 quidem,
1248 1592 1740 1663 quemadmodum
1775 1613 1804 1649 ιι
1840 1596 2007 1650 nobis

358 1682 497 1739 alibi
530 1682 883 1755 explicatum
915 1686 1005 1737 est
1034 1682 1287 1753 (Dissert.
1311 1683 1371 1736 in
1401 1683 1638 1737 Lactant.
1663 1700 1790 1755 cap.
1815 1686 1868 1751 8,
1893 1690 2004 1740 art.

352 1774 430 1840 2).
464 1772 599 1828 Suis
652 1776 849 1827 autem
894 1770 1163 1827 Christus
1195 1771 1357 1825 stetit
1385 1771 1714 1843 promissis,
1747 1777 1804 1828 et
1834 1774 2006 1829 rediit

2124 575 2343 630 dinatis
2374 576 2458 631 eis
2490 577 2561 631 ad
2590 575 2847 631 ofﬁcium
2888 574 3238 647 pradicandi
3273 588 3375 644 per
3405 572 3623 639 orbem,
3658 571 3771 627 cir-

2122 666 2500 735 cumperfusa
2533 667 2683 721 nube
2730 666 2785 720 in
2818 665 3023 721 cceium
3058 668 3146 720 est
3174 667 3406 733 ereptus
3441 682 3465 713 ι
3502 660 3766 733 (Tertull.

2123 754 2221 809 loc.
2255 754 2392 824 cit.).
2430 757 2488 809 ln
2552 756 2771 811 nostris
2816 772 2949 811 vero
3008 751 3459 824 exemplaribus,
3519 755 3578 806 et
3633 750 3765 807 aliis

2123 847 2255 897 ante
2304 844 2616 915 Rigaltium
2670 844 2842 899 editis
2903 844 3156 911 legimus
3207 858 3218 895 :
3273 864 3301 890 ‹‹
3340 843 3399 896 ln
3434 840 3640 895 ccelum
3675 846 3765 895 est

2123 936 2409 1004 receptus.
2473 955 2496 984 ν
2559 934 2851 1006 Numquid
2912 932 3201 1004 Rigaltius
3262 931 3426 986 illum
3486 929 3763 1001 loquendi

2123 1034 2358 1080 modum
2393 1026 2541 1080 ferre
2572 1042 2685 1078 non
2720 1024 2956 1095 potuit?
2984 1024 3100 1077 Cur
3129 1038 3265 1093 ergo
3297 1021 3389 1075 his
3422 1020 3614 1092 potius
3650 1036 3762 1073 non

2121 1132 2266 1169 usus
2306 1121 2396 1169 est
2435 1112 2704 1186 Cypriani
2738 1113 2927 1167 verbis
2962 1129 2974 1167 :
3016 1132 3035 1159 ι
3074 1115 3135 1165 In
3170 1111 3376 1165 coelum
3411 1109 3768 1165 circumfusa

2123 1203 2273 1258 nube
2303 1202 2572 1259 sublatus
2603 1208 2731 1259 est?
2761 1203 2948 1274 (Cypr.
2990 1202 3062 1257 de
3095 1200 3299 1257 ldolor.
3334 1199 3533 1269 venit.)
3565 1198 3767 1253 Nonne

2121 1292 2332 1348 melius
2358 1310 2426 1348 ex
2456 1292 2763 1364 discipulo,
2815 1292 2862 1347 si
2911 1291 2966 1346 id
3010 1291 3226 1361 liceret,
3263 1290 3609 1361 magistrum
3641 1304 3766 1343 cor-

2120 1382 2408 1437 rexisset?
2459 1383 2566 1437 Sed
2626 1382 2962 1437 auctoribus
2995 1398 3102 1435 sua
3148 1379 3318 1435 verba
3380 1377 3768 1449 relinquenda

2116 1477 2271 1525 sunt.
2309 1472 2439 1525 xlias
2480 1470 2636 1526 enim
2670 1478 2867 1525 actum
2901 1476 3059 1525 esset
3089 1470 3160 1524 de
3193 1468 3467 1541 genuinis
3500 1471 3762 1522 veterum

2117 1562 2470 1632 scriptorum
2496 1561 2793 1632 operibus.

2186 1670 2366 1723 Addit
2394 1667 2791 1723 Tertullianus
2830 1665 3122 1721 Christum
3174 1666 3245 1720 ad
3278 1664 3453 1721 caelos
3482 1680 3762 1720 conscen-

2116 1759 2275 1814 disse
2308 1775 2319 1811 :
2357 1780 2382 1805 ‹‹
2419 1757 2598 1813 Multo
2654 1756 2887 1826 melius,
2920 1773 3099 1827 quam
3149 1756 3303 1827 apud
3336 1772 3457 1825 vos,
3489 1752 3760 1827 gentiles,

358 1863 429 1917 ad
462 1861 660 1916 vitam.
710 1865 783 1915 At
809 1882 835 1911 ‹‹
870 1867 1177 1931 postquam
1206 1859 1287 1915 ita
1318 1842 1752 1928 resurrexisset,
1786 1883 1814 1911 ››
1846 1862 2002 1930 ejus-
2041 1860 2085 1924 Β
2117 1864 2447 1902 asseverare
2506 1847 2576 1900 de
2622 1844 2885 1900 Romulis
2923 1846 3152 1902 Proculi
3204 1844 3395 1900 solent
3436 1866 3463 1892 »
3499 1842 3760 1912 (Tertull.

357 1951 490 2006 dem
522 1950 793 2005 Auctoris
824 1948 1007 2004 nostri
1038 1949 1213 2007 verba
1244 1953 1403 2017 sunt,
1424 1972 1451 1998 «
1479 1949 1624 2003 nihil
1656 1950 1713 2003 in
1741 1951 2009 2022 sepulcro

357 2045 654 2112 repertum
687 2043 775 2095 est
806 2042 1189 2111 praterquam
1213 2038 1430 2094 exuvize
1457 2038 1765 2110 sepulcri»
1791 2040 2007 2111 (Ibid)

357 2131 416 2185 In
451 2129 752 2185 codicibus
779 2130 998 2183 nostris
1028 2132 1084 2184 et
1111 2128 1241 2183 aliis
1271 2129 1669 2195 edutionibus,
1691 2130 1891 2200 sepulti
1908 2147 1929 2191 ,'
1952 2134 2010 2185 et

355 2218 569 2274 melius
615 2217 873 2289 quidem.
924 2217 1070 2272 Nam
1122 2217 1341 2273 exuvias
1387 2218 1666 2273 dicuntur
1714 2218 2007 2290 imprimis

354 2306 687 2376 hominum,
738 2311 794 2361 et
851 2306 1169 2377 aliquando
1221 2308 1565 2361 bestiarum.
1615 2308 2004 2371 Quamobrem

355 2395 693 2452 Lactantius
726 2414 742 2449 :
775 2394 889 2449 «1n
922 2396 1211 2467 sepulcro,
1264 2396 1474 2467 inquit,
1533 2396 1677 2451 nihil
1713 2403 2003 2468 repertum

357 2493 467 2553 est,
502 2485 613 2541 nisi
648 2484 890 2550 exuviae,
922 2484 1139 2556 quibus
1171 2485 1541 2541 convolutum
1573 2503 1784 2557 corpus
1816 2486 2004 2541 inclu-

359 2580 558 2631 serant
591 2596 618 2623 »
650 2574 936 2645 (Lactant.
971 2573 1075 2629 lib.
1125 2591 1181 2629 ιν
1230 2574 1412 2629 Dicin.
1465 2577 1702 2630 Institut.
1737 2592 1863 2647 cap.
1895 2577 2004 2643 29;

359 2665 585 2720 Dissert.
620 2664 680 2717 in
710 2665 952 2719 Lactant.
988 2679 1112 2735 cap.
1142 2664 1230 2731 17,
1263 2667 1372 2719 art.
1399 2664 1476 2735 2).

430 2754 491 2808 In
525 2752 726 2808 eadem
760 2769 992 2825 quoque
1036 2757 1235 2809 nostra
1266 2754 1336 2808 de
1384 2754 1564 2825 hujus
1594 2752 1759 2809 libris
1789 2754 2005 2811 disser-

359 2842 581 2898 tatione
610 2841 977 2897 ostendimus
1007 2844 1300 2912 quomodo
1337 2859 1403 2897 ea
1433 2842 1846 2915 explanaverit,
1880 2860 2006 2915 quin

361 2950 395 2988 a
442 2929 804 2987 Tertulliano
847 2930 918 2986 de
964 2930 1176 2986 Christi
1224 2935 1430 2998 morte,
1472 2932 1793 3003 sepultura,
1827 2940 1884 2988 et
1916 2950 2004 2988 re-

360 3019 719 3081 surrectione
758 3018 935 3089 dicta,
968 3024 1144 3092 atque
1182 3020 1339 3075 hunc
1386 3020 1442 3075 in
1496 3022 1737 3076 modum
1788 3021 2005 3077 ibidem

365 3109 689 3179 subjuncta
720 3113 860 3163 sunt
888 3125 899 3163 :
932 3132 959 3158 α
991 3108 1104 3165 Nec
1135 3108 1235 3164 ille
1289 3109 1558 3165 Christus
1610 3111 1901 3166 redivivus
1946 3128 2008 3168 se

362 3198 419 3253 in
452 3198 661 3268 vulgus
692 3197 908 3268 eduxit,
961 3214 1031 3253 ne
1082 3198 1249 3269 impii
1307 3216 1502 3254 errore
1556 3199 2002 3255 liberarentur»
2036 3235 2078 3301 C

360 3286 622 3356 (Tertull.
658 3288 931 3358 Apologet.
965 3303 1092 3358 cap.
1145 3289 1236 3357 21,
1292 3305 1423 3359 pag.
1480 3290 1629 3356 402).
1682 3290 1761 3344 Ibi
1803 3295 2000 3345 autem

363 3377 901 3432 demonstravimus
948 3376 1106 3432 hunc
1154 3377 1431 3449 loquendi
1463 3380 1726 3447 modum,
1757 3382 1858 3451 qui
1890 3398 2002 3435 non

363 3465 553 3521 solum
611 3483 645 3521 α
700 3465 1057 3521 Tertulliano
1105 3470 1162 3521 et
1214 3467 1525 3535 Lactantio,
1575 3470 1676 3525 sed
1724 3470 2005 3542 Cypriano

363 3557 563 3626 etiam,
605 3571 670 3610 ac
728 3556 913 3611 sacris
972 3556 1190 3612 nostris
1233 3556 1626 3629 Scriptoribus
1670 3560 2003 3627 adhibetur,

362 3644 535 3716 plane
569 3644 862 3700 immerito
908 3645 981 3700 ab
1026 3645 1395 3702 heterodoxis
1425 3648 1782 3718 quibusdam
1815 3649 2005 3704 vexari

363 3736 614 3807 (Dissert.
647 3735 706 3789 in
739 3736 987 3790 Lactant.
1008 3735 1117 3790 loo.
1152 3752 1314 3808 supr.
1349 3736 1445 3791 cit.
1478 3742 1535 3793 et
1565 3755 1691 3810 cap.
1716 3740 2003 3808 17,art.5).

434 3823 701 3880 Posthch
746 3840 879 3879 vero
925 3823 1321 3881 Tertullianus
1352 3826 1421 3880 de
1451 3826 1701 3894 Christo,
1725 3829 1795 3883 ad
1829 3827 2003 3884 vitam

366 3918 652 3984 revocato,
705 3913 824 3968 haec
877 3914 1119 3968 tradidit
1172 3930 1185 3967 :
1248 3936 1274 3966 ι
1323 3914 1464 3970 Cum
1515 3916 1821 3987 discipulis
1873 3918 2005 3989 qui-

365 4002 617 4058 busdam
670 4002 825 4073 apud
857 4000 1153 4059 Galilaeam
1182 4004 1397 4059 Judaaaa
1424 4004 1719 4076 regionem
1753 4007 1823 4061 ad
1857 4024 2008 4078 qua-

365 4091 632 4161 draginta
687 4090 810 4145 dies
874 4090 1009 4160 egit,
1060 4092 1275 4147 docens
1334 4109 1432 4147 eos
1490 4110 1617 4162 quae
1675 4094 1944 4151 docerent
1977 4118 2006 4146 »

365 4179 634 4253 (Tertull.
667 4179 847 4252 ibid.)
881 4180 1029 4244 Quid
1062 4180 1244 4251 ergo?
1275 4181 1574 4252 Numquid
1608 4183 1877 4240 Christus
1907 4203 2010 4257 per

363 4274 551 4326 totum
584 4268 731 4324 illud
764 4275 998 4341 tempus
1038 4269 1096 4325 in
1146 4271 1272 4326 sola
1324 4270 1579 4337 Galilaea,
1615 4290 1680 4327 ac
1711 4290 1841 4328 cum
1878 4275 2008 4345 qui-

364 4360 617 4416 busdam
639 4363 871 4415 tantum
896 4358 1203 4433 discipulis
1229 4362 1354 4417 suis
1377 4367 1643 4418 versatus
1664 4368 1751 4419 est
1767 4364 1793 4417 ‘?
1811 4364 2010 4420 Nonne

366 4455 422 4507 et
447 4450 608 4520 alibi,
641 4454 698 4505 et
726 4450 1002 4506 omnibus
1033 4450 1341 4523 discipulis
1371 4452 1686 4523 apparuit?
1733 4454 1838 4508 Sed
1872 4458 2010 4509 Ter—

365 4538 668 4611 tullianus,
701 4538 841 4611 quia
880 4539 935 4593 in
958 4538 1068 4595 hoc
1100 4540 1246 4595 libro
1280 4540 1532 4596 brivitati
1564 4543 1857 4611 studebat,
1894 4560 2010 4599 non

368 4628 424 4684 id
475 4628 713 4700 quidem
757 4632 948 4700 negat,
1002 4632 1060 4684 at
1113 4646 1240 4701 quas
1289 4630 1347 4685 in
1398 4629 1632 4687 Galilzsa
1683 4638 1824 4688 sunt
1864 4637 2011 4700 acta,
2044 4612 2089 4675 D

371 4735 635 4775 narrasse
692 4717 804 4773 sibi
859 4718 1003 4774 satis
1059 4733 1187 4775 esse
1236 4720 1482 4775 censuit.
1540 4724 1612 4776 At
1668 4722 2011 4794 Cyprianus,

368 4807 637 4879 quamvis
667 4807 833 4863 illum
866 4811 1167 4879 sequatur,
1202 4825 1315 4863 non
1367 4814 1485 4865 tam
1528 4811 1747 4881 stricte,
1782 4812 1881 4867 sed
1915 4829 2011 4884 ge-

370 4897 643 4953 neraliter
663 4896 963 4969 scripsitm
982 4898 1265 4969 Apparuit
1287 4899 1592 4972 discipulis
1611 4901 1736 4956 suis
1757 4900 2008 4956 talis.....

370 4986 673 5041 fuerat.....
707 4987 777 5042 ad
807 4987 931 5044 dies
979 4987 1373 5059 quadraginta
1421 4994 1748 5046 remoratus
1779 4996 1867 5047 est
1900 5009 1912 5046 :
1951 4995 2013 5047 ut

369 5073 442 5128 de
470 5088 537 5128 eo
590 5075 661 5129 ad
713 5082 997 5147 praecepta
1044 5075 1245 5131 vitalia
1275 5076 1486 5132 instrui
1520 5084 1777 5147 possent,
1806 5084 1861 5136 et
1892 5080 2010 5136 dis.

368 5166 565 5218 cerent
622 5164 774 5219 863
834 5182 960 5236 quis
1021 5166 1297 5221 docerent
1353 5189 1380 5217 »
1441 5168 1629 5239 (Cypr.
1690 5169 1754 5224 de
1816 5170 2008 5227 idolor.

368 5252 588 5325 venit.)
647 5252 726 5309 De
776 5252 866 5309 his
912 5259 1102 5310 autem
1146 5255 1361 5312 Christi
1419 5258 1903 5330 apparitionibus,
1957 5264 2015 5316 et

368 5342 634 5399 doctrina
666 5360 781 5415 qua
812 5343 1131 5415 discipulos
1162 5362 1301 5401 suos
1346 5346 1579 5415 imbuit,
1620 5348 1678 5401 in
1728 5348 1858 5404 aliis
1893 5350 2011 5404 dis-

369 5432 788 5491 sertationibus
832 5434 1263 5505 disputavimus
1315 5438 1618 5505 (Dissertat.
1652 5438 1712 5492 in
1762 5440 2008 5494 Lactant.

368 5541 493 5596 cap.
555 5524 641 5591 19,
674 5527 782 5578 art.
826 5524 898 5590 3;
949 5528 1006 5578 et
1046 5526 1329 5581 Dissertat.
1383 5528 1442 5582 in
1490 5527 1677 5584 Caecil.
1732 5529 1798 5584 de
1844 5535 2011 5586 mort.

366 5618 636 5687 persecat.
672 5629 796 5685 cap.
834 5613 887 5679 4,
923 5618 1027 5671 art.
1055 5614 1130 5685 2).

442 5706 507 5764 In
539 5704 752 5765 iisdem
783 5703 960 5767 etiam
1009 5704 1446 5766 enucleavimus
1490 5708 1631 5782 quid
1681 5707 2016 5783 significent

2117 1936 2227 1991 loc.
2261 1936 2405 2006 cit.).
2457 1937 2678 1990 Rursus
2718 1951 2850 1990 vero
2884 1935 2939 1988 in
2975 1934 3185 1989 iisdem
3236 1931 3453 1988 nostris
3501 1936 3559 1987 et
3589 1932 3762 1986 editis

2118 2025 2439 2094 codicibus,
2465 2023 2714 2095 Rigaltio
2746 2023 3183 2095 antiquioribus
3207 2038 3218 2076 :
3241 2046 3268 2072 «
3288 2020 3469 2076 Multo
3501 2021 3760 2102 verius...

2120 2116 2188 2169 de
2212 2114 2457 2170 Romulo
2485 2112 2712 2169 Proculi
2739 2112 2947 2167 solent.
2974 2133 3001 2159 ν
3026 2111 3165 2174 Quis
3198 2115 3392 2165 autem
3429 2127 3540 2165 non
3576 2110 3766 2164 videat

2117 2203 2266 2258 hanc
2298 2204 2581 2275 potiorem
2614 2203 3053 2273 genuinamquo
3095 2216 3218 2255 esse
3268 2199 3610 2255 Tertulliani
3647 2198 3764 2254 lec-

2118 2292 2331 2347 tionem
2347 2292 2373 2345 ?
2394 2293 2539 2346 Nam
2563 2292 2639 2345 ibi
2666 2292 2877 2346 asserit
2896 2289 3078 2343 multo
3091 2289 3285 2343 verius
3306 2304 3434 2342 esse
3466 2288 3765 2343 Christum

2115 2381 2173 2435 in
2232 2381 2406 2437 ccelos
2467 2380 2825 2445 ascendisse,
2885 2395 3058 2449 quam
3121 2378 3454 2443 Romulum,
3497 2378 3763 2443 quamvis

2117 2470 2366 2535 Proculi,
2398 2470 2457 2525 id
2488 2477 2595 2537 est,
2624 2470 2660 2523 ii
2692 2468 2791 2540 qui
2826 2468 3055 2523 Proculi
3089 2465 3341 2538 perjurin
3376 2468 3761 2533 almntuntur,

2115 2562 2411 2616 affirmare
2442 2559 2668 2616 soleant
2712 2559 2906 2614 visum
2953 2574 2986 2613 a
3032 2573 3095 2613 se
3141 2558 3457 2611 Romulum
3498 2556 3555 2609 in
3588 2554 3762 2610 coalos

2117 2650 2551 2705 ascendentem.

2191 2759 2447 2830 Denique
2478 2762 2692 2812 Auctor
2725 2759 2920 2811 noster
2948 2754 3188 2825 adjecit:
3213 2776 3238 2806 α
3260 2754 3338 2807 Ea
3359 2753 3557 2808 omnia
3587 2768 3765 2824 supter

2116 2849 2345 2903 Christo
2394 2848 2641 2914 Pilatus,
2684 2851 2739 2901 et
2773 2846 2899 2917 ipse
2940 2846 3063 2914 jam
3100 2861 3200 2914 pro
3245 2860 3348 2898 sua
3403 2843 3763 2897 conscientia

2117 2938 2505 3002 Christianus,
2560 2935 2769 2990 Caesari
2820 2939 2958 2989 tunc
3005 2932 3234 2987 Tiberio
3283 2931 3586 2986 nuntiavit.
3651 2932 3761 2987 Sed

2117 3034 2174 3083 et
2201 3030 2455 3083 Caesares
2515 3024 2904 3080 credidissent
2962 3038 3137 3091 super
3165 3021 3414 3083 Christo,
3457 3021 3501 3074 si
3535 3026 3591 3075 et
3643 3020 3762 3075 Cae-

2117 3132 2277 3173 sares
2331 3132 2444 3170 non
2498 3119 2693 3169 essent
2750 3111 2958 3167 saeculo
2993 3110 3328 3174 necessarii,
3365 3116 3464 3165 aut
3514 3110 3559 3161 si
3594 3109 3760 3163 Chri-

2119 3207 2293 3262 stiani
2330 3204 2656 3276 potuissent
2698 3217 2826 3257 esse
2857 3203 3112 3257 Caesares
3147 3220 3173 3247 »
3221 3200 3443 3269 (Ibid).
3495 3199 3759 3253 Mutuam

2118 3303 2314 3352 autem
2349 3294 2442 3349 his
2475 3293 2665 3348 verbis
2696 3291 2827 3361 alia,
2862 3291 2934 3346 ab
2965 3306 3030 3344 eo
3064 3289 3333 3361 superius
3365 3288 3762 3358 scripta,dant

2118 3386 2318 3456 utique
2346 3384 2558 3438 lucem.
2593 3382 2720 3436 Haec
2753 3384 2947 3435 autem
2980 3378 3339 3450 totidemque
3370 3385 3509 3432 sunt
3541 3394 3552 3433 :
3605 3400 3624 3424 ⁴ι
3663 3377 3755 3432 Ti—

2114 3476 2312 3529 berius
2344 3471 2693 3528 annuntiata
2742 3468 3147 3541 (manuscripti
3184 3468 3389 3531 nostri,
3422 3471 3475 3519 et
3508 3465 3756 3536 antiqua:

2114 3562 2398 3620 editiones
2449 3558 2863 3627 annuntiatum)
2913 3557 3024 3613 sibi
3074 3574 3142 3611 ex
3204 3556 3376 3628 Syriae
3429 3554 3756 3621 Palaestina,

2115 3670 2241 3724 quae
2272 3650 2607 3723 (Pamelius,
2642 3649 2796 3720 quod)
2832 3647 2948 3702 illic
2996 3646 3294 3701 veritatem
3349 3644 3521 3699 istius
3553 3643 3759 3699 divini-

2114 3744 2250 3800 tatis
2306 3740 2699 3797 revelaverant
2746 3738 2917 3794 iidem
2964 3734 3368 3805 manuscripti,
3410 3738 3467 3789 et
3497 3733 3620 3789 alia:
3652 3750 3756 3789 an-

2112 3835 2396 3906 tiquiores
2420 3830 2726 3894 editiones,
2747 3826 3115 3896 revetaveraf)
3140 3823 3352 3879 detulit
3381 3824 3449 3877 ad
3485 3827 3754 3878 senatum

2115 3940 2249 3977 cum
2282 3918 2662 3994 prierogativa
2692 3915 2946 3984 suti'ragii
2982 3914 3094 3969 sui.
3126 3914 3396 3980 Senatus,
3446 3910 3585 3982 quia
3643 3927 3757 3969 non

2114 4011 2238 4083 ipse
2262 4006 2873 4082 probaverat,respuit.
2901 4005 3088 4059 Ctesar
3109 4003 3167 4056 in
3199 3999 3489 4056 sententia
3520 3999 3760 4064 mansit,

2117 4100 2510 4154 comminatus
2559 4094 2881 4167 periculum
2933 4088 3371 4146 accusatoribus
3400 4087 3760 4142 Christiano—

2119 4206 2303 4244 rum»
2338 4185 2597 4258 (Tertull.
2651 4183 2784 4239 ibid.
2837 4198 2962 4251 cap.
3015 4182 3067 4246 5,
3113 4195 3243 4249 pag.
3290 4178 3436 4247 291).
3477 4176 3762 4231 Eusebius

2116 4294 2249 4333 vero
2282 4282 2466 4331 totum
2501 4276 2654 4330 hunc
2678 4269 3037 4336 Tertulliani,
3061 4268 3317 4322 indicato
3347 4268 3472 4337 ejus
3502 4264 3759 4334 nomine,

2118 4365 2309 4423 locum
2342 4364 2730 4433 transcripsit.
2765 4360 2931 4415 Prius
2964 4362 3156 4412 autem
3192 4359 3389 4411 narrat
3420 4370 3635 4409 morem
3678 4353 3763 4409 iu-

2120 4456 2397 4523 valuisse,
2430 4459 2490 4508 ut
2522 4450 2950 4525 provinciarum
3002 4450 3274 4511 rectores,
3310 4444 3596 4515 quidquid
3631 4442 3762 4497 novi

2120 4546 2271 4617 apud
2309 4546 2468 4615 ipsos
2490 4540 2852 4612 contigisset,
2876 4534 3212 4608 imperatori
3248 4532 3763 4597 nuntiarent.Qua-

2123 4634 2383 4691 mobrem
2434 4629 2675 4697 Pilatus,
2729 4651 2755 4677 ‹‹
2805 4628 2875 4681 de
2916 4623 3361 4689 resurrectione,
3396 4622 3605 4693 inquit,
3638 4622 3765 4677 Ser-

2122 4723 2339 4779 vatoris
2389 4719 2568 4776 nostri
2616 4722 2751 4773 Jesu
2802 4714 3035 4784 Christi,
3067 4714 3234 4783 cujus
3287 4728 3388 4783 per
3437 4711 3765 4766 universam

2124 4812 2493 4868 Palaestinam
2522 4806 2765 4864 celebris
2815 4806 2969 4859 fama
3000 4809 3143 4869 erat,
3180 4802 3249 4856 ad
3280 4799 3575 4856 Tiberium
3611 4800 3766 4872 prin-

2122 4903 2309 4974 cipem
2362 4898 2582 4964 retulit,
2642 4896 2825 4951 multa
2874 4909 3107 4966 quoque
3148 4890 3261 4946 alia
3291 4891 3555 4961 ejusdem
3590 4890 3765 4945 mira-

2124 4990 2264 5048 bula
2320 5005 2382 5045 se
2440 4987 2640 5044 auditu
2675 4983 2972 5056 accepisse
3032 4981 3394 5053 significans,
3428 4982 3485 5037 et
3514 4978 3769 5050 qualiter

2124 5084 2313 5138 denuo
2344 5079 2415 5134 ad
2461 5078 2640 5133 vitam
2700 5079 3022 5143 revocatus,
3056 5089 3089 5127 a
3142 5070 3435 5142 plerisque
3456 5069 3583 5140 jam
3618 5072 3767 5123 Deus

2124 5172 2453 5227 haberetur.
2542 5168 2613 5221 At
2671 5162 2971 5220 Tiberium
3031 5161 3267 5233 quidem
3352 5158 3423 5214 ad
3496 5161 3765 5214 senatum

2124 5259 2397 5317 retulisse
2428 5256 2755 5330 perhibent,
2788 5254 2890 5309 sed
2929 5256 3197 5308 senatum
3229 5246 3567 5319 hujusmodi
3617 5244 3765 5302 rela-

2124 5350 2343 5405 tionem
2377 5349 2753 5419 aspernatum
2788 5341 2989 5408 fuisse,
3019 5338 3211 5412 specie
3242 5337 3500 5408 quidem,
3526 5351 3591 5391 eo
3610 5335 3762 5407 quod

2123 5443 2369 5497 senatus
2399 5436 2715 5493 auctoritas
2738 5434 2807 5488 ad
2840 5433 2895 5486 id
2931 5447 3042 5485 non
3075 5430 3407 5498 exspectata
3436 5425 3776 5492 videbatur,

2124 5546 2257 5585 cum
2290 5534 2488 5584 tamen
2517 5526 2609 5582 lex
2639 5528 2801 5579 vetus
2845 5520 2997 5591 apud
3032 5519 3320 5573 Romanos
3350 5530 3500 5585 esse,
3532 5532 3603 5569 ne
3634 5513 3766 5588 quis

2125 5620 2347 5690 absque
2400 5617 2628 5671 decreto
2687 5614 2924 5668 senatus
2983 5623 3086 5679 pro
3149 5610 3258 5661 er
3312 5603 3660 5671 haberetur;
3707 5622 3767 5660 re

2123 5711 2319 5768 autem
2347 5707 2475 5780 ipsa
2494 5722 2558 5763 eo
2583 5703 2737 5761 864
2761 5698 2917 5773 quod
2947 5694 3223 5756 salutaris
3255 5693 3459 5752 divinis
3490 5693 3767 5753 doctrinm
