4158 6346
450 469 570 532 951

973 467 1501 531 TERTULLIANI
1545 445 1871 530 Oi’ERUM
1915 467 2120 529 PARS
2164 467 2210 528 Ι.
2243 499 2320 510 -—-
2349 466 2624 528 SERIES
2671 469 2717 546 l,
2763 467 3325 530 APOLOGETICA.

3730 472 3856 530 952

450 601 781 675 pradieatio
831 600 1176 656 auctoritate
1219 605 1277 657 et
1331 599 1546 656 auxilio
1600 600 1905 656 hominum
1965 616 2080 655 non
2115 601 2166 666 Α
2197 600 2316 655 sive
2355 614 2490 654 vero
2536 599 2796 669 homine,
2827 617 2859 655 a
2888 600 3248 656 Tertulliano
3307 601 3526 673 scripta
3557 601 3852 670 vidimus,

453 691 757 762 indigeret.
789 689 934 745 Cum
965 690 1147 762 igitur
1195 695 1437 746 senatus
1491 690 1831 746 relationem
1861 691 1929 744 de
1960 689 2089 743 Ser-

449 782 646 835 vatore
693 779 1082 851 repudiasset,
1151 778 1421 834 Tiberius
1477 782 1673 834 tamen
1722 779 1780 832 in
1843 777 2092 850 pristina

450 869 742 925 sententia
797 884 1197 939 perseverans,
1237 868 1382 923 nihil
1432 869 1710 924 adversus
1767 867 2092 922 doctrinam

450 957 663 1012 Christi
697 956 904 1012 durius
934 956 1175 1012 molitus
1205 973 1333 1012 esse
1362 956 1579 1011 dicitur
1607 978 1636 1008 »
1669 957 1902 1026 (Euseb.
1925 954 2026 1010 lib.
2051 972 2092 1010 Il

452 1047 651 1102 Hister.
683 1045 882 1101 Eccles.
915 1062 1044 1117 cap.
1082 1046 1137 1113 2,
1170 1061 1302 1116 pag.
1353 1046 1462 1114 40).
1503 1045 1589 1099 Ita
1616 1043 1882 1099 Valesius
1911 1043 2093 1098 inter-

452 1138 716 1207 pretatus
744 1139 833 1190 est
861 1135 1037 1189 verba
1066 1134 1297 1189 Eusebii
1321 1134 1536 1203 Graeca,
1569 1150 1717 1204 quae,
1753 1132 1890 1204 quia
1921 1132 2093 1204 paulo

451 1223 718 1295 longiora
747 1227 906 1290 sunt,
941 1222 1035 1278 hic
1066 1239 1181 1278 non
1215 1222 1680 1278 transcribimus.
1719 1222 1930 1276 Deinde
1961 1236 2094 1276 vero

454 1311 746 1368 Eusebius
777 1310 1120 1367 Tertulliani
1151 1311 1328 1367 verba
1354 1311 1609 1366 Graecam
1642 1310 1700 1364 in
1734 1309 1992 1382 linguam
2012 1309 2094 1364 sic

453 1399 758 1457 transtulit
791 1417 804 1455 :
834 1393 1085 1472 Τιϐέριος
1146 1397 1236 1451 οὖν
1286 1396 1639 1472 ἀγγελθέντος
1689 1399 1835 1468 αὐτῷ
1879 1395 1936 1450 ἐκ
1984 1402 2096 1450 Πα-

456 1485 740 1558 λαιστίνης
787 1491 884 1542 τοῦ
935 1483 1209 1561 δόγματος
1250 1486 1466 1555 τούτου,
1508 1482 1632 1540 ἔνθα
1675 1490 1890 1560 πρῶτον
1933 1484 2097 1557 ἤρξα-

453 1597 539 1646 το,
588 1579 656 1650 τῇ
713 1575 1004 1652 συγκλήτῳ
1063 1575 1455 1630 ἀνεκοινώσατο
1516 1572 1686 1644 δῆλος
1740 1572 1812 1628 ὢν
1874 1573 2095 1635 ἐκείνοις

455 1665 533 1728 ὡς
580 1669 662 1738 τῷ
710 1662 945 1740 δόγματι
1002 1665 1328 1738 ἀρέσκεται·
1387 1666 1422 1733 ἡ
1484 1661 1539 1718 δὲ
1598 1658 1929 1737 σύγκλητός,
1981 1661 2096 1716 ἐπεὶ

457 1754 559 1810 οὐκ
603 1755 741 1823 αὐτή
790 1751 1184 1826 ἐδεδοκιμάκει,
1232 1752 1508 1808 ἀπώσατο.
1541 1753 1602 1809 Ὁ
1652 1749 1709 1806 δὲ
1763 1751 1812 1807 ἓν
1872 1756 1940 1824 τῇ
1999 1751 2098 1805 αὐ-

454 1846 554 1898 τοῦ
597 1841 860 1920 ἀποφάσει
905 1835 1136 1914 ἔμεινεν,
1187 1839 1486 1910 ἀπειλήσας
1541 1839 1762 1896 Θάνατον
1822 1846 1938 1902 τοῖς
1992 1843 2100 1894 τῶν

458 1933 796 2007 Χριστιανῶν
823 1930 1174 2006 κατηγόροις.
1210 1931 1478 1988 Valesius
1532 1948 1666 1987 vero
1724 1931 1843 1987 haec
1889 1930 2097 1986 iisdem

462 2021 686 2090 Latinis
727 2020 916 2078 verbis
963 2021 1236 2084 reddidit,
1271 2037 1398 2092 quae
1448 2020 1506 2075 in
1539 2019 1836 2076 codicibus
1885 2019 2100 2075 nostris

457 2114 516 2167 et
563 2109 920 2166 editionibus
969 2115 1102 2165 ante
1156 2108 1471 2181 Rigaltium
1521 2107 1777 2163 exhibita
1823 2109 2096 2163 vidimus.

454 2199 670 2255 Verum
703 2198 762 2254 in
790 2197 936 2268 suis,
983 2198 1158 2267 notis,
1214 2198 1536 2270 approbata
1572 2198 1834 2268 ejusdem
1864 2197 2098 2269 Rigaltii

451 2287 880 2356 emendatione,
930 2287 1107 2342 verba
1155 2287 1352 2342 Graeca
1399 2285 1653 2356 Eusebii,
1686 2291 1790 2342 aut
1834 2285 2096 2351 alterius,

450 2381 516 2434 ut
544 2377 670 2449 ipse
700 2380 888 2448 putat,
921 2375 1254 2448 interpretis
1300 2380 1573 2448 corrupta
1625 2392 1754 2430 esse
1801 2374 2094 2446 opinatur.

443 2467 554 2522 Sed
588 2465 639 2522 si
670 2466 782 2537 ipsi
832 2464 1233 2521 suboluissent
1275 2481 1402 2536 quae
1455 2481 1488 2519 a
1535 2463 1783 2535 Rigaltio
1829 2464 1887 2518 in
1937 2469 2093 2519 textu

442 2553 785 2611 Tertulliani
817 2553 1130 2610 immutata
1159 2559 1319 2623 sunt,
1343 2553 1538 2625 potius
1570 2554 1764 2609 Graeco
1795 2552 2098 2624 scriptori-

441 2643 690 2698 fortasse
719 2641 1186 2714 subscripsisset.

512 2729 801 2800 Quidquid
827 2747 995 2801 perro
1029 2729 1126 2797 sit,
1151 2745 1219 2787 ex
1251 2733 1500 2801 utraque
1528 2729 1776 2786 lectione
1808 2729 1949 2786 satis
1972 2747 2097 2801 per-

442 2817 696 2890 spicitur
721 2817 1066 2873 Tertulliani
1116 2835 1351 2884 sensus,
1386 2833 1490 2872 nec
1523 2819 1592 2874 de
1623 2818 1722 2874 illa
1750 2835 1879 2874 esse
1910 2825 2099 2890 potest

447 2907 570 2963 ulla
600 2906 939 2973 difficultas,
974 2907 1086 2962 nisi
1113 2907 1173 2962 in
1206 2907 1298 2962 bis
1328 2907 1541 2974 verbis,
1589 2909 1802 2978 quibus
1830 2909 2098 2964 Tiberius

455 2995 672 3052 dicitur
692 3012 795 3067 pro
819 3012 928 3052 sua
956 2996 1316 3052 conscientia
1339 2997 1464 3066 jam
1496 2997 1676 3052 fuisse
1705 2997 2090 3054 Christianus.

445 3085 592 3142 Nam
643 3084 859 3140 ibidem
915 3085 1080 3153 dixit,
1129 3090 1383 3141 Caesares
1414 3103 1528 3142 non
1561 3087 1898 3153 credidisse,
1958 3088 2096 3160 quia

444 3177 696 3230 Caesares
728 3178 914 3242 erant,
947 3174 1060 3229 Sed
1091 3173 1172 3228 ibi
1204 3175 1378 3230 verbo
1425 3174 1650 3230 credere
1694 3175 1837 3231 nihil
1869 3175 2097 3232 videtur

443 3261 602 3318 aliud
634 3261 1022 3335 signiﬁcasse,
1073 3262 1185 3318 nisi
1241 3262 1537 3335 publicam
1585 3263 1923 3320 Christianae
1955 3265 2092 3321 reli-

443 3350 634 3423 gionis
700 3334 1144 3422 professionem.
1207 3334 1314 3408 Pro
1364 3369 1471 3408 sua
1519 3352 1695 3418 igitur
1738 3355 2096 3411 conscientia
2125 3334 2167 3402 (ἶ

441 3437 711 3494 Tiberius
741 3442 865 3494 erat
892 3439 1239 3510 Cristianus,
1271 3442 1372 3496 sed
1413 3457 1594 3497 ausus
1639 3458 1753 3498 non
1787 3447 1876 3498 est
1905 3443 1962 3498 id
1997 3460 2094 3514 pa-

447 3525 564 3582 lam
597 3526 881 3598 profiteri.

518 3617 594 3669 At
631 3630 758 3686 cur,
789 3614 1040 3688 inquies,
1073 3617 1288 3688 adjecit
1335 3619 1550 3674 Auctor
1594 3623 1838 3675 noster:
1890 3642 1918 3670 «
1975 3621 2094 3676 Cae-

451 3719 614 3760 sares
673 3703 1080 3776 credidissent,
1135 3705 1184 3761 si
1239 3723 1353 3762 non
1402 3711 1599 3763 essent
1646 3707 1855 3763 saeculo
1900 3725 2095 3765 neces-

453 3792 645 3850 sarii?
692 3815 720 3845 »
773 3795 1108 3866 Respondet
1158 3794 1445 3868 Rigaltius
1496 3795 1639 3852 illud
1694 3797 1822 3852 ideo
1873 3798 2095 3854 dictum

454 3882 659 3950 fuisse,
691 3881 851 3954 quia,
897 3883 980 3938 uti
1031 3883 1184 3939 infra
1230 3884 1580 3955 videbimus,
1614 3902 1956 3956 persuasum
1989 3887 2095 3942 ha-

454 3970 671 4027 bebant
700 3973 820 4028 fore
851 3975 916 4027 ut
945 3973 1224 4044 mundus,
1268 3990 1442 4045 quem
1493 3975 1768 4030 nolebant
1813 3981 1933 4032 tam
1983 3977 2094 4033 cito

454 4058 701 4130 destrui,
761 4076 895 4114 cum
942 4061 1203 4116 Romano
1257 4062 1499 4134 imperio
1557 4069 1929 4122 everteretur.
1987 4067 2095 4122 Sed

453 4163 746 4219 quisnam,
777 4149 1018 4204 obsecro
1067 4155 1142 4218 te,
1176 4167 1243 4205 ex
1275 4151 1382 4206 hoc
1425 4168 1618 4208 errore
1666 4153 1860 4209 induci
1908 4161 2100 4226 potest

450 4237 580 4293 vita
611 4237 788 4294 unius
818 4243 920 4294 aut
949 4238 1189 4295 alterius
1221 4241 1462 4298 Caesaris
1493 4243 1808 4300 necessitas
1831 4245 1858 4301 ‘I
1896 4246 2098 4303 Nonne

451 4330 644 4384 autem
676 4327 1074 4382 Tertullianus
1131 4329 1322 4384 dicere
1371 4331 1558 4402 potuit
1605 4335 1854 4390 Caesares
1883 4335 2097 4392 saeculo

449 4432 579 4472 esse
611 4415 995 4487 necessarios,
1027 4417 1086 4472 id
1136 4423 1243 4488 est,
1278 4419 1473 4474 saeculi
1505 4424 1561 4476 et
1591 4421 1939 4494 populorum
1975 4441 2098 4482 mo-

451 4505 637 4571 ribus,
670 4521 739 4562 ac
769 4506 1094 4577 praesertim
1126 4508 1375 4579 receptis
1425 4508 1775 4582 religionum
1809 4512 2098 4570 institutis

450 4597 610 4651 tanta
659 4594 1002 4650 necessitate
1051 4595 1388 4665 obstrictos,
1418 4603 1482 4654 ut
1532 4615 1600 4655 ea
1629 4600 1756 4656 sine
1796 4602 2095 4658 seditioni-

2199 688 2319 743 haec
2343 687 2437 744 ille
2459 689 2762 745 verissima
2781 705 2908 745 esse
2930 694 3095 744 tanta
3111 691 3539 746 asseveratione
3561 691 3850 761 afﬁrmat,

2202 780 2267 831 ut
2297 776 2542 847 nullum,
2574 794 2645 832 ne
2688 777 2998 832 minimum
3031 777 3292 848 quidem,
3328 778 3624 851 relinquat
3652 780 3724 835 de
3776 781 3852 835 iis

2201 865 2505 920 dubitandi
2547 867 2694 924 865
2752 866 2962 922 locum.
3023 867 3170 923 Nam
3219 867 3484 922 ethnicos
3540 869 3702 940 ipsos
3765 868 3853 924 sic

2203 954 2558 1024 compellat:
2606 977 2632 1003 (ι
2686 955 2784 1009 Hic
2833 960 2922 1010 est
2961 955 3100 1010 ordo
3150 961 3363 1011 nostrae
3423 955 3853 1026 institutionis,

2202 1041 2359 1097 hanc
2387 1041 2679 1098 edidimus
2727 1047 2783 1098 et
2829 1049 2998 1098 sectae
3043 1047 3099 1098 et
3149 1043 3404 1100 nominis
3434 1060 3678 1100 censum
3714 1063 3852 1101 cum

2205 1148 2310 1186 suo
2369 1138 2674 1187 auctore»
2736 1132 2996 1203 (Tertull.
3058 1133 3280 1203 Apolog.
3334 1149 3384 1188 ο.
3435 1133 3526 1199 21,
3590 1151 3642 1201 p.
3703 1135 3852 1203 403).

2206 1224 2426 1276 Census
2456 1225 2650 1276 autem
2683 1221 2756 1275 ab
2785 1237 2850 1276 eo
2882 1221 3096 1276 dicitur
3126 1222 3404 1288 recensio,
3438 1223 3759 1294 recognitio
3794 1228 3857 1278 et

2205 1310 2530 1380 explicatio.
2566 1311 2625 1364 In
2660 1313 2767 1364 hoc
2797 1315 2992 1366 autem
3023 1327 3214 1376 nemo,
3247 1311 3457 1383 inquit,
3489 1310 3647 1366 aliud
3682 1329 3843 1383 pror-

2205 1417 2308 1455 sus
2337 1417 2466 1456 esse
2495 1402 2806 1462 existimet.
2847 1403 2998 1474 quod
3053 1402 3402 1458 occultatum
3437 1411 3536 1458 aut
3566 1402 3854 1457 dissimu-

2207 1488 2388 1542 latum
2419 1488 2724 1544 voluerim.
2757 1489 2911 1544 Nihil
2943 1490 3098 1546 enim
3132 1491 3224 1546 his
3254 1507 3380 1562 qua:
3426 1489 3623 1556 retuli,
3655 1489 3854 1546 verius

2206 1594 2334 1633 esse
2367 1582 2586 1649 potest;
2637 1578 2775 1650 quia
2821 1595 2919 1634 nec
2966 1582 3056 1653 fas
3091 1590 3172 1636 est
3202 1581 3326 1649 αιιε,
3361 1580 3459 1646 ait,
3493 1580 3559 1635 de
3586 1596 3689 1635 sua
3718 1581 3853 1634 reli-

2205 1668 2365 1736 gione
2393 1668 2637 1723 mentiri.

2278 1773 2740 1829 Christianorum
2789 1779 2982 1829 autem
3031 1775 3364 1846 pectoribus
3405 1780 3525 1831 tam
3559 1775 3671 1831 alte
3701 1775 3849 1831 insi-

2207 1867 2331 1918 tum
2383 1867 2506 1918 erat
2555 1862 2701 1918 illud
2755 1864 3191 1930 documentum,
3244 1869 3308 1920 ut
3363 1864 3852 1936 exquisitissimis

2131 1971 2178 2036 B
2207 1953 2564 2023 quibuslibet
2593 1953 2896 2024 suppliciis
2927 1954 3186 2024 torqueri
3235 1958 3292 2008 et
3339 1953 3532 2009 necari
3585 1951 3855 2023 mallent,

2209 2060 2382 2113 quam
2409 2043 2748 2116 interrogati
2767 2045 2956 2099 desua
2973 2043 3651 2116 religione,aliquid,imo
3675 2061 3854 2100 suum

2208 2133 2491 2188 duntaxat
2521 2133 2918 2189 Christianum
2953 2149 3184 2203 nomen,
3218 2138 3320 2188 aut
3359 2148 3574 2204 negare
3603 2137 3704 2188 aut
3734 2132 3854 2187 dis-

2207 2220 2506 2278 simulare.
2561 2223 2842 2287 Quociraa
2870 2221 3141 2278 Justinus
3173 2227 3411 2294 martyr,
3440 2227 3506 2277 ut
3535 2221 3676 2276 alibi
3708 2221 3854 2276 dixi-

2208 2328 2362 2377 mus,
2397 2311 2665 2365 similiter
2688 2311 3008 2382 gentilibus
3039 2311 3269 2366 dicebat
3302 2328 3314 2366 :
3349 2310 3744 2377 Considerate,
3768 2307 3853 2362 ὅτι

2206 2395 2264 2451 ἐκ
2319 2402 2414 2451 τοῦ
2461 2397 2541 2474 ἐφ’
2588 2401 2722 2469 ἡμῖν
2776 2399 2905 2452 εἶναι
2966 2399 3236 2471 ἀρνεῖσθαι
3302 2397 3735 2470 ἐξεταζομένους,
3787 2397 3853 2451 οὖ

2211 2485 2524 2561 βουλόμεθα
2559 2491 2652 2559 ζῇν
2685 2484 3171 2560 ψευδολογοῦντες,
3205 2488 3355 2556 Quod
3404 2489 3466 2542 iu
3519 2491 3710 2542 nostra
3752 2504 3853 2559 po-

2205 2580 2400 2632 testate
2446 2587 2542 2640 est,
2585 2582 2643 2632 ut
2691 2593 2814 2632 cum
2863 2579 3226 2648 inquirimur,
3282 2593 3576 2648 negemus;
3615 2577 3715 2632 sed
3759 2591 3860 2630 no-

2206 2666 2387 2721 lumus
2429 2667 2606 2722 vivere
2654 2668 3018 2731 mendaeitrr,
3050 2667 3107 2721 id
3159 2670 3267 2728 est,
3313 2665 3592 2721 nolumus
3645 2665 3857 2734 vivere,

2204 2754 2546 2825 religionem
2582 2760 2841 2811 nostram
2874 2755 3250 2822 mentientes,
3282 2759 3383 2810 aut
3403 2752 3853 2809 dissimulantes

2204 2843 2441 2912 (Justin.
2487 2843 2755 2914 Apologet.
2810 2861 2827 2899 ι
2877 2844 2946 2899 ad
2993 2845 3254 2899 Antonin.
3307 2859 3360 2914 p.
3401 2844 3494 2912 57,
3540 2859 3580 2896 1.
3616 2843 3634 2896 Ι
3665 2842 3855 2913 Appa-

2203 2936 2308 2987 ναι.
2343 2949 2399 3004 ρ.
2431 2933 2576 3002 357).
2611 2934 2866 2987 Tantum
2917 2938 3110 2988 autem
3161 2931 3457 3004 piaculum
3502 2947 3631 2987 esse
3682 2935 3852 3001 puta-

2204 3021 2364 3082 bant.
2425 3023 2659 3093 quando
2713 3023 2782 3076 de
2827 3021 3104 3093 religione
3156 3039 3263 3076 sua
3307 3020 3846 3092 interrogabantur,

2203 3111 2374 3166 dictis
2425 3111 2772 3182 respondere
2821 3110 3144 3182 ambiguis;
3179 3114 3260 3176 ut,
3293 3109 3422 3180 ipso
3466 3109 3659 3164 adhuc
3703 3109 3848 3163 Ter-

2202 3199 2449 3256 tulliano
2483 3205 2648 3269 teste,
2683 3201 2783 3272 qui
2832 3200 3178 3272 martyrium
3213 3197 3401 3270 magis
3449 3197 3758 3262 timebant,
3787 3196 3848 3251 hi

2201 3289 2315 3361 ipsi
2345 3289 2602 3361 torqueri
2639 3289 2945 3360 necarique
2976 3288 3495 3359 maluerint,quam
3527 3291 3646 3342 tres
3679 3303 3854 3342 sanc-

2207 3378 2450 3434 tissima
2483 3377 2787 3434 Trinitatis
2832 3395 3115 3449 personas
3147 3377 3500 3444 conﬁtendo,
3535 3375 3732 3449 plures
3763 3375 3854 3429 di-

2205 3484 2333 3524 cere
2365 3469 2525 3525 deos.

2277 3557 2392 3612 Cur
2422 3562 2617 3613 autem
2669 3574 2840 3613 omne
2889 3558 2958 3612 de
3011 3556 3298 3629 religione
3330 3555 3726 3625 mendacium,
3757 3558 3864 3609 aut

2205 3645 2480 3716 quaelibet
2504 3646 3158 3718 dissimulatio,penitus
3179 3646 3511 3711 damnetur,
3532 3644 3586 3698 si
3609 3659 3860 3715 quaeras,

2207 3732 2583 3802 respondebit
2611 3733 3031 3798 Tertullianus,
3063 3755 3090 3782 ‹‹
3123 3749 3188 3787 eo
3221 3733 3374 3803 quod
3407 3731 3506 3802 qui
3538 3730 3698 3786 aliud
3730 3748 3764 3784 a
3793 3746 3856 3784 se

2206 3820 2316 3876 coli
2347 3821 2511 3889 dicit,
2544 3839 2720 3894 quam
2753 3821 2910 3892 colit,
2958 3825 3127 3892 negat
3175 3821 3328 3893 quod
3378 3819 3518 3889 edit,
3549 3823 3608 3874 et
3659 3817 3851 3873 cultu-

2208 3927 2330 3965 ram
2376 3916 2434 3965 et
2479 3910 2758 3967 honorem
2813 3911 2872 3966 in
2917 3911 3166 3966 alterum
3194 3909 3488 3976 transfert,
3518 3912 3576 3964 et
3605 3907 3856 3962 transfe-

2207 4001 2386 4055 rendo
2413 4000 2537 4070 jam
2585 4017 2698 4054 non
2745 4000 2902 4066 colit,
2955 4000 3106 4072 quod
3154 3998 3383 4070 negavit
3413 4020 3441 4048 »
3487 3995 3852 4067 (Tertullian.

2205 4089 2504 4160 Apotoyet.,
2536 4106 2591 4146 c.
2629 4091 2717 4159 21,
2751 4106 2806 4160 ρ.
2858 4091 3000 4158 403).
3049 4091 3121 4143 Αι
3169 4087 3416 4159 Rigaltio
3467 4085 3687 4158 placuit
3731 4085 3852 4140 haec

2207 4180 2398 4236 delere
2426 4181 2622 4248 verba,
2655 4190 2705 4236 et
2752 4181 3026 4236 honorem.
3082 4179 3222 4243 Quis
3271 4183 3465 4234 autem
3518 4193 3583 4233 ea
3625 4176 3700 4230 ibi
3736 4193 3848 4231 non

2207 4269 2439 4325 inutilia
2495 4285 2623 4326 esse
2682 4268 3069 4325 difﬁtebitur?
3111 4269 3236 4324 Non
3296 4267 3452 4323 enim
3512 4266 3743 4322 cultura
3800 4270 3855 4320 et

2208 4359 2394 4414 honor
2422 4358 2662 4413 omnino
2695 4374 3022 4430 synonyma
3052 4362 3190 4412 sunt
3217 4374 3230 4424 ;
3263 4361 3320 4412 et
3339 4355 3607 4426 quamvis
3633 4358 3850 4419 essent,

2209 4464 2380 4504 nemo
2412 4453 2607 4503 tamen
2639 4446 2873 4519 negabit
2899 4445 3326 4502 Tertullianum
3352 4444 3424 4500 iis
3446 4443 3531 4499 uti
3563 4442 3848 4515 potuisse.

2206 4539 2316 4594 Sed
2351 4537 2470 4592 haec
2503 4536 2752 4601 minimi,
2787 4535 2897 4591 nisi
2929 4536 3001 4591 ad
3038 4535 3357 4590 notandam
3391 4532 3631 4604 Rigaltii
3676 4531 3858 4587 auda-

2206 4627 2376 4694 ciam,
2406 4631 2545 4682 sunt
2575 4625 2873 4681 momenti.
2908 4628 2980 4680 At
3007 4628 3161 4680 certe
3190 4624 3363 4696 longe
3394 4621 3677 4694 gravioris
3707 4637 3850 4692 pon-

451 4683 588 4774 bup.
626 4687 820 4774 atque
847 4684 1179 4774 imminenti
1226 4689 1404 4744 etiam
1437 4693 1493 4744 et
1523 4689 1728 4762 capitis
1769 4695 1824 4746 et
1865 4691 2094 4764 imperii
2125 4709 2172 4774 D
2203 4683 2472 4772 deris’cst
2507 4715 2628 4770 haec
2656 4714 2924 4770 Auctoris
2953 4713 3140 4769 nostri
3186 4683 3586 4768 ratiocinatio:
3637 4683 3742 4774 Qui
3767 4707 3851 4762 di-

452 4771 823 4875 subvertepdi
857 4773 1112 4845 periculo
1143 4774 1491 4833 labefactare
1517 4782 1612 4834 aut
1645 4778 1952 4836 immutare
1980 4799 2093 4838 non
2126 4771 2162 4774 _
2203 4771 2281 4860 οη
2303 4808 2502 4859 Jovem
2534 4803 2689 4859 verbi
2715 4803 2902 4875 gratia
2935 4821 2968 4859 ἃ
2998 4818 3060 4858 se
3091 4802 3220 4869 eo“,
3250 4806 3306 4856 et
3335 4799 3514 4855 alium
3548 4771 3733 4854 pedm
3757 4814 3850 4852 co-

454 4865 697 4932 possent
727 4860 754 4916 ?

1067 4997 1273 5038 ARTICU
1283 4999 1385 5039 ωε
1423 5000 1475 5039 ν.

451 5083 586 5158 Vero
613 5101 727 5142 esse
752 5101 818 5142 ea
845 5087 1056 5154 omnia,
1089 5103 1208 5158 qua
1250 5089 1316 5143 de
1363 5089 1576 5146 Christo
1624 5093 1730 5146 Deo
1775 5101 1827 5147 et
1874 5092 2093 5149 homine

518 5156 668 5232 dicta
695 5167 865 5232 sunt;
894 5156 1119 5232 nemini
1149 5163 1237 5230 fas
1280 5176 1390 5216 esse
1418 5162 1481 5218 de
1509 5164 1776 5232 religione
1804 5181 1904 5219 sua
1933 5182 2094 5220 men-

514 5229 1026 5306 tiri;_Ch_ristianos
1067 5229 1267 5301 absque
1316 5234 1432 5289 ulla
1470 5229 1829 5306 ambiguitate
1857 5240 1950 5290 aut
1981 5237 2088 5291 dis-

511 5301 869 5357 simulatione
892 5302 1084 5372 palam
1103 5311 1154 5356 et
1182 5305 1242 5358 in
1271 5309 1560 5362 tormentis
1587 5301 1755 5363 etiam
1784 5307 2088 5362 dirissimis

511 5373 774 5428 clamasse
828 5376 1000 5445 Deum
1054 5389 1090 5427 a
1143 5390 1200 5429 se
1254 5392 1350 5444 per
1406 5379 1682 5434 Christum
1727 5379 1854 5445 rolz',
1887 5395 1986 5432 nec
2028 5380 2087 5435 id

509 5459 664 5514 posse
706 5444 1018 5521 improbari
1058 5461 1092 5499 a
1135 5446 1364 5521 Judaeis,
1396 5453 1492 5520 qui
1524 5451 1692 5504 Deum
1719 5467 1818 5521 per
1843 5444 2080 5520 Moysen,

508 5531 620 5592 nec
662 5532 695 5570 α
747 5514 1072 5592 gentilibus,
1133 5519 1230 5592 qui
1263 5514 1739 5592 iper'Orpheum',
1799 5514 2078 5592 Musaeum,

511 5588 848 5714 gigame
893 5593 948 5643 et
998 5588 1366 5660 Trophonz'iim
1391 5588 1560 5662 falsos
1603 5588 1735 5649 deos
1775 5593 1949 5647 colere
1989 5588 2078 5648 di;

637 5676 738 5713 ran
776 5701 788 5713 .

549 5675 788 5713 ιεεναηι.

509 5789 642 5853 Quae
672 5790 955 5850 hactenus
984 5792 1054 5849 de
1083 5791 1335 5865 Christo,
1359 5795 1480 5853 sive
1511 5801 1622 5855 Deo
1653 5796 1872 5870 Deique
1904 5798 2071 5870 Filio,

2200 4893 2288 4961 lit,
2311 4894 2360 4948 is
2383 4893 2582 4949 Jovem
2615 4893 2788 4948 deum
2817 4907 2944 4950 esse
2969 4897 3161 4965 negat,
3187 4895 3246 4948 et
3264 4889 3530 4961 ejusdem
3558 4887 3720 4944 Jovis
3741 4886 3851 4942 cul-

2201 4987 2325 5039 tum
2359 4989 2416 5037 et
2445 4982 2719 5038 honorem
2753 4983 2810 5036 in
2845 4981 3025 5038 alium
3058 4981 3354 5042 transfert,
3391 4996 3458 5034 ac
3489 4979 3574 5035 sic
3601 4976 3850 5032 transfe-

2200 5071 2400 5138 rendo,
2463 5087 2575 5125 non
2637 5070 2852 5141 ipsum,
2911 5070 3084 5126 sicuti
3144 5069 3397 5133 dicebat,
3451 5069 3651 5123 Jovem
3686 5062 3848 5132 colit,

2198 5161 2485 5230 illumque
2516 5161 2690 5215 deum
2722 5177 2850 5215 esse
2881 5163 3073 5232 negat.

2267 5269 2632 5337 Quapropter
2683 5282 2786 5320 nos
2834 5264 3172 5332 Christiani,
3223 5263 3418 5335 inquit
3465 5261 3582 5326 ille,
3638 5261 3854 5332 rejects

2197 5356 2355 5409 omni
2386 5372 2626 5426 prorsus
2674 5354 3168 5424 dissimulatione,
3201 5355 3428 5422 fraude,
3464 5357 3523 5408 et
3553 5350 3846 5423 ambigui-

2191 5448 2330 5512 tate,
2357 5467 2383 5494 ‹‹
2423 5444 2611 5515 palam
2643 5444 2916 5507 dicimus,
2950 5449 3006 5498 et
3035 5443 3197 5499 vobis
3227 5442 3479 5498 ethnicis
3509 5440 3843 5511 torquenti-

2191 5533 2368 5600 tibus,
2404 5533 2634 5589 lacerati
2669 5539 2727 5588 et
2756 5533 2979 5588 cruenti
3015 5531 3402 5588 vociferamur
3433 5547 3446 5585 :
3482 5531 3665 5585 Deum
3698 5527 3840 5584 coli-

2191 5639 2321 5677 mus
2372 5639 2473 5694 per
2525 5622 2818 5677 Christum
2859 5644 2885 5671 ››

2184 5727 2376 5784 quem,
2439 5727 2539 5766 seu
2625 5727 2740 5781 quo
2814 5712 3077 5776 docente,
3139 5727 3247 5767 nos
3322 5707 3638 5765 didicimus
3695 5707 3830 5779 quis

2184 5815 2355 5856 verus
2411 5799 2486 5856 sit
2545 5799 2720 5870 Deus,
2780 5815 2953 5870 quem
3011 5815 3214 5857 omnes
3262 5797 3447 5858 colere
3477 5796 3709 5854 debent.
3755 5799 3829 5855 At

2939 5621 3101 5692 (Ibid.
3163 5638 3211 5676 c.
3267 5622 3370 5675 403
3419 5625 3476 5676 et
3527 5619 3698 5688 seq.),
3735 5634 3838 5689 per
