4158 6362
348 436 465 497 953

1262 432 1337 490 D.
1386 430 1480 490 LE
1524 429 1849 491 NOURRY
1892 428 2545 491 OBSERVA'IIONES
2591 431 2854 494 NOVE.

3645 433 3763 493 954

352 565 547 631 homo,
582 564 908 635 arguebant
957 562 1197 627 ethnici,
1254 561 1364 617 iuit
1395 560 1681 617 Christus.
1711 560 1873 625 Esto,
1907 575 1994 614 re-
2027 562 2080 629 Α
2114 558 2355 615 nitatem
2397 561 2589 629 habet,
2639 578 2775 627 rem,
2832 562 2915 617 uti
2971 563 3187 619 Auctor
3237 568 3437 619 noster
3481 562 3581 634 ait,
3628 582 3759 638 pro-

354 655 604 726 spondet
653 652 1095 717 Tertullianus;
1143 668 1258 706 non
1308 651 1525 705 idcirco
1596 655 1792 705 tamen
1842 648 2001 703 Chri-

356 744 533 799 stiani
564 759 698 797 eum
732 742 987 797 colentes
1021 740 1279 812 torqueri
1312 746 1367 795 et
1397 738 1581 794 occidi
1631 738 1702 792 ab
1753 736 2005 793 ethnicis

356 833 665 897 debebant,
703 832 813 886 nisi
851 831 904 884 hi
954 831 1207 895 Judazos,
1269 830 1519 896 Graacos,
1579 844 1645 883 ae
1711 827 2003 881 Romanos

356 920 530 977 etiam
581 921 783 975 eodem
834 920 1004 975 modo
1068 920 1545 973 condemnarent.
1600 917 1747 971 Nam
1795 914 2001 985 Judaei,

354 1011 570 1082 inquit,
609 1033 635 1059 ‹‹
673 1015 855 1065 Deum
890 1027 990 1081 per
1018 1009 1317 1063 hominem
1354 1009 1589 1080 Moysen
1633 1005 1819 1060 colere
1852 1003 2002 1058 didi-

355 1106 560 1155 cerunt
590 1121 619 1150 (ί
651 1100 819 1168 (Ibid.
856 1116 912 1171 p.
944 1100 1056 1169 23).
1094 1099 1153 1153 In
1189 1098 1312 1152 suis
1345 1097 1560 1168 quippe
1584 1094 1750 1149 libris
1779 1098 2003 1164 Moyses

351 1189 551 1243 docuit
582 1206 697 1258 qua
730 1189 974 1254 ratione,
995 1187 1330 1259 quibusque
1362 1186 1571 1240 ritibus
1604 1185 1757 1239 Deus
1785 1182 1855 1238 ab
1886 1180 2003 1236 illis

352 1277 461 1333 coli
496 1278 763 1333 debebat.

423 1385 577 1440 866
637 1385 866 1440 Graecos
915 1401 1050 1440 vero
1108 1407 1135 1433 α
1196 1383 1466 1455 Orpheus
1536 1383 1730 1439 Pieriae
1794 1385 2005 1458 (pergit

354 1480 574 1531 Auctor
606 1474 843 1544 noster),
876 1478 1127 1529 Musaeus
1158 1472 1425 1539 Athenis,
1452 1473 1777 1546 Melampus
1807 1476 1999 1549 Argis_

354 1565 730 1636 Trophonius
752 1564 982 1619 Bmotia:
1007 1562 1441 1618 initiationibus
1459 1563 1736 1618 falsorum
1760 1565 2001 1621 deorum

358 1655 623 1711 homines
645 1654 1050 1725 obligaverunt
1082 1674 1109 1701 ››
1139 1652 1357 1723 (Ibid.),
1377 1652 1483 1707 hoc
1513 1657 1599 1708 est
1619 1652 2006 1725 alligaverunt

356 1750 413 1800 et
443 1743 1039 1800 obstrinxerunt.Nos
1071 1758 1202 1797 vero
1237 1741 1375 1796 alibi
1406 1742 1773 1798 oslendimus
1805 1744 1877 1799 ab
1899 1745 2001 1799 Or-

355 1834 504 1906 pheo
549 1834 883 1888 introducta
929 1832 1109 1887 fuisse
1156 1831 1345 1886 Liberi
1396 1848 1563 1886 sacra
1593 1838 1648 1887 et
1678 1832 1844 1901 festa,
1876 1850 2002 1905 quae

351 1923 568 1979 ideirco
594 1922 847 1994 Orphica
876 1920 1169 1993 appellata
1200 1925 1338 1976 sunt
1388 1924 1702 1986 (Dissertat.
1756 1924 1813 1977 in
1862 1924 2000 1979 Lac-
2038 1936 2082 2001 Β

350 2018 486 2067 tant.
522 2029 647 2082 cap.
683 2013 751 2065 3O
782 2016 892 2066 art.
927 2012 1001 2079 3).
1037 2010 1163 2065 Alio
1196 2015 1393 2065 autem
1426 2012 1483 2065 in
1516 2009 1644 2066 loco
1695 2012 2004 2067 eitavimus

346 2101 585 2157 Diodori
620 2100 802 2156 Siculi
840 2100 1033 2169 verba,
1071 2099 1286 2171 quibus
1317 2104 1518 2155 narrat
1570 2100 1876 2156 Herculem
1908 2118 2005 2158 ve-

349 2191 511 2246 nisse
541 2190 822 2259 Athenas,
854 2194 919 2245 ut
948 2191 1155 2245 matris
1186 2190 1470 2245 Eleusium
1504 2189 1833 2245 initiaretur
1859 2192 2003 2263 inly-

354 2281 575 2345 steriis,
629 2296 881 2351 quorum
949 2280 1205 2335 Musaeus
1254 2279 1468 2351 Orphei
1522 2279 1679 2335 {ilius
1736 2286 2003 2352 προεστῆ-

354 2368 489 2437 κώς,
523 2370 827 2440 praefectus
860 2373 1003 2439 erat,
1037 2369 1137 2440 qui
1171 2369 1413 2440 proinde
1444 2370 1687 2424 docebat
1717 2370 2005 2441 quomodo

362 2460 453 2514 his
485 2459 752 2514 homines
780 2458 1181 2529 obligarentur
1212 2460 1375 2529 (tom.
1408 2460 1450 2526 Ι,
1485 2463 1744 2529 Apparat.
1779 2457 1881 2513 lib.
1916 2476 2002 2526 III,

361 2548 595 2603 dissert.
627 2549 681 2618 2,
712 2565 840 2620 cap.
873 2550 962 2618 35,
997 2566 1031 2620 p
1090 2549 1268 2619 1280).

431 2658 710 2711 Praiterea
738 2656 894 2710 idem
930 2656 1211 2711 Diodorus
1242 2654 2004 2727 Siculus,quemadmodum

361 2746 420 2801 in
448 2749 645 2801 nostra
675 2746 745 2800 de
778 2745 1064 2801 Lactantii
1104 2745 1269 2800 libris
1319 2745 1732 2801 dissertatione
1760 2748 2003 2804 adnota-

358 2836 571 2901 vimus,
607 2835 817 2890 litteris
852 2835 1151 2889 mandavit
1190 2834 1615 2905 Melampodem
1650 2853 1719 2891 ex
1762 2837 2002 2909 IEgypto

356 2924 413 2978 in
448 2924 726 2979 Graeciam
762 2924 1132 2979 transtulisse
1156 2923 1382 2979 sancita
1410 2924 1634 2979 Baccho
1667 2925 1828 2997 orgia
1858 2927 1999 2997 (Dis-

351 3019 482 3068 sert.
533 3030 684 3068 mox.
736 3015 829 3083 cit,
862 3031 883 3075 ,°
936 3014 1165 3069 Diodor.
1227 3012 1324 3069 lib.
1378 3031 1396 3067 1
1443 3014 1724 3081 Biblioth.,
1778 3032 1835 3086 p.
1884 3016 1999 3087 61).

350 3104 667 3173 Subjunxit
694 3103 870 3159 etiam
907 3102 1234 3158 fabulosam
1265 3102 1337 3157 de
1369 3102 1641 3173 Saturno,
1685 3120 1750 3159 ae
1779 3105 1999 3160 Titani-

352 3192 483 3260 bus,
556 3198 727 3262 atque
790 3193 1031 3247 deorum
1099 3191 1506 3246 aﬂ'eetionibus
1578 3194 1997 3261 narrationem,

356 3298 484 3353 quas
540 3282 778 3337 tametsi
830 3281 1104 3336 omnibus
1172 3297 1288 3335 non
1358 3282 1657 3351 probetur,
1720 3299 1834 3338 non
1897 3301 1997 3355 pa-

357 3387 487 3425 rum
520 3374 716 3426 tamen
747 3369 1026 3426 conducit
1065 3371 1131 3425 ad
1186 3369 1529 3425 Tertulliani
1575 3371 1762 3426 nostri
1793 3390 2003 3445 propo-

360 3460 563 3515 situm.

430 3548 799 3620 Trophonius
832 3565 1003 3620 porro
1053 3548 1273 3620 Ergini,
1324 3554 1426 3604 aut
1475 3550 1669 3620 potius
1725 3551 2012 3623 Apollinis

361 3638 516 3694 ﬁlius
548 3655 677 3695 esse
709 3639 1022 3705 ferebatur,
1074 3639 1246 3709 cujus
1291 3639 1621 3709 oraculum,
1672 3641 1825 3696 sicut
1872 3641 2010 3696 alibi

357 3726 757 3783 Tertullianus
787 3727 887 3794 ait,
920 3728 977 3781 in
1011 3728 1233 3783 Boeotia
1259 3729 1528 3784 exstabat
1574 3729 1842 3799 (Tertull.
1902 3730 2007 3786 loc.

356 3821 451 3874 cit.
478 3823 535 3873 et
564 3817 664 3873 lib.
697 3817 763 3871 de
791 3819 973 3872 Anim.
1002 3834 1052 3872 c.
1084 3818 1195 3887 46).
1231 3822 1305 3871 At
1347 3817 1515 3889 plura
1545 3820 1615 3873 de
1647 3836 1735 3886 eo,
1766 3825 1824 3875 et
1870 3821 2007 3875 aedi-

359 3907 543 3962 ficatis
576 3907 647 3961 ab
682 3907 885 3960 eodem
917 3905 1249 3977 Trophonio
1282 3907 1627 3974 deorum,ae
1660 3909 2004 3966 nominatim

358 3996 642 4067 Apollinis
670 3994 953 4065 Delphici,
1005 3994 1240 4065 templis
1283 3996 1573 4051 memoriae
1624 3998 2009 4067 prodiderunt

358 4084 700 4149 Pausanias,
735 4084 1052 4149 Lueianus,
1094 4084 1312 4151 Cicero,
1370 4084 1778 4152 Philostratus,
1831 4087 2005 4143 Eras-

360 4192 515 4239 mus,
549 4178 606 4227 et
637 4171 736 4227 alii
767 4189 801 4227 a
832 4171 1000 4227 nobis
1034 4172 1090 4225 in
1142 4172 1429 4244 superiori
1478 4179 1534 4229 et
1566 4175 1805 4230 Arnobii
1839 4175 2006 4231 libris

358 4264 769 4320 dissertatione
800 4261 961 4317 citati
1010 4262 1285 4332 (Pausan.
1322 4261 1425 4317 lib.
1456 4265 1510 4330 9,
1556 4263 1620 4319 de
1668 4265 1833 4319 Baiot.
1870 4282 2003 4338 pag.

357 4356 457 4409 311
497 4352 780 4409 :Lucian.
840 4352 984 4406 Dial.
1046 4352 1242 4422 Menip.
1303 4357 1412 4406 etc.
1472 4369 1528 4423 p.
1590 4354 1691 4407 116
1742 4357 1798 4408 et
1828 4370 2003 4426 seq.;

356 4446 533 4501 Cicer.
566 4444 667 4499 lib.
704 4444 757 4512 1,
790 4443 997 4497 Tuscul.
1036 4459 1090 4514 p.
1127 4443 1266 4509 1311;
1317 4441 1591 4497 Philostr.
1650 4442 1751 4499 lib.
1803 4462 1907 4501 VIII
1941 4445 2005 4501 de

360 4538 476 4591 Vit.
504 4534 753 4607 Apollon.
791 4549 847 4604 p.
881 4533 987 4587 420
1015 4537 1074 4587 et
1104 4548 1205 4603 seq
1235 4550 1247 4600 ;
1282 4536 1503 4586 Erasm.
1564 4532 1731 4601 Adag.
1787 4534 1925 4589 chil.
1960 4552 1999 4603 1,

2111 651 2331 719 priam;
2367 652 2505 723 quia
2538 651 2674 723 ipsi,
2705 652 2857 707 sicut
2888 653 3040 709 Patri
3073 654 3443 725 suo,propria
3475 659 3561 709 est
3595 656 3761 727 (Ter-

2115 738 2345 795 tullian.
2396 743 2618 811 Apolog.
2668 758 2715 796 c.
2773 744 2865 812 21,
2924 760 2972 798 ο.
3034 743 3180 811 404).
3241 742 3365 799 Non
3425 743 3580 799 enim
3641 744 3757 816 ille,

2114 830 2611 899 quemadmodum
2645 832 2833 886 Numa
2881 831 3222 904 Pompilius,
3268 834 3507 904 rupices,
3540 834 3592 887 id
3653 842 3760 901 est,

2115 919 2427 987 silvicolas,
2466 921 2636 987 feros,
2671 926 2727 976 et
2758 921 3057 989 barbaros,
3093 927 3155 977 ut
3187 922 3325 977 alibi
3380 922 3503 994 ipse
3536 923 3761 979 Tertul-

2113 1007 2284 1063 lanus
2312 1010 2563 1081 explicat
2594 1011 2679 1079 (Ile
2710 1012 2911 1075 Pallio,
2947 1028 3072 1082 cap.
3118 1012 3172 1079 4,
3205 1016 3260 1066 et
3288 1010 3353 1066 de
3393 1013 3577 1067 Anim.
3628 1029 3756 1085 cap.

2112 1097 2187 1168 6),
2223 1098 2491 1153 homines
2524 1100 2769 1170 injectos
2803 1099 3085 1156 falsorum
3136 1101 3374 1155 deorum
3410 1105 3649 1165 terrore,
3684 1104 3756 1157 ad

2114 1186 2560 1243 humaninatem
2586 1189 2930 1259 temperavit
2956 1206 2967 1257 ;
2993 1190 3092 1244 sed
3119 1187 3331 1260 politos
3355 1194 3411 1244 et
3430 1189 3756 1245 urbanosin

2114 1276 2472 1347 agnitionem
2506 1277 2622 1332 veri
2672 1278 2770 1333 Dei
2827 1277 3086 1345 oculavit,
3122 1278 3230 1333 hoc
3261 1282 3371 1344 est,
3431 1277 3549 1333 illis
3598 1279 3759 1333 dedit

2113 1366 2228 1421 veri
2264 1366 2365 1421 Dei
2396 1366 2649 1437 videndi,
2684 1382 2786 1421 seu
2820 1367 3207 1439 cognoscendi
3258 1367 3619 1422 facultatem.
3656 1368 3758 1422 Eo-

2114 1455 2241 1509 dem
2276 1456 2431 1511 enim
2465 1471 2641 1511 sensu
2675 1456 2811 1511 alibi
2835 1458 2905 1511 de
2935 1456 3251 1511 hirundine
3273 1456 3419 1511 dixit
3452 1472 3464 1512 :
3506 1477 3532 1509 α
3563 1456 3759 1512 Pullos

2112 1544 2271 1598 novit
2300 1544 2531 1600 oculare
2577 1563 2782 1601 rursus
2815 1546 2884 1601 de
2916 1564 3022 1601 sua
3053 1545 3386 1601 chelidouia
3422 1567 3448 1596 ››
3493 1546 3672 1616 (idem
3694 1546 3760 1601 de

2116 1634 2307 1688 Pamit.
2342 1634 2535 1704 0.12).
2587 1635 2976 1700 Quamobrem
3026 1635 3173 1691 867
3228 1637 3575 1707 Cyprianus,
3624 1652 3756 1691 cum

2113 1740 2275 1778 more
2307 1741 2412 1779 suo
2446 1724 2728 1790 imitatus,
2777 1725 3012 1794 Christi,
3063 1726 3217 1781 sicut
3264 1724 3379 1795 ille,
3435 1725 3757 1797 discipulos

2112 1813 2241 1869 ideo
2278 1830 2379 1885 per
2425 1814 2623 1869 orbem
2676 1816 2977 1886 dispersos
3033 1832 3163 1871 esse
3207 1816 3374 1871 docet
3420 1837 3449 1865 ‹‹
3481 1819 3545 1870 ut
3576 1831 3757 1871 caecos

2113 1906 2169 1958 et
2228 1904 2461 1975 ignaros
2507 1905 2577 1959 ad
2629 1904 2988 1977 agnitionem
3040 1904 3304 1961 veritatis
3379 1904 3681 1961 ocularent
3726 1927 3754 1955 »

2116 1993 2307 2065 (Cypr.
2340 1993 2404 2047 de
2435 1993 2627 2049 Idolor.
2669 1996 2889 2067 vanil.).
2924 1994 3073 2060 Quin
3122 1994 3298 2050 etiam
3354 1994 3594 2050 Pontius
3652 1996 3757 2066 Cy-

2116 2082 2305 2153 priani
2339 2082 2643 2149 diaconus,
2676 2085 2734 2137 in
2768 2085 2896 2154 ejus
2927 2084 3071 2153 Vita,
3123 2100 3189 2139 ac
3219 2085 3291 2140 de
3343 2082 3442 2139 illo
3473 2084 3711 2156 scripsit
3742 2101 3755 2139 :

2115 2172 2444 2227 «Nondum
2501 2174 2759 2228 secunda
2817 2173 3091 2229 nativitas
3158 2190 3372 2229 novum
3458 2173 3759 2229 hominem

2116 2261 2427 2333 splendore
2461 2266 2579 2317 toto
2612 2263 2820 2318 divinae
2842 2262 2991 2317 lucis
3044 2262 3378 2318 oeulaverat
3411 2285 3436 2311 »
3469 2263 3756 2335 (Pontius,

2116 2350 2175 2404 in
2216 2352 2312 2406 Vit.
2346 2350 2401 2405 S.
2430 2350 2697 2422 Cyprian.
2747 2352 2920 2422 init.).
2975 2352 3116 2415 Quis
3163 2368 3332 2423 porro
3382 2368 3449 2406 ex
3481 2350 3595 2417 his,
3630 2368 3757 2422 qum

2115 2439 2399 2494 hactenus
2431 2440 2729 2512 disputata
2781 2445 2941 2507 sunt,
2994 2458 3108 2495 non
3144 2440 3389 2512 percipit
3420 2457 3597 2512 quam
3635 2457 3753 2495 me-

2116 2530 2225 2583 rito
2243 2530 2370 2600 jure
2391 2528 2788 2585 Tertullianus
2811 2531 3080 2585 conficiat
3103 2530 3459 2605 Christianos
3478 2529 3549 2583 ab
3570 2527 3759 2584 ethni-

2115 2618 2200 2672 cis
2232 2623 2287 2672 et
2314 2618 2533 2674 Judteis
2564 2618 2933 2690 iniquissime
2960 2618 3227 2685 cruciari,
3257 2628 3307 2673 el
3341 2617 3757 2689 interﬁci,quia

2115 2725 2248 2763 eum
2279 2725 2479 2763 verum
2513 2713 2689 2762 Deum
2725 2724 2826 2779 per
2855 2708 3155 2763 Christum
3187 2707 3581 2780 agnovissent,
3606 2707 3756 2778 ejus-

2113 2814 2226 2869 que
2258 2798 2505 2869 professi
2538 2798 2785 2852 fuissent
2815 2798 3179 2869 religionem,
3212 2802 3481 2854 ueutrum
3517 2812 3752 2869 negare,

2111 2887 2229 2943 imo
2260 2906 2331 2943 ne
2357 2889 2734 2943 dissimulare
2765 2890 3001 2960 quidem
3034 2888 3352 2944 volebant?

2757 3032 2993 3087 CAPUT
3032 3033 3095 3087 X.

2540 3124 2611 3178 De
2641 3123 2853 3190 angelis
2885 3130 2939 3177 et
2967 3121 3320 3177 dtemonibus.

2642 3247 2847 3285 ARTICU
2860 3245 2962 3284 LUS
3002 3245 3222 3285 PRIMUS

2036 3312 2079 3378 C.
2120 3318 2455 3388 Angelorum
2509 3322 2561 3373 et
2617 3318 2931 3374 daemonum
2987 3334 3181 3372 nomen
3256 3320 3539 3390 cognitum
3592 3318 3762 3389 fuisse

2193 3391 2492 3461 gentilibus
2539 3392 2734 3461 poetis,
2782 3390 3141 3461 philosophis,
3191 3405 3256 3446 ac
3303 3392 3629 3445 nominatim
3663 3391 3758 3445 So-

2194 3472 2353 3529 crati,
2387 3463 2629 3530 Platoni,
2660 3478 2759 3516 nec
2777 3478 2887 3517 non
2920 3463 3098 3530 magis
3127 3465 3179 3515 et
3208 3463 3371 3531 vulgo
3419 3462 3762 3518 indoctorum

2196 3534 2501 3600 hominum,
2537 3536 2630 3605 qui
2657 3551 2859 3589 nomen
2900 3534 3160 3588 daemonis
3190 3536 3249 3589 in
3296 3551 3456 3588 usum
3484 3535 3764 3590 maledicti

2192 3607 2656 3676 frequentabant;
2687 3622 2786 3660 cur
2812 3606 2952 3660 illud
2982 3622 3177 3659 nomen
3207 3606 3340 3661 adeo
3388 3606 3709 3661 detestabile
3744 3624 3757 3673 ;

2193 3695 2375 3733 omnes
2403 3680 2626 3746 angelos
2654 3686 2861 3733 creatos
2891 3694 3004 3733 esse
3033 3694 3066 3731 a
3100 3680 3202 3731 Deo
3230 3679 3515 3749 perfectos,
3566 3694 3761 3749 pravos

2198 3759 2385 3805 autem
2424 3755 2609 3822 sponte
2658 3767 2757 3805 sua
2806 3758 3121 3821 corruptos;
3153 3751 3217 3805 de
3248 3766 3437 3805 eorum
3485 3766 3612 3804 cum
3646 3756 3758 3805 Deo

2189 3823 2443 3887 divortio,
2492 3840 2559 3878 ac
2613 3824 2967 3877 matrimonio
3022 3838 3145 3877 cum
3200 3823 3424 3892 ﬁliabus
3478 3822 3763 3877 hominum

2191 3896 2337 3950 unde
2363 3896 2680 3966 corruptior
2708 3894 3019 3950 daemonum
3061 3910 3193 3965 gens
3213 3900 3332 3950 orta
3359 3895 3581 3949 dicitur.

2187 4002 2423 4058 Transit
2451 4002 2850 4057 Tertullianus
2875 4003 2943 4056 ad
2968 4001 3122 4056 aliud
3156 4000 3494 4056 Christianae
3527 3998 3762 4071 religio-

2116 4092 2209 4147 nis
2241 4092 2310 4147 de
2343 4091 2563 4162 angelis
2608 4096 2665 4145 et
2717 4091 3081 4145 daemonibus
3132 4090 3547 4144 documentum
3598 4089 3760 4156 (Ter-

2114 4179 2245 4235 tull.
2280 4182 2551 4251 Apotoget.
2587 4196 2616 4234 e
2668 4182 2759 4245 22,
2793 4196 2840 4233 e-
2876 4180 3021 4249 404).
3074 4180 3150 4233 Eo
3182 4187 3373 4233 autem
3422 4179 3762 4233 accuratius

2117 4268 2258 4323 illud
2291 4267 2577 4339 explicare
2626 4267 2942 4331 contendit,
2999 4284 3115 4337 quo
3171 4283 3512 4337 persuasum
3574 4267 3762 4337 magis

2115 4356 2332 4412 ethnici
2362 4357 2657 4411 habebant
2688 4358 2981 4411 daemones
3015 4356 3125 4410 sub
3178 4354 3531 4423 imaginibus
3574 4358 3630 4408 et
3660 4370 3761 4407 no-

2116 4446 2374 4501 minibus
2405 4454 2746 4501 mortuorum
2775 4446 2945 4516 (Ibid.
2977 4445 3068 4515 2.3,
3102 4461 3151 4499 c.
3190 4445 3335 4511 404),
3395 4444 3451 4497 id
3511 4446 3620 4509 est,
3656 4440 3759 4496 fal-

2112 4552 2312 4590 sorum
2346 4535 2611 4599 deorum,
2646 4532 3247 4602 delitescentes,edere
3278 4529 3761 4604 signa,miraeula

354 4625 515 4695 adag.
545 4625 656 4685 77;
688 4624 949 4677 Dissertat
982 4623 1041 4676 in
1067 4623 1267 4677 Arnob.
1318 4637 1445 4693 cap.
1490 4622 1580 4689 24,
1628 4626 1739 4678 art.
1769 4624 1840 4690 2;
1874 4625 2000 4680 Dis-
2034 4692 2061 4695 _
2111 4629 2168 4680 et
2198 4623 2453 4693 oracula,
2502 4623 2717 4694 quibus
2770 4644 2795 4671 ‹‹
2846 4623 3021 4678 ﬁdem
3072 4622 3394 4677 divinitatis
3442 4624 3761 4692 operaban-

352 4692 545 4771 sertat.
579 4715 641 4767 in
671 4714 926 4768 Lactant.
958 4728 1083 4783 cap.
1118 4712 1209 4778 30,
1238 4714 1345 4765 art.
1376 4692 1449 4781 4).
1484 4710 1623 4775 Quis
1655 4716 1848 4767 autem
1884 4730 1998 4769 non
2030 4692 2075 4756 D
2109 4719 2207 4769 tur
2240 4736 2265 4763 ››
2299 4692 2649 4784 (Ibid.),‘hoc
2676 4718 2783 4776 est,
2817 4711 3034 4782 quibus
3063 4712 3355 4766 daemones
3390 4711 3636 4766 suadere
3664 4727 3760 4765 eo-

355 4805 511 4861 videt
531 4819 731 4859 eorum
760 4801 1100 4858 testimonio
1132 4800 1275 4857 satis
1324 4817 1619 4873 superque
1668 4803 1902 4873 probari
1932 4804 2002 4859 ab

357 4894 479 4963 illo,
511 4898 568 4947 et
597 4891 728 4947 aliis
758 4900 791 4946 a
821 4889 1185 4947 Tertulliauo
1220 4890 1856 4959 memoratis,homines
1889 4892 2003 4947 ini-

356 4981 703 5037 tiationibus
731 4982 969 5037 deorum
1003 4979 1074 5035 ab
1124 4979 1257 5035 aliis
1308 4980 1647 5036 hominibus
1681 4981 1861 5037 fuisse
1891 4981 2001 5036 illi-

360 5068 576 5141 gatos?
634 5070 874 5124 Demum
918 5067 1017 5124 ille
1066 5067 1279 5139 adjecit
1340 5068 1589 5125 Numam
1651 5069 2003 5140 Pompilium

359 5156 792 5229 operosissimis
846 5158 1139 5213 Romanos
1187 5174 1460 5214 onerasse
1508 5158 1997 5215 institutionibus.

356 5251 542 5314 Quam
574 5250 769 5301 autem
801 5246 858 5300 id
888 5263 1089 5301 verum
1122 5248 1223 5316 sit,
1256 5265 1288 5301 a
1316 5247 1485 5302 nobis
1533 5248 2001 5304 demonstratum

358 5343 468 5395 est.

427 5432 599 5485 Recte
644 5444 780 5499 ergo
832 5445 899 5484 ex
948 5427 1042 5484 his
1100 5429 1398 5485 concludit
1442 5427 1838 5486 Tertullianus
1887 5448 2003 5486 non

358 5520 553 5576 minus
581 5518 832 5584 Christo,
865 5517 1092 5573 etiamsi
1124 5519 1295 5574 homo
1329 5517 1555 5574 tanium
1604 5523 1778 5588 esset,
1824 5536 2002 5592 quam

358 5610 451 5664 his
481 5607 716 5663 licuisse
744 5605 1000 5677 aliquam
1025 5608 1405 5663 commentari
1436 5608 2001 5681 divinitatem,quam

359 5698 628 5755 homines
660 5697 847 5753 colere
898 5697 1149 5751 doceret.
1212 5701 1283 5751 At
1340 5696 1605 5754 Christus
1662 5715 1777 5754 non
1811 5698 2002 5757 solum

361 5787 534 5846 homo
566 5787 696 5856 fuit,
731 5787 831 5843 sed
866 5803 1057 5845 veram
1090 5803 1222 5844 eum
1257 5804 1363 5845 suo
1394 5791 1607 5847 mterno
1662 5788 1828 5847 Patre
1857 5790 2003 5848 divi-

2115 4805 2409 4858 nabantur
2436 4818 2602 4857 veros
2651 4818 2798 4865 esse,
2834 4818 2979 4872 quos
3011 4800 3279 4856 colebant
3326 4800 3565 4869 ethnici,
3598 4799 3757 4867 deos,

2116 4910 2181 4949 ac
2240 4892 2482 4964 proinde
2531 4908 2725 4947 verum
2776 4906 2906 4947 esse
2953 4907 3153 4946 eorum
3221 4889 3585 4962 religionem,
3633 4893 3760 4946 Jam

2114 4999 2245 5038 vero
2279 4981 2534 5036 vidimus
2564 4998 2597 5036 a
2625 4981 2868 5037 Minutio
2919 4980 3124 5047 Felice,
3171 4979 3493 5048 Lactantio,
3547 4983 3601 5034 et
3632 4978 3763 5033 aliis

2114 5072 2397 5129 radicitus
2419 5070 2686 5127 evulsum
2710 5070 2892 5126 fuisse
2915 5071 3069 5126 hunc
3092 5070 3456 5126 ethnicorum
3481 5084 3759 5133 errorem,

2114 5180 2230 5235 quo
2262 5162 2534 5234 inprimis
2586 5161 2883 5216 nitebatur
2941 5165 3063 5216 tota
3106 5159 3341 5216 illorum
3389 5157 3591 5228 religio
3621 5158 3760 5227 (Dis-

2112 5256 2301 5309 :ertal.
2335 5252 2392 5305 in
2426 5250 2625 5305 Minue.
2660 5267 2786 5322 cap.
2824 5251 2909 5317 18,
2942 5256 3050 5305 art.
3088 5251 3137 5314 1,
3172 5252 3229 5303 et
3259 5248 3316 5302 in
3351 5248 3593 5302 Lactant.
3628 5261 3754 5315 cap.

2112 5346 2202 5409 20,
2236 5346 2343 5396 art.
2382 5342 2455 5409 4).
2507 5341 2616 5395 Sed
2659 5340 2799 5411 quia
2848 5339 2906 5394 hi
2948 5340 3265 5411 scriptores
3314 5335 3483 5408 plura
3532 5351 3599 5389 ex
3648 5332 3757 5389 hoe

2112 5432 2381 5487 Auctoris
2437 5430 2622 5485 nostri
2681 5429 2828 5484 libro
2902 5428 3331 5490 delihaveruut,
3391 5428 3567 5495 atque
3625 5423 3761 5478 inde

2111 5526 2393 5593 tanquam
2425 5536 2493 5574 ex
2521 5536 2667 5591 pura
2699 5520 2854 5573 fonte
2884 5533 3022 5572 suos
3055 5515 3442 5586 irrigaverunt
3470 5511 3758 5584 hortulos,

2111 5611 2329 5666 idcirco
2359 5609 2487 5679 ejus
2519 5606 2713 5679 Opinio
2737 5604 3080 5677 diligentius
3102 5621 3135 5659 a
3170 5603 3337 5658 nobis
3367 5601 3759 5658 examinanda

2111 5706 2221 5756 est.

2186 5789 2451 5846 Primum
2482 5787 2680 5859 itaque
2709 5785 2876 5842 docet
2904 5782 3141 5856 angelos
3180 5787 3238 5841 et
3286 5783 3581 5841 daemones
3627 5798 3757 5840 esse
