  <div class='ocr_page' id='page_1' title='image "/cluster/home/n/w/nwhite01/storage/ocr_20150623/1/umn.31951002477295j/481.png"; bbox 0 0 4158 6338; ppageno 0'>
   <div class='ocr_carea' id='block_1_1' title="bbox 495 356 610 419">
    <p class='ocr_par' dir='ltr' id='par_1_1' title="bbox 495 356 610 419">
     <span class='ocr_line' id='line_1_1' title="bbox 495 356 610 419; baseline 0.017 -2"><span class='ocrx_word' id='word_1_1' title='bbox 495 356 610 419; x_wconf 75' lang='grc'><strong>955</strong></span> 
     </span>
    </p>
   </div>
   <div class='ocr_carea' id='block_1_2' title="bbox 1021 355 3371 431">
    <p class='ocr_par' dir='ltr' id='par_1_2' title="bbox 1021 355 3371 431">
     <span class='ocr_line' id='line_1_2' title="bbox 1021 355 3371 431; baseline -0 -12"><span class='ocrx_word' id='word_1_2' title='bbox 1021 357 1547 420; x_wconf 80' lang='lat' dir='ltr'><strong>TERTULLIANI</strong></span> <span class='ocrx_word' id='word_1_3' title='bbox 1593 355 1918 419; x_wconf 77' lang='lat' dir='ltr'><strong>OPERUM</strong></span> <span class='ocrx_word' id='word_1_4' title='bbox 1960 357 2164 418; x_wconf 82' lang='lat' dir='ltr'><strong>PARS</strong></span> <span class='ocrx_word' id='word_1_5' title='bbox 2207 359 2256 418; x_wconf 90' lang='grc' dir='ltr'><strong>Ι.</strong></span> <span class='ocrx_word' id='word_1_6' title='bbox 2288 389 2368 403; x_wconf 91' lang='grc'><strong>-</strong></span> <span class='ocrx_word' id='word_1_7' title='bbox 2396 357 2670 419; x_wconf 84' lang='lat' dir='ltr'><strong>SERIES</strong></span> <span class='ocrx_word' id='word_1_8' title='bbox 2713 357 2762 431; x_wconf 90' lang='grc' dir='ltr'>Ι,</span> <span class='ocrx_word' id='word_1_9' title='bbox 2806 357 3371 420; x_wconf 80' lang='lat' dir='ltr'><strong>APOLOGETICA.</strong></span> 
     </span>
    </p>
   </div>
   <div class='ocr_carea' id='block_1_3' title="bbox 3780 355 3914 420">
    <p class='ocr_par' dir='ltr' id='par_1_3' title="bbox 3780 355 3914 420">
     <span class='ocr_line' id='line_1_3' title="bbox 3780 355 3914 420; baseline -0.015 0"><span class='ocrx_word' id='word_1_10' title='bbox 3780 355 3914 420; x_wconf 80' lang='lat'><strong>956</strong></span> 
     </span>
    </p>
   </div>
   <div class='ocr_carea' id='block_1_4' title="bbox 497 489 3917 562">
    <p class='ocr_par' dir='ltr' id='par_1_4' title="bbox 497 489 3917 562">
     <span class='ocr_line' id='line_1_4' title="bbox 497 489 3917 562; baseline -0 -15"><span class='ocrx_word' id='word_1_11' title='bbox 497 491 862 547; x_wconf 77' lang='lat' dir='ltr'><strong>substantias</strong></span> <span class='ocrx_word' id='word_1_12' title='bbox 909 491 1195 562; x_wconf 85' lang='lat' dir='ltr'><strong>quaedam</strong></span> <span class='ocrx_word' id='word_1_13' title='bbox 1240 489 1554 562; x_wconf 80' lang='lat' dir='ltr'><strong>spiritales,</strong></span> <span class='ocrx_word' id='word_1_14' title='bbox 1615 505 1867 562; x_wconf 90' lang='lat' dir='ltr'><strong>quarum</strong></span> <span class='ocrx_word' id='word_1_15' title='bbox 1923 506 2134 546; x_wconf 87' lang='lat' dir='ltr'><strong>nomen</strong></span> <span class='ocrx_word' id='word_1_16' title='bbox 2166 492 2220 557; x_wconf 82' lang='grc' dir='ltr'>Α</span> <span class='ocrx_word' id='word_1_17' title='bbox 2250 490 2427 546; x_wconf 89' lang='lat' dir='ltr'><strong>nonia</strong></span> <span class='ocrx_word' id='word_1_18' title='bbox 2470 489 2759 558; x_wconf 78' lang='lat' dir='ltr'><strong>dicantur,</strong></span> <span class='ocrx_word' id='word_1_19' title='bbox 2815 507 2929 546; x_wconf 91' lang='lat' dir='ltr'><strong>non</strong></span> <span class='ocrx_word' id='word_1_20' title='bbox 2979 489 3093 544; x_wconf 90' lang='lat' dir='ltr'><strong>nisi</strong></span> <span class='ocrx_word' id='word_1_21' title='bbox 3173 489 3416 562; x_wconf 80' lang='lat' dir='ltr'><strong>maligni</strong></span> <span class='ocrx_word' id='word_1_22' title='bbox 3483 490 3917 562; x_wconf 84' lang='lat' dir='ltr'><strong>signiﬁcantur</strong></span> 
     </span>
    </p>
   </div>
   <div class='ocr_carea' id='block_1_5' title="bbox 495 578 2135 652">
    <p class='ocr_par' dir='ltr' id='par_1_5' title="bbox 495 578 2135 652">
     <span class='ocr_line' id='line_1_5' title="bbox 495 578 2135 652; baseline -0.001 -17"><span class='ocrx_word' id='word_1_23' title='bbox 495 579 812 652; x_wconf 78' lang='lat' dir='ltr'><strong>gentilibus</strong></span> <span class='ocrx_word' id='word_1_24' title='bbox 842 586 958 634; x_wconf 85' lang='lat' dir='ltr'><strong>tam</strong></span> <span class='ocrx_word' id='word_1_25' title='bbox 993 579 1199 650; x_wconf 89' lang='lat' dir='ltr'><strong>poetis,</strong></span> <span class='ocrx_word' id='word_1_26' title='bbox 1233 596 1410 649; x_wconf 90' lang='lat' dir='ltr'><strong>quam</strong></span> <span class='ocrx_word' id='word_1_27' title='bbox 1448 578 1814 650; x_wconf 84' lang='lat' dir='ltr'><strong>philosOphis</strong></span> <span class='ocrx_word' id='word_1_28' title='bbox 1844 579 1967 651; x_wconf 83' lang='lat' dir='ltr'><strong>(loc.</strong></span> <span class='ocrx_word' id='word_1_29' title='bbox 1995 579 2135 649; x_wconf 84' lang='lat' dir='ltr'><strong>cit.),</strong></span> 
     </span>
    </p>
   </div>
   <div class='ocr_carea' id='block_1_6' title="bbox 497 666 2138 740">
    <p class='ocr_par' dir='ltr' id='par_1_6' title="bbox 497 666 2138 740">
     <span class='ocr_line' id='line_1_6' title="bbox 497 666 2138 740; baseline 0 -18"><span class='ocrx_word' id='word_1_30' title='bbox 497 669 994 740; x_wconf 79' lang='lat' dir='ltr'><strong>quemadmodum</strong></span> <span class='ocrx_word' id='word_1_31' title='bbox 1027 666 1165 722; x_wconf 82' lang='lat' dir='ltr'><strong>alibi</strong></span> <span class='ocrx_word' id='word_1_32' title='bbox 1198 669 1388 722; x_wconf 89' lang='lat' dir='ltr'><strong>adhuc</strong></span> <span class='ocrx_word' id='word_1_33' title='bbox 1432 668 1820 734; x_wconf 88' lang='lat' dir='ltr'><strong>ostendimus,</strong></span> <span class='ocrx_word' id='word_1_34' title='bbox 1881 684 1996 723; x_wconf 91' lang='lat' dir='ltr'><strong>non</strong></span> <span class='ocrx_word' id='word_1_35' title='bbox 2028 668 2138 722; x_wconf 82' lang='lat' dir='ltr'><strong>fuit</strong></span> 
     </span>
    </p>
   </div>
   <div class='ocr_carea' id='block_1_7' title="bbox 499 755 2138 828">
    <p class='ocr_par' dir='ltr' id='par_1_7' title="bbox 499 755 2138 828">
     <span class='ocr_line' id='line_1_7' title="bbox 499 755 2138 828; baseline -0.001 -16"><span class='ocrx_word' id='word_1_36' title='bbox 499 757 885 828; x_wconf 86' lang='lat' dir='ltr'><strong>incognitum.</strong></span> <span class='ocrx_word' id='word_1_37' title='bbox 919 757 997 811; x_wconf 85' lang='lat' dir='ltr'><strong>Ex</strong></span> <span class='ocrx_word' id='word_1_38' title='bbox 1028 755 1392 828; x_wconf 86' lang='lat' dir='ltr'><strong>philosophis</strong></span> <span class='ocrx_word' id='word_1_39' title='bbox 1423 762 1619 812; x_wconf 88' lang='lat' dir='ltr'><strong>autem</strong></span> <span class='ocrx_word' id='word_1_40' title='bbox 1665 756 2010 810; x_wconf 81' lang='lat' dir='ltr'><strong>nominatim</strong></span> <span class='ocrx_word' id='word_1_41' title='bbox 2042 773 2138 827; x_wconf 87' lang='lat' dir='ltr'><strong>ap-</strong></span> 
     </span>
    </p>
   </div>
   <div class='ocr_carea' id='block_1_8' title="bbox 496 844 2134 916">
    <p class='ocr_par' dir='ltr' id='par_1_8' title="bbox 496 844 2134 916">
     <span class='ocr_line' id='line_1_8' title="bbox 496 844 2134 916; baseline -0.001 -16"><span class='ocrx_word' id='word_1_42' title='bbox 496 845 672 915; x_wconf 87' lang='lat' dir='ltr'><strong>pellat</strong></span> <span class='ocrx_word' id='word_1_43' title='bbox 697 845 997 900; x_wconf 85' lang='lat' dir='ltr'><strong>Platonem</strong></span> <span class='ocrx_word' id='word_1_44' title='bbox 1037 850 1093 900; x_wconf 88' lang='lat' dir='ltr'><strong>et</strong></span> <span class='ocrx_word' id='word_1_45' title='bbox 1122 845 1444 909; x_wconf 85' lang='lat' dir='ltr'><strong>Socratem,</strong></span> <span class='ocrx_word' id='word_1_46' title='bbox 1492 845 1591 916; x_wconf 89' lang='lat' dir='ltr'><strong>qui</strong></span> <span class='ocrx_word' id='word_1_47' title='bbox 1633 845 1955 899; x_wconf 64' lang='lat' dir='ltr'><strong>demonem</strong></span> <span class='ocrx_word' id='word_1_48' title='bbox 1988 844 2134 899; x_wconf 84' lang='lat' dir='ltr'><strong>assi-</strong></span> 
     </span>
    </p>
   </div>
   <div class='ocr_carea' id='block_1_9' title="bbox 495 932 2136 1004">
    <p class='ocr_par' dir='ltr' id='par_1_9' title="bbox 495 932 2136 1004">
     <span class='ocr_line' id='line_1_9' title="bbox 495 932 2136 1004; baseline -0.001 -15"><span class='ocrx_word' id='word_1_49' title='bbox 495 939 746 989; x_wconf 89' lang='lat' dir='ltr'><strong>stentem</strong></span> <span class='ocrx_word' id='word_1_50' title='bbox 777 933 1052 1001; x_wconf 87' lang='lat' dir='ltr'><strong>habebat,</strong></span> <span class='ocrx_word' id='word_1_51' title='bbox 1081 957 1107 983; x_wconf 87' lang='lat'>«</span> <span class='ocrx_word' id='word_1_52' title='bbox 1143 934 1632 1000; x_wconf 86' lang='lat' dir='ltr'><strong>dehortatorium,</strong></span> <span class='ocrx_word' id='word_1_53' title='bbox 1665 933 1878 1004; x_wconf 87' lang='lat' dir='ltr'><strong>inquit,</strong></span> <span class='ocrx_word' id='word_1_54' title='bbox 1915 932 2081 1004; x_wconf 87' lang='lat' dir='ltr'><strong>plane</strong></span> <span class='ocrx_word' id='word_1_55' title='bbox 2103 950 2136 988; x_wconf 88' lang='lat' dir='ltr'><strong>a</strong></span> 
     </span>
    </p>
   </div>
   <div class='ocr_carea' id='block_1_10' title="bbox 493 1021 2135 1093">
    <p class='ocr_par' dir='ltr' id='par_1_10' title="bbox 493 1021 2135 1093">
     <span class='ocr_line' id='line_1_10' title="bbox 493 1021 2135 1093; baseline -0.001 -15"><span class='ocrx_word' id='word_1_56' title='bbox 493 1024 645 1078; x_wconf 91' lang='lat' dir='ltr'><strong>bono</strong></span> <span class='ocrx_word' id='word_1_57' title='bbox 678 1043 705 1072; x_wconf 87' lang='grc'><strong>››</strong></span> <span class='ocrx_word' id='word_1_58' title='bbox 747 1021 1014 1093; x_wconf 85' lang='lat' dir='ltr'><strong>(Tertull.</strong></span> <span class='ocrx_word' id='word_1_59' title='bbox 1048 1021 1337 1093; x_wconf 79' lang='lat' dir='ltr'><strong>Apologct.</strong></span> <span class='ocrx_word' id='word_1_60' title='bbox 1373 1040 1421 1076; x_wconf 95' lang='lat' dir='ltr'><strong>c.</strong></span> <span class='ocrx_word' id='word_1_61' title='bbox 1476 1025 1566 1088; x_wconf 86' lang='lat'><strong>22,</strong></span> <span class='ocrx_word' id='word_1_62' title='bbox 1621 1039 1670 1076; x_wconf 92' lang='lat' dir='ltr'><strong>c.</strong></span> <span class='ocrx_word' id='word_1_63' title='bbox 1724 1022 1868 1091; x_wconf 83' lang='grc'>406).</span> <span class='ocrx_word' id='word_1_64' title='bbox 1908 1023 2135 1077; x_wconf 84' lang='lat' dir='ltr'><strong>Dixerat</strong></span> 
     </span>
    </p>
   </div>
   <div class='ocr_carea' id='block_1_11' title="bbox 506 1110 2136 1181">
    <p class='ocr_par' dir='ltr' id='par_1_11' title="bbox 506 1110 2136 1181">
     <span class='ocr_line' id='line_1_11' title="bbox 506 1110 2136 1181; baseline -0.001 -15"><span class='ocrx_word' id='word_1_65' title='bbox 506 1116 699 1166; x_wconf 88' lang='lat' dir='ltr'><strong>autem</strong></span> <span class='ocrx_word' id='word_1_66' title='bbox 731 1111 844 1165; x_wconf 90' lang='lat' dir='ltr'><strong>alio</strong></span> <span class='ocrx_word' id='word_1_67' title='bbox 889 1111 948 1166; x_wconf 90' lang='lat' dir='ltr'><strong>in</strong></span> <span class='ocrx_word' id='word_1_68' title='bbox 999 1111 1147 1166; x_wconf 89' lang='lat' dir='ltr'><strong>libro</strong></span> <span class='ocrx_word' id='word_1_69' title='bbox 1181 1127 1196 1166; x_wconf 89' lang='lat'><strong>:</strong></span> <span class='ocrx_word' id='word_1_70' title='bbox 1237 1134 1264 1160; x_wconf 83' lang='lat'><strong><em>«</em></strong></span> <span class='ocrx_word' id='word_1_71' title='bbox 1317 1115 1610 1166; x_wconf 87' lang='lat' dir='ltr'><strong>Socratem</strong></span> <span class='ocrx_word' id='word_1_72' title='bbox 1645 1127 1888 1181; x_wconf 90' lang='lat' dir='ltr'><strong>puerum</strong></span> <span class='ocrx_word' id='word_1_73' title='bbox 1945 1110 2136 1165; x_wconf 88' lang='lat' dir='ltr'><strong>adhuc</strong></span> 
     </span>
    </p>
   </div>
   <div class='ocr_carea' id='block_1_12' title="bbox 496 1199 2131 1272">
    <p class='ocr_par' dir='ltr' id='par_1_12' title="bbox 496 1199 2131 1272">
     <span class='ocr_line' id='line_1_12' title="bbox 496 1199 2131 1272; baseline -0.001 -17"><span class='ocrx_word' id='word_1_74' title='bbox 496 1200 739 1272; x_wconf 87' lang='lat' dir='ltr'><strong>spiritus</strong></span> <span class='ocrx_word' id='word_1_75' title='bbox 771 1201 1128 1255; x_wconf 66' lang='lat' dir='ltr'><strong>daamonicus</strong></span> <span class='ocrx_word' id='word_1_76' title='bbox 1159 1200 1381 1255; x_wconf 88' lang='lat' dir='ltr'><strong>invenit</strong></span> <span class='ocrx_word' id='word_1_77' title='bbox 1423 1223 1442 1248; x_wconf 78' lang='grc' dir='ltr'>ι</span> <span class='ocrx_word' id='word_1_78' title='bbox 1482 1200 1686 1272; x_wconf 88' lang='lat' dir='ltr'><strong>(Idem,</strong></span> <span class='ocrx_word' id='word_1_79' title='bbox 1718 1199 1784 1254; x_wconf 84' lang='lat' dir='ltr'><strong>dc</strong></span> <span class='ocrx_word' id='word_1_80' title='bbox 1845 1201 2028 1254; x_wconf 82' lang='lat' dir='ltr'><strong>Anim.</strong></span> <span class='ocrx_word' id='word_1_81' title='bbox 2082 1216 2131 1254; x_wconf 92' lang='lat' dir='ltr'><strong>c.</strong></span> 
     </span>
    </p>
   </div>
   <div class='ocr_carea' id='block_1_13' title="bbox 495 1290 2139 1362">
    <p class='ocr_par' dir='ltr' id='par_1_13' title="bbox 495 1290 2139 1362">
     <span class='ocr_line' id='line_1_13' title="bbox 495 1290 2139 1362; baseline -0.002 -16"><span class='ocrx_word' id='word_1_82' title='bbox 495 1291 585 1355; x_wconf 89' lang='lat'><strong>39,</strong></span> <span class='ocrx_word' id='word_1_83' title='bbox 619 1308 672 1362; x_wconf 92' lang='lat' dir='ltr'><strong>p.</strong></span> <span class='ocrx_word' id='word_1_84' title='bbox 706 1291 854 1357; x_wconf 83' lang='grc'>341).</span> <span class='ocrx_word' id='word_1_85' title='bbox 887 1295 958 1345; x_wconf 90' lang='lat' dir='ltr'><strong>At</strong></span> <span class='ocrx_word' id='word_1_86' title='bbox 989 1291 1060 1346; x_wconf 92' lang='lat' dir='ltr'><strong>de</strong></span> <span class='ocrx_word' id='word_1_87' title='bbox 1090 1291 1200 1345; x_wconf 89' lang='lat' dir='ltr'><strong>hoc</strong></span> <span class='ocrx_word' id='word_1_88' title='bbox 1232 1291 1486 1346; x_wconf 90' lang='lat' dir='ltr'><strong>Socratis</strong></span> <span class='ocrx_word' id='word_1_89' title='bbox 1531 1291 1790 1345; x_wconf 65' lang='lat' dir='ltr'><strong>daemone</strong></span> <span class='ocrx_word' id='word_1_90' title='bbox 1845 1291 1904 1344; x_wconf 91' lang='lat' dir='ltr'><strong>in</strong></span> <span class='ocrx_word' id='word_1_91' title='bbox 1963 1290 2139 1344; x_wconf 89' lang='lat' dir='ltr'><strong>citata</strong></span> 
     </span>
    </p>
   </div>
   <div class='ocr_carea' id='block_1_14' title="bbox 495 1377 2136 1446">
    <p class='ocr_par' dir='ltr' id='par_1_14' title="bbox 495 1377 2136 1446">
     <span class='ocr_line' id='line_1_14' title="bbox 495 1377 2136 1446; baseline -0.001 -12"><span class='ocrx_word' id='word_1_92' title='bbox 495 1380 566 1434; x_wconf 94' lang='lat' dir='ltr'><strong>de</strong></span> <span class='ocrx_word' id='word_1_93' title='bbox 616 1380 860 1434; x_wconf 89' lang='lat' dir='ltr'><strong>Minutio</strong></span> <span class='ocrx_word' id='word_1_94' title='bbox 903 1379 1135 1436; x_wconf 89' lang='lat' dir='ltr'><strong>Octavio</strong></span> <span class='ocrx_word' id='word_1_95' title='bbox 1182 1379 1616 1446; x_wconf 85' lang='lat' dir='ltr'><strong>dissertatione,</strong></span> <span class='ocrx_word' id='word_1_96' title='bbox 1663 1385 1719 1433; x_wconf 91' lang='lat' dir='ltr'><strong>et</strong></span> <span class='ocrx_word' id='word_1_97' title='bbox 1771 1379 1826 1432; x_wconf 92' lang='lat' dir='ltr'><strong>in</strong></span> <span class='ocrx_word' id='word_1_98' title='bbox 1875 1377 2004 1432; x_wconf 91' lang='lat' dir='ltr'><strong>aliis</strong></span> <span class='ocrx_word' id='word_1_99' title='bbox 2056 1378 2136 1434; x_wconf 89' lang='lat' dir='ltr'><strong>ibi</strong></span> 
     </span>
    </p>
   </div>
   <div class='ocr_carea' id='block_1_15' title="bbox 495 1467 2132 1540">
    <p class='ocr_par' dir='ltr' id='par_1_15' title="bbox 495 1467 2132 1540">
     <span class='ocr_line' id='line_1_15' title="bbox 495 1467 2132 1540; baseline -0.001 -16"><span class='ocrx_word' id='word_1_100' title='bbox 495 1467 749 1524; x_wconf 88' lang='lat' dir='ltr'><strong>laudatis</strong></span> <span class='ocrx_word' id='word_1_101' title='bbox 779 1468 1008 1540; x_wconf 87' lang='lat' dir='ltr'><strong>egimus</strong></span> <span class='ocrx_word' id='word_1_102' title='bbox 1057 1470 1362 1539; x_wconf 80' lang='lat' dir='ltr'><strong>(Dissertat.</strong></span> <span class='ocrx_word' id='word_1_103' title='bbox 1411 1469 1471 1522; x_wconf 87' lang='lat' dir='ltr'><strong>in</strong></span> <span class='ocrx_word' id='word_1_104' title='bbox 1515 1469 1717 1538; x_wconf 76' lang='lat' dir='ltr'><strong>Minue,</strong></span> <span class='ocrx_word' id='word_1_105' title='bbox 1749 1467 1930 1523; x_wconf 77' lang='lat' dir='ltr'><strong>Octau.</strong></span> <span class='ocrx_word' id='word_1_106' title='bbox 1965 1484 2012 1522; x_wconf 92' lang='lat' dir='ltr'><strong>c.</strong></span> <span class='ocrx_word' id='word_1_107' title='bbox 2047 1470 2132 1538; x_wconf 88' lang='grc'><strong>18,</strong></span> 
     </span>
    </p>
   </div>
   <div class='ocr_carea' id='block_1_16' title="bbox 494 1557 2138 1628">
    <p class='ocr_par' dir='ltr' id='par_1_16' title="bbox 494 1557 2138 1628">
     <span class='ocr_line' id='line_1_16' title="bbox 494 1557 2138 1628; baseline -0.002 -16"><span class='ocrx_word' id='word_1_108' title='bbox 494 1562 604 1612; x_wconf 89' lang='lat' dir='ltr'><strong>art.</strong></span> <span class='ocrx_word' id='word_1_109' title='bbox 651 1558 724 1627; x_wconf 89' lang='lat'><strong>1).</strong></span> <span class='ocrx_word' id='word_1_110' title='bbox 794 1562 1077 1612; x_wconf 68' lang='lat' dir='ltr'><strong>Praeterea</strong></span> <span class='ocrx_word' id='word_1_111' title='bbox 1138 1557 1353 1612; x_wconf 91' lang='lat' dir='ltr'><strong>ibidem</strong></span> <span class='ocrx_word' id='word_1_112' title='bbox 1406 1558 1788 1628; x_wconf 78' lang='lat' dir='ltr'><strong>patefecimus</strong></span> <span class='ocrx_word' id='word_1_113' title='bbox 1857 1557 2138 1627; x_wconf 78' lang='lat' dir='ltr'><strong>utriusque</strong></span> 
     </span>
    </p>
   </div>
   <div class='ocr_carea' id='block_1_17' title="bbox 497 1644 2135 1718">
    <p class='ocr_par' dir='ltr' id='par_1_17' title="bbox 497 1644 2135 1718">
     <span class='ocr_line' id='line_1_17' title="bbox 497 1644 2135 1718; baseline -0.002 -16"><span class='ocrx_word' id='word_1_114' title='bbox 497 1649 760 1713; x_wconf 79' lang='lat' dir='ltr'><strong>nominis,</strong></span> <span class='ocrx_word' id='word_1_115' title='bbox 792 1646 847 1701; x_wconf 90' lang='lat' dir='ltr'><strong>id</strong></span> <span class='ocrx_word' id='word_1_116' title='bbox 881 1652 992 1713; x_wconf 89' lang='lat' dir='ltr'><strong>est,</strong></span> <span class='ocrx_word' id='word_1_117' title='bbox 1049 1645 1239 1718; x_wconf 85' lang='lat' dir='ltr'><strong>angeli</strong></span> <span class='ocrx_word' id='word_1_118' title='bbox 1267 1651 1324 1699; x_wconf 90' lang='lat' dir='ltr'><strong>et</strong></span> <span class='ocrx_word' id='word_1_119' title='bbox 1354 1648 1637 1700; x_wconf 72' lang='lat' dir='ltr'><strong>daemonis</strong></span> <span class='ocrx_word' id='word_1_120' title='bbox 1668 1645 1818 1700; x_wconf 76' lang='lat'><strong>808</strong></span> <span class='ocrx_word' id='word_1_121' title='bbox 1851 1644 2135 1714; x_wconf 88' lang='lat' dir='ltr'><strong>testes,si-</strong></span> 
     </span>
    </p>
   </div>
   <div class='ocr_carea' id='block_1_18' title="bbox 495 1734 2135 1806">
    <p class='ocr_par' dir='ltr' id='par_1_18' title="bbox 495 1734 2135 1806">
     <span class='ocr_line' id='line_1_18' title="bbox 495 1734 2135 1806; baseline -0.001 -15"><span class='ocrx_word' id='word_1_122' title='bbox 495 1741 594 1791; x_wconf 91' lang='lat' dir='ltr'><strong>cut</strong></span> <span class='ocrx_word' id='word_1_123' title='bbox 623 1735 813 1792; x_wconf 90' lang='lat' dir='ltr'><strong>adhuc</strong></span> <span class='ocrx_word' id='word_1_124' title='bbox 841 1734 1246 1791; x_wconf 80' lang='lat' dir='ltr'><strong>Tertullianus</strong></span> <span class='ocrx_word' id='word_1_125' title='bbox 1281 1735 1542 1803; x_wconf 88' lang='lat' dir='ltr'><strong>adnotat,</strong></span> <span class='ocrx_word' id='word_1_126' title='bbox 1575 1751 1702 1790; x_wconf 90' lang='lat' dir='ltr'><strong>esse</strong></span> <span class='ocrx_word' id='word_1_127' title='bbox 1753 1751 1952 1806; x_wconf 90' lang='lat' dir='ltr'><strong>magos</strong></span> <span class='ocrx_word' id='word_1_128' title='bbox 1982 1734 2135 1805; x_wconf 88' lang='lat' dir='ltr'><strong>(Ter-</strong></span> 
     </span>
    </p>
   </div>
   <div class='ocr_carea' id='block_1_19' title="bbox 497 1823 1497 1895">
    <p class='ocr_par' dir='ltr' id='par_1_19' title="bbox 497 1823 1497 1895">
     <span class='ocr_line' id='line_1_19' title="bbox 497 1823 1497 1895; baseline 0 -16"><span class='ocrx_word' id='word_1_129' title='bbox 497 1823 726 1880; x_wconf 87' lang='lat' dir='ltr'><strong>tullian.</strong></span> <span class='ocrx_word' id='word_1_130' title='bbox 758 1825 1029 1895; x_wconf 81' lang='lat' dir='ltr'><strong>Apologet.</strong></span> <span class='ocrx_word' id='word_1_131' title='bbox 1064 1840 1114 1878; x_wconf 92' lang='lat' dir='ltr'><strong>c.</strong></span> <span class='ocrx_word' id='word_1_132' title='bbox 1142 1826 1234 1888; x_wconf 89' lang='lat'><strong>22,</strong></span> <span class='ocrx_word' id='word_1_133' title='bbox 1265 1840 1315 1878; x_wconf 94' lang='lat' dir='ltr'><strong>c.</strong></span> <span class='ocrx_word' id='word_1_134' title='bbox 1348 1825 1497 1895; x_wconf 83' lang='grc'>405).</span> 
     </span>
    </p>
   </div>
   <div class='ocr_carea' id='block_1_20' title="bbox 566 1928 2137 2001">
    <p class='ocr_par' dir='ltr' id='par_1_20' title="bbox 566 1928 2137 2001">
     <span class='ocr_line' id='line_1_20' title="bbox 566 1928 2137 2001; baseline 0 -17"><span class='ocrx_word' id='word_1_135' title='bbox 566 1930 749 1984; x_wconf 85' lang='lat' dir='ltr'><strong>Aliam</strong></span> <span class='ocrx_word' id='word_1_136' title='bbox 775 1935 1048 2000; x_wconf 69' lang='lat' dir='ltr'><strong>praeterea</strong></span> <span class='ocrx_word' id='word_1_137' title='bbox 1070 1928 1165 1984; x_wconf 90' lang='lat' dir='ltr'><strong>ille</strong></span> <span class='ocrx_word' id='word_1_138' title='bbox 1186 1929 1450 2001; x_wconf 87' lang='lat' dir='ltr'><strong>suggerit</strong></span> <span class='ocrx_word' id='word_1_139' title='bbox 1473 1929 1752 1985; x_wconf 89' lang='lat' dir='ltr'><strong>rationem</strong></span> <span class='ocrx_word' id='word_1_140' title='bbox 1786 1945 1890 1984; x_wconf 91' lang='lat' dir='ltr'><strong>cur</strong></span> <span class='ocrx_word' id='word_1_141' title='bbox 1917 1929 2137 1984; x_wconf 75' lang='lat' dir='ltr'><strong>deamo-</strong></span> 
     </span>
    </p>
   </div>
   <div class='ocr_carea' id='block_1_21' title="bbox 497 2017 2136 2089">
    <p class='ocr_par' dir='ltr' id='par_1_21' title="bbox 497 2017 2136 2089">
     <span class='ocr_line' id='line_1_21' title="bbox 497 2017 2136 2089; baseline -0.001 -15"><span class='ocrx_word' id='word_1_142' title='bbox 497 2035 601 2074; x_wconf 91' lang='lat' dir='ltr'><strong>nes</strong></span> <span class='ocrx_word' id='word_1_143' title='bbox 633 2035 744 2074; x_wconf 90' lang='lat' dir='ltr'><strong>non</strong></span> <span class='ocrx_word' id='word_1_144' title='bbox 777 2017 964 2073; x_wconf 90' lang='lat' dir='ltr'><strong>solum</strong></span> <span class='ocrx_word' id='word_1_145' title='bbox 1003 2018 1114 2083; x_wconf 90' lang='lat' dir='ltr'><strong>bis,</strong></span> <span class='ocrx_word' id='word_1_146' title='bbox 1148 2019 1245 2073; x_wconf 87' lang='lat' dir='ltr'><strong>sed</strong></span> <span class='ocrx_word' id='word_1_147' title='bbox 1281 2017 1643 2089; x_wconf 88' lang='lat' dir='ltr'><strong>quibuslibet</strong></span> <span class='ocrx_word' id='word_1_148' title='bbox 1677 2019 1850 2072; x_wconf 89' lang='lat' dir='ltr'><strong>etiam</strong></span> <span class='ocrx_word' id='word_1_149' title='bbox 1885 2018 2136 2074; x_wconf 90' lang='lat' dir='ltr'><strong>ethnicts</strong></span> 
     </span>
    </p>
   </div>
   <div class='ocr_carea' id='block_1_22' title="bbox 497 2106 2133 2178">
    <p class='ocr_par' dir='ltr' id='par_1_22' title="bbox 497 2106 2133 2178">
     <span class='ocr_line' id='line_1_22' title="bbox 497 2106 2133 2178; baseline -0.001 -15"><span class='ocrx_word' id='word_1_150' title='bbox 497 2107 836 2163; x_wconf 90' lang='lat' dir='ltr'><strong>hominibus</strong></span> <span class='ocrx_word' id='word_1_151' title='bbox 867 2106 1046 2178; x_wconf 88' lang='lat' dir='ltr'><strong>agniti</strong></span> <span class='ocrx_word' id='word_1_152' title='bbox 1074 2109 1345 2162; x_wconf 81' lang='lat' dir='ltr'><strong>fuerunt:</strong></span> <span class='ocrx_word' id='word_1_153' title='bbox 1381 2131 1407 2156; x_wconf 85' lang='lat'><strong>«</strong></span> <span class='ocrx_word' id='word_1_154' title='bbox 1439 2107 1569 2163; x_wconf 82' lang='lat' dir='ltr'><strong>Jarn</strong></span> <span class='ocrx_word' id='word_1_155' title='bbox 1601 2106 1810 2178; x_wconf 84' lang='lat' dir='ltr'><strong>vulgus</strong></span> <span class='ocrx_word' id='word_1_156' title='bbox 1832 2107 2133 2162; x_wconf 90' lang='lat' dir='ltr'><strong>indoctum</strong></span> 
     </span>
    </p>
   </div>
   <div class='ocr_carea' id='block_1_23' title="bbox 497 2194 2135 2268">
    <p class='ocr_par' dir='ltr' id='par_1_23' title="bbox 497 2194 2135 2268">
     <span class='ocr_line' id='line_1_23' title="bbox 497 2194 2135 2268; baseline 0 -17"><span class='ocrx_word' id='word_1_157' title='bbox 497 2196 709 2268; x_wconf 86' lang='lat' dir='ltr'><strong>inquit,</strong></span> <span class='ocrx_word' id='word_1_158' title='bbox 743 2196 802 2250; x_wconf 91' lang='lat' dir='ltr'><strong>in</strong></span> <span class='ocrx_word' id='word_1_159' title='bbox 833 2213 1003 2251; x_wconf 89' lang='lat' dir='ltr'><strong>usum</strong></span> <span class='ocrx_word' id='word_1_160' title='bbox 1039 2194 1332 2251; x_wconf 88' lang='lat' dir='ltr'><strong>maledicti</strong></span> <span class='ocrx_word' id='word_1_161' title='bbox 1395 2197 1726 2267; x_wconf 85' lang='lat' dir='ltr'><strong>frequentat</strong></span> <span class='ocrx_word' id='word_1_162' title='bbox 1756 2218 1784 2245; x_wconf 84' lang='lat'>»</span> <span class='ocrx_word' id='word_1_163' title='bbox 1835 2196 1994 2267; x_wconf 85' lang='lat' dir='ltr'><strong>(Ibid.</strong></span> <span class='ocrx_word' id='word_1_164' title='bbox 2050 2201 2135 2251; x_wconf 88' lang='lat' dir='ltr'><strong>Ita</strong></span> 
     </span>
    </p>
   </div>
   <div class='ocr_carea' id='block_1_24' title="bbox 495 2283 2136 2356">
    <p class='ocr_par' dir='ltr' id='par_1_24' title="bbox 495 2283 2136 2356">
     <span class='ocr_line' id='line_1_24' title="bbox 495 2283 2136 2356; baseline -0.001 -16"><span class='ocrx_word' id='word_1_165' title='bbox 495 2284 821 2356; x_wconf 81' lang='lat' dir='ltr'><strong>Rigaltius;</strong></span> <span class='ocrx_word' id='word_1_166' title='bbox 863 2285 962 2339; x_wconf 88' lang='lat' dir='ltr'><strong>sed</strong></span> <span class='ocrx_word' id='word_1_167' title='bbox 996 2285 1111 2339; x_wconf 91' lang='lat' dir='ltr'><strong>duo</strong></span> <span class='ocrx_word' id='word_1_168' title='bbox 1143 2283 1328 2339; x_wconf 88' lang='lat' dir='ltr'><strong>nostri</strong></span> <span class='ocrx_word' id='word_1_169' title='bbox 1363 2283 1747 2356; x_wconf 90' lang='lat' dir='ltr'><strong>manuscripti</strong></span> <span class='ocrx_word' id='word_1_170' title='bbox 1795 2284 2024 2339; x_wconf 89' lang='lat' dir='ltr'><strong>codices</strong></span> <span class='ocrx_word' id='word_1_171' title='bbox 2055 2302 2136 2339; x_wconf 88' lang='lat' dir='ltr'><strong>re-</strong></span> 
     </span>
    </p>
   </div>
   <div class='ocr_carea' id='block_1_25' title="bbox 494 2372 2132 2443">
    <p class='ocr_par' dir='ltr' id='par_1_25' title="bbox 494 2372 2132 2443">
     <span class='ocr_line' id='line_1_25' title="bbox 494 2372 2132 2443; baseline 0 -14"><span class='ocrx_word' id='word_1_172' title='bbox 494 2375 782 2429; x_wconf 89' lang='lat' dir='ltr'><strong>centiores</strong></span> <span class='ocrx_word' id='word_1_173' title='bbox 808 2376 866 2428; x_wconf 84' lang='lat' dir='ltr'><strong>in</strong></span> <span class='ocrx_word' id='word_1_174' title='bbox 901 2389 1020 2440; x_wconf 81' lang='lat' dir='ltr'><strong>usu,</strong></span> <span class='ocrx_word' id='word_1_175' title='bbox 1054 2372 1412 2443; x_wconf 81' lang='lat' dir='ltr'><strong>antiquiores</strong></span> <span class='ocrx_word' id='word_1_176' title='bbox 1446 2375 1504 2427; x_wconf 83' lang='lat' dir='ltr'><strong>in</strong></span> <span class='ocrx_word' id='word_1_177' title='bbox 1534 2390 1637 2428; x_wconf 70' lang='lat' dir='ltr'><strong>usu</strong></span> <span class='ocrx_word' id='word_1_178' title='bbox 1681 2373 2008 2442; x_wconf 74' lang='lat' dir='ltr'><strong>maledictis,</strong></span> <span class='ocrx_word' id='word_1_179' title='bbox 2041 2389 2132 2429; x_wconf 85' lang='lat' dir='ltr'><strong>ve-</strong></span> 
     </span>
    </p>
   </div>
   <div class='ocr_carea' id='block_1_26' title="bbox 493 2460 2132 2518">
    <p class='ocr_par' dir='ltr' id='par_1_26' title="bbox 493 2460 2132 2518">
     <span class='ocr_line' id='line_1_26' title="bbox 493 2460 2132 2518; baseline 0.001 -2"><span class='ocrx_word' id='word_1_180' title='bbox 493 2461 771 2517; x_wconf 90' lang='lat' dir='ltr'><strong>tustiores</strong></span> <span class='ocrx_word' id='word_1_181' title='bbox 801 2460 1082 2516; x_wconf 90' lang='lat' dir='ltr'><strong>ediiiones</strong></span> <span class='ocrx_word' id='word_1_182' title='bbox 1117 2463 1172 2515; x_wconf 84' lang='lat' dir='ltr'><strong>in</strong></span> <span class='ocrx_word' id='word_1_183' title='bbox 1196 2477 1356 2516; x_wconf 79' lang='lat' dir='ltr'><strong>usum</strong></span> <span class='ocrx_word' id='word_1_184' title='bbox 1386 2461 1721 2518; x_wconf 79' lang='lat' dir='ltr'><strong>maledictis.</strong></span> <span class='ocrx_word' id='word_1_185' title='bbox 1751 2461 1972 2517; x_wconf 87' lang='lat' dir='ltr'><strong>Sensus</strong></span> <span class='ocrx_word' id='word_1_186' title='bbox 2000 2477 2132 2517; x_wconf 84' lang='lat' dir='ltr'><strong>vero</strong></span> 
     </span>
    </p>
   </div>
   <div class='ocr_carea' id='block_1_27' title="bbox 491 2549 2133 2622">
    <p class='ocr_par' dir='ltr' id='par_1_27' title="bbox 491 2549 2133 2622">
     <span class='ocr_line' id='line_1_27' title="bbox 491 2549 2133 2622; baseline -0.001 -16"><span class='ocrx_word' id='word_1_187' title='bbox 491 2551 762 2606; x_wconf 86' lang='lat' dir='ltr'><strong>Auctoris</strong></span> <span class='ocrx_word' id='word_1_188' title='bbox 793 2551 975 2605; x_wconf 86' lang='lat' dir='ltr'><strong>nostri</strong></span> <span class='ocrx_word' id='word_1_189' title='bbox 1006 2553 1132 2605; x_wconf 90' lang='lat' dir='ltr'><strong>est:</strong></span> <span class='ocrx_word' id='word_1_190' title='bbox 1166 2549 1391 2622; x_wconf 85' lang='lat' dir='ltr'><strong>Vulgus</strong></span> <span class='ocrx_word' id='word_1_191' title='bbox 1420 2551 1783 2606; x_wconf 88' lang='lat' dir='ltr'><strong>ethnicorum</strong></span> <span class='ocrx_word' id='word_1_192' title='bbox 1817 2567 1951 2606; x_wconf 88' lang='lat' dir='ltr'><strong>cum</strong></span> <span class='ocrx_word' id='word_1_193' title='bbox 1983 2550 2133 2605; x_wconf 91' lang='lat' dir='ltr'><strong>male</strong></span> 
     </span>
    </p>
   </div>
   <div class='ocr_carea' id='block_1_28' title="bbox 494 2638 2132 2713">
    <p class='ocr_par' dir='ltr' id='par_1_28' title="bbox 494 2638 2132 2713">
     <span class='ocr_line' id='line_1_28' title="bbox 494 2638 2132 2713; baseline 0 -19"><span class='ocrx_word' id='word_1_194' title='bbox 494 2638 626 2694; x_wconf 87' lang='lat' dir='ltr'><strong>aliis</strong></span> <span class='ocrx_word' id='word_1_195' title='bbox 672 2638 907 2706; x_wconf 88' lang='lat' dir='ltr'><strong>diceret,</strong></span> <span class='ocrx_word' id='word_1_196' title='bbox 954 2644 1010 2694; x_wconf 91' lang='lat' dir='ltr'><strong>et</strong></span> <span class='ocrx_word' id='word_1_197' title='bbox 1061 2640 1500 2713; x_wconf 79' lang='lat' dir='ltr'><strong>imprecaretur,</strong></span> <span class='ocrx_word' id='word_1_198' title='bbox 1533 2639 1774 2695; x_wconf 91' lang='lat' dir='ltr'><strong>solitum</strong></span> <span class='ocrx_word' id='word_1_199' title='bbox 1825 2639 2004 2695; x_wconf 81' lang='lat' dir='ltr'><strong>fuisse</strong></span> <span class='ocrx_word' id='word_1_200' title='bbox 2033 2656 2132 2694; x_wconf 89' lang='lat' dir='ltr'><strong>eos</strong></span> 
     </span>
    </p>
   </div>
   <div class='ocr_carea' id='block_1_29' title="bbox 496 2727 2127 2798">
    <p class='ocr_par' dir='ltr' id='par_1_29' title="bbox 496 2727 2127 2798">
     <span class='ocr_line' id='line_1_29' title="bbox 496 2727 2127 2798; baseline 0.001 -17"><span class='ocrx_word' id='word_1_201' title='bbox 496 2728 790 2783; x_wconf 60' lang='lat' dir='ltr'><strong>damones</strong></span> <span class='ocrx_word' id='word_1_202' title='bbox 819 2744 1043 2798; x_wconf 89' lang='lat' dir='ltr'><strong>vocare,</strong></span> <span class='ocrx_word' id='word_1_203' title='bbox 1097 2734 1198 2784; x_wconf 89' lang='lat' dir='ltr'><strong>aut</strong></span> <span class='ocrx_word' id='word_1_204' title='bbox 1242 2745 1455 2784; x_wconf 91' lang='lat' dir='ltr'><strong>nomen</strong></span> <span class='ocrx_word' id='word_1_205' title='bbox 1508 2728 1774 2783; x_wconf 86' lang='lat' dir='ltr'><strong>invocare</strong></span> <span class='ocrx_word' id='word_1_206' title='bbox 1827 2727 2127 2784; x_wconf 76' lang='lat' dir='ltr'><strong>daamonis.</strong></span> 
     </span>
    </p>
   </div>
   <div class='ocr_carea' id='block_1_30' title="bbox 495 2815 2123 2888">
    <p class='ocr_par' dir='ltr' id='par_1_30' title="bbox 495 2815 2123 2888">
     <span class='ocr_line' id='line_1_30' title="bbox 495 2815 2123 2888; baseline 0 -17"><span class='ocrx_word' id='word_1_207' title='bbox 495 2815 588 2871; x_wconf 89' lang='lat' dir='ltr'><strong>Sic</strong></span> <span class='ocrx_word' id='word_1_208' title='bbox 619 2815 775 2869; x_wconf 90' lang='lat' dir='ltr'><strong>enim</strong></span> <span class='ocrx_word' id='word_1_209' title='bbox 795 2815 891 2870; x_wconf 91' lang='lat' dir='ltr'><strong>ille</strong></span> <span class='ocrx_word' id='word_1_210' title='bbox 919 2817 1294 2888; x_wconf 81' lang='lat' dir='ltr'><strong>prosequitur</strong></span> <span class='ocrx_word' id='word_1_211' title='bbox 1326 2834 1338 2872; x_wconf 90' lang='lat'><strong>:</strong></span> <span class='ocrx_word' id='word_1_212' title='bbox 1375 2839 1401 2866; x_wconf 86' lang='lat'><strong>«</strong></span> <span class='ocrx_word' id='word_1_213' title='bbox 1436 2821 1577 2870; x_wconf 88' lang='lat' dir='ltr'><strong>Nam</strong></span> <span class='ocrx_word' id='word_1_214' title='bbox 1600 2821 1657 2870; x_wconf 90' lang='lat' dir='ltr'><strong>et</strong></span> <span class='ocrx_word' id='word_1_215' title='bbox 1676 2817 1951 2871; x_wconf 88' lang='lat' dir='ltr'><strong>Satanam</strong></span> <span class='ocrx_word' id='word_1_216' title='bbox 1973 2817 2123 2888; x_wconf 90' lang='lat' dir='ltr'><strong>prin-</strong></span> 
     </span>
    </p>
   </div>
   <div class='ocr_carea' id='block_1_31' title="bbox 489 2904 2128 2977">
    <p class='ocr_par' dir='ltr' id='par_1_31' title="bbox 489 2904 2128 2977">
     <span class='ocr_line' id='line_1_31' title="bbox 489 2904 2128 2977; baseline 0.001 -18"><span class='ocrx_word' id='word_1_217' title='bbox 489 2904 674 2975; x_wconf 89' lang='lat' dir='ltr'><strong>cipem</strong></span> <span class='ocrx_word' id='word_1_218' title='bbox 709 2904 886 2974; x_wconf 78' lang='lat' dir='ltr'><strong>huius</strong></span> <span class='ocrx_word' id='word_1_219' title='bbox 916 2904 1052 2960; x_wconf 90' lang='lat' dir='ltr'><strong>mali</strong></span> <span class='ocrx_word' id='word_1_220' title='bbox 1083 2905 1336 2977; x_wconf 86' lang='lat' dir='ltr'><strong>generis,</strong></span> <span class='ocrx_word' id='word_1_221' title='bbox 1371 2905 1610 2976; x_wconf 88' lang='lat' dir='ltr'><strong>proinde</strong></span> <span class='ocrx_word' id='word_1_222' title='bbox 1634 2906 1705 2960; x_wconf 89' lang='lat' dir='ltr'><strong>de</strong></span> <span class='ocrx_word' id='word_1_223' title='bbox 1733 2905 1967 2976; x_wconf 90' lang='lat' dir='ltr'><strong>propria</strong></span> <span class='ocrx_word' id='word_1_224' title='bbox 1991 2921 2128 2960; x_wconf 90' lang='lat' dir='ltr'><strong>con-</strong></span> 
     </span>
    </p>
   </div>
   <div class='ocr_carea' id='block_1_32' title="bbox 489 2993 2126 3066">
    <p class='ocr_par' dir='ltr' id='par_1_32' title="bbox 489 2993 2126 3066">
     <span class='ocr_line' id='line_1_32' title="bbox 489 2993 2126 3066; baseline 0.001 -18"><span class='ocrx_word' id='word_1_225' title='bbox 489 2993 734 3049; x_wconf 88' lang='lat' dir='ltr'><strong>scientia</strong></span> <span class='ocrx_word' id='word_1_226' title='bbox 785 2993 1006 3058; x_wconf 69' lang='lat' dir='ltr'><strong>animaa,</strong></span> <span class='ocrx_word' id='word_1_227' title='bbox 1057 2995 1258 3049; x_wconf 88' lang='lat' dir='ltr'><strong>eadem</strong></span> <span class='ocrx_word' id='word_1_228' title='bbox 1322 2995 1738 3049; x_wconf 83' lang='lat' dir='ltr'><strong>exsecramenti</strong></span> <span class='ocrx_word' id='word_1_229' title='bbox 1798 3011 1935 3049; x_wconf 92' lang='lat' dir='ltr'><strong>voce</strong></span> <span class='ocrx_word' id='word_1_230' title='bbox 1996 3012 2126 3066; x_wconf 92' lang='lat' dir='ltr'><strong>pro-</strong></span> 
     </span>
    </p>
   </div>
   <div class='ocr_carea' id='block_1_33' title="bbox 488 3081 2126 3154">
    <p class='ocr_par' dir='ltr' id='par_1_33' title="bbox 488 3081 2126 3154">
     <span class='ocr_line' id='line_1_33' title="bbox 488 3081 2126 3154; baseline -0.001 -16"><span class='ocrx_word' id='word_1_231' title='bbox 488 3081 736 3138; x_wconf 88' lang='lat' dir='ltr'><strong>nuntiat.</strong></span> <span class='ocrx_word' id='word_1_232' title='bbox 776 3104 801 3131; x_wconf 79' lang='lat'><strong>»</strong></span> <span class='ocrx_word' id='word_1_233' title='bbox 833 3087 896 3137; x_wconf 83' lang='lat' dir='ltr'><strong>In</strong></span> <span class='ocrx_word' id='word_1_234' title='bbox 930 3081 1188 3154; x_wconf 88' lang='lat' dir='ltr'><strong>antiquis</strong></span> <span class='ocrx_word' id='word_1_235' title='bbox 1224 3083 1644 3154; x_wconf 89' lang='lat' dir='ltr'><strong>manuscriptis</strong></span> <span class='ocrx_word' id='word_1_236' title='bbox 1682 3087 1738 3138; x_wconf 91' lang='lat' dir='ltr'><strong>et</strong></span> <span class='ocrx_word' id='word_1_237' title='bbox 1767 3082 1940 3139; x_wconf 91' lang='lat' dir='ltr'><strong>editis</strong></span> <span class='ocrx_word' id='word_1_238' title='bbox 1970 3083 2126 3138; x_wconf 92' lang='lat' dir='ltr'><strong>codi-</strong></span> 
     </span>
    </p>
   </div>
   <div class='ocr_carea' id='block_1_34' title="bbox 487 3171 2125 3242">
    <p class='ocr_par' dir='ltr' id='par_1_34' title="bbox 487 3171 2125 3242">
     <span class='ocr_line' id='line_1_34' title="bbox 487 3171 2125 3242; baseline 0.001 -16"><span class='ocrx_word' id='word_1_239' title='bbox 487 3171 652 3227; x_wconf 90' lang='lat' dir='ltr'><strong>cibus</strong></span> <span class='ocrx_word' id='word_1_240' title='bbox 684 3171 896 3242; x_wconf 85' lang='lat' dir='ltr'><strong>legitur</strong></span> <span class='ocrx_word' id='word_1_241' title='bbox 933 3188 1003 3226; x_wconf 71' lang='grc' dir='ltr'><strong>επ</strong></span> <span class='ocrx_word' id='word_1_242' title='bbox 1049 3174 1404 3237; x_wconf 71' lang='lat' dir='ltr'><strong>sacramenti,</strong></span> <span class='ocrx_word' id='word_1_243' title='bbox 1449 3173 1547 3227; x_wconf 91' lang='lat' dir='ltr'><strong>sed</strong></span> <span class='ocrx_word' id='word_1_244' title='bbox 1600 3171 1724 3227; x_wconf 90' lang='lat' dir='ltr'><strong>sola</strong></span> <span class='ocrx_word' id='word_1_245' title='bbox 1763 3171 1919 3226; x_wconf 90' lang='lat' dir='ltr'><strong>haud</strong></span> <span class='ocrx_word' id='word_1_246' title='bbox 1951 3171 2125 3227; x_wconf 90' lang='lat' dir='ltr'><strong>dubie</strong></span> 
     </span>
    </p>
   </div>
   <div class='ocr_carea' id='block_1_35' title="bbox 2246 577 3910 650">
    <p class='ocr_par' dir='ltr' id='par_1_35' title="bbox 2246 577 3910 650">
     <span class='ocr_line' id='line_1_35' title="bbox 2246 577 3910 650; baseline 0.002 -18"><span class='ocrx_word' id='word_1_247' title='bbox 2246 578 2510 650; x_wconf 84' lang='lat' dir='ltr'><strong>spiritus.</strong></span> <span class='ocrx_word' id='word_1_248' title='bbox 2543 583 2608 634; x_wconf 88' lang='lat' dir='ltr'><strong>Et</strong></span> <span class='ocrx_word' id='word_1_249' title='bbox 2649 579 2797 634; x_wconf 89' lang='lat' dir='ltr'><strong>hanc</strong></span> <span class='ocrx_word' id='word_1_250' title='bbox 2827 577 3097 650; x_wconf 81' lang='lat' dir='ltr'><strong>loquendi</strong></span> <span class='ocrx_word' id='word_1_251' title='bbox 3131 578 3617 634; x_wconf 82' lang='lat' dir='ltr'><strong>consuetudinem</strong></span> <span class='ocrx_word' id='word_1_252' title='bbox 3650 580 3710 635; x_wconf 90' lang='lat' dir='ltr'><strong>in</strong></span> <span class='ocrx_word' id='word_1_253' title='bbox 3760 584 3910 636; x_wconf 83' lang='lat' dir='ltr'><strong>tan-</strong></span> 
     </span>
    </p>
   </div>
   <div class='ocr_carea' id='block_1_36' title="bbox 2247 667 3907 740">
    <p class='ocr_par' dir='ltr' id='par_1_36' title="bbox 2247 667 3907 740">
     <span class='ocr_line' id='line_1_36' title="bbox 2247 667 3907 740; baseline 0.001 -18"><span class='ocrx_word' id='word_1_254' title='bbox 2247 671 2372 722; x_wconf 90' lang='lat' dir='ltr'><strong>tum</strong></span> <span class='ocrx_word' id='word_1_255' title='bbox 2406 667 2604 739; x_wconf 84' lang='lat' dir='ltr'><strong>populi</strong></span> <span class='ocrx_word' id='word_1_256' title='bbox 2658 684 3083 740; x_wconf 86' lang='lat' dir='ltr'><strong>usquequaque</strong></span> <span class='ocrx_word' id='word_1_257' title='bbox 3132 668 3315 723; x_wconf 89' lang='lat' dir='ltr'><strong>secuti</strong></span> <span class='ocrx_word' id='word_1_258' title='bbox 3366 673 3522 736; x_wconf 90' lang='lat' dir='ltr'><strong>sunt,</strong></span> <span class='ocrx_word' id='word_1_259' title='bbox 3575 674 3640 723; x_wconf 91' lang='lat' dir='ltr'><strong>ut</strong></span> <span class='ocrx_word' id='word_1_260' title='bbox 3688 685 3907 725; x_wconf 87' lang='lat' dir='ltr'><strong>eorum</strong></span> 
     </span>
    </p>
   </div>
   <div class='ocr_carea' id='block_1_37' title="bbox 2245 755 3906 829">
    <p class='ocr_par' dir='ltr' id='par_1_37' title="bbox 2245 755 3906 829">
     <span class='ocr_line' id='line_1_37' title="bbox 2245 755 3906 829; baseline 0.001 -18"><span class='ocrx_word' id='word_1_261' title='bbox 2245 755 2442 824; x_wconf 89' lang='lat' dir='ltr'><strong>etiam,</strong></span> <span class='ocrx_word' id='word_1_262' title='bbox 2473 756 2570 827; x_wconf 91' lang='lat' dir='ltr'><strong>qui</strong></span> <span class='ocrx_word' id='word_1_263' title='bbox 2604 757 2815 829; x_wconf 87' lang='lat' dir='ltr'><strong>pagani</strong></span> <span class='ocrx_word' id='word_1_264' title='bbox 2846 756 3236 828; x_wconf 84' lang='lat' dir='ltr'><strong>appellantur,</strong></span> <span class='ocrx_word' id='word_1_265' title='bbox 3270 763 3328 812; x_wconf 89' lang='lat' dir='ltr'><strong>et</strong></span> <span class='ocrx_word' id='word_1_266' title='bbox 3356 757 3495 812; x_wconf 85' lang='lat' dir='ltr'><strong>deos</strong></span> <span class='ocrx_word' id='word_1_267' title='bbox 3529 759 3776 822; x_wconf 89' lang='lat' dir='ltr'><strong>multos,</strong></span> <span class='ocrx_word' id='word_1_268' title='bbox 3828 774 3906 812; x_wconf 88' lang='lat' dir='ltr'><strong>ac</strong></span> 
     </span>
    </p>
   </div>
   <div class='ocr_carea' id='block_1_38' title="bbox 2245 845 3912 912">
    <p class='ocr_par' dir='ltr' id='par_1_38' title="bbox 2245 845 3912 912">
     <span class='ocr_line' id='line_1_38' title="bbox 2245 845 3912 912; baseline 0.002 -14"><span class='ocrx_word' id='word_1_269' title='bbox 2245 845 2538 900; x_wconf 66' lang='lat' dir='ltr'><strong>daemones</strong></span> <span class='ocrx_word' id='word_1_270' title='bbox 2570 845 2843 901; x_wconf 90' lang='lat' dir='ltr'><strong>colendos</strong></span> <span class='ocrx_word' id='word_1_271' title='bbox 2877 862 3005 901; x_wconf 84' lang='lat' dir='ltr'><strong>esse</strong></span> <span class='ocrx_word' id='word_1_272' title='bbox 3032 845 3412 912; x_wconf 86' lang='lat' dir='ltr'><strong>contendunt,</strong></span> <span class='ocrx_word' id='word_1_273' title='bbox 3447 845 3647 902; x_wconf 91' lang='lat' dir='ltr'><strong>nullus</strong></span> <span class='ocrx_word' id='word_1_274' title='bbox 3679 847 3797 901; x_wconf 82' lang='lat' dir='ltr'><strong>fere</strong></span> <span class='ocrx_word' id='word_1_275' title='bbox 3820 846 3912 902; x_wconf 89' lang='lat' dir='ltr'><strong>sit</strong></span> 
     </span>
    </p>
   </div>
   <div class='ocr_carea' id='block_1_39' title="bbox 2244 932 3905 1010">
    <p class='ocr_par' dir='ltr' id='par_1_39' title="bbox 2244 932 3905 1010">
     <span class='ocr_line' id='line_1_39' title="bbox 2244 932 3905 1010; baseline 0.001 -22"><span class='ocrx_word' id='word_1_276' title='bbox 2244 937 2364 988; x_wconf 89' lang='lat' dir='ltr'><strong>tam</strong></span> <span class='ocrx_word' id='word_1_277' title='bbox 2391 932 2700 1001; x_wconf 87' lang='lat' dir='ltr'><strong>litteratus,</strong></span> <span class='ocrx_word' id='word_1_278' title='bbox 2736 940 2790 990; x_wconf 90' lang='lat' dir='ltr'><strong>et</strong></span> <span class='ocrx_word' id='word_1_279' title='bbox 2831 935 3057 1004; x_wconf 88' lang='lat' dir='ltr'><strong>doctus,</strong></span> <span class='ocrx_word' id='word_1_280' title='bbox 3084 933 3440 1010; x_wconf 26' lang='lat' dir='ltr'><strong>qui‘audeat</strong></span> <span class='ocrx_word' id='word_1_281' title='bbox 3486 934 3543 988; x_wconf 93' lang='lat' dir='ltr'><strong>in</strong></span> <span class='ocrx_word' id='word_1_282' title='bbox 3599 935 3776 990; x_wconf 88' lang='lat' dir='ltr'><strong>laude</strong></span> <span class='ocrx_word' id='word_1_283' title='bbox 3803 935 3905 991; x_wconf 89' lang='lat' dir='ltr'><strong>vel</strong></span> 
     </span>
    </p>
   </div>
   <div class='ocr_carea' id='block_1_40' title="bbox 2244 1022 3907 1089">
    <p class='ocr_par' dir='ltr' id='par_1_40' title="bbox 2244 1022 3907 1089">
     <span class='ocr_line' id='line_1_40' title="bbox 2244 1022 3907 1089; baseline 0.001 -12"><span class='ocrx_word' id='word_1_284' title='bbox 2244 1038 2410 1078; x_wconf 90' lang='lat' dir='ltr'><strong>servo</strong></span> <span class='ocrx_word' id='word_1_285' title='bbox 2445 1039 2550 1077; x_wconf 91' lang='lat' dir='ltr'><strong>suo</strong></span> <span class='ocrx_word' id='word_1_286' title='bbox 2584 1022 2776 1078; x_wconf 86' lang='lat' dir='ltr'><strong>dicere</strong></span> <span class='ocrx_word' id='word_1_287' title='bbox 2809 1039 2821 1078; x_wconf 94' lang='lat'>:</span> <span class='ocrx_word' id='word_1_288' title='bbox 2876 1022 3206 1078; x_wconf 71' lang='lat' dir='ltr'><strong>Daemonem</strong></span> <span class='ocrx_word' id='word_1_289' title='bbox 3256 1022 3437 1078; x_wconf 83' lang='lat' dir='ltr'><strong>babes</strong></span> <span class='ocrx_word' id='word_1_290' title='bbox 3465 1040 3478 1089; x_wconf 93' lang='lat'><strong>;</strong></span> <span class='ocrx_word' id='word_1_291' title='bbox 3513 1023 3615 1078; x_wconf 90' lang='lat' dir='ltr'><strong>sed</strong></span> <span class='ocrx_word' id='word_1_292' title='bbox 3649 1023 3907 1078; x_wconf 88' lang='lat' dir='ltr'><strong>cuilibet</strong></span> 
     </span>
    </p>
   </div>
   <div class='ocr_carea' id='block_1_41' title="bbox 2245 1111 3903 1186">
    <p class='ocr_par' dir='ltr' id='par_1_41' title="bbox 2245 1111 3903 1186">
     <span class='ocr_line' id='line_1_41' title="bbox 2245 1111 3903 1186; baseline 0.002 -20"><span class='ocrx_word' id='word_1_293' title='bbox 2245 1111 2353 1166; x_wconf 89' lang='lat' dir='ltr'><strong>hoc</strong></span> <span class='ocrx_word' id='word_1_294' title='bbox 2387 1113 2577 1168; x_wconf 91' lang='lat' dir='ltr'><strong>dicere</strong></span> <span class='ocrx_word' id='word_1_295' title='bbox 2609 1113 2997 1183; x_wconf 91' lang='lat' dir='ltr'><strong>voluerit,non</strong></span> <span class='ocrx_word' id='word_1_296' title='bbox 3031 1129 3093 1168; x_wconf 88' lang='lat' dir='ltr'><strong>se</strong></span> <span class='ocrx_word' id='word_1_297' title='bbox 3123 1113 3290 1169; x_wconf 89' lang='lat' dir='ltr'><strong>aliter</strong></span> <span class='ocrx_word' id='word_1_298' title='bbox 3318 1114 3528 1185; x_wconf 90' lang='lat' dir='ltr'><strong>accipi,</strong></span> <span class='ocrx_word' id='word_1_299' title='bbox 3559 1131 3741 1186; x_wconf 85' lang='lat' dir='ltr'><strong>quam</strong></span> <span class='ocrx_word' id='word_1_300' title='bbox 3764 1131 3903 1169; x_wconf 82' lang='lat' dir='ltr'><strong>ma—</strong></span> 
     </span>
    </p>
   </div>
   <div class='ocr_carea' id='block_1_42' title="bbox 2247 1199 3905 1274">
    <p class='ocr_par' dir='ltr' id='par_1_42' title="bbox 2247 1199 3905 1274">
     <span class='ocr_line' id='line_1_42' title="bbox 2247 1199 3905 1274; baseline 0.003 -20"><span class='ocrx_word' id='word_1_301' title='bbox 2247 1199 2493 1256; x_wconf 91' lang='lat' dir='ltr'><strong>ledicere</strong></span> <span class='ocrx_word' id='word_1_302' title='bbox 2524 1201 2795 1272; x_wconf 86' lang='lat' dir='ltr'><strong>voluisse,</strong></span> <span class='ocrx_word' id='word_1_303' title='bbox 2842 1203 3111 1258; x_wconf 88' lang='lat' dir='ltr'><strong>dubitare</strong></span> <span class='ocrx_word' id='word_1_304' title='bbox 3142 1220 3257 1258; x_wconf 93' lang='lat' dir='ltr'><strong>non</strong></span> <span class='ocrx_word' id='word_1_305' title='bbox 3311 1203 3496 1274; x_wconf 87' lang='lat' dir='ltr'><strong>possit</strong></span> <span class='ocrx_word' id='word_1_306' title='bbox 3539 1224 3568 1254; x_wconf 83' lang='grc'>»</span> <span class='ocrx_word' id='word_1_307' title='bbox 3620 1207 3905 1274; x_wconf 84' lang='lat' dir='ltr'><strong>(August.</strong></span> 
     </span>
    </p>
   </div>
   <div class='ocr_carea' id='block_1_43' title="bbox 2248 1289 3904 1363">
    <p class='ocr_par' dir='ltr' id='par_1_43' title="bbox 2248 1289 3904 1363">
     <span class='ocr_line' id='line_1_43' title="bbox 2248 1289 3904 1363; baseline 0.002 -20"><span class='ocrx_word' id='word_1_308' title='bbox 2248 1289 2345 1344; x_wconf 91' lang='lat' dir='ltr'><strong>lib.</strong></span> <span class='ocrx_word' id='word_1_309' title='bbox 2381 1307 2438 1345; x_wconf 71' lang='grc' dir='ltr'><strong>ιχ</strong></span> <span class='ocrx_word' id='word_1_310' title='bbox 2466 1289 2531 1346; x_wconf 84' lang='lat' dir='ltr'><strong>dc</strong></span> <span class='ocrx_word' id='word_1_311' title='bbox 2557 1292 2722 1360; x_wconf 72' lang='lat' dir='ltr'><strong>Civil,</strong></span> <span class='ocrx_word' id='word_1_312' title='bbox 2755 1308 2882 1363; x_wconf 86' lang='lat' dir='ltr'><strong>cap.</strong></span> <span class='ocrx_word' id='word_1_313' title='bbox 2917 1290 3006 1356; x_wconf 87' lang='grc'><strong>19,</strong></span> <span class='ocrx_word' id='word_1_314' title='bbox 3039 1308 3171 1363; x_wconf 89' lang='lat' dir='ltr'><strong>pag.</strong></span> <span class='ocrx_word' id='word_1_315' title='bbox 3203 1292 3353 1362; x_wconf 87' lang='lat'><strong>233).</strong></span> <span class='ocrx_word' id='word_1_316' title='bbox 3389 1292 3594 1347; x_wconf 86' lang='lat' dir='ltr'><strong>Postea</strong></span> <span class='ocrx_word' id='word_1_317' title='bbox 3625 1309 3760 1348; x_wconf 91' lang='lat' dir='ltr'><strong>vero</strong></span> <span class='ocrx_word' id='word_1_318' title='bbox 3793 1294 3904 1347; x_wconf 86' lang='lat' dir='ltr'><strong>ad-</strong></span> 
     </span>
    </p>
   </div>
   <div class='ocr_carea' id='block_1_44' title="bbox 2245 1378 3906 1449">
    <p class='ocr_par' dir='ltr' id='par_1_44' title="bbox 2245 1378 3906 1449">
     <span class='ocr_line' id='line_1_44' title="bbox 2245 1378 3906 1449; baseline 0.002 -16"><span class='ocrx_word' id='word_1_319' title='bbox 2245 1378 2420 1434; x_wconf 86' lang='lat' dir='ltr'><strong>didit:</strong></span> <span class='ocrx_word' id='word_1_320' title='bbox 2447 1402 2474 1427; x_wconf 90' lang='grc'><em>‹‹</em></span> <span class='ocrx_word' id='word_1_321' title='bbox 2505 1380 2587 1434; x_wconf 84' lang='lat' dir='ltr'><strong>Ita</strong></span> <span class='ocrx_word' id='word_1_322' title='bbox 2609 1379 2952 1436; x_wconf 89' lang='lat' dir='ltr'><strong>detestabile</strong></span> <span class='ocrx_word' id='word_1_323' title='bbox 2976 1396 3188 1436; x_wconf 89' lang='lat' dir='ltr'><strong>nomen</strong></span> <span class='ocrx_word' id='word_1_324' title='bbox 3214 1385 3303 1435; x_wconf 86' lang='lat' dir='ltr'><strong>est</strong></span> <span class='ocrx_word' id='word_1_325' title='bbox 3331 1381 3764 1449; x_wconf 81' lang='lat' dir='ltr'><strong>dasmonum,ut</strong></span> <span class='ocrx_word' id='word_1_326' title='bbox 3785 1381 3906 1436; x_wconf 88' lang='lat' dir='ltr'><strong>hoc</strong></span> 
     </span>
    </p>
   </div>
   <div class='ocr_carea' id='block_1_45' title="bbox 2246 1466 3906 1540">
    <p class='ocr_par' dir='ltr' id='par_1_45' title="bbox 2246 1466 3906 1540">
     <span class='ocr_line' id='line_1_45' title="bbox 2246 1466 3906 1540; baseline 0.002 -19"><span class='ocrx_word' id='word_1_327' title='bbox 2246 1466 2436 1522; x_wconf 88' lang='lat' dir='ltr'><strong>modis</strong></span> <span class='ocrx_word' id='word_1_328' title='bbox 2468 1467 2740 1524; x_wconf 88' lang='lat' dir='ltr'><strong>omnibus</strong></span> <span class='ocrx_word' id='word_1_329' title='bbox 2770 1485 2804 1524; x_wconf 88' lang='lat' dir='ltr'><strong>a</strong></span> <span class='ocrx_word' id='word_1_330' title='bbox 2833 1468 3053 1524; x_wconf 86' lang='lat' dir='ltr'><strong>sanctis</strong></span> <span class='ocrx_word' id='word_1_331' title='bbox 3105 1467 3326 1540; x_wconf 88' lang='lat' dir='ltr'><strong>angelis</strong></span> <span class='ocrx_word' id='word_1_332' title='bbox 3375 1485 3481 1523; x_wconf 90' lang='lat' dir='ltr'><strong>nos</strong></span> <span class='ocrx_word' id='word_1_333' title='bbox 3532 1485 3762 1525; x_wconf 89' lang='lat' dir='ltr'><strong>movere</strong></span> <span class='ocrx_word' id='word_1_334' title='bbox 3791 1470 3906 1525; x_wconf 83' lang='lat' dir='ltr'><strong>de-</strong></span> 
     </span>
    </p>
   </div>
   <div class='ocr_carea' id='block_1_46' title="bbox 2245 1554 3903 1626">
    <p class='ocr_par' dir='ltr' id='par_1_46' title="bbox 2245 1554 3903 1626">
     <span class='ocr_line' id='line_1_46' title="bbox 2245 1554 3903 1626; baseline 0.001 -16"><span class='ocrx_word' id='word_1_335' title='bbox 2245 1555 2488 1610; x_wconf 88' lang='lat' dir='ltr'><strong>beamus</strong></span> <span class='ocrx_word' id='word_1_336' title='bbox 2523 1577 2550 1604; x_wconf 84' lang='lat'><strong>»</strong></span> <span class='ocrx_word' id='word_1_337' title='bbox 2583 1555 2744 1626; x_wconf 85' lang='lat' dir='ltr'><strong>(Ibid.</strong></span> <span class='ocrx_word' id='word_1_338' title='bbox 2779 1572 2908 1626; x_wconf 91' lang='lat' dir='ltr'><strong>cap.</strong></span> <span class='ocrx_word' id='word_1_339' title='bbox 2940 1557 3031 1622; x_wconf 88' lang='lat'><strong>23,</strong></span> <span class='ocrx_word' id='word_1_340' title='bbox 3065 1571 3199 1626; x_wconf 88' lang='lat' dir='ltr'><strong>pag.</strong></span> <span class='ocrx_word' id='word_1_341' title='bbox 3237 1557 3383 1625; x_wconf 89' lang='lat'><strong>236).</strong></span> <span class='ocrx_word' id='word_1_342' title='bbox 3421 1554 3641 1626; x_wconf 83' lang='lat' dir='ltr'><strong>Duplex</strong></span> <span class='ocrx_word' id='word_1_343' title='bbox 3688 1555 3903 1626; x_wconf 87' lang='lat' dir='ltr'><strong>itaque</strong></span> 
     </span>
    </p>
   </div>
   <div class='ocr_carea' id='block_1_47' title="bbox 2241 1643 3897 1716">
    <p class='ocr_par' dir='ltr' id='par_1_47' title="bbox 2241 1643 3897 1716">
     <span class='ocr_line' id='line_1_47' title="bbox 2241 1643 3897 1716; baseline 0.001 -18"><span class='ocrx_word' id='word_1_344' title='bbox 2241 1645 2632 1716; x_wconf 87' lang='lat' dir='ltr'><strong>Augustinus,</strong></span> <span class='ocrx_word' id='word_1_345' title='bbox 2667 1644 3166 1716; x_wconf 89' lang='lat' dir='ltr'><strong>quemodmodum</strong></span> <span class='ocrx_word' id='word_1_346' title='bbox 3217 1643 3618 1700; x_wconf 88' lang='lat' dir='ltr'><strong>Tertullianus</strong></span> <span class='ocrx_word' id='word_1_347' title='bbox 3667 1649 3897 1713; x_wconf 87' lang='lat' dir='ltr'><strong>noster,</strong></span> 
     </span>
    </p>
   </div>
   <div class='ocr_carea' id='block_1_48' title="bbox 2245 1732 3897 1806">
    <p class='ocr_par' dir='ltr' id='par_1_48' title="bbox 2245 1732 3897 1806">
     <span class='ocr_line' id='line_1_48' title="bbox 2245 1732 3897 1806; baseline 0.001 -18"><span class='ocrx_word' id='word_1_348' title='bbox 2245 1733 2558 1805; x_wconf 89' lang='lat' dir='ltr'><strong>distinguit</strong></span> <span class='ocrx_word' id='word_1_349' title='bbox 2589 1732 2928 1804; x_wconf 88' lang='lat' dir='ltr'><strong>angelorum</strong></span> <span class='ocrx_word' id='word_1_350' title='bbox 2961 1750 3168 1806; x_wconf 89' lang='lat' dir='ltr'><strong>genus,</strong></span> <span class='ocrx_word' id='word_1_351' title='bbox 3213 1738 3270 1788; x_wconf 91' lang='lat' dir='ltr'><strong>et</strong></span> <span class='ocrx_word' id='word_1_352' title='bbox 3300 1749 3486 1789; x_wconf 88' lang='lat' dir='ltr'><strong>unum</strong></span> <span class='ocrx_word' id='word_1_353' title='bbox 3517 1734 3754 1805; x_wconf 89' lang='lat' dir='ltr'><strong>quidem</strong></span> <span class='ocrx_word' id='word_1_354' title='bbox 3788 1735 3897 1790; x_wconf 87' lang='lat' dir='ltr'><strong>bo-</strong></span> 
     </span>
    </p>
   </div>
   <div class='ocr_carea' id='block_1_49' title="bbox 2165 1821 3896 1923">
    <p class='ocr_par' dir='ltr' id='par_1_49' title="bbox 2165 1821 3896 1923">
     <span class='ocr_line' id='line_1_49' title="bbox 2165 1821 3896 1923; baseline 0.001 -47"><span class='ocrx_word' id='word_1_355' title='bbox 2165 1859 2213 1923; x_wconf 83' lang='lat' dir='ltr'><strong>B</strong></span> <span class='ocrx_word' id='word_1_356' title='bbox 2246 1838 2410 1886; x_wconf 91' lang='lat' dir='ltr'><strong>num,</strong></span> <span class='ocrx_word' id='word_1_357' title='bbox 2441 1821 2765 1894; x_wconf 89' lang='lat' dir='ltr'><strong>qui_angeli</strong></span> <span class='ocrx_word' id='word_1_358' title='bbox 2805 1821 3156 1893; x_wconf 88' lang='lat' dir='ltr'><strong>simpliciter</strong></span> <span class='ocrx_word' id='word_1_359' title='bbox 3184 1826 3465 1877; x_wconf 79' lang='lat' dir='ltr'><strong>vocantur</strong></span> <span class='ocrx_word' id='word_1_360' title='bbox 3496 1847 3510 1890; x_wconf 87' lang='lat'><strong>;</strong></span> <span class='ocrx_word' id='word_1_361' title='bbox 3543 1822 3704 1877; x_wconf 90' lang='lat' dir='ltr'><strong>aliud</strong></span> <span class='ocrx_word' id='word_1_362' title='bbox 3753 1839 3896 1878; x_wconf 86' lang='lat' dir='ltr'><strong>vero</strong></span> 
     </span>
    </p>
   </div>
   <div class='ocr_carea' id='block_1_50' title="bbox 2245 1911 3900 1984">
    <p class='ocr_par' dir='ltr' id='par_1_50' title="bbox 2245 1911 3900 1984">
     <span class='ocr_line' id='line_1_50' title="bbox 2245 1911 3900 1984; baseline 0.002 -19"><span class='ocrx_word' id='word_1_363' title='bbox 2245 1911 2597 1978; x_wconf 68' lang='lat' dir='ltr'><strong>daemonum,</strong></span> <span class='ocrx_word' id='word_1_364' title='bbox 2644 1927 2892 1982; x_wconf 91' lang='lat' dir='ltr'><strong>quorum</strong></span> <span class='ocrx_word' id='word_1_365' title='bbox 2938 1927 3150 1966; x_wconf 90' lang='lat' dir='ltr'><strong>nomen</strong></span> <span class='ocrx_word' id='word_1_366' title='bbox 3196 1911 3563 1979; x_wconf 89' lang='lat' dir='ltr'><strong>detestabile,</strong></span> <span class='ocrx_word' id='word_1_367' title='bbox 3601 1911 3900 1984; x_wconf 86' lang='lat' dir='ltr'><strong>malignos</strong></span> 
     </span>
    </p>
   </div>
   <div class='ocr_carea' id='block_1_51' title="bbox 2247 1999 3098 2072">
    <p class='ocr_par' dir='ltr' id='par_1_51' title="bbox 2247 1999 3098 2072">
     <span class='ocr_line' id='line_1_51' title="bbox 2247 1999 3098 2072; baseline 0 -18"><span class='ocrx_word' id='word_1_368' title='bbox 2247 1999 2491 2070; x_wconf 85' lang='lat' dir='ltr'><strong>spiritus</strong></span> <span class='ocrx_word' id='word_1_369' title='bbox 2525 2015 2755 2071; x_wconf 89' lang='lat' dir='ltr'><strong>semper</strong></span> <span class='ocrx_word' id='word_1_370' title='bbox 2783 1999 3098 2072; x_wconf 89' lang='lat' dir='ltr'><strong>signiﬁcat.</strong></span> 
     </span>
    </p>
   </div>
   <div class='ocr_carea' id='block_1_52' title="bbox 2315 2106 3894 2177">
    <p class='ocr_par' dir='ltr' id='par_1_52' title="bbox 2315 2106 3894 2177">
     <span class='ocr_line' id='line_1_52' title="bbox 2315 2106 3894 2177; baseline 0.001 -16"><span class='ocrx_word' id='word_1_371' title='bbox 2315 2107 2429 2161; x_wconf 84' lang='lat' dir='ltr'><strong>Cur</strong></span> <span class='ocrx_word' id='word_1_372' title='bbox 2458 2122 2615 2177; x_wconf 90' lang='lat' dir='ltr'><strong>ergo,</strong></span> <span class='ocrx_word' id='word_1_373' title='bbox 2649 2106 2839 2177; x_wconf 84' lang='lat' dir='ltr'><strong>inquit</strong></span> <span class='ocrx_word' id='word_1_374' title='bbox 2899 2106 3134 2177; x_wconf 87' lang='lat' dir='ltr'><strong>aliquis,</strong></span> <span class='ocrx_word' id='word_1_375' title='bbox 3163 2107 3304 2162; x_wconf 91' lang='lat' dir='ltr'><strong>adeo</strong></span> <span class='ocrx_word' id='word_1_376' title='bbox 3364 2106 3714 2162; x_wconf 88' lang='lat' dir='ltr'><strong>detestabile</strong></span> <span class='ocrx_word' id='word_1_377' title='bbox 3763 2111 3894 2162; x_wconf 87' lang='lat' dir='ltr'><strong>erat</strong></span> 
     </span>
    </p>
   </div>
   <div class='ocr_carea' id='block_1_53' title="bbox 2244 2193 3899 2266">
    <p class='ocr_par' dir='ltr' id='par_1_53' title="bbox 2244 2193 3899 2266">
     <span class='ocr_line' id='line_1_53' title="bbox 2244 2193 3899 2266; baseline 0.002 -18"><span class='ocrx_word' id='word_1_378' title='bbox 2244 2193 2386 2249; x_wconf 89' lang='lat' dir='ltr'><strong>illud</strong></span> <span class='ocrx_word' id='word_1_379' title='bbox 2421 2194 2567 2250; x_wconf 76' lang='lat'><strong>867</strong></span> <span class='ocrx_word' id='word_1_380' title='bbox 2616 2211 2849 2260; x_wconf 90' lang='lat' dir='ltr'><strong>nomen,</strong></span> <span class='ocrx_word' id='word_1_381' title='bbox 2891 2201 3066 2266; x_wconf 89' lang='lat' dir='ltr'><strong>atque</strong></span> <span class='ocrx_word' id='word_1_382' title='bbox 3120 2211 3234 2250; x_wconf 90' lang='lat' dir='ltr'><strong>non</strong></span> <span class='ocrx_word' id='word_1_383' title='bbox 3283 2194 3475 2250; x_wconf 88' lang='lat' dir='ltr'><strong>solum</strong></span> <span class='ocrx_word' id='word_1_384' title='bbox 3508 2211 3542 2250; x_wconf 78' lang='grc' dir='ltr'>ο,</span> <span class='ocrx_word' id='word_1_385' title='bbox 3601 2195 3899 2251; x_wconf 87' lang='lat' dir='ltr'><strong>Christia-</strong></span> 
     </span>
    </p>
   </div>
   <div class='ocr_carea' id='block_1_54' title="bbox 2248 2283 3897 2355">
    <p class='ocr_par' dir='ltr' id='par_1_54' title="bbox 2248 2283 3897 2355">
     <span class='ocr_line' id='line_1_54' title="bbox 2248 2283 3897 2355; baseline 0.001 -17"><span class='ocrx_word' id='word_1_386' title='bbox 2248 2284 2361 2352; x_wconf 90' lang='lat' dir='ltr'><strong>nis,</strong></span> <span class='ocrx_word' id='word_1_387' title='bbox 2395 2284 2495 2339; x_wconf 89' lang='lat' dir='ltr'><strong>sed</strong></span> <span class='ocrx_word' id='word_1_388' title='bbox 2529 2283 2704 2338; x_wconf 89' lang='lat' dir='ltr'><strong>etiam</strong></span> <span class='ocrx_word' id='word_1_389' title='bbox 2735 2301 2770 2338; x_wconf 92' lang='lat' dir='ltr'><strong>a</strong></span> <span class='ocrx_word' id='word_1_390' title='bbox 2797 2283 3118 2355; x_wconf 88' lang='lat' dir='ltr'><strong>gentilibus</strong></span> <span class='ocrx_word' id='word_1_391' title='bbox 3140 2283 3198 2338; x_wconf 91' lang='lat' dir='ltr'><strong>in</strong></span> <span class='ocrx_word' id='word_1_392' title='bbox 3231 2283 3444 2339; x_wconf 78' lang='lat' dir='ltr'><strong>malam</strong></span> <span class='ocrx_word' id='word_1_393' title='bbox 3482 2288 3702 2355; x_wconf 89' lang='lat' dir='ltr'><strong>partem</strong></span> <span class='ocrx_word' id='word_1_394' title='bbox 3736 2301 3897 2340; x_wconf 82' lang='lat' dir='ltr'><strong>sem-</strong></span> 
     </span>
    </p>
   </div>
   <div class='ocr_carea' id='block_1_55' title="bbox 2245 2371 3894 2444">
    <p class='ocr_par' dir='ltr' id='par_1_55' title="bbox 2245 2371 3894 2444">
     <span class='ocr_line' id='line_1_55' title="bbox 2245 2371 3894 2444; baseline 0.001 -17"><span class='ocrx_word' id='word_1_395' title='bbox 2245 2388 2349 2444; x_wconf 92' lang='lat' dir='ltr'><strong>per</strong></span> <span class='ocrx_word' id='word_1_396' title='bbox 2378 2371 2818 2444; x_wconf 83' lang='lat' dir='ltr'><strong>accipiebatur?</strong></span> <span class='ocrx_word' id='word_1_397' title='bbox 2859 2372 3062 2426; x_wconf 88' lang='lat' dir='ltr'><strong>Nonne</strong></span> <span class='ocrx_word' id='word_1_398' title='bbox 3091 2371 3216 2443; x_wconf 90' lang='lat' dir='ltr'><strong>ipse</strong></span> <span class='ocrx_word' id='word_1_399' title='bbox 3265 2375 3631 2444; x_wconf 83' lang='lat' dir='ltr'><strong>Augustinus</strong></span> <span class='ocrx_word' id='word_1_400' title='bbox 3686 2378 3744 2428; x_wconf 89' lang='lat' dir='ltr'><strong>et</strong></span> <span class='ocrx_word' id='word_1_401' title='bbox 3791 2372 3894 2428; x_wconf 89' lang='lat' dir='ltr'><strong>alii</strong></span> 
     </span>
    </p>
   </div>
   <div class='ocr_carea' id='block_1_56' title="bbox 2241 2460 3891 2531">
    <p class='ocr_par' dir='ltr' id='par_1_56' title="bbox 2241 2460 3891 2531">
     <span class='ocr_line' id='line_1_56' title="bbox 2241 2460 3891 2531; baseline -0.001 -15"><span class='ocrx_word' id='word_1_402' title='bbox 2241 2460 2558 2531; x_wconf 91' lang='lat' dir='ltr'><strong>scriptores</strong></span> <span class='ocrx_word' id='word_1_403' title='bbox 2609 2460 2823 2528; x_wconf 90' lang='lat' dir='ltr'><strong>Latini,</strong></span> <span class='ocrx_word' id='word_1_404' title='bbox 2885 2466 2949 2515; x_wconf 92' lang='lat' dir='ltr'><strong>ut</strong></span> <span class='ocrx_word' id='word_1_405' title='bbox 2979 2460 3118 2516; x_wconf 88' lang='lat' dir='ltr'><strong>alibi</strong></span> <span class='ocrx_word' id='word_1_406' title='bbox 3175 2461 3616 2516; x_wconf 88' lang='lat' dir='ltr'><strong>observavimus</strong></span> <span class='ocrx_word' id='word_1_407' title='bbox 3673 2466 3731 2517; x_wconf 90' lang='lat' dir='ltr'><strong>et</strong></span> <span class='ocrx_word' id='word_1_408' title='bbox 3790 2461 3891 2516; x_wconf 82' lang='lat' dir='ltr'><strong>alii</strong></span> 
     </span>
    </p>
   </div>
   <div class='ocr_carea' id='block_1_57' title="bbox 2240 2547 3888 2620">
    <p class='ocr_par' dir='ltr' id='par_1_57' title="bbox 2240 2547 3888 2620">
     <span class='ocr_line' id='line_1_57' title="bbox 2240 2547 3888 2620; baseline 0 -18"><span class='ocrx_word' id='word_1_409' title='bbox 2240 2550 2302 2602; x_wconf 86' lang='lat' dir='ltr'><strong>in</strong></span> <span class='ocrx_word' id='word_1_410' title='bbox 2332 2550 2578 2604; x_wconf 80' lang='lat' dir='ltr'><strong>Lactant.</strong></span> <span class='ocrx_word' id='word_1_411' title='bbox 2613 2565 2741 2620; x_wconf 90' lang='lat' dir='ltr'><strong>cap.</strong></span> <span class='ocrx_word' id='word_1_412' title='bbox 2775 2551 2864 2615; x_wconf 89' lang='lat'><strong>20,</strong></span> <span class='ocrx_word' id='word_1_413' title='bbox 2899 2553 3007 2603; x_wconf 89' lang='lat' dir='ltr'><strong>art.</strong></span> <span class='ocrx_word' id='word_1_414' title='bbox 3041 2549 3112 2618; x_wconf 84' lang='grc'>4),</span> <span class='ocrx_word' id='word_1_415' title='bbox 3172 2565 3384 2604; x_wconf 90' lang='lat' dir='ltr'><strong>nomen</strong></span> <span class='ocrx_word' id='word_1_416' title='bbox 3445 2549 3709 2605; x_wconf 67' lang='lat' dir='ltr'><strong>Graecum</strong></span> <span class='ocrx_word' id='word_1_417' title='bbox 3768 2547 3888 2602; x_wconf 86' lang='grc' dir='ltr'><strong>δαι-</strong></span> 
     </span>
    </p>
   </div>
   <div class='ocr_carea' id='block_1_58' title="bbox 2244 2637 3886 2709">
    <p class='ocr_par' dir='ltr' id='par_1_58' title="bbox 2244 2637 3886 2709">
     <span class='ocr_line' id='line_1_58' title="bbox 2244 2637 3886 2709; baseline 0.003 -20"><span class='ocrx_word' id='word_1_418' title='bbox 2244 2656 2424 2708; x_wconf 84' lang='grc' dir='ltr'>μονες,</span> <span class='ocrx_word' id='word_1_419' title='bbox 2456 2637 2611 2693; x_wconf 90' lang='lat' dir='ltr'><strong>idem</strong></span> <span class='ocrx_word' id='word_1_420' title='bbox 2643 2637 2976 2708; x_wconf 89' lang='lat' dir='ltr'><strong>signiﬁcare</strong></span> <span class='ocrx_word' id='word_1_421' title='bbox 3011 2637 3422 2708; x_wconf 89' lang='lat' dir='ltr'><strong>testiﬁcantur,</strong></span> <span class='ocrx_word' id='word_1_422' title='bbox 3454 2642 3630 2709; x_wconf 85' lang='lat' dir='ltr'><strong>atque</strong></span> <span class='ocrx_word' id='word_1_423' title='bbox 3686 2655 3886 2695; x_wconf 90' lang='lat' dir='ltr'><strong>rerum</strong></span> 
     </span>
    </p>
   </div>
   <div class='ocr_carea' id='block_1_59' title="bbox 2239 2725 3885 2797">
    <p class='ocr_par' dir='ltr' id='par_1_59' title="bbox 2239 2725 3885 2797">
     <span class='ocr_line' id='line_1_59' title="bbox 2239 2725 3885 2797; baseline 0.001 -16"><span class='ocrx_word' id='word_1_424' title='bbox 2239 2727 2414 2793; x_wconf 89' lang='lat' dir='ltr'><strong>scios,</strong></span> <span class='ocrx_word' id='word_1_425' title='bbox 2445 2731 2502 2781; x_wconf 90' lang='lat' dir='ltr'><strong>et</strong></span> <span class='ocrx_word' id='word_1_426' title='bbox 2532 2727 2752 2797; x_wconf 88' lang='lat' dir='ltr'><strong>peritos</strong></span> <span class='ocrx_word' id='word_1_427' title='bbox 2773 2725 2800 2780; x_wconf 86' lang='lat'><strong>?</strong></span> <span class='ocrx_word' id='word_1_428' title='bbox 2840 2726 3123 2782; x_wconf 66' lang='lat' dir='ltr'><strong>Praeterea</strong></span> <span class='ocrx_word' id='word_1_429' title='bbox 3173 2726 3568 2782; x_wconf 90' lang='lat' dir='ltr'><strong>Tertullianus</strong></span> <span class='ocrx_word' id='word_1_430' title='bbox 3599 2735 3775 2783; x_wconf 81' lang='lat' dir='ltr'><strong>hocce</strong></span> <span class='ocrx_word' id='word_1_431' title='bbox 3823 2727 3885 2782; x_wconf 92' lang='lat' dir='ltr'><strong>in</strong></span> 
     </span>
    </p>
   </div>
   <div class='ocr_carea' id='block_1_60' title="bbox 2238 2814 3885 2887">
    <p class='ocr_par' dir='ltr' id='par_1_60' title="bbox 2238 2814 3885 2887">
     <span class='ocr_line' id='line_1_60' title="bbox 2238 2814 3885 2887; baseline 0.001 -17"><span class='ocrx_word' id='word_1_432' title='bbox 2238 2816 2583 2887; x_wconf 81' lang='lat' dir='ltr'><strong>Apologclico</strong></span> <span class='ocrx_word' id='word_1_433' title='bbox 2615 2814 2795 2870; x_wconf 91' lang='lat' dir='ltr'><strong>libros</strong></span> <span class='ocrx_word' id='word_1_434' title='bbox 2813 2831 2919 2870; x_wconf 89' lang='lat' dir='ltr'><strong>nos</strong></span> <span class='ocrx_word' id='word_1_435' title='bbox 2951 2819 3150 2870; x_wconf 89' lang='lat' dir='ltr'><strong>monet</strong></span> <span class='ocrx_word' id='word_1_436' title='bbox 3180 2815 3333 2870; x_wconf 90' lang='lat' dir='ltr'><strong>idem</strong></span> <span class='ocrx_word' id='word_1_437' title='bbox 3367 2831 3495 2871; x_wconf 89' lang='lat' dir='ltr'><strong>esse</strong></span> <span class='ocrx_word' id='word_1_438' title='bbox 3526 2815 3885 2885; x_wconf 65' lang='lat' dir='ltr'><strong>daemonum,</strong></span> 
     </span>
    </p>
   </div>
   <div class='ocr_carea' id='block_1_61' title="bbox 2238 2903 3890 2976">
    <p class='ocr_par' dir='ltr' id='par_1_61' title="bbox 2238 2903 3890 2976">
     <span class='ocr_line' id='line_1_61' title="bbox 2238 2903 3890 2976; baseline 0.002 -18"><span class='ocrx_word' id='word_1_439' title='bbox 2238 2909 2414 2974; x_wconf 90' lang='lat' dir='ltr'><strong>atque</strong></span> <span class='ocrx_word' id='word_1_440' title='bbox 2443 2903 2748 2975; x_wconf 89' lang='lat' dir='ltr'><strong>geniorum</strong></span> <span class='ocrx_word' id='word_1_441' title='bbox 2783 2919 3027 2958; x_wconf 87' lang='lat' dir='ltr'><strong>nomen:</strong></span> <span class='ocrx_word' id='word_1_442' title='bbox 3061 2926 3089 2954; x_wconf 84' lang='lat'><strong>«</strong></span> <span class='ocrx_word' id='word_1_443' title='bbox 3131 2903 3401 2971; x_wconf 87' lang='lat' dir='ltr'><strong>Nescitis,</strong></span> <span class='ocrx_word' id='word_1_444' title='bbox 3437 2904 3651 2975; x_wconf 82' lang='lat' dir='ltr'><strong>inquit,</strong></span> <span class='ocrx_word' id='word_1_445' title='bbox 3681 2906 3890 2976; x_wconf 86' lang='lat' dir='ltr'><strong>genios</strong></span> 
     </span>
    </p>
   </div>
   <div class='ocr_carea' id='block_1_62' title="bbox 2237 2991 3892 3057">
    <p class='ocr_par' dir='ltr' id='par_1_62' title="bbox 2237 2991 3892 3057">
     <span class='ocr_line' id='line_1_62' title="bbox 2237 2991 3892 3057; baseline 0.001 -11"><span class='ocrx_word' id='word_1_446' title='bbox 2237 2993 2533 3047; x_wconf 84' lang='lat' dir='ltr'><strong>daemonas</strong></span> <span class='ocrx_word' id='word_1_447' title='bbox 2563 2992 2698 3057; x_wconf 89' lang='lat' dir='ltr'><strong>dici,</strong></span> <span class='ocrx_word' id='word_1_448' title='bbox 2758 2996 2816 3047; x_wconf 93' lang='lat' dir='ltr'><strong>et</strong></span> <span class='ocrx_word' id='word_1_449' title='bbox 2873 2992 3008 3046; x_wconf 89' lang='lat' dir='ltr'><strong>inde</strong></span> <span class='ocrx_word' id='word_1_450' title='bbox 3065 2991 3418 3048; x_wconf 88' lang='lat' dir='ltr'><strong>diminutiva</strong></span> <span class='ocrx_word' id='word_1_451' title='bbox 3473 3008 3608 3048; x_wconf 80' lang='lat' dir='ltr'><strong>voce</strong></span> <span class='ocrx_word' id='word_1_452' title='bbox 3664 2994 3892 3048; x_wconf 72' lang='lat' dir='ltr'><strong>deamo-</strong></span> 
     </span>
    </p>
   </div>
   <div class='ocr_carea' id='block_1_63' title="bbox 2237 3079 3886 3154">
    <p class='ocr_par' dir='ltr' id='par_1_63' title="bbox 2237 3079 3886 3154">
     <span class='ocr_line' id='line_1_63' title="bbox 2237 3079 3886 3154; baseline 0.002 -18"><span class='ocrx_word' id='word_1_453' title='bbox 2237 3080 2382 3136; x_wconf 81' lang='lat' dir='ltr'><strong>nia?</strong></span> <span class='ocrx_word' id='word_1_454' title='bbox 2429 3103 2457 3131; x_wconf 88' lang='lat'>»</span> <span class='ocrx_word' id='word_1_455' title='bbox 2508 3081 2572 3135; x_wconf 81' lang='lat' dir='ltr'><strong>Et</strong></span> <span class='ocrx_word' id='word_1_456' title='bbox 2625 3079 2798 3151; x_wconf 90' lang='lat' dir='ltr'><strong>paulo</strong></span> <span class='ocrx_word' id='word_1_457' title='bbox 2848 3086 3024 3152; x_wconf 85' lang='lat' dir='ltr'><strong>post:</strong></span> <span class='ocrx_word' id='word_1_458' title='bbox 3063 3099 3086 3130; x_wconf 80' lang='grc' dir='ltr'>ι</span> <span class='ocrx_word' id='word_1_459' title='bbox 3142 3082 3441 3137; x_wconf 81' lang='lat' dir='ltr'><strong>Daemones</strong></span> <span class='ocrx_word' id='word_1_460' title='bbox 3474 3096 3487 3136; x_wconf 90' lang='lat'><strong>:</strong></span> <span class='ocrx_word' id='word_1_461' title='bbox 3517 3081 3576 3136; x_wconf 94' lang='lat' dir='ltr'><strong>id</strong></span> <span class='ocrx_word' id='word_1_462' title='bbox 3625 3087 3737 3148; x_wconf 90' lang='lat' dir='ltr'><strong>est,</strong></span> <span class='ocrx_word' id='word_1_463' title='bbox 3787 3097 3886 3154; x_wconf 88' lang='lat' dir='ltr'><strong>ge-</strong></span> 
     </span>
    </p>
   </div>
   <div class='ocr_carea' id='block_1_64' title="bbox 2241 3169 3888 3241">
    <p class='ocr_par' dir='ltr' id='par_1_64' title="bbox 2241 3169 3888 3241">
     <span class='ocr_line' id='line_1_64' title="bbox 2241 3169 3888 3241; baseline 0 -17"><span class='ocrx_word' id='word_1_464' title='bbox 2241 3169 2367 3225; x_wconf 91' lang='lat' dir='ltr'><strong>nios</strong></span> <span class='ocrx_word' id='word_1_465' title='bbox 2404 3191 2424 3218; x_wconf 75' lang='grc' dir='ltr'>ι</span> <span class='ocrx_word' id='word_1_466' title='bbox 2460 3169 2722 3240; x_wconf 84' lang='lat' dir='ltr'><strong>(Tertull.</strong></span> <span class='ocrx_word' id='word_1_467' title='bbox 2754 3169 3025 3240; x_wconf 79' lang='lat' dir='ltr'><strong>Apologet.</strong></span> <span class='ocrx_word' id='word_1_468' title='bbox 3060 3185 3189 3240; x_wconf 90' lang='lat' dir='ltr'><strong>cap.</strong></span> <span class='ocrx_word' id='word_1_469' title='bbox 3237 3170 3327 3235; x_wconf 81' lang='grc'>32,</span> <span class='ocrx_word' id='word_1_470' title='bbox 3379 3169 3486 3224; x_wconf 92' lang='lat' dir='ltr'><strong>col.</strong></span> <span class='ocrx_word' id='word_1_471' title='bbox 3540 3171 3687 3241; x_wconf 82' lang='grc'>447).</span> <span class='ocrx_word' id='word_1_472' title='bbox 3729 3169 3888 3226; x_wconf 82' lang='lat' dir='ltr'><strong>Alibi</strong></span> 
     </span>
    </p>
   </div>
   <div class='ocr_carea' id='block_1_65' title="bbox 485 3223 3886 3330">
    <p class='ocr_par' dir='ltr' id='par_1_65' title="bbox 485 3223 3886 3330">
     <span class='ocr_line' id='line_1_65' title="bbox 485 3223 3886 3330; baseline 0 -16"><span class='ocrx_word' id='word_1_473' title='bbox 485 3223 855 3315; x_wconf 46' lang='lat' dir='ltr'><strong>librariorjum</strong></span> <span class='ocrx_word' id='word_1_474' title='bbox 887 3259 1213 3315; x_wconf 89' lang='lat' dir='ltr'><strong>oscitantia.</strong></span> <span class='ocrx_word' id='word_1_475' title='bbox 1247 3223 1642 3316; x_wconf 75' lang='lat' dir='ltr'><strong>Tertullianus</strong></span> <span class='ocrx_word' id='word_1_476' title='bbox 1675 3260 1966 3330; x_wconf 88' lang='lat' dir='ltr'><strong>siquidem</strong></span> <span class='ocrx_word' id='word_1_477' title='bbox 2010 3259 2121 3315; x_wconf 90' lang='lat' dir='ltr'><strong>alio</strong></span> <span class='ocrx_word' id='word_1_478' title='bbox 2157 3223 2199 3290; x_wconf 64' lang='grc' dir='ltr'>α</span> <span class='ocrx_word' id='word_1_479' title='bbox 2238 3275 2370 3314; x_wconf 91' lang='lat' dir='ltr'><strong>vero</strong></span> <span class='ocrx_word' id='word_1_480' title='bbox 2405 3275 2418 3314; x_wconf 89' lang='lat'><strong>:</strong></span> <span class='ocrx_word' id='word_1_481' title='bbox 2456 3223 2483 3308; x_wconf 52' lang='grc' dir='ltr'><strong>ί(</strong></span> <span class='ocrx_word' id='word_1_482' title='bbox 2517 3223 2819 3313; x_wconf 77' lang='lat' dir='ltr'><strong>Omnibusr</strong></span> <span class='ocrx_word' id='word_1_483' title='bbox 2834 3223 2992 3329; x_wconf 69' lang='lat' dir='ltr'><strong>genii</strong></span> <span class='ocrx_word' id='word_1_484' title='bbox 3040 3223 3420 3328; x_wconf 71' lang='lat' dir='ltr'><strong>deputantur,</strong></span> <span class='ocrx_word' id='word_1_485' title='bbox 3468 3259 3624 3329; x_wconf 92' lang='lat' dir='ltr'><strong>quod</strong></span> <span class='ocrx_word' id='word_1_486' title='bbox 3650 3223 3886 3314; x_wconf 43' lang='lat' dir='ltr'><strong>[deamo-</strong></span> 
     </span>
    </p>
   </div>
   <div class='ocr_carea' id='block_1_66' title="bbox 485 3346 2120 3419">
    <p class='ocr_par' dir='ltr' id='par_1_66' title="bbox 485 3346 2120 3419">
     <span class='ocr_line' id='line_1_66' title="bbox 485 3346 2120 3419; baseline 0.001 -17"><span class='ocrx_word' id='word_1_487' title='bbox 485 3348 545 3403; x_wconf 91' lang='lat' dir='ltr'><strong>in</strong></span> <span class='ocrx_word' id='word_1_488' title='bbox 575 3346 724 3402; x_wconf 91' lang='lat' dir='ltr'><strong>libro</strong></span> <span class='ocrx_word' id='word_1_489' title='bbox 754 3347 892 3402; x_wconf 86' lang='lat' dir='ltr'><strong>satis</strong></span> <span class='ocrx_word' id='word_1_490' title='bbox 921 3352 1116 3418; x_wconf 89' lang='lat' dir='ltr'><strong>aperte</strong></span> <span class='ocrx_word' id='word_1_491' title='bbox 1138 3353 1392 3403; x_wconf 90' lang='lat' dir='ltr'><strong>mentem</strong></span> <span class='ocrx_word' id='word_1_492' title='bbox 1411 3349 1660 3419; x_wconf 89' lang='lat' dir='ltr'><strong>explicat</strong></span> <span class='ocrx_word' id='word_1_493' title='bbox 1679 3364 1846 3404; x_wconf 90' lang='lat' dir='ltr'><strong>suam</strong></span> <span class='ocrx_word' id='word_1_494' title='bbox 1872 3365 1886 3404; x_wconf 87' lang='lat'><strong>:</strong></span> <span class='ocrx_word' id='word_1_495' title='bbox 1919 3370 1947 3398; x_wconf 84' lang='lat'><strong>«</strong></span> <span class='ocrx_word' id='word_1_496' title='bbox 1981 3351 2120 3404; x_wconf 90' lang='lat' dir='ltr'><strong>Cum</strong></span> 
     </span>
    </p>
   </div>
   <div class='ocr_carea' id='block_1_67' title="bbox 486 3435 2121 3508">
    <p class='ocr_par' dir='ltr' id='par_1_67' title="bbox 486 3435 2121 3508">
     <span class='ocr_line' id='line_1_67' title="bbox 486 3435 2121 3508; baseline 0.001 -18"><span class='ocrx_word' id='word_1_497' title='bbox 486 3436 792 3504; x_wconf 65' lang='lat' dir='ltr'><strong>damonis,</strong></span> <span class='ocrx_word' id='word_1_498' title='bbox 823 3435 1036 3508; x_wconf 90' lang='lat' dir='ltr'><strong>inquit,</strong></span> <span class='ocrx_word' id='word_1_499' title='bbox 1068 3437 1436 3491; x_wconf 86' lang='lat' dir='ltr'><strong>afﬁrmamus</strong></span> <span class='ocrx_word' id='word_1_500' title='bbox 1463 3453 1613 3507; x_wconf 89' lang='lat' dir='ltr'><strong>esse,</strong></span> <span class='ocrx_word' id='word_1_501' title='bbox 1645 3453 1784 3492; x_wconf 89' lang='lat' dir='ltr'><strong>sane</strong></span> <span class='ocrx_word' id='word_1_502' title='bbox 1815 3437 1981 3508; x_wconf 79' lang='lat' dir='ltr'><strong>quasi</strong></span> <span class='ocrx_word' id='word_1_503' title='bbox 2007 3454 2121 3492; x_wconf 91' lang='lat' dir='ltr'><strong>non</strong></span> 
     </span>
    </p>
   </div>
   <div class='ocr_carea' id='block_1_68' title="bbox 484 3524 2120 3597">
    <p class='ocr_par' dir='ltr' id='par_1_68' title="bbox 484 3524 2120 3597">
     <span class='ocr_line' id='line_1_68' title="bbox 484 3524 2120 3597; baseline 0 -17"><span class='ocrx_word' id='word_1_504' title='bbox 484 3528 542 3580; x_wconf 88' lang='lat' dir='ltr'><strong>et</strong></span> <span class='ocrx_word' id='word_1_505' title='bbox 569 3525 902 3594; x_wconf 85' lang='lat' dir='ltr'><strong>probemus,</strong></span> <span class='ocrx_word' id='word_1_506' title='bbox 937 3524 1035 3595; x_wconf 88' lang='lat' dir='ltr'><strong>qui</strong></span> <span class='ocrx_word' id='word_1_507' title='bbox 1072 3541 1138 3580; x_wconf 86' lang='lat' dir='ltr'><strong>ea</strong></span> <span class='ocrx_word' id='word_1_508' title='bbox 1169 3525 1276 3580; x_wconf 91' lang='lat' dir='ltr'><strong>soli</strong></span> <span class='ocrx_word' id='word_1_509' title='bbox 1310 3526 1382 3581; x_wconf 89' lang='lat' dir='ltr'><strong>de</strong></span> <span class='ocrx_word' id='word_1_510' title='bbox 1428 3525 1768 3597; x_wconf 89' lang='lat' dir='ltr'><strong>corporibus</strong></span> <span class='ocrx_word' id='word_1_511' title='bbox 1815 3525 2120 3595; x_wconf 80' lang='lat' dir='ltr'><strong>exigimus,</strong></span> 
     </span>
    </p>
   </div>
   <div class='ocr_carea' id='block_1_69' title="bbox 487 3611 2124 3684">
    <p class='ocr_par' dir='ltr' id='par_1_69' title="bbox 487 3611 2124 3684">
     <span class='ocr_line' id='line_1_69' title="bbox 487 3611 2124 3684; baseline 0.001 -17"><span class='ocrx_word' id='word_1_512' title='bbox 487 3611 666 3682; x_wconf 90' lang='lat' dir='ltr'><strong>aliqui</strong></span> <span class='ocrx_word' id='word_1_513' title='bbox 702 3611 1011 3684; x_wconf 77' lang='lat' dir='ltr'><strong>Chrysippi</strong></span> <span class='ocrx_word' id='word_1_514' title='bbox 1045 3619 1372 3668; x_wconf 88' lang='lat' dir='ltr'><strong>assentator</strong></span> <span class='ocrx_word' id='word_1_515' title='bbox 1401 3613 1613 3668; x_wconf 87' lang='lat' dir='ltr'><strong>illudit.</strong></span> <span class='ocrx_word' id='word_1_516' title='bbox 1649 3614 1718 3668; x_wconf 91' lang='lat' dir='ltr'><strong>Et</strong></span> <span class='ocrx_word' id='word_1_517' title='bbox 1756 3629 1885 3668; x_wconf 89' lang='lat' dir='ltr'><strong>esse</strong></span> <span class='ocrx_word' id='word_1_518' title='bbox 1914 3620 1970 3666; x_wconf 90' lang='lat' dir='ltr'><strong>et</strong></span> <span class='ocrx_word' id='word_1_519' title='bbox 1991 3614 2124 3668; x_wconf 87' lang='lat' dir='ltr'><strong>abo-</strong></span> 
     </span>
    </p>
   </div>
   <div class='ocr_carea' id='block_1_70' title="bbox 489 3701 2121 3773">
    <p class='ocr_par' dir='ltr' id='par_1_70' title="bbox 489 3701 2121 3773">
     <span class='ocr_line' id='line_1_70' title="bbox 489 3701 2121 3773; baseline 0.001 -17"><span class='ocrx_word' id='word_1_520' title='bbox 489 3701 866 3757; x_wconf 87' lang='lat' dir='ltr'><strong>minationem</strong></span> <span class='ocrx_word' id='word_1_521' title='bbox 915 3703 1206 3759; x_wconf 87' lang='lat' dir='ltr'><strong>sustinere</strong></span> <span class='ocrx_word' id='word_1_522' title='bbox 1266 3703 1678 3760; x_wconf 83' lang='lat' dir='ltr'><strong>exsecrationis</strong></span> <span class='ocrx_word' id='word_1_523' title='bbox 1727 3709 1838 3758; x_wconf 63' lang='lat' dir='ltr'><strong>tua;</strong></span> <span class='ocrx_word' id='word_1_524' title='bbox 1887 3719 2121 3773; x_wconf 81' lang='lat' dir='ltr'><strong>reapon-</strong></span> 
     </span>
    </p>
   </div>
   <div class='ocr_carea' id='block_1_71' title="bbox 487 3790 2120 3860">
    <p class='ocr_par' dir='ltr' id='par_1_71' title="bbox 487 3790 2120 3860">
     <span class='ocr_line' id='line_1_71' title="bbox 487 3790 2120 3860; baseline 0.002 -16"><span class='ocrx_word' id='word_1_525' title='bbox 487 3790 644 3845; x_wconf 89' lang='lat' dir='ltr'><strong>dent.</strong></span> <span class='ocrx_word' id='word_1_526' title='bbox 677 3791 1038 3846; x_wconf 66' lang='lat' dir='ltr'><strong>Dasmonium</strong></span> <span class='ocrx_word' id='word_1_527' title='bbox 1068 3809 1239 3848; x_wconf 91' lang='lat' dir='ltr'><strong>vocas</strong></span> <span class='ocrx_word' id='word_1_528' title='bbox 1272 3792 1567 3848; x_wconf 91' lang='lat' dir='ltr'><strong>hominem</strong></span> <span class='ocrx_word' id='word_1_529' title='bbox 1597 3797 1698 3848; x_wconf 90' lang='lat' dir='ltr'><strong>aut</strong></span> <span class='ocrx_word' id='word_1_530' title='bbox 1726 3791 2120 3860; x_wconf 90' lang='lat' dir='ltr'><strong>immunditia,</strong></span> 
     </span>
    </p>
   </div>
   <div class='ocr_carea' id='block_1_72' title="bbox 485 3879 2119 3952">
    <p class='ocr_par' dir='ltr' id='par_1_72' title="bbox 485 3879 2119 3952">
     <span class='ocr_line' id='line_1_72' title="bbox 485 3879 2119 3952; baseline 0.001 -18"><span class='ocrx_word' id='word_1_531' title='bbox 485 3884 590 3934; x_wconf 89' lang='lat' dir='ltr'><strong>aut</strong></span> <span class='ocrx_word' id='word_1_532' title='bbox 623 3879 866 3947; x_wconf 90' lang='lat' dir='ltr'><strong>malitia,</strong></span> <span class='ocrx_word' id='word_1_533' title='bbox 899 3887 1002 3936; x_wconf 91' lang='lat' dir='ltr'><strong>aut</strong></span> <span class='ocrx_word' id='word_1_534' title='bbox 1049 3880 1383 3950; x_wconf 88' lang='lat' dir='ltr'><strong>insolentia,</strong></span> <span class='ocrx_word' id='word_1_535' title='bbox 1433 3885 1534 3936; x_wconf 88' lang='lat' dir='ltr'><strong>aut</strong></span> <span class='ocrx_word' id='word_1_536' title='bbox 1581 3897 1949 3952; x_wconf 90' lang='lat' dir='ltr'><strong>quacumque</strong></span> <span class='ocrx_word' id='word_1_537' title='bbox 1997 3897 2119 3936; x_wconf 85' lang='lat' dir='ltr'><strong>ma-</strong></span> 
     </span>
    </p>
   </div>
   <div class='ocr_carea' id='block_1_73' title="bbox 485 3967 2121 4042">
    <p class='ocr_par' dir='ltr' id='par_1_73' title="bbox 485 3967 2121 4042">
     <span class='ocr_line' id='line_1_73' title="bbox 485 3967 2121 4042; baseline 0.001 -19"><span class='ocrx_word' id='word_1_538' title='bbox 485 3967 640 4037; x_wconf 89' lang='lat' dir='ltr'><strong>cula,</strong></span> <span class='ocrx_word' id='word_1_539' title='bbox 683 3985 860 4040; x_wconf 92' lang='lat' dir='ltr'><strong>quam</strong></span> <span class='ocrx_word' id='word_1_540' title='bbox 923 3987 1029 4025; x_wconf 91' lang='lat' dir='ltr'><strong>nos</strong></span> <span class='ocrx_word' id='word_1_541' title='bbox 1091 3970 1398 4026; x_wconf 62' lang='lat' dir='ltr'><strong>daemoniis</strong></span> <span class='ocrx_word' id='word_1_542' title='bbox 1463 3971 1834 4042; x_wconf 90' lang='lat' dir='ltr'><strong>deputamus,</strong></span> <span class='ocrx_word' id='word_1_543' title='bbox 1883 3974 1985 4025; x_wconf 88' lang='lat' dir='ltr'><strong>aut</strong></span> <span class='ocrx_word' id='word_1_544' title='bbox 2049 3970 2121 4024; x_wconf 89' lang='lat' dir='ltr'><strong>ad</strong></span> 
     </span>
    </p>
   </div>
   <div class='ocr_carea' id='block_1_74' title="bbox 485 4057 2120 4130">
    <p class='ocr_par' dir='ltr' id='par_1_74' title="bbox 485 4057 2120 4130">
     <span class='ocr_line' id='line_1_74' title="bbox 485 4057 2120 4130; baseline 0.001 -19"><span class='ocrx_word' id='word_1_545' title='bbox 485 4057 895 4112; x_wconf 89' lang='lat' dir='ltr'><strong>necessitatem</strong></span> <span class='ocrx_word' id='word_1_546' title='bbox 951 4058 1064 4113; x_wconf 92' lang='lat' dir='ltr'><strong>odii</strong></span> <span class='ocrx_word' id='word_1_547' title='bbox 1128 4058 1553 4130; x_wconf 90' lang='lat' dir='ltr'><strong>importunum.</strong></span> <span class='ocrx_word' id='word_1_548' title='bbox 1619 4058 1894 4114; x_wconf 89' lang='lat' dir='ltr'><strong>Satanam</strong></span> <span class='ocrx_word' id='word_1_549' title='bbox 1954 4058 2120 4113; x_wconf 84' lang='lat' dir='ltr'><strong>deni-</strong></span> 
     </span>
    </p>
   </div>
   <div class='ocr_carea' id='block_1_75' title="bbox 486 4146 2124 4218">
    <p class='ocr_par' dir='ltr' id='par_1_75' title="bbox 486 4146 2124 4218">
     <span class='ocr_line' id='line_1_75' title="bbox 486 4146 2124 4218; baseline 0.002 -19"><span class='ocrx_word' id='word_1_550' title='bbox 486 4161 599 4217; x_wconf 90' lang='lat' dir='ltr'><strong>que</strong></span> <span class='ocrx_word' id='word_1_551' title='bbox 630 4146 686 4200; x_wconf 93' lang='lat' dir='ltr'><strong>in</strong></span> <span class='ocrx_word' id='word_1_552' title='bbox 720 4148 881 4202; x_wconf 92' lang='lat' dir='ltr'><strong>omni</strong></span> <span class='ocrx_word' id='word_1_553' title='bbox 925 4149 1312 4212; x_wconf 85' lang='lat' dir='ltr'><strong>aversatione,</strong></span> <span class='ocrx_word' id='word_1_554' title='bbox 1365 4153 1423 4203; x_wconf 88' lang='lat' dir='ltr'><strong>et</strong></span> <span class='ocrx_word' id='word_1_555' title='bbox 1452 4146 1882 4218; x_wconf 80' lang='lat' dir='ltr'><strong>aspernatione,</strong></span> <span class='ocrx_word' id='word_1_556' title='bbox 1929 4151 1986 4203; x_wconf 91' lang='lat' dir='ltr'><strong>et</strong></span> <span class='ocrx_word' id='word_1_557' title='bbox 2028 4147 2124 4202; x_wconf 91' lang='lat' dir='ltr'><strong>de-</strong></span> 
     </span>
    </p>
   </div>
   <div class='ocr_carea' id='block_1_76' title="bbox 485 4234 2121 4308">
    <p class='ocr_par' dir='ltr' id='par_1_76' title="bbox 485 4234 2121 4308">
     <span class='ocr_line' id='line_1_76' title="bbox 485 4234 2121 4308; baseline 0.001 -19"><span class='ocrx_word' id='word_1_558' title='bbox 485 4234 799 4291; x_wconf 86' lang='lat' dir='ltr'><strong>testatione</strong></span> <span class='ocrx_word' id='word_1_559' title='bbox 848 4237 1219 4308; x_wconf 90' lang='lat' dir='ltr'><strong>pronuntias,</strong></span> <span class='ocrx_word' id='word_1_560' title='bbox 1259 4251 1433 4306; x_wconf 90' lang='lat' dir='ltr'><strong>quem</strong></span> <span class='ocrx_word' id='word_1_561' title='bbox 1503 4253 1609 4291; x_wconf 89' lang='lat' dir='ltr'><strong>nos</strong></span> <span class='ocrx_word' id='word_1_562' title='bbox 1653 4236 1905 4291; x_wconf 87' lang='lat' dir='ltr'><strong>dicimus</strong></span> <span class='ocrx_word' id='word_1_563' title='bbox 1954 4236 2121 4292; x_wconf 86' lang='lat' dir='ltr'><strong>mali-</strong></span> 
     </span>
    </p>
   </div>
   <div class='ocr_carea' id='block_1_77' title="bbox 488 4322 2123 4395">
    <p class='ocr_par' dir='ltr' id='par_1_77' title="bbox 488 4322 2123 4395">
     <span class='ocr_line' id='line_1_77' title="bbox 488 4322 2123 4395; baseline 0.002 -18"><span class='ocrx_word' id='word_1_564' title='bbox 488 4322 582 4378; x_wconf 67' lang='lat' dir='ltr'><strong>tia:</strong></span> <span class='ocrx_word' id='word_1_565' title='bbox 614 4323 908 4395; x_wconf 86' lang='lat' dir='ltr'><strong>angelum,</strong></span> <span class='ocrx_word' id='word_1_566' title='bbox 951 4325 1133 4381; x_wconf 84' lang='lat' dir='ltr'><strong>totius</strong></span> <span class='ocrx_word' id='word_1_567' title='bbox 1184 4325 1397 4379; x_wconf 87' lang='lat' dir='ltr'><strong>erroris</strong></span> <span class='ocrx_word' id='word_1_568' title='bbox 1435 4324 1739 4394; x_wconf 89' lang='lat' dir='ltr'><strong>artiﬁcem,</strong></span> <span class='ocrx_word' id='word_1_569' title='bbox 1789 4324 1973 4380; x_wconf 89' lang='lat' dir='ltr'><strong>totius</strong></span> <span class='ocrx_word' id='word_1_570' title='bbox 2015 4343 2123 4380; x_wconf 63' lang='lat' dir='ltr'><strong>saa-</strong></span> 
     </span>
    </p>
   </div>
   <div class='ocr_carea' id='block_1_78' title="bbox 492 4411 2122 4484">
    <p class='ocr_par' dir='ltr' id='par_1_78' title="bbox 492 4411 2122 4484">
     <span class='ocr_line' id='line_1_78' title="bbox 492 4411 2122 4484; baseline 0.002 -17"><span class='ocrx_word' id='word_1_571' title='bbox 492 4411 608 4468; x_wconf 91' lang='lat' dir='ltr'><strong>culi</strong></span> <span class='ocrx_word' id='word_1_572' title='bbox 657 4412 1134 4484; x_wconf 87' lang='lat' dir='ltr'><strong>interpolatorem</strong></span> <span class='ocrx_word' id='word_1_573' title='bbox 1187 4436 1215 4462; x_wconf 84' lang='lat'><strong><em>»</em></strong></span> <span class='ocrx_word' id='word_1_574' title='bbox 1275 4414 1473 4484; x_wconf 84' lang='lat' dir='ltr'><strong>(idem,</strong></span> <span class='ocrx_word' id='word_1_575' title='bbox 1537 4413 1600 4470; x_wconf 80' lang='lat' dir='ltr'><strong>de</strong></span> <span class='ocrx_word' id='word_1_576' title='bbox 1668 4416 1881 4470; x_wconf 82' lang='lat' dir='ltr'><strong>Testim.</strong></span> <span class='ocrx_word' id='word_1_577' title='bbox 1947 4417 2122 4471; x_wconf 78' lang='lat' dir='ltr'><strong>anim.</strong></span> 
     </span>
    </p>
   </div>
   <div class='ocr_carea' id='block_1_79' title="bbox 488 4502 728 4574">
    <p class='ocr_par' dir='ltr' id='par_1_79' title="bbox 488 4502 728 4574">
     <span class='ocr_line' id='line_1_79' title="bbox 488 4502 728 4574; baseline 0 -17"><span class='ocrx_word' id='word_1_578' title='bbox 488 4517 614 4574; x_wconf 88' lang='lat' dir='ltr'><strong>cap.</strong></span> <span class='ocrx_word' id='word_1_579' title='bbox 648 4502 728 4574; x_wconf 90' lang='lat'><strong>3).</strong></span> 
     </span>
    </p>
   </div>
   <div class='ocr_carea' id='block_1_80' title="bbox 2235 3347 3878 3419">
    <p class='ocr_par' dir='ltr' id='par_1_80' title="bbox 2235 3347 3878 3419">
     <span class='ocr_line' id='line_1_80' title="bbox 2235 3347 3878 3419; baseline 0.001 -17"><span class='ocrx_word' id='word_1_580' title='bbox 2235 3365 2377 3403; x_wconf 90' lang='lat' dir='ltr'><strong>num</strong></span> <span class='ocrx_word' id='word_1_581' title='bbox 2408 3353 2498 3402; x_wconf 89' lang='lat' dir='ltr'><strong>est</strong></span> <span class='ocrx_word' id='word_1_582' title='bbox 2538 3363 2746 3402; x_wconf 89' lang='lat' dir='ltr'><strong>nomen</strong></span> <span class='ocrx_word' id='word_1_583' title='bbox 2801 3369 2830 3396; x_wconf 87' lang='lat'>»</span> <span class='ocrx_word' id='word_1_584' title='bbox 2882 3347 3084 3418; x_wconf 87' lang='lat' dir='ltr'><strong>(Idem,</strong></span> <span class='ocrx_word' id='word_1_585' title='bbox 3132 3347 3196 3402; x_wconf 75' lang='lat' dir='ltr'><strong>de</strong></span> <span class='ocrx_word' id='word_1_586' title='bbox 3225 3348 3407 3402; x_wconf 81' lang='lat' dir='ltr'><strong>Anim.</strong></span> <span class='ocrx_word' id='word_1_587' title='bbox 3458 3364 3586 3419; x_wconf 89' lang='lat' dir='ltr'><strong>cap.</strong></span> <span class='ocrx_word' id='word_1_588' title='bbox 3628 3348 3717 3416; x_wconf 88' lang='lat'><strong>39,</strong></span> <span class='ocrx_word' id='word_1_589' title='bbox 3767 3348 3878 3404; x_wconf 93' lang='lat' dir='ltr'><strong>col.</strong></span> 
     </span>
    </p>
   </div>
   <div class='ocr_carea' id='block_1_81' title="bbox 2230 3433 3880 3508">
    <p class='ocr_par' dir='ltr' id='par_1_81' title="bbox 2230 3433 3880 3508">
     <span class='ocr_line' id='line_1_81' title="bbox 2230 3433 3880 3508; baseline 0.001 -18"><span class='ocrx_word' id='word_1_590' title='bbox 2230 3435 2378 3508; x_wconf 87' lang='lat'><strong>351).</strong></span> <span class='ocrx_word' id='word_1_591' title='bbox 2416 3435 2563 3500; x_wconf 90' lang='lat' dir='ltr'><strong>Quid</strong></span> <span class='ocrx_word' id='word_1_592' title='bbox 2598 3435 2778 3507; x_wconf 91' lang='lat' dir='ltr'><strong>igitur</strong></span> <span class='ocrx_word' id='word_1_593' title='bbox 2804 3435 2862 3489; x_wconf 92' lang='lat' dir='ltr'><strong>in</strong></span> <span class='ocrx_word' id='word_1_594' title='bbox 2893 3451 2959 3489; x_wconf 85' lang='lat' dir='ltr'><strong>eo</strong></span> <span class='ocrx_word' id='word_1_595' title='bbox 2991 3433 3226 3490; x_wconf 91' lang='lat' dir='ltr'><strong>nomine</strong></span> <span class='ocrx_word' id='word_1_596' title='bbox 3271 3440 3390 3491; x_wconf 90' lang='lat' dir='ltr'><strong>tam</strong></span> <span class='ocrx_word' id='word_1_597' title='bbox 3437 3435 3674 3505; x_wconf 89' lang='lat' dir='ltr'><strong>malum,</strong></span> <span class='ocrx_word' id='word_1_598' title='bbox 3724 3441 3880 3492; x_wconf 88' lang='lat' dir='ltr'><strong>tam-</strong></span> 
     </span>
    </p>
   </div>
   <div class='ocr_carea' id='block_1_82' title="bbox 2233 3522 3874 3597">
    <p class='ocr_par' dir='ltr' id='par_1_82' title="bbox 2233 3522 3874 3597">
     <span class='ocr_line' id='line_1_82' title="bbox 2233 3522 3874 3597; baseline 0.001 -18"><span class='ocrx_word' id='word_1_599' title='bbox 2233 3540 2346 3596; x_wconf 91' lang='lat' dir='ltr'><strong>que</strong></span> <span class='ocrx_word' id='word_1_600' title='bbox 2385 3523 2634 3596; x_wconf 89' lang='lat' dir='ltr'><strong>singulis</strong></span> <span class='ocrx_word' id='word_1_601' title='bbox 2681 3523 2956 3579; x_wconf 91' lang='lat' dir='ltr'><strong>cmnibus</strong></span> <span class='ocrx_word' id='word_1_602' title='bbox 3001 3522 3398 3580; x_wconf 82' lang='lat' dir='ltr'><strong>detestabile?</strong></span> <span class='ocrx_word' id='word_1_603' title='bbox 3428 3525 3579 3581; x_wconf 89' lang='lat' dir='ltr'><strong>Bene</strong></span> <span class='ocrx_word' id='word_1_604' title='bbox 3613 3526 3874 3597; x_wconf 89' lang='lat' dir='ltr'><strong>quidem,</strong></span> 
     </span>
    </p>
   </div>
   <div class='ocr_carea' id='block_1_83' title="bbox 2233 3612 3867 3685">
    <p class='ocr_par' dir='ltr' id='par_1_83' title="bbox 2233 3612 3867 3685">
     <span class='ocr_line' id='line_1_83' title="bbox 2233 3612 3867 3685; baseline 0.001 -17"><span class='ocrx_word' id='word_1_605' title='bbox 2233 3613 2280 3668; x_wconf 94' lang='lat' dir='ltr'><strong>si</strong></span> <span class='ocrx_word' id='word_1_606' title='bbox 2326 3630 2434 3668; x_wconf 88' lang='lat' dir='ltr'><strong>sua</strong></span> <span class='ocrx_word' id='word_1_607' title='bbox 2499 3612 2760 3683; x_wconf 88' lang='lat' dir='ltr'><strong>scientia,</strong></span> <span class='ocrx_word' id='word_1_608' title='bbox 2823 3613 3029 3685; x_wconf 88' lang='lat' dir='ltr'><strong>peritia</strong></span> <span class='ocrx_word' id='word_1_609' title='bbox 3082 3613 3419 3685; x_wconf 85' lang='lat' dir='ltr'><strong>ingeniique</strong></span> <span class='ocrx_word' id='word_1_610' title='bbox 3473 3615 3696 3670; x_wconf 89' lang='lat' dir='ltr'><strong>viribus</strong></span> <span class='ocrx_word' id='word_1_611' title='bbox 3752 3632 3867 3671; x_wconf 90' lang='lat' dir='ltr'><strong>non</strong></span> 
     </span>
    </p>
   </div>
   <div class='ocr_carea' id='block_1_84' title="bbox 2232 3700 3870 3773">
    <p class='ocr_par' dir='ltr' id='par_1_84' title="bbox 2232 3700 3870 3773">
     <span class='ocr_line' id='line_1_84' title="bbox 2232 3700 3870 3773; baseline 0.002 -17"><span class='ocrx_word' id='word_1_612' title='bbox 2232 3700 2391 3767; x_wconf 90' lang='lat' dir='ltr'><strong>male</strong></span> <span class='ocrx_word' id='word_1_613' title='bbox 2417 3705 2737 3757; x_wconf 89' lang='lat' dir='ltr'><strong>uterentur.</strong></span> <span class='ocrx_word' id='word_1_614' title='bbox 2779 3701 2889 3758; x_wconf 90' lang='lat' dir='ltr'><strong>Sed</strong></span> <span class='ocrx_word' id='word_1_615' title='bbox 2918 3701 3054 3773; x_wconf 90' lang='lat' dir='ltr'><strong>quia</strong></span> <span class='ocrx_word' id='word_1_616' title='bbox 3100 3700 3172 3756; x_wconf 91' lang='lat' dir='ltr'><strong>iis</strong></span> <span class='ocrx_word' id='word_1_617' title='bbox 3204 3701 3275 3756; x_wconf 90' lang='lat' dir='ltr'><strong>ad</strong></span> <span class='ocrx_word' id='word_1_618' title='bbox 3324 3703 3616 3759; x_wconf 83' lang='lat' dir='ltr'><strong>vexandos</strong></span> <span class='ocrx_word' id='word_1_619' title='bbox 3666 3702 3870 3759; x_wconf 79' lang='lat' dir='ltr'><strong>fallen-</strong></span> 
     </span>
    </p>
   </div>
   <div class='ocr_carea' id='block_1_85' title="bbox 2231 3790 3870 3864">
    <p class='ocr_par' dir='ltr' id='par_1_85' title="bbox 2231 3790 3870 3864">
     <span class='ocr_line' id='line_1_85' title="bbox 2231 3790 3870 3864; baseline 0.002 -19"><span class='ocrx_word' id='word_1_620' title='bbox 2231 3791 2452 3861; x_wconf 90' lang='lat' dir='ltr'><strong>dosque</strong></span> <span class='ocrx_word' id='word_1_621' title='bbox 2482 3790 2771 3858; x_wconf 87' lang='lat' dir='ltr'><strong>homines,</strong></span> <span class='ocrx_word' id='word_1_622' title='bbox 2807 3795 2872 3846; x_wconf 92' lang='lat' dir='ltr'><strong>ut</strong></span> <span class='ocrx_word' id='word_1_623' title='bbox 2902 3794 3103 3862; x_wconf 90' lang='lat' dir='ltr'><strong>postea</strong></span> <span class='ocrx_word' id='word_1_624' title='bbox 3128 3790 3479 3859; x_wconf 87' lang='lat' dir='ltr'><strong>videbimus,</strong></span> <span class='ocrx_word' id='word_1_625' title='bbox 3528 3791 3697 3864; x_wconf 91' lang='lat' dir='ltr'><strong>plane</strong></span> <span class='ocrx_word' id='word_1_626' title='bbox 3722 3795 3870 3848; x_wconf 85' lang='lat' dir='ltr'><strong>abu-</strong></span> 
     </span>
    </p>
   </div>
   <div class='ocr_carea' id='block_1_86' title="bbox 2229 3879 3872 3951">
    <p class='ocr_par' dir='ltr' id='par_1_86' title="bbox 2229 3879 3872 3951">
     <span class='ocr_line' id='line_1_86' title="bbox 2229 3879 3872 3951; baseline 0.002 -18"><span class='ocrx_word' id='word_1_627' title='bbox 2229 3883 2458 3944; x_wconf 92' lang='lat' dir='ltr'><strong>tuntur,</strong></span> <span class='ocrx_word' id='word_1_628' title='bbox 2494 3896 2608 3934; x_wconf 92' lang='lat' dir='ltr'><strong>non</strong></span> <span class='ocrx_word' id='word_1_629' title='bbox 2641 3879 2854 3935; x_wconf 91' lang='lat' dir='ltr'><strong>mirum</strong></span> <span class='ocrx_word' id='word_1_630' title='bbox 2885 3879 3138 3951; x_wconf 85' lang='lat' dir='ltr'><strong>profecto</strong></span> <span class='ocrx_word' id='word_1_631' title='bbox 3171 3879 3220 3934; x_wconf 90' lang='lat' dir='ltr'><strong>si</strong></span> <span class='ocrx_word' id='word_1_632' title='bbox 3250 3881 3444 3935; x_wconf 89' lang='lat' dir='ltr'><strong>cuncti</strong></span> <span class='ocrx_word' id='word_1_633' title='bbox 3479 3879 3588 3937; x_wconf 91' lang='lat' dir='ltr'><strong>hoc</strong></span> <span class='ocrx_word' id='word_1_634' title='bbox 3619 3883 3872 3937; x_wconf 87' lang='lat' dir='ltr'><strong>detesta-</strong></span> 
     </span>
    </p>
   </div>
   <div class='ocr_carea' id='block_1_87' title="bbox 2230 3967 3872 4041">
    <p class='ocr_par' dir='ltr' id='par_1_87' title="bbox 2230 3967 3872 4041">
     <span class='ocr_line' id='line_1_87' title="bbox 2230 3967 3872 4041; baseline 0.002 -18"><span class='ocrx_word' id='word_1_635' title='bbox 2230 3972 2432 4024; x_wconf 90' lang='lat' dir='ltr'><strong>rentur</strong></span> <span class='ocrx_word' id='word_1_636' title='bbox 2461 3985 2697 4037; x_wconf 84' lang='lat' dir='ltr'><strong>nomen,</strong></span> <span class='ocrx_word' id='word_1_637' title='bbox 2727 3967 2991 4041; x_wconf 89' lang='lat' dir='ltr'><strong>illudque</strong></span> <span class='ocrx_word' id='word_1_638' title='bbox 3021 3969 3146 4024; x_wconf 90' lang='lat' dir='ltr'><strong>suis</strong></span> <span class='ocrx_word' id='word_1_639' title='bbox 3178 3967 3324 4025; x_wconf 87' lang='lat' dir='ltr'><strong>alios</strong></span> <span class='ocrx_word' id='word_1_640' title='bbox 3357 3968 3682 4026; x_wconf 91' lang='lat' dir='ltr'><strong>maledictis</strong></span> <span class='ocrx_word' id='word_1_641' title='bbox 3711 3971 3872 4027; x_wconf 87' lang='lat' dir='ltr'><strong>adhi-</strong></span> 
     </span>
    </p>
   </div>
   <div class='ocr_carea' id='block_1_88' title="bbox 2230 4057 2453 4113">
    <p class='ocr_par' dir='ltr' id='par_1_88' title="bbox 2230 4057 2453 4113">
     <span class='ocr_line' id='line_1_88' title="bbox 2230 4057 2453 4113; baseline 0 0"><span class='ocrx_word' id='word_1_642' title='bbox 2230 4057 2453 4113; x_wconf 86' lang='lat' dir='ltr'><strong>herent.</strong></span> 
     </span>
    </p>
   </div>
   <div class='ocr_carea' id='block_1_89' title="bbox 2303 4147 3872 4220">
    <p class='ocr_par' dir='ltr' id='par_1_89' title="bbox 2303 4147 3872 4220">
     <span class='ocr_line' id='line_1_89' title="bbox 2303 4147 3872 4220; baseline 0.001 -18"><span class='ocrx_word' id='word_1_643' title='bbox 2303 4147 2580 4210; x_wconf 82' lang='lat' dir='ltr'><strong>Quamvis</strong></span> <span class='ocrx_word' id='word_1_644' title='bbox 2631 4151 2824 4203; x_wconf 90' lang='lat' dir='ltr'><strong>autem</strong></span> <span class='ocrx_word' id='word_1_645' title='bbox 2875 4151 3092 4202; x_wconf 89' lang='lat' dir='ltr'><strong>Auctor</strong></span> <span class='ocrx_word' id='word_1_646' title='bbox 3139 4152 3339 4206; x_wconf 82' lang='lat' dir='ltr'><strong>noster</strong></span> <span class='ocrx_word' id='word_1_647' title='bbox 3385 4163 3572 4220; x_wconf 90' lang='lat' dir='ltr'><strong>pauca</strong></span> <span class='ocrx_word' id='word_1_648' title='bbox 3600 4147 3872 4204; x_wconf 90' lang='lat' dir='ltr'><strong>debonis</strong></span> 
     </span>
    </p>
   </div>
   <div class='ocr_carea' id='block_1_90' title="bbox 2232 4237 3871 4313">
    <p class='ocr_par' dir='ltr' id='par_1_90' title="bbox 2232 4237 3871 4313">
     <span class='ocr_line' id='line_1_90' title="bbox 2232 4237 3871 4313; baseline 0.002 -21"><span class='ocrx_word' id='word_1_649' title='bbox 2232 4237 2453 4310; x_wconf 86' lang='lat' dir='ltr'><strong>angelis</strong></span> <span class='ocrx_word' id='word_1_650' title='bbox 2489 4239 2542 4294; x_wconf 93' lang='lat' dir='ltr'><strong>in</strong></span> <span class='ocrx_word' id='word_1_651' title='bbox 2575 4240 2919 4313; x_wconf 77' lang='lat' dir='ltr'><strong>Apologetico</strong></span> <span class='ocrx_word' id='word_1_652' title='bbox 2949 4239 3277 4311; x_wconf 78' lang='lat' dir='ltr'><strong>tradiderit,</strong></span> <span class='ocrx_word' id='word_1_653' title='bbox 3321 4239 3454 4295; x_wconf 92' lang='lat' dir='ltr'><strong>illos</strong></span> <span class='ocrx_word' id='word_1_654' title='bbox 3485 4239 3871 4295; x_wconf 89' lang='lat' dir='ltr'><strong>nihilominus</strong></span> 
     </span>
    </p>
   </div>
   <div class='ocr_carea' id='block_1_91' title="bbox 2233 4327 3869 4396">
    <p class='ocr_par' dir='ltr' id='par_1_91' title="bbox 2233 4327 3869 4396">
     <span class='ocr_line' id='line_1_91' title="bbox 2233 4327 3869 4396; baseline 0.001 -15"><span class='ocrx_word' id='word_1_655' title='bbox 2233 4344 2266 4381; x_wconf 89' lang='lat' dir='ltr'><strong>a</strong></span> <span class='ocrx_word' id='word_1_656' title='bbox 2296 4327 2487 4396; x_wconf 90' lang='lat' dir='ltr'><strong>malis,</strong></span> <span class='ocrx_word' id='word_1_657' title='bbox 2538 4333 2594 4383; x_wconf 92' lang='lat' dir='ltr'><strong>et</strong></span> <span class='ocrx_word' id='word_1_658' title='bbox 2643 4329 2748 4384; x_wconf 89' lang='lat' dir='ltr'><strong>hos</strong></span> <span class='ocrx_word' id='word_1_659' title='bbox 2800 4346 2833 4384; x_wconf 89' lang='lat' dir='ltr'><strong>a</strong></span> <span class='ocrx_word' id='word_1_660' title='bbox 2889 4329 3254 4385; x_wconf 62' lang='lat' dir='ltr'><strong>daemonibus</strong></span> <span class='ocrx_word' id='word_1_661' title='bbox 3299 4329 3455 4384; x_wconf 88' lang='lat' dir='ltr'><strong>haud</strong></span> <span class='ocrx_word' id='word_1_662' title='bbox 3507 4328 3753 4385; x_wconf 85' lang='lat' dir='ltr'><strong>obscure</strong></span> <span class='ocrx_word' id='word_1_663' title='bbox 3782 4328 3869 4384; x_wconf 89' lang='lat' dir='ltr'><strong>di-</strong></span> 
     </span>
    </p>
   </div>
   <div class='ocr_carea' id='block_1_92' title="bbox 2234 4415 3869 4490">
    <p class='ocr_par' dir='ltr' id='par_1_92' title="bbox 2234 4415 3869 4490">
     <span class='ocr_line' id='line_1_92' title="bbox 2234 4415 3869 4490; baseline 0.001 -18"><span class='ocrx_word' id='word_1_664' title='bbox 2234 4415 2502 4489; x_wconf 88' lang='lat' dir='ltr'><strong>stinguit.</strong></span> <span class='ocrx_word' id='word_1_665' title='bbox 2533 4417 2613 4473; x_wconf 90' lang='lat' dir='ltr'><strong>De</strong></span> <span class='ocrx_word' id='word_1_666' title='bbox 2664 4417 2781 4473; x_wconf 91' lang='lat' dir='ltr'><strong>illis</strong></span> <span class='ocrx_word' id='word_1_667' title='bbox 2813 4417 3110 4473; x_wconf 90' lang='lat' dir='ltr'><strong>enimvero</strong></span> <span class='ocrx_word' id='word_1_668' title='bbox 3164 4418 3274 4475; x_wconf 90' lang='lat' dir='ltr'><strong>hoc</strong></span> <span class='ocrx_word' id='word_1_669' title='bbox 3318 4419 3578 4490; x_wconf 90' lang='lat' dir='ltr'><strong>quidem,</strong></span> <span class='ocrx_word' id='word_1_670' title='bbox 3609 4419 3710 4475; x_wconf 90' lang='lat' dir='ltr'><strong>sed</strong></span> <span class='ocrx_word' id='word_1_671' title='bbox 3743 4417 3869 4474; x_wconf 88' lang='lat' dir='ltr'><strong>bre-</strong></span> 
     </span>
    </p>
   </div>
   <div class='ocr_carea' id='block_1_93' title="bbox 2234 4505 3870 4580">
    <p class='ocr_par' dir='ltr' id='par_1_93' title="bbox 2234 4505 3870 4580">
     <span class='ocr_line' id='line_1_93' title="bbox 2234 4505 3870 4580; baseline 0.001 -20"><span class='ocrx_word' id='word_1_672' title='bbox 2234 4505 2471 4562; x_wconf 89' lang='lat' dir='ltr'><strong>vissime</strong></span> <span class='ocrx_word' id='word_1_673' title='bbox 2505 4522 2572 4560; x_wconf 87' lang='lat'><strong>:«</strong></span> <span class='ocrx_word' id='word_1_674' title='bbox 2604 4506 2926 4573; x_wconf 90' lang='lat' dir='ltr'><strong>Quomodo,</strong></span> <span class='ocrx_word' id='word_1_675' title='bbox 2984 4507 3195 4578; x_wconf 73' lang='lat' dir='ltr'><strong>inquit,</strong></span> <span class='ocrx_word' id='word_1_676' title='bbox 3229 4508 3300 4564; x_wconf 89' lang='lat' dir='ltr'><strong>de</strong></span> <span class='ocrx_word' id='word_1_677' title='bbox 3349 4507 3574 4580; x_wconf 87' lang='lat' dir='ltr'><strong>angelis</strong></span> <span class='ocrx_word' id='word_1_678' title='bbox 3627 4507 3870 4578; x_wconf 88' lang='lat' dir='ltr'><strong>quibus-</strong></span> 
     </span>
    </p>
   </div>
   <div class='ocr_carea' id='block_1_94' title="bbox 559 4594 2127 4682">
    <p class='ocr_par' dir='ltr' id='par_1_94' title="bbox 559 4608 2124 4682">
     <span class='ocr_line' id='line_1_94' title="bbox 559 4608 2124 4682; baseline 0.004 -20"><span class='ocrx_word' id='word_1_679' title='bbox 559 4612 680 4664; x_wconf 86' lang='lat' dir='ltr'><strong>Mos</strong></span> <span class='ocrx_word' id='word_1_680' title='bbox 710 4609 884 4680; x_wconf 80' lang='lat' dir='ltr'><strong>igitur</strong></span> <span class='ocrx_word' id='word_1_681' title='bbox 906 4608 1269 4665; x_wconf 89' lang='lat' dir='ltr'><strong>ethnicorum</strong></span> <span class='ocrx_word' id='word_1_682' title='bbox 1303 4613 1515 4682; x_wconf 89' lang='lat' dir='ltr'><strong>erat,ut</strong></span> <span class='ocrx_word' id='word_1_683' title='bbox 1541 4610 1674 4666; x_wconf 90' lang='lat' dir='ltr'><strong>aliis</strong></span> <span class='ocrx_word' id='word_1_684' title='bbox 1706 4611 2124 4682; x_wconf 86' lang='lat' dir='ltr'><strong>maledicendo,</strong></span> 
     </span>
    </p>
   </div>
   <div class='ocr_carea' id='block_1_95' title="bbox 2242 4594 3868 4682">
    <p class='ocr_par' dir='ltr' id='par_1_95' title="bbox 2242 4594 3868 4669">
     <span class='ocr_line' id='line_1_95' title="bbox 2242 4594 3868 4669; baseline 0.001 -20"><span class='ocrx_word' id='word_1_685' title='bbox 2242 4594 2394 4664; x_wconf 88' lang='lat' dir='ltr'><strong>dam,</strong></span> <span class='ocrx_word' id='word_1_686' title='bbox 2436 4613 2544 4652; x_wconf 88' lang='lat' dir='ltr'><strong>sua</strong></span> <span class='ocrx_word' id='word_1_687' title='bbox 2591 4600 2798 4667; x_wconf 90' lang='lat' dir='ltr'><strong>sponte</strong></span> <span class='ocrx_word' id='word_1_688' title='bbox 2841 4599 3150 4668; x_wconf 87' lang='lat' dir='ltr'><strong>corruptis,</strong></span> <span class='ocrx_word' id='word_1_689' title='bbox 3211 4596 3540 4668; x_wconf 84' lang='lat' dir='ltr'><strong>corruptior</strong></span> <span class='ocrx_word' id='word_1_690' title='bbox 3584 4612 3728 4669; x_wconf 90' lang='lat' dir='ltr'><strong>gens</strong></span> <span class='ocrx_word' id='word_1_691' title='bbox 3757 4597 3868 4651; x_wconf 71' lang='lat' dir='ltr'><strong>das-</strong></span> 
     </span>
    </p>
   </div>
   <div class='ocr_carea' id='block_1_96' title="bbox 488 4698 2124 4771">
    <p class='ocr_par' dir='ltr' id='par_1_96' title="bbox 488 4698 2124 4771">
     <span class='ocr_line' id='line_1_96' title="bbox 488 4698 2124 4771; baseline 0.003 -19"><span class='ocrx_word' id='word_1_692' title='bbox 488 4701 662 4768; x_wconf 88' lang='lat' dir='ltr'><strong>atque</strong></span> <span class='ocrx_word' id='word_1_693' title='bbox 690 4698 1089 4769; x_wconf 89' lang='lat' dir='ltr'><strong>imprecando,</strong></span> <span class='ocrx_word' id='word_1_694' title='bbox 1121 4715 1219 4755; x_wconf 88' lang='lat' dir='ltr'><strong>eos</strong></span> <span class='ocrx_word' id='word_1_695' title='bbox 1251 4706 1520 4756; x_wconf 84' lang='lat' dir='ltr'><strong>vocarent</strong></span> <span class='ocrx_word' id='word_1_696' title='bbox 1541 4701 1853 4771; x_wconf 64' lang='lat' dir='ltr'><strong>daemones,</strong></span> <span class='ocrx_word' id='word_1_697' title='bbox 1885 4709 1986 4757; x_wconf 90' lang='lat' dir='ltr'><strong>aut</strong></span> <span class='ocrx_word' id='word_1_698' title='bbox 2017 4703 2124 4756; x_wconf 71' lang='lat' dir='ltr'><strong>das-</strong></span> 
     </span>
    </p>
   </div>
   <div class='ocr_carea' id='block_1_97' title="bbox 489 4786 2126 4855">
    <p class='ocr_par' dir='ltr' id='par_1_97' title="bbox 489 4786 2126 4855">
     <span class='ocr_line' id='line_1_97' title="bbox 489 4786 2126 4855; baseline 0.004 -15"><span class='ocrx_word' id='word_1_699' title='bbox 489 4786 671 4841; x_wconf 88' lang='lat' dir='ltr'><strong>monis</strong></span> <span class='ocrx_word' id='word_1_700' title='bbox 700 4792 756 4841; x_wconf 89' lang='lat' dir='ltr'><strong>et</strong></span> <span class='ocrx_word' id='word_1_701' title='bbox 785 4786 1008 4842; x_wconf 68' lang='lat' dir='ltr'><strong>Satanae</strong></span> <span class='ocrx_word' id='word_1_702' title='bbox 1042 4791 1274 4844; x_wconf 88' lang='lat' dir='ltr'><strong>nomine</strong></span> <span class='ocrx_word' id='word_1_703' title='bbox 1303 4789 1447 4844; x_wconf 90' lang='lat' dir='ltr'><strong>diris</strong></span> <span class='ocrx_word' id='word_1_704' title='bbox 1496 4789 1628 4845; x_wconf 90' lang='lat' dir='ltr'><strong>illos</strong></span> <span class='ocrx_word' id='word_1_705' title='bbox 1675 4791 2037 4855; x_wconf 88' lang='lat' dir='ltr'><strong>devoverent,</strong></span> <span class='ocrx_word' id='word_1_706' title='bbox 2069 4797 2126 4846; x_wconf 92' lang='lat' dir='ltr'><strong>et</strong></span> 
     </span>
    </p>
   </div>
   <div class='ocr_carea' id='block_1_98' title="bbox 487 4877 2122 4951">
    <p class='ocr_par' dir='ltr' id='par_1_98' title="bbox 487 4877 2122 4951">
     <span class='ocr_line' id='line_1_98' title="bbox 487 4877 2122 4951; baseline 0.003 -21"><span class='ocrx_word' id='word_1_707' title='bbox 487 4883 949 4932; x_wconf 84' lang='lat' dir='ltr'><strong>exsecrarentur.</strong></span> <span class='ocrx_word' id='word_1_708' title='bbox 985 4877 1044 4933; x_wconf 93' lang='lat' dir='ltr'><strong>Si</strong></span> <span class='ocrx_word' id='word_1_709' title='bbox 1077 4895 1208 4935; x_wconf 92' lang='lat' dir='ltr'><strong>vero</strong></span> <span class='ocrx_word' id='word_1_710' title='bbox 1239 4878 1420 4936; x_wconf 87' lang='lat' dir='ltr'><strong>olium</strong></span> <span class='ocrx_word' id='word_1_711' title='bbox 1455 4879 1631 4951; x_wconf 82' lang='lat' dir='ltr'><strong>hujus</strong></span> <span class='ocrx_word' id='word_1_712' title='bbox 1681 4878 1861 4935; x_wconf 90' lang='lat' dir='ltr'><strong>moris</strong></span> <span class='ocrx_word' id='word_1_713' title='bbox 1913 4884 2122 4936; x_wconf 89' lang='lat' dir='ltr'><strong>testem</strong></span> 
     </span>
    </p>
   </div>
   <div class='ocr_carea' id='block_1_99' title="bbox 486 4964 2125 5041">
    <p class='ocr_par' dir='ltr' id='par_1_99' title="bbox 486 4964 2125 5041">
     <span class='ocr_line' id='line_1_99' title="bbox 486 4964 2125 5041; baseline 0.002 -22"><span class='ocrx_word' id='word_1_714' title='bbox 486 4964 800 5036; x_wconf 90' lang='lat' dir='ltr'><strong>desideres,</strong></span> <span class='ocrx_word' id='word_1_715' title='bbox 833 4967 1224 5038; x_wconf 89' lang='lat' dir='ltr'><strong>Augustinum</strong></span> <span class='ocrx_word' id='word_1_716' title='bbox 1271 4968 1537 5034; x_wconf 86' lang='lat' dir='ltr'><strong>habebis,</strong></span> <span class='ocrx_word' id='word_1_717' title='bbox 1586 4969 1686 5039; x_wconf 90' lang='lat' dir='ltr'><strong>qui</strong></span> <span class='ocrx_word' id='word_1_718' title='bbox 1735 4985 1841 5025; x_wconf 89' lang='lat' dir='ltr'><strong>nos</strong></span> <span class='ocrx_word' id='word_1_719' title='bbox 1884 4969 2125 5041; x_wconf 89' lang='lat' dir='ltr'><strong>insuper</strong></span> 
     </span>
    </p>
   </div>
   <div class='ocr_carea' id='block_1_100' title="bbox 485 5052 2122 5128">
    <p class='ocr_par' dir='ltr' id='par_1_100' title="bbox 485 5052 2122 5128">
     <span class='ocr_line' id='line_1_100' title="bbox 485 5052 2122 5128; baseline 0.004 -19"><span class='ocrx_word' id='word_1_720' title='bbox 485 5052 761 5110; x_wconf 85' lang='lat' dir='ltr'><strong>admonet</strong></span> <span class='ocrx_word' id='word_1_721' title='bbox 809 5055 1168 5128; x_wconf 90' lang='lat' dir='ltr'><strong>ubicumque</strong></span> <span class='ocrx_word' id='word_1_722' title='bbox 1218 5057 1276 5112; x_wconf 93' lang='lat' dir='ltr'><strong>in</strong></span> <span class='ocrx_word' id='word_1_723' title='bbox 1333 5057 1516 5113; x_wconf 87' lang='lat' dir='ltr'><strong>sacris</strong></span> <span class='ocrx_word' id='word_1_724' title='bbox 1558 5057 1876 5128; x_wconf 89' lang='lat' dir='ltr'><strong>Scripturis</strong></span> <span class='ocrx_word' id='word_1_725' title='bbox 1908 5075 2122 5115; x_wconf 87' lang='lat' dir='ltr'><strong>nomen</strong></span> 
     </span>
    </p>
   </div>
   <div class='ocr_carea' id='block_1_101' title="bbox 482 5142 2118 5220">
    <p class='ocr_par' dir='ltr' id='par_1_101' title="bbox 482 5142 2118 5220">
     <span class='ocr_line' id='line_1_101' title="bbox 482 5142 2118 5220; baseline 0.004 -23"><span class='ocrx_word' id='word_1_726' title='bbox 482 5142 784 5208; x_wconf 77' lang='lat' dir='ltr'><strong>daemonis,</strong></span> <span class='ocrx_word' id='word_1_727' title='bbox 818 5150 918 5200; x_wconf 89' lang='lat' dir='ltr'><strong>aut</strong></span> <span class='ocrx_word' id='word_1_728' title='bbox 946 5144 1368 5201; x_wconf 77' lang='lat' dir='ltr'><strong>daemoniorum</strong></span> <span class='ocrx_word' id='word_1_729' title='bbox 1403 5145 1671 5213; x_wconf 88' lang='lat' dir='ltr'><strong>occurrit,</strong></span> <span class='ocrx_word' id='word_1_730' title='bbox 1705 5162 1772 5202; x_wconf 90' lang='lat' dir='ltr'><strong>eo</strong></span> <span class='ocrx_word' id='word_1_731' title='bbox 1830 5146 2118 5220; x_wconf 87' lang='lat' dir='ltr'><strong>malignos</strong></span> 
     </span>
    </p>
   </div>
   <div class='ocr_carea' id='block_1_102' title="bbox 483 5232 2122 5305">
    <p class='ocr_par' dir='ltr' id='par_1_102' title="bbox 483 5232 2122 5305">
     <span class='ocr_line' id='line_1_102' title="bbox 483 5232 2122 5305; baseline 0.004 -20"><span class='ocrx_word' id='word_1_732' title='bbox 483 5232 723 5303; x_wconf 85' lang='lat' dir='ltr'><strong>spiritus</strong></span> <span class='ocrx_word' id='word_1_733' title='bbox 757 5233 1090 5304; x_wconf 73' lang='lat' dir='ltr'><strong>significari.</strong></span> <span class='ocrx_word' id='word_1_734' title='bbox 1124 5235 1266 5290; x_wconf 88' lang='lat' dir='ltr'><strong>Ecce</strong></span> <span class='ocrx_word' id='word_1_735' title='bbox 1299 5235 1548 5305; x_wconf 72' lang='lat' dir='ltr'><strong>ipsemet</strong></span> <span class='ocrx_word' id='word_1_736' title='bbox 1578 5236 1706 5304; x_wconf 84' lang='lat' dir='ltr'><strong>ejus</strong></span> <span class='ocrx_word' id='word_1_737' title='bbox 1725 5236 1898 5290; x_wconf 86' lang='lat' dir='ltr'><strong>verba</strong></span> <span class='ocrx_word' id='word_1_738' title='bbox 1924 5252 1982 5291; x_wconf 84' lang='lat'><strong>:«</strong></span> <span class='ocrx_word' id='word_1_739' title='bbox 2004 5241 2122 5291; x_wconf 89' lang='lat' dir='ltr'><strong>Nos</strong></span> 
     </span>
    </p>
   </div>
   <div class='ocr_carea' id='block_1_103' title="bbox 481 5321 2120 5397">
    <p class='ocr_par' dir='ltr' id='par_1_103' title="bbox 481 5321 2120 5397">
     <span class='ocr_line' id='line_1_103' title="bbox 481 5321 2120 5397; baseline 0.004 -23"><span class='ocrx_word' id='word_1_740' title='bbox 481 5327 698 5389; x_wconf 85' lang='lat' dir='ltr'><strong>autem,</strong></span> <span class='ocrx_word' id='word_1_741' title='bbox 730 5322 882 5378; x_wconf 90' lang='lat' dir='ltr'><strong>sicut</strong></span> <span class='ocrx_word' id='word_1_742' title='bbox 910 5321 1210 5394; x_wconf 89' lang='lat' dir='ltr'><strong>Scriptura</strong></span> <span class='ocrx_word' id='word_1_743' title='bbox 1240 5321 1520 5395; x_wconf 90' lang='lat' dir='ltr'><strong>loquitur,</strong></span> <span class='ocrx_word' id='word_1_744' title='bbox 1569 5325 1892 5379; x_wconf 87' lang='lat' dir='ltr'><strong>secundum</strong></span> <span class='ocrx_word' id='word_1_745' title='bbox 1943 5343 2120 5397; x_wconf 91' lang='lat' dir='ltr'><strong>quam</strong></span> 
     </span>
    </p>
   </div>
   <div class='ocr_carea' id='block_1_104' title="bbox 479 5409 2120 5484">
    <p class='ocr_par' dir='ltr' id='par_1_104' title="bbox 479 5409 2120 5484">
     <span class='ocr_line' id='line_1_104' title="bbox 479 5409 2120 5484; baseline 0.003 -20"><span class='ocrx_word' id='word_1_746' title='bbox 479 5409 796 5465; x_wconf 88' lang='lat' dir='ltr'><strong>Christiani</strong></span> <span class='ocrx_word' id='word_1_747' title='bbox 831 5427 1063 5478; x_wconf 88' lang='lat' dir='ltr'><strong>sumus,</strong></span> <span class='ocrx_word' id='word_1_748' title='bbox 1095 5411 1330 5483; x_wconf 87' lang='lat' dir='ltr'><strong>angelos</strong></span> <span class='ocrx_word' id='word_1_749' title='bbox 1382 5413 1593 5483; x_wconf 89' lang='lat' dir='ltr'><strong>partim</strong></span> <span class='ocrx_word' id='word_1_750' title='bbox 1643 5413 1878 5482; x_wconf 89' lang='lat' dir='ltr'><strong>quidem</strong></span> <span class='ocrx_word' id='word_1_751' title='bbox 1913 5414 2120 5484; x_wconf 88' lang='lat' dir='ltr'><strong>bonos,</strong></span> 
     </span>
    </p>
   </div>
   <div class='ocr_carea' id='block_1_105' title="bbox 479 5497 2120 5576">
    <p class='ocr_par' dir='ltr' id='par_1_105' title="bbox 479 5497 2120 5576">
     <span class='ocr_line' id='line_1_105' title="bbox 479 5497 2120 5576; baseline 0.004 -24"><span class='ocrx_word' id='word_1_752' title='bbox 479 5498 694 5568; x_wconf 87' lang='lat' dir='ltr'><strong>partim</strong></span> <span class='ocrx_word' id='word_1_753' title='bbox 724 5497 1254 5572; x_wconf 85' lang='lat' dir='ltr'><strong>malos,rumquam</strong></span> <span class='ocrx_word' id='word_1_754' title='bbox 1286 5517 1418 5556; x_wconf 89' lang='lat' dir='ltr'><strong>vero</strong></span> <span class='ocrx_word' id='word_1_755' title='bbox 1449 5500 1635 5555; x_wconf 91' lang='lat' dir='ltr'><strong>bonos</strong></span> <span class='ocrx_word' id='word_1_756' title='bbox 1666 5500 1957 5558; x_wconf 67' lang='lat' dir='ltr'><strong>daemones</strong></span> <span class='ocrx_word' id='word_1_757' title='bbox 1978 5501 2120 5576; x_wconf 84' lang='lat' dir='ltr'><strong>legi-</strong></span> 
     </span>
    </p>
   </div>
   <div class='ocr_carea' id='block_1_106' title="bbox 478 5587 2118 5661">
    <p class='ocr_par' dir='ltr' id='par_1_106' title="bbox 478 5587 2118 5661">
     <span class='ocr_line' id='line_1_106' title="bbox 478 5587 2118 5661; baseline 0.005 -22"><span class='ocrx_word' id='word_1_758' title='bbox 478 5603 632 5640; x_wconf 87' lang='lat' dir='ltr'><strong>mus.</strong></span> <span class='ocrx_word' id='word_1_759' title='bbox 663 5587 770 5641; x_wconf 89' lang='lat' dir='ltr'><strong>Sed</strong></span> <span class='ocrx_word' id='word_1_760' title='bbox 802 5588 1157 5661; x_wconf 87' lang='lat' dir='ltr'><strong>ubicumque</strong></span> <span class='ocrx_word' id='word_1_761' title='bbox 1207 5589 1441 5644; x_wconf 84' lang='lat' dir='ltr'><strong>illarum</strong></span> <span class='ocrx_word' id='word_1_762' title='bbox 1487 5589 1812 5645; x_wconf 86' lang='lat' dir='ltr'><strong>litterarum</strong></span> <span class='ocrx_word' id='word_1_763' title='bbox 1867 5591 1976 5647; x_wconf 92' lang='lat' dir='ltr'><strong>hoc</strong></span> <span class='ocrx_word' id='word_1_764' title='bbox 2017 5609 2118 5648; x_wconf 92' lang='lat' dir='ltr'><strong>no-</strong></span> 
     </span>
    </p>
   </div>
   <div class='ocr_carea' id='block_1_107' title="bbox 485 5676 2120 5750">
    <p class='ocr_par' dir='ltr' id='par_1_107' title="bbox 485 5676 2120 5750">
     <span class='ocr_line' id='line_1_107' title="bbox 485 5676 2120 5750; baseline 0.008 -23"><span class='ocrx_word' id='word_1_765' title='bbox 485 5687 616 5728; x_wconf 88' lang='lat' dir='ltr'><strong>men</strong></span> <span class='ocrx_word' id='word_1_766' title='bbox 669 5676 925 5746; x_wconf 84' lang='lat' dir='ltr'><strong>positum</strong></span> <span class='ocrx_word' id='word_1_767' title='bbox 968 5678 1274 5750; x_wconf 86' lang='lat' dir='ltr'><strong>reperitur,</strong></span> <span class='ocrx_word' id='word_1_768' title='bbox 1341 5678 1462 5736; x_wconf 88' lang='lat' dir='ltr'><strong>sive</strong></span> <span class='ocrx_word' id='word_1_769' title='bbox 1507 5678 1799 5738; x_wconf 71' lang='lat' dir='ltr'><strong>daemones</strong></span> <span class='ocrx_word' id='word_1_770' title='bbox 1851 5680 1972 5739; x_wconf 89' lang='lat' dir='ltr'><strong>sive</strong></span> <span class='ocrx_word' id='word_1_771' title='bbox 2013 5683 2120 5740; x_wconf 69' lang='lat' dir='ltr'><strong>dis-</strong></span> 
     </span>
    </p>
   </div>
   <div class='ocr_carea' id='block_1_108' title="bbox 2234 4685 3870 4756">
    <p class='ocr_par' dir='ltr' id='par_1_108' title="bbox 2234 4685 3870 4756">
     <span class='ocr_line' id='line_1_108' title="bbox 2234 4685 3870 4756; baseline 0.001 -17"><span class='ocrx_word' id='word_1_772' title='bbox 2234 4700 2472 4740; x_wconf 91' lang='lat' dir='ltr'><strong>monum</strong></span> <span class='ocrx_word' id='word_1_773' title='bbox 2505 4685 2771 4752; x_wconf 87' lang='lat' dir='ltr'><strong>evaserit,</strong></span> <span class='ocrx_word' id='word_1_774' title='bbox 2806 4686 3084 4741; x_wconf 86' lang='lat' dir='ltr'><strong>damnata</strong></span> <span class='ocrx_word' id='word_1_775' title='bbox 3114 4703 3147 4741; x_wconf 89' lang='lat' dir='ltr'><strong>a</strong></span> <span class='ocrx_word' id='word_1_776' title='bbox 3171 4690 3281 4742; x_wconf 90' lang='lat' dir='ltr'><strong>Deo</strong></span> <span class='ocrx_word' id='word_1_777' title='bbox 3311 4701 3446 4742; x_wconf 90' lang='lat' dir='ltr'><strong>cum</strong></span> <span class='ocrx_word' id='word_1_778' title='bbox 3495 4685 3722 4756; x_wconf 83' lang='lat' dir='ltr'><strong>generis</strong></span> <span class='ocrx_word' id='word_1_779' title='bbox 3766 4703 3870 4741; x_wconf 91' lang='lat' dir='ltr'><strong>au-</strong></span> 
     </span>
    </p>
   </div>
   <div class='ocr_carea' id='block_1_109' title="bbox 2233 4773 3868 4847">
    <p class='ocr_par' dir='ltr' id='par_1_109' title="bbox 2233 4773 3868 4847">
     <span class='ocr_line' id='line_1_109' title="bbox 2233 4773 3868 4847; baseline 0.001 -20"><span class='ocrx_word' id='word_1_780' title='bbox 2233 4773 2514 4838; x_wconf 88' lang='lat' dir='ltr'><strong>ctoribus,</strong></span> <span class='ocrx_word' id='word_1_781' title='bbox 2545 4778 2603 4830; x_wconf 90' lang='lat' dir='ltr'><strong>et</strong></span> <span class='ocrx_word' id='word_1_782' title='bbox 2631 4791 2764 4830; x_wconf 91' lang='lat' dir='ltr'><strong>cum</strong></span> <span class='ocrx_word' id='word_1_783' title='bbox 2797 4791 2885 4840; x_wconf 90' lang='lat' dir='ltr'><strong>eo,</strong></span> <span class='ocrx_word' id='word_1_784' title='bbox 2919 4791 3091 4846; x_wconf 90' lang='lat' dir='ltr'><strong>quem</strong></span> <span class='ocrx_word' id='word_1_785' title='bbox 3123 4775 3395 4841; x_wconf 90' lang='lat' dir='ltr'><strong>dicimus,</strong></span> <span class='ocrx_word' id='word_1_786' title='bbox 3431 4775 3868 4847; x_wconf 87' lang='lat' dir='ltr'><strong>principe,apud</strong></span> 
     </span>
    </p>
   </div>
   <div class='ocr_carea' id='block_1_110' title="bbox 2233 4862 3868 4936">
    <p class='ocr_par' dir='ltr' id='par_1_110' title="bbox 2233 4862 3868 4936">
     <span class='ocr_line' id='line_1_110' title="bbox 2233 4862 3868 4936; baseline 0.001 -19"><span class='ocrx_word' id='word_1_787' title='bbox 2233 4862 2475 4918; x_wconf 87' lang='lat' dir='ltr'><strong>Litteras</strong></span> <span class='ocrx_word' id='word_1_788' title='bbox 2505 4868 2740 4919; x_wconf 87' lang='lat' dir='ltr'><strong>sanctas</strong></span> <span class='ocrx_word' id='word_1_789' title='bbox 2782 4863 2983 4919; x_wconf 75' lang='lat' dir='ltr'><strong>ordine</strong></span> <span class='ocrx_word' id='word_1_790' title='bbox 3014 4864 3388 4936; x_wconf 86' lang='lat' dir='ltr'><strong>cognoscitur</strong></span> <span class='ocrx_word' id='word_1_791' title='bbox 3419 4884 3447 4913; x_wconf 84' lang='lat'><strong>»</strong></span> <span class='ocrx_word' id='word_1_792' title='bbox 3495 4864 3704 4933; x_wconf 83' lang='lat' dir='ltr'><strong>(Idem,</strong></span> <span class='ocrx_word' id='word_1_793' title='bbox 3734 4866 3868 4934; x_wconf 74' lang='lat' dir='ltr'><strong>Apo-</strong></span> 
     </span>
    </p>
   </div>
   <div class='ocr_carea' id='block_1_111' title="bbox 2233 4951 3872 5026">
    <p class='ocr_par' dir='ltr' id='par_1_111' title="bbox 2233 4951 3872 5026">
     <span class='ocr_line' id='line_1_111' title="bbox 2233 4951 3872 5026; baseline 0.002 -22"><span class='ocrx_word' id='word_1_794' title='bbox 2233 4951 2391 5021; x_wconf 81' lang='lat' dir='ltr'><strong>loget.</strong></span> <span class='ocrx_word' id='word_1_795' title='bbox 2425 4967 2552 5023; x_wconf 90' lang='lat' dir='ltr'><strong>cap.</strong></span> <span class='ocrx_word' id='word_1_796' title='bbox 2583 4953 2672 5019; x_wconf 84' lang='lat'><strong>22,</strong></span> <span class='ocrx_word' id='word_1_797' title='bbox 2706 4968 2754 5007; x_wconf 91' lang='lat' dir='ltr'><strong>c.</strong></span> <span class='ocrx_word' id='word_1_798' title='bbox 2789 4951 2936 5023; x_wconf 88' lang='grc'>405).</span> <span class='ocrx_word' id='word_1_799' title='bbox 2969 4953 3039 5007; x_wconf 89' lang='lat' dir='ltr'><strong>At</strong></span> <span class='ocrx_word' id='word_1_800' title='bbox 3089 4952 3255 5024; x_wconf 89' lang='lat' dir='ltr'><strong>plura</strong></span> <span class='ocrx_word' id='word_1_801' title='bbox 3285 4951 3400 5008; x_wconf 88' lang='lat' dir='ltr'><strong>illis</strong></span> <span class='ocrx_word' id='word_1_802' title='bbox 3449 4952 3650 5026; x_wconf 88' lang='lat' dir='ltr'><strong>paucis</strong></span> <span class='ocrx_word' id='word_1_803' title='bbox 3683 4952 3872 5009; x_wconf 89' lang='lat' dir='ltr'><strong>verbis</strong></span> 
     </span>
    </p>
   </div>
   <div class='ocr_carea' id='block_1_112' title="bbox 2231 5037 3872 5112">
    <p class='ocr_par' dir='ltr' id='par_1_112' title="bbox 2231 5037 3872 5112">
     <span class='ocr_line' id='line_1_112' title="bbox 2231 5037 3872 5112; baseline 0.002 -21"><span class='ocrx_word' id='word_1_804' title='bbox 2231 5037 2656 5110; x_wconf 87' lang='lat' dir='ltr'><strong>complectitur,</strong></span> <span class='ocrx_word' id='word_1_805' title='bbox 2690 5057 2816 5112; x_wconf 65' lang='lat' dir='ltr'><strong>quae</strong></span> <span class='ocrx_word' id='word_1_806' title='bbox 2848 5057 2962 5095; x_wconf 91' lang='lat' dir='ltr'><strong>non</strong></span> <span class='ocrx_word' id='word_1_807' title='bbox 2996 5040 3077 5096; x_wconf 89' lang='lat' dir='ltr'><strong>ita</strong></span> <span class='ocrx_word' id='word_1_808' title='bbox 3123 5041 3393 5108; x_wconf 83' lang='lat' dir='ltr'><strong>breviter;</strong></span> <span class='ocrx_word' id='word_1_809' title='bbox 3425 5057 3532 5098; x_wconf 88' lang='lat' dir='ltr'><strong>nec</strong></span> <span class='ocrx_word' id='word_1_810' title='bbox 3575 5041 3701 5097; x_wconf 89' lang='lat' dir='ltr'><strong>sine</strong></span> <span class='ocrx_word' id='word_1_811' title='bbox 3746 5041 3872 5112; x_wconf 90' lang='lat' dir='ltr'><strong>qui-</strong></span> 
     </span>
    </p>
   </div>
   <div class='ocr_carea' id='block_1_113' title="bbox 2231 5126 3683 5202">
    <p class='ocr_par' dir='ltr' id='par_1_113' title="bbox 2231 5126 3683 5202">
     <span class='ocr_line' id='line_1_113' title="bbox 2231 5126 3683 5202; baseline 0.003 -21"><span class='ocrx_word' id='word_1_812' title='bbox 2231 5126 2479 5182; x_wconf 88' lang='lat' dir='ltr'><strong>busdam</strong></span> <span class='ocrx_word' id='word_1_813' title='bbox 2512 5128 3016 5185; x_wconf 88' lang='lat' dir='ltr'><strong>observationibus</strong></span> <span class='ocrx_word' id='word_1_814' title='bbox 3047 5129 3493 5202; x_wconf 88' lang='lat' dir='ltr'><strong>perstringenda</strong></span> <span class='ocrx_word' id='word_1_815' title='bbox 3523 5134 3683 5186; x_wconf 90' lang='lat' dir='ltr'><strong>sunt.</strong></span> 
     </span>
    </p>
   </div>
   <div class='ocr_carea' id='block_1_114' title="bbox 2303 5234 3872 5308">
    <p class='ocr_par' dir='ltr' id='par_1_114' title="bbox 2303 5234 3872 5308">
     <span class='ocr_line' id='line_1_114' title="bbox 2303 5234 3872 5308; baseline 0.002 -19"><span class='ocrx_word' id='word_1_816' title='bbox 2303 5234 2494 5290; x_wconf 89' lang='lat' dir='ltr'><strong>Primo</strong></span> <span class='ocrx_word' id='word_1_817' title='bbox 2542 5240 2739 5290; x_wconf 87' lang='lat' dir='ltr'><strong>autem</strong></span> <span class='ocrx_word' id='word_1_818' title='bbox 2789 5234 3044 5291; x_wconf 87' lang='lat' dir='ltr'><strong>declarat</strong></span> <span class='ocrx_word' id='word_1_819' title='bbox 3093 5237 3376 5306; x_wconf 89' lang='lat' dir='ltr'><strong>quosdam</strong></span> <span class='ocrx_word' id='word_1_820' title='bbox 3411 5237 3650 5308; x_wconf 88' lang='lat' dir='ltr'><strong>angelos</strong></span> <span class='ocrx_word' id='word_1_821' title='bbox 3688 5235 3872 5294; x_wconf 85' lang='lat' dir='ltr'><strong>fuisse</strong></span> 
     </span>
    </p>
   </div>
   <div class='ocr_carea' id='block_1_115' title="bbox 2231 5323 3871 5397">
    <p class='ocr_par' dir='ltr' id='par_1_115' title="bbox 2231 5323 3871 5397">
     <span class='ocr_line' id='line_1_115' title="bbox 2231 5323 3871 5397; baseline -0.001 -16"><span class='ocrx_word' id='word_1_822' title='bbox 2231 5328 2556 5396; x_wconf 77' lang='lat' dir='ltr'><strong>corruptos.</strong></span> <span class='ocrx_word' id='word_1_823' title='bbox 2587 5324 2791 5381; x_wconf 91' lang='lat' dir='ltr'><strong>Plures</strong></span> <span class='ocrx_word' id='word_1_824' title='bbox 2823 5340 2962 5397; x_wconf 90' lang='lat' dir='ltr'><strong>ergo</strong></span> <span class='ocrx_word' id='word_1_825' title='bbox 2995 5324 3142 5382; x_wconf 89' lang='lat' dir='ltr'><strong>alios</strong></span> <span class='ocrx_word' id='word_1_826' title='bbox 3173 5323 3355 5380; x_wconf 86' lang='lat' dir='ltr'><strong>fuisse</strong></span> <span class='ocrx_word' id='word_1_827' title='bbox 3403 5325 3716 5397; x_wconf 89' lang='lat' dir='ltr'><strong>signiﬁcat,</strong></span> <span class='ocrx_word' id='word_1_828' title='bbox 3770 5325 3871 5397; x_wconf 92' lang='lat' dir='ltr'><strong>qui</strong></span> 
     </span>
    </p>
   </div>
   <div class='ocr_carea' id='block_1_116' title="bbox 2229 5413 3872 5486">
    <p class='ocr_par' dir='ltr' id='par_1_116' title="bbox 2229 5413 3872 5486">
     <span class='ocr_line' id='line_1_116' title="bbox 2229 5413 3872 5486; baseline 0.001 -17"><span class='ocrx_word' id='word_1_829' title='bbox 2229 5417 2484 5485; x_wconf 87' lang='lat' dir='ltr'><strong>corrupti</strong></span> <span class='ocrx_word' id='word_1_830' title='bbox 2518 5431 2632 5470; x_wconf 91' lang='lat' dir='ltr'><strong>non</strong></span> <span class='ocrx_word' id='word_1_831' title='bbox 2661 5414 2914 5482; x_wconf 82' lang='lat' dir='ltr'><strong>fuerunt,</strong></span> <span class='ocrx_word' id='word_1_832' title='bbox 2941 5430 3205 5486; x_wconf 90' lang='lat' dir='ltr'><strong>quosque</strong></span> <span class='ocrx_word' id='word_1_833' title='bbox 3238 5413 3452 5469; x_wconf 87' lang='lat' dir='ltr'><strong>idcirco</strong></span> <span class='ocrx_word' id='word_1_834' title='bbox 3496 5415 3872 5470; x_wconf 87' lang='lat' dir='ltr'><strong>nominamus</strong></span> 
     </span>
    </p>
   </div>
   <div class='ocr_carea' id='block_1_117' title="bbox 2229 5501 3870 5576">
    <p class='ocr_par' dir='ltr' id='par_1_117' title="bbox 2229 5501 3870 5576">
     <span class='ocr_line' id='line_1_117' title="bbox 2229 5501 3870 5576; baseline 0.001 -18"><span class='ocrx_word' id='word_1_835' title='bbox 2229 5503 2433 5571; x_wconf 89' lang='lat' dir='ltr'><strong>bonos,</strong></span> <span class='ocrx_word' id='word_1_836' title='bbox 2470 5508 2645 5576; x_wconf 88' lang='lat' dir='ltr'><strong>atque</strong></span> <span class='ocrx_word' id='word_1_837' title='bbox 2694 5504 2766 5559; x_wconf 92' lang='lat' dir='ltr'><strong>ob</strong></span> <span class='ocrx_word' id='word_1_838' title='bbox 2823 5519 2992 5560; x_wconf 86' lang='lat' dir='ltr'><strong>suam</strong></span> <span class='ocrx_word' id='word_1_839' title='bbox 3048 5501 3109 5558; x_wconf 93' lang='lat' dir='ltr'><strong>in</strong></span> <span class='ocrx_word' id='word_1_840' title='bbox 3167 5503 3320 5558; x_wconf 88' lang='lat' dir='ltr'><strong>bono</strong></span> <span class='ocrx_word' id='word_1_841' title='bbox 3377 5502 3870 5575; x_wconf 88' lang='lat' dir='ltr'><strong>perseverantiam</strong></span> 
     </span>
    </p>
   </div>
   <div class='ocr_carea' id='block_1_118' title="bbox 2228 5591 3869 5664">
    <p class='ocr_par' dir='ltr' id='par_1_118' title="bbox 2228 5591 3869 5664">
     <span class='ocr_line' id='line_1_118' title="bbox 2228 5591 3869 5664; baseline 0.001 -16"><span class='ocrx_word' id='word_1_842' title='bbox 2228 5592 2427 5648; x_wconf 85' lang='lat' dir='ltr'><strong>beatos</strong></span> <span class='ocrx_word' id='word_1_843' title='bbox 2459 5609 2586 5648; x_wconf 89' lang='lat' dir='ltr'><strong>esse</strong></span> <span class='ocrx_word' id='word_1_844' title='bbox 2611 5595 2744 5664; x_wconf 90' lang='lat' dir='ltr'><strong>jure</strong></span> <span class='ocrx_word' id='word_1_845' title='bbox 2786 5592 2991 5648; x_wconf 89' lang='lat' dir='ltr'><strong>merito</strong></span> <span class='ocrx_word' id='word_1_846' title='bbox 3047 5591 3366 5647; x_wconf 88' lang='lat' dir='ltr'><strong>credimus.</strong></span> <span class='ocrx_word' id='word_1_847' title='bbox 3426 5593 3714 5660; x_wconf 87' lang='lat' dir='ltr'><strong>Secundo,</strong></span> <span class='ocrx_word' id='word_1_848' title='bbox 3745 5609 3869 5649; x_wconf 86' lang='lat' dir='ltr'><strong>eos-</strong></span> 
     </span>
    </p>
   </div>
   <div class='ocr_carea' id='block_1_119' title="bbox 2227 5679 3872 5758">
    <p class='ocr_par' dir='ltr' id='par_1_119' title="bbox 2227 5679 3872 5758">
     <span class='ocr_line' id='line_1_119' title="bbox 2227 5679 3872 5758; baseline 0.001 -20"><span class='ocrx_word' id='word_1_849' title='bbox 2227 5683 2361 5739; x_wconf 91' lang='lat' dir='ltr'><strong>dem</strong></span> <span class='ocrx_word' id='word_1_850' title='bbox 2395 5681 2636 5758; x_wconf 86' lang='lat' dir='ltr'><strong>angelcs</strong></span> <span class='ocrx_word' id='word_1_851' title='bbox 2667 5681 2882 5740; x_wconf 87' lang='lat' dir='ltr'><strong>donato</strong></span> <span class='ocrx_word' id='word_1_852' title='bbox 2937 5680 3118 5740; x_wconf 85' lang='lat' dir='ltr'><strong>fuisse</strong></span> <span class='ocrx_word' id='word_1_853' title='bbox 3150 5680 3331 5739; x_wconf 91' lang='lat' dir='ltr'><strong>libero</strong></span> <span class='ocrx_word' id='word_1_854' title='bbox 3359 5679 3679 5743; x_wconf 82' lang='lat' dir='ltr'><strong>voluntatis</strong></span> <span class='ocrx_word' id='word_1_855' title='bbox 3709 5681 3872 5742; x_wconf 79' lang='lat' dir='ltr'><strong>arbi-</strong></span> 
     </span>
    </p>
   </div>
  </div>
