4158 6354
362 384 478 443 957

1268 383 1342 442 D.
1391 384 1487 443 LE
1531 384 1859 444 NOURRY
1903 382 2556 449 OBSERVATIONES
2602 389 2858 449 ΝονιΕ.

3663 386 3783 448 958

368 516 501 581 trio,
534 532 649 587 quo
694 514 837 570 bene
900 519 1001 570 aut
1063 514 1210 570 male
1270 515 1514 587 agenda,
1577 516 1884 586 praemium
1935 515 2023 571 vel
2053 517 2104 584 Α
2139 523 2311 573 munt
2340 518 2491 575 ﬁlias
2514 520 2844 590 hominum,
2870 537 3019 592 quas
3052 525 3220 576 natas
3253 538 3432 593 supra
3475 521 3641 589 dixit,
3692 521 3777 578 sic

369 622 599 679 poenam
637 606 843 660 mereri
872 609 1162 677 poterant.
1193 606 1405 675 Tertio,
1441 608 1729 677 quosdam
1779 623 1848 661 ex
1899 606 2018 662 iilis

362 701 670 767 corruptos
701 711 767 749 ac
795 693 987 749 liberie
1012 696 1317 766 potestatis
1350 712 1468 749 sua:
1500 696 1713 760 abusu,
1738 695 1793 749 in
1821 693 2020 766 aliqua

360 786 664 858 prolapsos
696 785 881 840 fuisse
915 790 1172 855 peccata,
1206 786 1277 839 ob
1313 800 1441 854 quae
1502 802 1533 839 a
1582 784 1702 839 Deo
1755 784 2019 839 damnati

359 881 517 932 sunt.
552 878 765 941 Quarte
795 892 998 930 eorum
1034 875 1215 930 fuisse
1250 874 1599 946 principem,
1639 876 1710 931 de
1764 892 1876 947 quo
1921 874 2020 930 ille

360 966 533 1038 paulo
562 969 695 1021 ante
748 964 1015 1019 dixerat:
1077 965 1411 1018 «Satanam
1466 964 1787 1035 principem
1840 963 2019 1035 hujus

364 1054 500 1110 mali
534 1054 765 1127 generis
798 1074 822 1104 η
854 1054 1068 1124 (Μία).
1102 1052 1252 1108 Alibi
1274 1070 1408 1108 vero
1463 1053 1631 1108 illum
1685 1057 1851 1108 vocat
1910 1061 2021 1109 An-

359 1144 580 1217 gelum,
613 1160 787 1214 quem
822 1144 976 1198 Deus
1011 1165 1036 1192 ‹‹
1058 1159 1126 1197 ex
1190 1143 1380 1197 forma
1438 1159 1680 1213 operum
1734 1143 2021 1197 bonorum

353 1234 914 1301 instituit;bonum,
951 1254 977 1281 »
1028 1237 1085 1287 et
1142 1231 1406 1287 omnium
1464 1232 2018 1303 sapientissimum;

364 1328 540 1378 «tam
589 1321 963 1377 institutione
1014 1323 1202 1392 (juxta
1258 1319 1623 1391 prophetiam
1686 1320 2017 1391 Ezechielis)

362 1412 580 1467 bonum
616 1409 917 1482 angelum,
950 1426 1127 1481 quam
1162 1413 1370 1481 sponte
1421 1414 1817 1481 corruptum»
1849 1410 2013 1481 (Ter-

364 1503 497 1560 tull.
532 1504 867 1559 lib.advcrs.
919 1503 1182 1557 Marcion.
1227 1518 1354 1573 cap.
1406 1501 1514 1571 10).
1575 1502 1725 1556 Tum
1783 1500 2015 1571 deinde,

362 1616 390 1643 ‹‹
413 1591 887 1664 Invituperabilis
920 1591 1029 1646 fuit
1059 1608 1091 1646 a
1123 1590 1215 1645 die
1250 1589 1604 1645 conditionis
1636 1607 1778 1659 sum,
1812 1608 1845 1646 a
1900 1591 2016 1646 Deo

358 1682 418 1737 in
444 1683 667 1737 bonum
699 1680 992 1749 conditus,
1028 1684 1093 1735 ut
1123 1697 1157 1735 a
1189 1679 1340 1735 bono
1384 1678 1685 1734 conditore
1726 1679 2014 1751 invitupe-

356 1770 635 1827 rabillum
685 1770 1115 1839 conditionum,
1176 1774 1234 1824 et
1290 1767 1556 1823 excultus
1609 1768 1770 1823 omni
1829 1768 2018 1840 gloria

359 1859 640 1932 angelica,
691 1862 747 1914 et
795 1858 947 1929 apud
998 1858 1182 1913 Deum
1242 1856 1621 1955 constitutus,
1662 1873 1775 1927 qua
1824 1857 2014 1956 bonus
2045 1891 2092 1956 B

362 1949 516 2020 apud
547 1949 791 2017 bonum,
834 1950 1037 2019 postea
1070 1963 1205 2001 vero
1257 1963 1289 2000 a
1320 1946 1638 2017 semetipso
1696 1945 2015 2002 translatus

363 2037 423 2092 in
461 2037 781 2091 malum....
816 2052 931 2091 non
960 2035 1177 2105 minus,
1214 2035 1337 2106 ipse
1365 2034 1534 2089 liberi
1578 2034 1798 2089 arbitrii
1848 2034 2015 2091 insti-

360 2130 551 2191 tutus,
582 2124 912 2196 utspiritus
940 2147 966 2173 ››
989 2124 1149 2195 (Ibid.
1202 2123 1308 2178 col.
1371 2118 1514 2193 462).
1562 2124 1739 2178 Addit
1770 2124 2018 2195 denique

358 2215 517 2271 hunc
563 2215 828 2271 Satanam
882 2214 954 2269 de
1023 2213 1387 2269 sublimitate
1446 2213 1736 2269 decidisse
1804 2212 2015 2269 delicto

359 2322 487 2373 suo,
520 2306 691 2373 cujus
722 2307 928 2359 auctor
952 2303 1079 2374 ipse
1112 2302 1243 2357 fuit.
1274 2302 1353 2358 De
1386 2302 1484 2356 iilo
1545 2307 1739 2357 autem
1804 2302 1861 2357 in
1913 2320 2014 2358 no-

360 2398 480 2449 stra
502 2394 572 2448 de
601 2392 887 2449 Lactantli
922 2391 1091 2447 libris
1135 2392 1548 2447 dissertatione
1590 2391 1817 2463 egimus
1873 2394 2017 2464 (Dis-

357 2491 545 2549 sertat,
579 2484 633 2536 in
666 2484 918 2537 Lactant.
962 2498 1092 2552 cap.
1134 2482 1225 2547 20,
1261 2487 1366 2536 art.
1401 2482 1476 2552 3).

430 2590 733 2655 Quodnam
759 2593 953 2645 autem
992 2588 1167 2645 fuerit
1196 2588 1376 2658 hujus
1426 2587 1819 2660 aliorumque,
1866 2605 2012 2660 quos

360 2680 418 2735 in
442 2680 596 2735 870
631 2678 947 2750 perniciem
981 2694 1150 2733 suam
1204 2677 1403 2744 traxit,
1468 2694 1774 2749 pravorum
1836 2694 2011 2749 ange-

359 2769 553 2825 lorum
589 2773 1045 2841 peccatum,nec
1078 2767 1183 2833 ibi,
1244 2782 1348 2821 nec
1392 2766 1449 2820 in
1510 2767 1850 2837 Apotogetico
1891 2784 2015 2839 per-

364 2859 564 2930 spicue
595 2857 835 2913 omnino
867 2856 1211 2926 explanavit.
1236 2856 1449 2910 Verum
1482 2855 1595 2910 alio
1626 2856 1683 2909 in
1717 2855 1865 2910 libro
1896 2856 2012 2911 duo

363 2965 564 3003 eorum
600 2952 837 3018 peccata
870 2946 961 3001 his
1011 2946 1241 3000 videtur
1288 2946 1565 2999 denotare
1611 2943 2011 2999 vorbis:«Ni-

362 3036 444 3092 hil
470 3036 694 3109 angelis
725 3035 844 3091 illis
879 3035 1203 3106 imputetur
1234 3040 1470 3105 propter
1497 3033 1615 3104 (alii
1644 3034 1872 3105 praeter)
1915 3050 2010 3088 re-

363 3126 609 3197 pudium
641 3125 793 3189 cmli,
824 3129 880 3180 et
912 3123 1351 3178 matrimonium
1385 3122 1577 3177 carnis
1602 3144 1629 3171 ››
1652 3122 1911 3194 (Tertull.
1940 3123 2008 3178 de

359 3214 510 3272 Cult.
541 3215 735 3286 femin.
771 3231 896 3285 cap.
931 3214 1005 3285 4).
1039 3211 1321 3276 Quocirca
1376 3210 1508 3266 illos
1559 3210 1696 3266 alibi
1753 3211 2007 3282 appellat

364 3327 391 3355 ‹‹
412 3304 664 3377 Angelos
694 3305 1021 3360 desertores
1056 3302 1173 3369 Dei,
1207 3305 1499 3357 amatores
1533 3300 1907 3365 feminarum,
1941 3319 2007 3358 ac

359 3398 666 3467 propterea
726 3394 1037 3449 damnatos
1089 3408 1122 3446 a
1160 3391 1275 3447 Deo
1310 3411 1331 3441 ι
1380 3390 1580 3461 (Idem,
1634 3391 1706 3445 De
1752 3390 2004 3446 Idololat.

357 3498 482 3553 cap.
512 3482 589 3552 9').
623 3481 826 3537 Nonne
860 3485 1057 3536 autem
1082 3479 1297 3551 duplex
1327 3478 1405 3533 ibi
1465 3477 1778 3549 distinguit
1830 3494 2005 3549 ange-

355 3571 546 3627 lorum
580 3574 879 3643 peccatum
910 3595 923 3636 ;
958 3569 1488 3641 primumquidem,
1522 3584 1637 3639 quo
1670 3566 2005 3639 repudiave-

352 3664 487 3716 rant
536 3660 762 3727 coelum,
825 3663 881 3714 et
932 3660 1116 3715 Deum
1198 3659 1622 3725 deseruerunt;
1684 3658 2006 3712 secundum

352 3766 507 3819 vero,
548 3766 887 3822 perversum
954 3749 1309 3804 feminarum
1369 3764 1628 3803 amorem
1702 3751 1759 3801 et
1813 3747 2007 3802 carnis

358 3839 801 3894 matrimonium
829 3836 856 3891 ?

434 3950 509 4000 De
541 3945 649 4000 hoc
680 3960 855 4015 porro
887 3945 1146 4000 secundo
1191 3960 1393 3999 eorum
1446 3943 1691 3998 crimine
1747 3944 1829 3999 ita
1879 3944 2009 4016 qui-

356 4032 489 4087 dem
548 4031 675 4086 ille:
735 4054 756 4080 αι
797 4032 1084 4102 Damnati,
1144 4031 1358 4103 inquit,
1405 4031 1463 4085 in
1521 4048 1751 4102 pinnam
1801 4032 2007 4088 mortis

357 4121 716 4193 deputantur
741 4119 826 4175 illi
859 4119 1315 4192 scilicetangeli,
1347 4120 1447 4191 qui
1495 4120 1566 4174 ad
1629 4119 1781 4175 ﬁlias
1823 4121 2007 4177 homi-

353 4228 495 4265 num
529 4210 600 4265 de
630 4209 771 4265 ccelo
797 4214 1062 4279 ruerunt,
1122 4214 1186 4265 ut
1216 4209 1338 4264 haec
1388 4225 1621 4280 quoque
1682 4209 2006 4281 ignominia

354 4300 581 4356 feminea
616 4299 876 4355 accedat.
902 4320 929 4348 »
960 4299 1167 4370 (Idem,
1200 4300 1276 4354 De
1308 4297 1458 4354 Cult.
1491 4300 1687 4369 femiu.
1740 4315 1869 4370 cap.
1928 4302 2001 4367 2).

351 4391 423 4445 At
454 4390 503 4445 si
535 4406 604 4444 ex
631 4389 740 4444 hoc
772 4388 1114 4461 angelorum
1149 4388 1366 4444 scelere
1391 4387 1626 4443 feminis
1680 4388 2006 4458 ignominia

349 4479 615 4546 accessit,
646 4478 695 4534 si
728 4485 1055 4550 propterea,
1087 4477 1172 4533 uti
1226 4476 1447 4533 dictum
1509 4476 1578 4531 ab
1635 4476 1839 4531 eodem
1891 4481 2004 4532 Au-

349 4574 508 4624 ctore
539 4572 737 4623 nostro
781 4584 915 4623 mox
972 4566 1249 4633 vidimus,
1302 4565 1492 4637 angeli
1542 4564 1807 4620 damnati
1840 4571 1999 4634 sunt,

2130 623 2361 679 quoque
2390 610 2646 681 virgines
2693 609 3056 681 signiﬁcans,
3116 628 3298 682 supra
3333 615 3520 681 natas,
3568 616 3627 667 at
3682 610 3779 666 hic

2130 697 2353 768 angelis
2386 704 2601 769 nuptas
2635 721 2662 748 ››
2686 700 2895 771 (Idem,
2930 701 3000 755 De
3037 701 3243 769 Virgin.
3278 700 3493 756 vetand.
3540 717 3667 772 cap.
3697 701 3773 771 7).

2130 786 2264 840 Ideo
2296 786 2475 859 igitur
2520 786 2858 859 angelorum
2913 789 3418 859 praevaricatorum
3485 790 3781 845 matrimo-

2131 874 2294 929 nium
2355 876 2643 948 appellat:
2679 878 2816 947 quia
2852 877 2932 931 illi
2964 877 3111 932 ﬁlias-
3144 878 3450 933 hominum
3512 895 3625 933 non
3666 896 3777 933 nu-

2131 969 2282 1035 ptas,
2318 965 2417 1018 sed
2454 964 2706 1037 virgines
2738 971 3143 1037 sumpserunt,
3176 971 3233 1022 et
3264 966 3477 1022 idcirco
3530 984 3634 1023 nec
3665 967 3779 1040 ipsi

2130 1050 2380 1106 adulteri
2413 1060 2713 1109 vocantur.

2200 1140 2396 1211 Neque
2419 1146 2613 1197 tamen
2649 1143 2756 1198 hoc
2791 1144 3236 1199 matrimonium
3267 1144 3493 1200 licitum
3527 1144 3778 1217 putavit,

2129 1230 2229 1283 sed
2273 1229 2544 1285 illicitum
2597 1231 2765 1302 plane
2824 1250 2890 1287 ac
2938 1233 3275 1298 scelestum,
3339 1239 3573 1305 propter
3621 1235 3777 1307 quod

2128 1317 2364 1374 feminis
2404 1318 2723 1390 ignominia
2769 1322 3034 1390 accessit,
3092 1327 3149 1377 et
3180 1322 3403 1393 angelis
3455 1322 3772 1380 damnatio.

2128 1407 2517 1472 Quamobrem
2570 1408 2682 1463 alio
2710 1408 2805 1464 ille
2847 1410 2904 1464 in
2964 1409 3147 1467 libro:
3196 1412 3498 1481 «Sciebat,
3558 1412 3772 1484 inquit,

2128 1502 2184 1551 et
2222 1496 2539 1567 Apostolus
2570 1499 2628 1551 in
2660 1498 2821 1554 caelis
2838 1504 3075 1570 operata
3105 1516 3233 1555 esse
3252 1498 3543 1571 spiritalia
3568 1500 3775 1568 nequi-

2126 1584 2220 1639 tias
2247 1585 2587 1657 angelorum
2610 1586 3141 1643 scandalizatorum
3166 1588 3223 1643 in
3241 1588 3392 1645 ﬁlias
3414 1588 3723 1644 hominum
3746 1610 3767 1640 ι

2126 1675 2329 1745 (Idem,
2358 1674 2571 1731 advers.
2602 1676 2871 1732 Marcion.
2892 1676 2993 1732 lib.
3022 1694 3076 1745 v,
3099 1695 3226 1749 cap.
3263 1679 3371 1749 18).
3413 1682 3488 1733 At
3545 1679 3617 1733 de
3666 1678 3775 1734 hoc

2126 1764 2452 1820 facinoroso
2490 1782 2800 1836 pravorum
2825 1764 3168 1839 angelorum
3191 1783 3325 1822 cum
3384 1766 3618 1822 ﬁliabus
3672 1767 3777 1823 ho-

2127 1853 2350 1907 minum
2386 1854 2783 1923 matrimonio,
2819 1872 2922 1909 seu
2947 1856 3142 1927 potius
3177 1873 3307 1911 vero
3338 1860 3566 1927 stupro,
3619 1856 3771 1912 haud

2128 1940 2308 1997 semel
2357 1942 2791 2014 disputavimus
2835 1960 2970 1999 cum
3004 1946 3061 1999 in
3121 1950 3322 2001 nostra
3368 1946 3439 2001 de
3496 1938 3781 2002 Lactantii

2126 2030 2410 2101 Operibus
2439 2032 2874 2103 dissertatione,
2919 2038 3043 2089 tum
3078 2034 3210 2090 aliis
3261 2035 3317 2090 in
3368 2035 3509 2091 locis
3545 2035 3623 2090 ibi
3674 2036 3779 2091 ad-

2128 2120 2343 2175 notatis
2402 2121 2703 2192 (Dissertat.
2769 2124 2827 2177 in
2882 2123 3134 2179 Lactant.
3186 2140 3316 2195 cap.
3398 2124 3490 2193 20,
3579 2128 3685 2180 art.
3744 2124 3778 2179 3

2126 2213 2183 2264 et
2214 2210 2290 2280 4).

2198 2299 2415 2364 Quinto
2439 2300 2676 2355 tandem
2730 2318 2793 2355 ac
2830 2310 3121 2372 postremo
3177 2302 3302 2357 loco
3345 2303 3777 2358 observandum

2126 2393 2418 2458 superest,
2448 2388 2878 2444 Tertullianum
2911 2391 2968 2444 in
3002 2392 3343 2463 Apotogetico
3390 2391 3509 2447 ulla
3557 2392 3780 2462 absque

2125 2475 2489 2532 haesitatione
2542 2494 2908 2534 asseverasse
2964 2496 3031 2533 ex
3091 2480 3325 2535 illorum
3366 2485 3775 2551 corruptorum

2124 2566 2463 2637 angelorum
2482 2583 2615 2622 cum
2642 2566 2878 2623 ﬁliabus
2909 2568 3215 2624 hominum
3240 2569 3553 2625 concubitu
3586 2573 3774 2624 ortam

2125 2655 2304 2711 fuisse
2350 2656 2767 2727 corruptiorem
2818 2663 3051 2729 gentem
3112 2660 3467 2714 daemonum.
3536 2660 3612 2714 At
3658 2675 3773 2714 non

2124 2747 2380 2803 minores
2414 2748 2647 2819 quidem
2672 2748 2728 2803 in
2753 2748 2884 2818 hac,
2919 2766 3094 2821 quam
3131 2749 3246 2805 alia
3301 2752 3372 2806 de
3421 2750 3766 2822 angelorum

2123 2854 2255 2892 cum
2310 2837 2543 2892 feminis
2628 2839 2999 2895 matrimonio
3055 2840 3327 2912 opinione
3394 2840 3767 2895 difficultates

2121 2930 2452 2981 occurrunt.
2492 2927 2599 2981 Eas
2624 2932 2815 2983 autem
2841 2933 3075 2998 augent,
3103 2946 3227 3000 quae
3266 2928 3363 2985 ille
3420 2930 3489 2983 de
3539 2945 3764 2985 eorum-

2120 3014 2251 3068 dem
2290 3015 2847 3086 deemonum,atque
2877 3018 3021 3071 811
3090 3018 3429 3089 angelorum
3486 3018 3603 3072 sive
3662 3018 3763 3073 bo-

2120 3119 2352 3168 norum,
2378 3104 2497 3158 sive
2527 3103 2809 3158 malorum
2830 3112 3040 3160 natura
3063 3106 3331 3161 decernit.
3367 3108 3500 3171 Quae
3524 3107 3762 3178 quidem

2120 3192 2291 3248 nobis
2322 3193 2601 3264 primum,
2627 3198 2683 3248 et
2711 3194 2826 3249 alia
2882 3195 3091 3250 deinde
3139 3196 3548 3267 investiganda
3596 3200 3755 3251 sunt.

2730 3352 3039 3391 ARTICULUS
3080 3354 3140 3391 ll.

2121 3443 2312 3499 Utrum
2344 3442 2713 3514 Tertullianus
2734 3442 3035 3514 crediderit
3081 3443 3438 3514 spirituatem
3489 3459 3601 3499 esse
3651 3459 3763 3498 om-

2188 3517 2346 3585 nium
2368 3511 2695 3582 angelorum
2725 3518 2775 3568 et
2830 3511 3146 3570 daemonum
3203 3520 3458 3570 naturam
3477 3534 3495 3570 :
3553 3518 3763 3585 quanta

2187 3601 2249 3657 ea
2288 3584 2353 3638 de
2408 3601 2465 3639 re
2504 3595 2723 3657 propter
2778 3586 3018 3641 istorum
3063 3604 3135 3641 ex
3180 3590 3360 3656 pravis
3415 3584 3655 3657 angelis,
3713 3593 3764 3642 et

2191 3656 2478 3730 hominum
2496 3655 2722 3726 ﬁliabus
2751 3660 3029 3725 ariginem
3059 3655 3364 3730 difﬁcultas
3391 3676 3402 3712 :
3426 3655 3506 3713 de
3541 3676 3763 3715 corum-

2188 3728 2309 3783 dcm
2338 3729 2649 3784 daemonum
2683 3730 2926 3797 invidia;
2961 3748 3066 3801 qua
3098 3728 3152 3785 in
3213 3731 3519 3797 hominum,
3566 3732 3765 3801 quibus
3866 3798 3873 3801 _

2189 3800 2393 3855 subditi
2414 3803 2558 3870 sunt,
2587 3803 2891 3871 perniciem
2910 3800 3246 3873 conspirant.

2192 3945 2369 3999 Suam
2403 3944 2473 3997 de
2503 3943 2729 4015 angelis
2777 3950 2833 4000 et
2888 3945 3253 4001 daemonibus
3302 3945 3761 4015 disputationem

2118 4032 2210 4087 his
2267 4032 2661 4088 Tertullianus
2715 4033 2771 4086 in
2829 4034 3165 4105 Apotogetico
3218 4034 3409 4089 verbis
3474 4034 3757 4089 inchoat:

2120 4122 2431 4177 «Dicimus
2459 4138 2587 4177 esse
2644 4124 3011 4178 substantias
3070 4123 3355 4196 quaedam
3413 4122 3756 4194 spiritales»

2119 4210 2484 4280 ('l‘ertullian.
2517 4211 2939 4283 Apotoget.cap.
2969 4213 3058 4266 22.
3088 4229 3215 4283 pag.
3243 4213 3386 4279 404).
3449 4212 3509 4266 In
3579 4227 3756 4283 supe-

2116 4298 2250 4353 riori
2285 4303 2481 4353 autem
2542 4298 2786 4353 articulo
2833 4300 3057 4354 dictum
3115 4300 3367 4355 vidimus
3426 4301 3496 4355 de
3541 4302 3759 4356 Satana

2115 4388 2569 4455 eminentissimo,
2592 4390 2652 4441 ut
2684 4387 2808 4456 ipse
2857 4388 2958 4455 ait,
3004 4390 3346 4458 angelorum,
3407 4399 3456 4446 et
3521 4390 3756 4444 archan-

2111 4476 2247 4545 geto,
2273 4476 2426 4547 quod
2459 4492 2491 4530 a
2522 4482 2633 4530 er
2689 4476 2853 4530 liberi
2908 4476 3144 4533 arbitrii
3195 4481 3518 4534 constitutus
3552 4480 3643 4543 sit,
3698 4480 3757 4532 ut

2111 4566 2343 4635 spiritus
2388 4564 2594 4636 (Idem,
2648 4564 2746 4620 lib.
2800 4581 2837 4619 ιι
2902 4566 3116 4624 advers.
3161 4569 3434 4623 Marcion.
3492 4585 3618 4639 cap.
3676 4569 3754 4639 7).

345 4676 453 4714 cur
474 4675 633 4731 ergo,
666 4657 896 4729 inquiet
927 4656 1162 4728 aliquis,
1196 4655 1340 4711 illud
1392 4654 1742 4727 simpliciter
1795 4658 1999 4711 matri-
2033 4639 2078 4702 Ῑ)
2111 4654 2326 4710 Omnes
2360 4671 2489 4708 vero
2512 4653 2773 4724 angelos,
2807 4655 2958 4708 sicut
2980 4654 3076 4710 ille
3107 4656 3298 4710 adhuc
3337 4657 3542 4711 scribit
3583 4656 3753 4726 (Ibid.

350 4751 601 4805 monium
628 4747 833 4814 carnis,
866 4764 982 4803 non
1007 4750 1202 4801 autem
1251 4744 1538 4800 nefarium
1602 4749 1875 4816 stuprum
1929 4746 2002 4801 ab

348 4837 449 4893 illo
478 4837 764 4893 vocatur?
791 4836 983 4892 Cuivis
1016 4834 1234 4907 itaque,
1267 4834 1322 4889 id
1364 4851 1398 4889 a
1429 4834 1595 4890 nobis
1656 4833 2000 4905 postulanti,

348 4925 440 4980 his
472 4925 964 4996 respondebimus
998 4924 1359 4995 totidemque
1409 4923 1721 4995 ipsiusmet
1769 4922 2000 4979 Tertul-

344 5013 488 5067 liani
519 5014 711 5068 verbis
741 5030 754 5068 :
780 5038 807 5064 «
838 5013 1170 5084 Conspicati
1203 5012 1304 5067 ﬁlii
1341 5013 1439 5068 Dei
1494 5012 1649 5068 ﬁlias
1690 5012 1999 5067 hominum

349 5102 505 5172 quod
539 5101 795 5172 pulchrae
837 5108 1064 5169 essent,
1106 5105 1458 5173 acceperunt
1512 5101 1621 5157 sibi
1678 5118 1882 5157 uxores
1930 5118 2000 5157 ex

346 5190 622 5246 omnibus
654 5207 802 5261 quas
836 5191 1234 5262 legerunt.Hic
1257 5192 1413 5246 enim
1438 5207 1648 5246 nomen
1683 5191 1997 5246 mulierum

350 5280 615 5335 Graecum
651 5295 861 5335 uxores
892 5279 1081 5350 sapit;
1107 5279 1245 5351 quia
1276 5281 1345 5335 de
1376 5279 1599 5351 nuptiis
1633 5278 1853 5335 mentio
1885 5284 1994 5335 est.

345 5370 489 5425 Cum
520 5367 827 5440 ergoﬁlias
861 5366 1168 5423 hominum
1210 5368 1369 5437 dicit,
1403 5367 1711 5423 manifeste
1741 5366 1995 5439 virgines

345 5457 658 5531 portendit,
694 5474 817 5528 quae
843 5456 1034 5512 adhuc
1060 5459 1211 5529 apud
1256 5463 1528 5530 parentes
1573 5459 1997 5529 deputarentur

343 5549 498 5620 (nam
534 5547 754 5618 nuptiai
785 5546 1131 5602 maritorum
1167 5547 1603 5618 nuncupantur)
1627 5563 1759 5602 cum
1790 5550 1992 5618 potue-

2111 4742 2315 4814 lih.1u,
2352 4760 2478 4814 cap.
2539 4742 2683 4813 9):«
2731 4745 2854 4798 Tam
2894 4761 3017 4799 vere
3057 4756 3270 4801 creator
3325 4748 3552 4818 spiritus
3608 4748 3759 4817 fecit,

2110 4850 2277 4904 quam
2329 4834 2672 4903 apparitores
2726 4850 2848 4889 suos
2910 4836 3091 4904 ignem
3144 4838 3530 4906 ﬂagrantem»
3581 4836 3753 4905 (Psat.

2109 4939 2209 4978 cur
2248 4940 2261 4990 ;
2322 4922 2484 4977 Hebr.
2519 4941 2557 4989 ι,
2597 4922 2670 4993 7).
2707 4922 3021 4994 Nunquam
3076 4924 3254 4995 igitur
3301 4926 3589 4982 dubitavit
3636 4928 3755 4980 An-

2109 5011 2269 5084 gelos
2316 5028 2519 5067 omnes
2585 5027 2713 5066 esse
2781 5012 3046 5084 spiritus,
3107 5030 3174 5069 ac
3228 5015 3553 5086 spiritalem
3628 5030 3757 5070 esse

2108 5100 2341 5156 illorum
2366 5101 2783 5158 substantiam.

2177 5191 2283 5246 Sed
2314 5190 2372 5244 in
2406 5189 2857 5246 controversiam
2918 5195 3159 5247 vocatur
3196 5192 3334 5264 quid
3380 5192 3477 5247 illo
3524 5192 3758 5262 spiritu:

2108 5281 2344 5335 nomine
2412 5279 2722 5352 intelligat,
2784 5297 2854 5335 an
2924 5281 3317 5337 substantiam
3356 5282 3428 5336 ab
3485 5281 3645 5336 omni
3693 5298 3755 5336 re

2105 5385 2379 5441 corporea
2408 5386 2648 5440 prorsus
2681 5367 3135 5436 distinctam,vel
3160 5387 3372 5441 corpus
3404 5368 3639 5439 aliquod
3667 5372 3750 5424 te-

2106 5457 2461 5514 nuissimum
2481 5475 2546 5512 ac
2569 5458 3051 5527 subtilissimum,
3071 5458 3223 5528 quod
3245 5474 3475 5513 omnem
3495 5457 3753 5514 hominis

2104 5556 2404 5619 aspectum
2440 5547 2643 5619 fugiat.
2678 5551 2791 5601 Nec
2840 5546 3075 5601 difﬁteri
3136 5546 3371 5617 quidem
3432 5563 3751 5619 possumus

345 5639 422 5694 rit
452 5637 669 5693 dixisse
703 5654 909 5694 uxores
939 5636 1247 5693 hominum
1283 5657 1295 5694 :
1331 5654 1493 5710 aeque
1526 5654 1639 5692 non
1698 5636 1992 5694 adulteros
2101 5637 2253 5693 hanc
2275 5636 2755 5708 disceptationem
2791 5651 2901 5689 non
2936 5651 3107 5705 posse
3144 5634 3310 5690 facile
3363 5653 3397 5691 a
3452 5652 3750 5708 quoquam

344 5726 657 5785 nominans
689 5726 1075 5799 angelos,sed
1109 5725 1375 5800 maritos,
1410 5727 1551 5787 dum
1583 5726 1865 5800 innuptas
1887 5743 1991 5786 su-

2102 5726 2319 5786 dirimi.
2352 5725 2501 5795 Quid
2538 5729 2729 5783 tamen
2760 5725 2831 5781 de
2856 5723 2964 5781 hac
3021 5724 3358 5784 Tertulliani
3399 5725 3581 5784 nostri
3632 5726 3753 5801 opi-
