4158 6334
474 361 593 422 959

1016 357 1542 420 TERTULLIANI
1585 356 1907 420 OPERUM
1951 357 2152 419 PARS
2193 359 2637 420 I.-—SERIES
2683 361 2731 431 Ι,
2775 353 3336 420 APOLOGETICA.

3745 347 3883 410 960

474 494 647 549 nione
696 491 911 548 certius
973 491 1216 563 proferri
1257 489 1458 560 possit,
1516 488 1814 560 explorare
1869 490 2114 545 tentabi-
2142 492 2196 559 Α
2228 494 2461 546 tuerant
2489 490 2733 556 edendo,
2768 492 2826 546 et
2876 488 3154 554 bibendo,
3183 489 3243 541 et
3271 484 3446 557 pedes
3469 482 3699 538 lavacro
3732 496 3879 552 por-

473 598 627 638 mus.

546 670 803 724 Primum
837 669 1037 738 itaque
1083 667 1498 721 advertendum
1559 671 1649 722 est
1683 668 1972 738 quomodo
2019 666 2114 722 ille

476 760 756 816 adversus
787 756 1110 822 hmreticos,
1131 756 1227 826 qui
1259 760 1627 827 assumptum
1658 774 1691 811 a
1733 756 1961 811 Christo
2012 773 2112 813 ve-

476 863 605 901 rum
639 862 852 917 corpus
887 845 1199 914 negabant,
1234 844 1489 915 disputet
1518 861 1835 916 eorumque
1891 846 2114 901 refellat

473 950 753 990 errorem.
786 932 1047 988 Haeretici
1073 937 1265 988 autem
1289 932 1370 986 illi
1418 932 1678 1004 exemplo
1730 933 2107 1005 Angelorum,

475 1023 571 1094 qui
602 1022 765 1090 olim,
799 1038 972 1076 carne
1012 1020 1270 1076 humana
1294 1021 1510 1087 vestiti,
1557 1021 1902 1092 patriarchis
1931 1040 2107 1094 appa-

472 1110 662 1166 ruisse
683 1107 1075 1180 perhibentur,
1107 1109 1433 1164 inferebant
1456 1125 1557 1164 nec
1587 1126 1802 1177 veram,
1844 1127 1949 1165 nec
2006 1129 2106 1166 na-

473 1204 594 1254 tam
629 1198 811 1252 fuisse
836 1198 1048 1252 Christi
1069 1214 1323 1252 carnem.
1356 1203 1430 1252 At
1449 1197 1842 1253 Tertullianus
1871 1200 2104 1271 angelo-

476 1305 627 1358 rum,
663 1304 775 1342 non
810 1303 943 1343 vero
974 1287 1187 1341 Christi
1218 1301 1450 1342 carnem
1492 1293 1685 1342 natam
1711 1303 1840 1344 esse
1869 1293 2105 1343 conten-

477 1379 596 1445 dit;
630 1375 765 1447 quia
791 1392 908 1430 non
932 1375 1012 1440 hi,
1044 1377 1144 1431 sed
1178 1375 1443 1430 Christus
1479 1380 1652 1453 natus
1708 1382 1817 1446 est,
1860 1381 1925 1431 ut
1975 1394 2106 1432 cru-

476 1467 826 1537 ciﬁgeretur,
853 1482 915 1519 ac
956 1469 1306 1521 moreretur:
1346 1485 1367 1511 α
1419 1465 1557 1520 Nam
1613 1471 1860 1531 constat,
1913 1467 2107 1538 inquit

475 1554 712 1627 angelos
764 1570 995 1609 carnem
1051 1568 1166 1609 non
1226 1554 1517 1624 propriam
1575 1558 1852 1626 gestasse,
1907 1558 2106 1627 utpote

475 1649 719 1700 naturas
748 1643 841 1714 (al.
874 1644 1108 1711 naturae)
1131 1643 1468 1697 substantiae
1501 1643 1780 1714 spiritalis
1823 1644 1931 1699 etsi
1980 1661 2104 1700 cor-

472 1732 630 1805 poris
653 1731 924 1802 alicujus,
956 1731 1047 1786 sui
1079 1734 1270 1786 tamen
1305 1732 1572 1802 generis:
1607 1733 1662 1786 in
1709 1749 1939 1788 carnem
1999 1750 2106 1788 au-

469 1825 588 1877 tem
620 1819 1126 1891 transfigurabiles
1156 1821 1227 1874 ad
1257 1823 1508 1892 tempus,
1529 1825 1594 1876 ut
1623 1821 1803 1876 videri
1857 1827 1915 1878 et
1969 1838 2104 1878 con-

472 1909 633 1981 gredi
656 1925 787 1964 cum
820 1908 1157 1964 hominibus
1187 1915 1444 1979 possent.
1473 1932 1501 1960 »
1528 1910 1791 1980 (Tertull.
1814 1911 1888 1966 de
1940 1911 2100 1966 Cum.

474 1997 670 2054 Christ.
698 2014 825 2069 cap.
856 1998 931 2069 6).
956 1998 1187 2052 Fatetur
1240 2013 1375 2069 ergo
1433 1998 1542 2054 hos
1581 1999 1818 2071 angelos
1866 2017 2100 2055 assum-

471 2087 660 2160 psisse
679 2087 749 2142 ad
780 2091 1009 2158 tempus
1036 2087 1354 2143 humanam
1388 2103 1644 2156 carnem,
1676 2105 1802 2159 qus:
1864 2090 2099 2161 quidem

469 2175 752 2247 etsivera,
785 2193 898 2231 non
959 2175 1190 2248 propria
1244 2182 1440 2232 tamen
1481 2181 1606 2233 erat
1654 2177 1886 2234 illorum
1944 2196 2100 2250 caro,

469 2274 607 2347 quia
637 2273 860 2347 utiipse
890 2274 1043 2328 haud
1079 2273 1415 2330 dubitanter
1465 2276 1737 2339 afﬁrmat,
1817 2276 2100 2348 spiritalis

469 2367 561 2419 est
583 2379 783 2420 eorum
817 2363 1165 2420 substantia.
1199 2363 1413 2419 Verum
1445 2365 1722 2436 quoniam
1743 2365 1826 2420 vel
1859 2366 1984 2437 ipse
2015 2366 2100 2422 vel

471 2452 570 2508 alii
627 2453 882 2508 dubitari
941 2470 1112 2525 posse
1162 2453 1554 2524 opinabantur
1604 2459 1803 2509 utrum
1855 2455 2100 2526 aliquid,

469 2545 535 2598 ut
565 2542 834 2614 superius
857 2541 1263 2598 adnotavimus
1321 2543 1523 2614 (supra
1577 2560 1702 2614 cap.
1760 2544 1815 2610 7,
1873 2549 1979 2600 art.
2024 2545 2101 2615 3),

468 2636 624 2687 esset
655 2631 909 2687 medium
941 2633 1092 2687 inter
1121 2648 1330 2702 corpus
1360 2636 1415 2686 et
1471 2631 1636 2697 nihil,
1695 2631 1832 2687 hinc
1876 2633 1974 2687 ille
2031 2649 2105 2689 ne

471 2720 655 2776 ullum
689 2719 996 2776 cavillandi
1029 2720 1222 2775 locum
1256 2722 1554 2792 praeberet,
1587 2721 1666 2776 ibi
1715 2722 1946 2793 adjecit,
2002 2725 2106 2778 etsi

469 2811 719 2880 corporis
747 2809 1117 2880 alicujus,sui
1147 2815 1327 2865 tamen
1348 2810 1585 2880 generis,
1633 2811 1872 2881 perinde
1931 2828 1996 2866 ac
2052 2813 2102 2867 si

469 2897 745 2954 dixisset:
803 2898 857 2952 Si
918 2898 1050 2970 quis
1107 2898 1462 2971 pertinacius
1515 2901 1825 2955 contendat
1870 2917 2102 2956 omnem

467 2988 703 3042 omnino
734 2987 1124 3043 substantiam
1179 2988 1331 3044 872
1393 3004 1520 3044 esse
1576 3005 1785 3060 corpus
1843 2989 2102 3062 aliquod,

466 3094 622 3132 nunc
662 3094 776 3133 non
807 3077 1067 3150 litigabo,
1123 3079 1295 3134 modo
1354 3079 1496 3134 mihi
1555 3081 1906 3136 concedatur
1961 3081 2100 3135 sub-

469 3165 746 3223 stantiam
777 3167 1123 3240 angelicam,
1156 3167 1206 3223 si
1241 3167 1383 3224 forte
1414 3169 1492 3224 sit
1522 3186 1752 3241 corpus,
1791 3185 1915 3225 eam
1974 3187 2103 3227 esse

2224 580 2499 652 rigendo:
2543 581 2863 635 humanam
2904 578 3060 634 enim
3098 577 3412 633 induerant
3469 571 3879 644 superﬁciem,

2223 668 2556 725 salvaintus
2585 667 2933 737 Isubstantia
2963 688 2992 717 »
3042 667 3246 738 (Idem,
3303 665 3374 720 de
3425 665 3649 718 Resurr.
3707 675 3877 714 cam.

2221 776 2349 832 cap.
2381 762 2493 832 62).
2525 761 2799 824 Quaenam
2823 768 3015 814 autem
3043 757 3216 813 t'uerit
3248 755 3348 810 illa
3404 752 3638 824 propria
3687 768 3880 824 ange-

2221 851 2410 906 lorum
2443 851 2778 905 substantia
2806 853 2862 904 et
2914 853 3144 914 natura,
3203 845 3313 900 sub
3355 844 3615 897 humana
3671 841 3878 911 efﬁgie

2221 939 2588 1006 delitescens,
2619 942 2865 1011 ipsemet
2894 938 3107 992 ibidem
3131 935 3217 991 sio
3264 931 3544 1004 explicat:
3606 953 3632 979 «
3656 929 3875 1001 Angeli

2220 1030 2374 1098 facti,
2406 1035 2685 1100 tanquam
2711 1029 3000 1095 homines,
3029 1028 3085 1081 in
3119 1025 3320 1081 eadem
3358 1019 3688 1077 substantia
3737 1019 3873 1089 spi-

2218 1120 2366 1175 ritus
2385 1119 2678 1174 carnalem
2704 1118 3108 1173 tractationem
3140 1113 3550 1183 susceperunt,
3587 1131 3607 1156 ι»
3673 1107 3872 1178 (Ιὺὶἀ.)

2215 1209 2286 1261 At
2317 1208 2530 1279 quibus
2591 1207 2800 1262 amabo
2847 1210 2924 1275 te,
2957 1202 3304 1260 clarioribus
3359 1198 3552 1253 verbis
3612 1195 3868 1266 exprimi

2217 1301 2443 1369 poterat
2473 1296 2712 1368 angelos
2748 1312 2878 1352 vere
2921 1308 3050 1348 esse
3096 1289 3363 1363 spiritus,
3422 1291 3479 1342 et.
3534 1284 3868 1357 spiritalem

2216 1402 2417 1440 eorum
2480 1391 2748 1440 naturam
2809 1382 2955 1438 nihil
3018 1395 3256 1453 prorsus
3313 1375 3618 1432 admittere
3679 1372 3870 1427 ullius

2216 1476 2490 1542 materies,
2524 1479 2581 1530 et
2615 1472 2872 1546 corporis
2896 1474 2923 1526 ?

2285 1565 2417 1628 Quae
2450 1580 2618 1635 porro
2670 1563 2952 1617 hactenus
3011 1556 3342 1618 retulimus,
3401 1551 3522 1606 haec
3562 1549 3630 1605 ad
3707 1565 3868 1613 eam,

2215 1671 2330 1726 qua
2359 1670 2562 1709 omnes
2586 1651 2776 1724 angeli
2808 1651 2984 1707 creati
3033 1651 3191 1712 sunt,
3250 1648 3519 1700 naturam
3567 1641 3865 1710 spectant,

2215 1758 2390 1812 quam
2418 1741 2514 1796 ille
2545 1741 2691 1796 satis
2720 1743 2915 1810 aperte
2946 1735 3158 1792 asserit
3185 1749 3314 1790 esse
3343 1726 3690 1802 spiritalem,
3739 1725 3861 1780 nisi

2213 1829 2364 1885 hanc
2393 1831 2742 1886 sententiam
2775 1828 2847 1884 iis
2878 1843 3008 1899 quae
3037 1827 3108 1880 de
3129 1822 3323 1896 pravis
3360 1817 3583 1890 angelis
3639 1818 3697 1870 et
3736 1814 3858 1869 daa-

2213 1920 2488 1975 monibus
2519 1919 2794 1991 prodidit,
2827 1923 3108 1988 tanquam
3139 1917 3268 1968 atra
3299 1909 3555 1983 quadam
3578 1903 3858 1976 caligine,

2215 2016 2268 2062 et
2298 2007 2496 2062 densis
2518 2008 2773 2063 tenebris
2802 2007 2989 2062 offusa
3045 1998 3495 2059 obscuravisset.
3553 1994 3701 2050 Nam
3752 2006 3858 2046 eos

2210 2113 2413 2152 omnes
2444 2113 2557 2152 non
2580 2113 2749 2153 secus
2779 2111 2845 2151 ac
2877 2097 3058 2151 bonos
3090 2090 3328 2164 angelos
3356 2092 3518 2144 vocat
3576 2081 3846 2156 spiritus.

2209 2185 2406 2255 Neque
2431 2184 2487 2240 id
2520 2186 2764 2256 probatu
2785 2182 3042 2239 difﬁcile.
3091 2180 3220 2236 Jam
3257 2176 3414 2234 enim
3455 2172 3850 2229 observatum

2211 2279 2300 2330 est
2327 2274 2396 2328 de
2417 2274 2689 2328 omnibus
2713 2271 3031 2344 generatim
3073 2273 3194 2322 tam
3244 2263 3434 2329 bonis,
3495 2275 3672 2331 quam
3730 2271 3855 2312 ma-

2211 2364 2283 2418 lis
2312 2362 2535 2434 angelis
2566 2362 2761 2418 abillo
2788 2361 3069 2430 scriptum
3097 2375 3108 2412 :
3165 2354 3472 2410 «Dicimus
3530 2364 3659 2404 esse
3717 2345 3851 2402 sub-

2213 2453 2458 2508 stantias
2491 2452 2776 2521 quasdam
2808 2447 3120 2522 spiritales.
3148 2467 3176 2495 »
3194 2448 3403 2498 Postea
3427 2455 3560 2495 vero
3583 2441 3640 2493 et
3660 2435 3857 2491 adhuc

2211 2543 2544 2614 expressius
2575 2559 2588 2598 :
2619 2565 2638 2592 α
2666 2540 2868 2597 Omnis
2902 2537 3144 2610 spiritus
3193 2533 3333 2602 ales,
3392 2530 3500 2585 hoc
3558 2533 3617 2583 et
3660 2523 3854 2596 angeli

2212 2638 2268 2688 et
2297 2633 2588 2687 daemones
2614 2653 2635 2681 ι
2663 2632 2869 2699 (Idem,
2892 2627 3174 2700 Apologet.
3223 2639 3348 2694 cap.
3381 2621 3471 2688 22,
3515 2633 3647 2690 pag.
3702 2615 3855 2686 404).

2211 2729 2439 2780 Rursus
2471 2729 2661 2779 autem
2691 2738 2703 2776 :
2730 2743 2756 2772 «
2817 2718 3018 2792 Angeli
3067 2721 3125 2774 et
3166 2716 3460 2770 daamones
3518 2705 3857 2764 substantia

2213 2813 2455 2883 pessimi
2483 2811 2726 2883 spiritus
2751 2809 3125 2881 »(lbid.cap.
3184 2804 3274 2858 39.
3327 2816 3377 2856 c.
3437 2797 3584 2869 1108).
3639 2799 3852 2850 Pravo-

2212 2919 2343 2958 rum
2377 2918 2611 2974 quoque
2639 2900 2978 2972 angelorum
3011 2896 3302 2968 princeps,
3336 2890 3406 2946 de
3431 2905 3543 2960 quo
3578 2887 3637 2941 in
3673 2900 3852 2956 supe-

2211 2993 2349 3049 riori
2394 2991 2638 3048 articulo
2674 2991 2950 3054 diximus,
3008 2987 3080 3042 ab
3133 3001 3199 3040 eo
3246 2983 3503 3043 vocatur,
3557 2975 3854 3047 «spiritus

2211 3083 2579 3138 daamoniacaa
2612 3085 2669 3137 et
2698 3077 2971 3151 angelicae
3002 3078 3287 3148 paraturae
3320 3091 3347 3120 »
3370 3067 3538 3138 (Ibid.
3573 3080 3700 3135 cap.
3758 3065 3852 3131 27,

2212 3189 2260 3228 ο.
2295 3175 2439 3244 433),
2471 3173 2528 3227 id
2561 3176 2670 3236 est,
2705 3169 2968 3242 spiritus,
3003 3164 3449 3237 quidaemonum
3509 3160 3564 3211 et
3622 3152 3855 3244 angelo:

462 3273 674 3327 corpus
705 3255 796 3312 sui
828 3257 1080 3330 generis.
1111 3259 1182 3312 At
1205 3258 1465 3328 corporis
1496 3259 1730 3315 nomine
1759 3276 1874 3314 non
1921 3257 2102 3330 aliud,
2135 3259 2178 3327 Ο
2216 3278 2345 3316 rum
2378 3242 2556 3317 habet
2601 3259 2753 3314 878
2803 3254 3218 3328 dispositiones
3259 3254 3315 3304 et
3360 3244 3696 3318 qualitates.
3742 3242 3853 3296 Sed

463 3349 529 3401 ut
578 3345 715 3401 alibi
758 3346 1011 3402 vidimus
1059 3348 1180 3416 (loc.
1231 3347 1370 3419 βίω,
1422 3348 1734 3420 signiﬁcat,
1805 3348 1915 3403 nisi
1982 3365 2103 3404 rem

466 3434 791 3506 quamlibet
820 3437 1190 3492 exsistentem
1221 3441 1278 3493 et
1310 3454 1436 3507 quae
1494 3438 1576 3492 rei
1608 3454 1721 3492 non
1782 3437 2101 3508 exsistenti,

467 3529 524 3580 et
554 3523 736 3579 nihilo
759 3525 1086 3597 opponitur.
1121 3523 1322 3580 Nonne
1352 3541 1488 3597 ergo
1534 3524 1725 3596 colligi
1779 3525 1935 3581 haud
2004 3527 2103 3581 ab-

470 3609 646 3664 surde
677 3611 811 3667 hinc
839 3617 1028 3684 potest
1057 3612 1226 3670 illum
1284 3614 1709 3671 existimavisse
1761 3614 2102 3686 angelorum

471 3704 740 3754 naturam
764 3718 891 3757 esse
941 3719 1095 3758 mere
1153 3704 1500 3776 spiritalem,
1543 3721 1666 3776 quae
1725 3709 1920 3760 tamen
1976 3704 2104 3759 ideo

469 3804 683 3860 corpus
708 3790 799 3846 sui
830 3793 1060 3862 generis
1094 3793 1282 3849 vocari
1314 3797 1524 3865 potest,
1559 3793 1697 3864 quia
1735 3811 1850 3849 non
1900 3797 1989 3849 est
2018 3793 2103 3848 ni-

469 3877 572 3948 hil,
605 3895 670 3934 ac
701 3896 894 3936 revera
925 3881 1195 3938 exsistit?

540 3984 755 4041 Eodem
787 3987 956 4058 plane
987 3993 1329 4059 argumento
1352 3989 1621 4044 eumdem
1655 3990 1965 4046 Marcionis
2021 4007 2105 4045 er-

469 4089 659 4128 rorem
691 4075 1002 4149 impugnat
1033 4093 1046 4132 :
1075 4100 1102 4128 «
1131 4079 1252 4142 Quo
1285 4077 1492 4150 magis,
1525 4078 1733 4150 inquit,
1768 4079 1950 4148 angeli
2012 4096 2104 4135 ne-

471 4177 582 4233 que
616 4165 686 4219 ad
722 4166 1091 4222 moriendum
1157 4184 1259 4239 pro
1313 4167 1482 4223 nobis
1529 4167 1815 4239 dispositi,
1875 4170 2105 4225 brevem

471 4253 664 4307 carnis
696 4260 1087 4310 commeatum
1119 4273 1232 4311 non
1256 4257 1584 4313 debuerunt
1612 4260 1904 4314 nascendo
1951 4275 2106 4315 sum-

471 4340 683 4412 psisse,
739 4344 880 4414 quia
929 4361 1034 4400 nec
1084 4346 1381 4403 moriendo
1437 4348 1756 4419 deposituri
1799 4365 1926 4404 eam
1984 4349 2105 4404 fue-

471 4435 695 4486 rant....
723 4431 780 4488 Si
809 4436 1041 4488 Creator
1068 4435 1458 4508 facilangelos
1505 4437 1769 4509 spiritus,
1823 4443 1880 4493 et
1929 4455 2106 4510 appa-

471 4521 680 4576 ritores
707 4537 847 4577 suos
878 4523 1072 4594 ignem
1107 4524 1613 4597 ﬂagrantem,tam
1654 4543 1783 4583 vere
1840 4527 2105 4598 spiritus,

2213 3351 2284 3407 de
2314 3351 2423 3407 hoc
2455 3350 2692 3406 nomine
2708 3348 2899 3404 adhuc
2923 3345 3074 3401 intra
3104 3339 3349 3398 articulo
3381 3333 3672 3408 sequenti.

2285 3457 2433 3522 Quid
2465 3474 2618 3524 vero,
2653 3456 2806 3527 quod
2840 3469 3019 3524 supra
3048 3449 3301 3505 vidimus
3329 3446 3473 3516 (Art.
3518 3440 3742 3512 super.)
3783 3440 3854 3494 ab

2213 3547 2414 3603 eodem
2446 3547 2573 3618 ipso
2601 3544 2955 3601 Tertulliano
2987 3540 3200 3596 diserte
3230 3530 3595 3608 pronuntiari
3618 3534 3676 3587 et
3699 3529 3859 3584 hunc

2214 3639 2512 3707 Satanam,
2535 3641 2592 3692 et
2617 3639 2852 3690 caeteros
2884 3646 3086 3688 omnes
3117 3627 3354 3696 angelos
3385 3639 3594 3696 pravos
3650 3619 3855 3675 eodem

2215 3729 2409 3794 modo,
2451 3742 2567 3798 quo
2621 3728 2677 3781 et
2731 3725 2914 3779 bonos
2970 3723 3191 3776 creatos
3232 3715 3436 3771 fuisse.
3486 3709 3632 3778 Quin
3674 3707 3852 3764 etiam

2213 3818 2504 3885 dwmones,
2534 3814 2727 3886 inquit
2778 3812 2894 3878 ille,
2947 3825 3158 3881 negare
3206 3822 3320 3861 non
3360 3803 3612 3876 possunt
3646 3814 3702 3854 se
3742 3798 3854 3886 im-

2213 3905 2442 3962 mundos
2465 3885 2694 3976 spiritus
2722 3918 2832 3958 esse
2860 3899 3124 3971 (Tertull.
3149 3895 3286 3951 ibid.
3322 3909 3448 3963 cap.
3479 3890 3570 3955 23,
3603 3903 3654 3942 c.
3704 3885 3851 3953 410).

2218 3996 2478 4067 Denique
2509 3994 2823 4050 maximam
2846 3991 2988 4045 dicit
3017 4002 3145 4043 esse
3175 3984 3408 4040 illorum
3439 3977 3854 4041 subtilitatem,

2217 4102 2282 4142 ac
2299 4086 2664 4155 tenuitatem,
2699 4082 2796 4154 qui
2822 4097 2930 4138 sua
2973 4077 3270 4135 alacritate
3321 4077 3635 4142 utramque
3691 4067 3854 4123 inva-

2215 4177 2364 4231 dunt
2391 4175 2650 4232 hominis
2680 4171 3095 4233 substantiam,
3131 4165 3585 4226 unojmomento
3636 4157 3856 4228 ubique

2216 4269 2371 4332 sunt,
2397 4269 2450 4320 et
2492 4268 2650 4320 totus
2696 4268 2984 4318 terrarum
3017 4257 3175 4314 orbis
3213 4269 3368 4310 unus
3419 4251 3503 4307 eis
3535 4253 3625 4306 est
3667 4247 3855 4302 locus-

2217 4356 2497 4411 Praeterea
2531 4376 2552 4403 ι
2597 4349 2938 4416 invisibiles,
2981 4345 3194 4418 inquit,
3254 4347 3312 4399 et
3365 4337 3740 4396 insensibiles
3797 4335 3855 4389 in

2216 4444 2421 4499 eti’ectu
2455 4443 2867 4514 potius,quam
2897 4437 2955 4492 in
2988 4441 3116 4492 actu
3151 4450 3256 4490 suo
3310 4434 3644 4504 apparent»
3695 4424 3853 4496 (Ibid.

2218 4553 2343 4608 cap.
2377 4536 2468 4601 22,
2494 4533 2702 4605 p.406).
2729 4531 2931 4587 Nonne
2962 4531 3154 4584 autem
3187 4525 3306 4580 haec
3333 4521 3532 4578 omnia
3558 4518 3700 4576 satis
3732 4533 3854 4608 ma-

471 4628 643 4681 quam
677 4616 734 4667 et
765 4613 960 4685 ignem
991 4613 1123 4671 illos
1155 4635 1286 4674 vere
1346 4619 1530 4674 facit»
1575 4619 1834 4691 (Tertull.
1895 4620 1996 4676 lib.
2047 4637 2109 4676 in
2139 4630 2185 4695 D
2219 4607 2424 4681 nifeste
2456 4624 2862 4679 demonstrant
2887 4617 3246 4674 Tertulliano
3279 4626 3624 4686 persuasum
3678 4607 3857 4663 fuisse

469 4699 686 4755 advers.
734 4701 992 4758 Marcion.
1054 4721 1180 4777 cap.
1223 4709 1300 4778 9).
1349 4709 1608 4764 Audisne
1650 4725 1824 4780 quam
1911 4713 2108 4781 aperte

469 4787 718 4845 declaret
751 4791 1121 4865 angelos,qui
1154 4795 1411 4852 humana
1444 4798 1627 4852 forma
1659 4798 1729 4852 ab
1762 4797 2107 4870 patriarchis

465 4876 574 4932 visi
606 4883 764 4945 sunt,
787 4885 905 4935 tam
929 4899 1059 4938 vere
1117 4885 1361 4957 spiritus
1411 4886 1612 4953 fuisse,
1680 4903 1855 4957 quam
1913 4903 2106 4942 veram

468 4965 582 5038 ipsi
609 4966 914 5030 hominum
984 4992 1216 5030 carnem
1273 4977 1763 5047 assumpserant?
1808 4977 1930 5033 Non
1969 4995 2108 5049 pro-

473 5056 602 5128 pria
631 5065 829 5116 autem
863 5078 1062 5119 eorum
1109 5069 1232 5120 erat
1289 5081 1441 5132 caro,
1502 5067 1599 5121 sed
1642 5067 1786 5138 ipsis
1834 5068 1903 5121 ad
1938 5068 2108 5122 breve

465 5150 760 5220 tempusa
810 5155 924 5208 Deo
971 5153 1124 5224 data,
1180 5159 1245 5210 ut
1299 5170 1430 5209 cum
1475 5154 1812 5211 horninibus
1878 5171 2110 5212 conver-

467 5237 584 5292 sari
617 5246 861 5308 possent
886 5246 942 5296 et
973 5241 1245 5313 colloqui.
1270 5243 1396 5298 Alia
1417 5245 1613 5315 itaque
1643 5245 1896 5308 illorum,
1930 5261 2106 5315 quam

469 5325 776 5382 hominum
809 5335 896 5384 est
921 5331 1274 5402 substantia,
1307 5333 1571 5390 videlicet
1628 5334 1969 5405 spiritualis,
1992 5352 2108 5405 qua

467 5416 804 5486 superiores
833 5418 1176 5478 hominibus
1206 5439 1334 5478 vere
1365 5427 1504 5478 sunt
1526 5423 1785 5494 spiritus.

538 5523 712 5579 Plura
738 5526 943 5600 siquis
985 5529 1293 5598 desideret,
1353 5530 1512 5586 illius
1569 5530 1631 5586 de
1699 5532 2111 5588 Resurrectione

466 5614 652 5667 carnis
682 5612 900 5673 librum
942 5621 1129 5687 adeat,
1161 5625 1216 5675 et
1246 5620 1323 5674 ibi
1358 5620 1598 5675 totidem
1656 5619 1844 5691 legere
1902 5622 2111 5693 poterit

451 5702 824 5770 'ejusverba:
862 5710 1112 5782 «Angeli
1155 5710 1468 5782 aliquando
1512 5716 1792 5783 tanquam
1844 5712 2110 5774 homines

2220 4716 2457 4788 angelos
2489 4713 2675 4768 malos
2706 4712 3064 4768 etdacmones
3096 4723 3209 4762 non
3244 4703 3441 4758 minus
3472 4716 3648 4773 quam
3672 4699 3856 4754 bonos

2217 4804 2477 4877 angelos,
2501 4803 2682 4858 fuisse
2707 4801 2952 4873 spiritus
2973 4799 2999 4853 ?

2287 4911 2503 4966 Verum
2530 4907 2665 4964 huic
2686 4907 2984 4964 sententiae
3042 4904 3187 4960 illud
3241 4913 3566 4972 repugnare
3606 4895 3853 4957 videtur,

2219 5001 2372 5073 quod
2391 5016 2571 5070 supra
2588 4999 2658 5054 ab
2681 4999 2806 5069 ipso
2830 4995 3110 5052 traditum
3152 4987 3698 5052 animadvertimus,
3733 4999 3858 5056 pra-

2217 5107 2318 5147 vos
2337 5089 2574 5162 angelos
2595 5103 2722 5145 sese
2743 5085 2964 5142 nefario
2977 5082 3254 5156 polluisse
3273 5080 3624 5135 feminarum
3649 5089 3861 5130 concu-

2221 5181 2491 5250 bitu,quo
2523 5179 2812 5233 daemones
2843 5176 3192 5247 genuerunt.
3225 5170 3334 5225 Sed
3370 5163 3864 5239 responderequis

2219 5273 2418 5341 posset
2438 5269 2508 5322 ab
2525 5267 2639 5322 illis
2666 5261 3379 5339 pravis,quemadmodum
3401 5275 3435 5313 a
3456 5252 3862 5324 bonisangelis

2219 5360 2607 5428 assumptam,
2641 5355 2795 5411 sicut
2826 5353 2997 5424 paulo
3029 5354 3163 5408 ante
3184 5341 3859 5413 dicebamus,hominum

2219 5463 2473 5516 carnem,
2498 5463 2612 5517 qua
2645 5446 2958 5516 potuerunt
2978 5458 3110 5497 cum
3144 5439 3491 5495 mulieribus
3521 5435 3857 5492 commisce-

2220 5535 2286 5590 ri.
2310 5535 2525 5592 Verum
2557 5539 2756 5590 contra
2794 5532 2945 5589 alius
2977 5531 3176 5588 statim
3221 5532 3426 5601 arguet
3489 5526 3859 5600 probandum

2218 5642 2346 5680 esse
2378 5625 2531 5679 unde
2565 5621 2942 5694 pravi'gangeli
2979 5621 3565 5689 humanamgcarnem
3607 5616 3676 5671 ad
3711 5619 3858 5670 tem-

2221 5730 2330 5787 pus
2361 5712 2594 5784 aliquod
2627 5711 3005 5783 sumpserint.
3041 5708 3315 5777 Quamvis
3345 5707 3501 5766 enim
3559 5701 3862 5763 Tertullia-
