4158 6364
344 396 454 459 961

1280 402 1352 462 D.
1400 400 1496 463 LE
1542 402 1863 464 NOUHBY
1912 405 2565 471 OBSERVA'l‘lUNES
2612 412 2869 477 ΝωνΑὲ.

3636 424 3753 486 962

343 547 457 586 nus
487 547 615 587 eam
648 531 817 589 bonis
848 531 1071 605 angelis
1104 551 1136 589 a
1166 534 1281 589 Deo
1312 534 1510 590 datam
1535 550 1650 590 non
1683 534 1886 605 semel,
1921 539 1985 591 ut
2012 547 2065 613 Α
2098 536 2335 605 invidus,
2399 558 2633 613 semper
2685 552 2928 601 conatus
2984 553 3071 604 est
3122 552 3331 607 occulta
3389 555 3756 625 inspiratione

342 620 775 691 adnotavimus,
810 625 1006 694 aperte
1038 623 1408 694 pronuntiet;
1445 639 1614 679 nemo
1638 628 1831 679 tamen
1856 642 1985 697 pro-

339 710 477 766 bare
508 714 697 781 potest
726 709 884 765 illam
948 712 1221 766 similiter
1285 712 1355 766 ab
1410 711 1508 765 illo
1562 711 1740 767 tribui
1789 713 1983 783 pravis

336 801 586 873 angelis,
623 807 685 857 ut
718 802 992 859 mulieres
1024 807 1495 874 constuprarent.

407 909 516 964 Fac
548 915 741 965 tamen
778 909 908 965 illos
939 926 1173 981 quoquo
1232 910 1467 963 tandem
1502 911 1674 964 modo
1708 909 1826 964 sive
1858 908 1982 965 suis

332 998 665 1070 praastigiis,
698 1000 816 1055 sive
843 999 974 1054 aliis
997 998 1263 1053 nefandis
1288 999 1511 1053 artibus
1542 1014 1668 1073 eam
1693 997 1977 1068 induisse,

332 1091 521 1159 major
577 1105 716 1144 sane
774 1094 1042 1160 superest
1098 1089 1166 1141 de
1226 1088 1589 1141 daemonibus
1636 1086 1976 1143 difﬁcultas.

330 1177 512 1249 Cujus
544 1178 700 1232 enim
734 1178 964 1249 generis
996 1177 1239 1249 spiritus
1272 1177 1326 1230 hi
1361 1177 1653 1230 dmmones
1682 1192 1811 1230 esse
1844 1192 1975 1246 pos-

330 1272 491 1334 sunt,
526 1284 673 1339 quos
696 1266 1088 1322 Tertullianus
1130 1266 1357 1320 nefasto
1388 1265 1770 1335 innuptarum
1800 1264 1978 1335 virgi-

329 1373 470 1411 num
530 1356 805 1427 conjugio
854 1362 1010 1410 ortos
1070 1354 1435 1409 arbitratur?
1477 1354 1773 1415 Quomodo
1806 1369 1873 1407 ex
1904 1354 1976 1409 iis

327 1446 618 1518 procreari
652 1450 966 1518 potuerunt
996 1444 1339 1499 substantiis
1369 1441 1749 1509 tenuissimis,
1783 1443 1973 1497 subti-

326 1534 587 1604 lissimaa,
619 1533 967 1599 invisibiles,
1008 1532 1310 1587 volucrum
1343 1536 1695 1601 superantes
1730 1530 1978 1601 pernici-

326 1628 529 1694 tatem,
554 1641 678 1695 quas
702 1624 1027 1695 pervadunt
1046 1638 1256 1692 corpus
1280 1625 1336 1675 et
1359 1620 1617 1674 animam
1642 1619 1971 1685 hominum,

327 1730 561 1785 unoque
594 1718 889 1768 momento
921 1710 1135 1781 ubique
1194 1708 1379 1765 sunt?
1430 1708 1636 1779 Negari
1670 1712 1824 1763 certe
1855 1725 1969 1763 non

326 1807 519 1874 potest
579 1802 699 1856 haec
758 1800 1015 1856 maxima
1072 1799 1426 1855 obscuritate
1474 1796 1707 1852 involvi.
1740 1798 1797 1851 Si
1829 1797 1968 1869 quid

326 1892 480 1947 enim
516 1890 913 1945 Tertullianus
961 1890 1294 1943 daemonum
1347 1904 1558 1958 corpus
1607 1904 1736 1942 esse
1767 1887 1970 1941 existi-
2005 1923 2052 1986 Β

326 1981 527 2049 mavit,
560 1979 703 2034 illud
742 1979 941 2051 procul
975 1978 1153 2034 dubio
1187 1993 1292 2033 nec
1325 1976 1676 2043 humanum,
1710 1993 1815 2031 nec
1868 1977 1975 2030 hu-

325 2085 501 2124 mana
562 2070 749 2141 ﬁgura
804 2070 1065 2123 efﬁctam
1121 2084 1249 2122 esse
1307 2066 1554 2121 censuit.
1616 2066 1765 2131 Quid
1797 2064 1978 2136 ergo?

325 2158 622 2230 Numquid
658 2158 903 2230 putabat
934 2157 1198 2229 quaedam
1233 2172 1361 2211 esse
1396 2159 1678 2221 monstra,
1710 2170 1840 2225 quas
1872 2170 1975 2209 nec

327 2247 515 2318 angeli
550 2251 687 2302 sunt
736 2263 840 2302 nec
898 2245 1215 2302 homines?
1271 2250 1345 2300 At
1403 2261 1594 2299 nonne
1634 2243 1745 2298 hoc
1778 2244 1972 2314 ipsum

327 2337 594 2392 absurdae
627 2336 919 2409 opinionis
978 2340 1307 2391 monstrum
1369 2334 1503 2389 est?
1560 2333 1973 2387 Verumtamen

327 2425 462 2480 inde
495 2425 852 2493 Lactantius,
882 2429 944 2479 ut
975 2442 1079 2479 suo
1113 2425 1236 2479 loco
1270 2422 1794 2477 animadvertimus
1827 2422 1972 2492 (Dis-

325 2522 460 2570 sert.
497 2517 555 2569 in
588 2515 833 2570 Lactant.
896 2531 1022 2584 cap.
1081 2514 1173 2582 20,
1235 2517 1347 2567 art.
1399 2513 1472 2580 4).
1533 2512 1765 2566 videtur
1804 2527 1971 2566 suam

329 2604 620 2660 delibasse
651 2604 1009 2677 opinionem,
1033 2620 1145 2674 qua
1167 2603 1334 2657 docet
1364 2601 1620 2656 mediam
1654 2600 1970 2672 quamdam

329 2710 458 2750 esse
490 2696 824 2749 daemonum
850 2694 1001 2748 inter
1022 2692 1259 2762 angelos
1289 2697 1345 2746 et
1374 2690 1642 2745 homines
1676 2693 1970 2744 naturam.

328 2783 543 2839 Verum
577 2782 978 2838 Tertullianus
1009 2783 1068 2836 in
1092 2798 1197 2837 suo
1221 2780 1427 2835 saltem
1460 2780 1798 2851 Apotogetico
1827 2777 1969 2832 illud

330 2888 436 2928 nec
468 2877 663 2945 aperte
685 2874 946 2937 omnino,
980 2888 1085 2927 nec
1116 2870 1383 2927 absolute
1410 2869 1690 2935 deﬁnivit,
1720 2868 1821 2923 sed
1843 2883 1971 2922 eam

333 2979 461 3019 esse
492 2979 609 3034 quae
638 2962 785 3035 apud
840 2970 1067 3017 sanctas
1120 2962 1349 3017 Litteras
1400 2958 1592 3014 ordine
1628 2958 1976 3030 cognoscitur

333 3051 596 3124 (Tertull.
640 3053 923 3125 Apotoget.
975 3068 1103 3122 cap.
1152 3050 1243 3119 22,
1289 3065 1337 3104 c.
1389 3048 1533 3119 403).
1579 3046 1809 3118 Optime
1840 3046 1973 3117 qui-

333 3142 487 3210 dem,
519 3142 569 3196 si
610 3142 670 3196 in
721 3140 852 3197 aliis
904 3140 1069 3194 libris
1118 3140 1273 3194 intra
1319 3139 1492 3193 hosce
1521 3153 1667 3193 verm
1698 3136 1971 3191 doctrinae

330 3230 548 3286 limites
580 3247 705 3287 sese
738 3229 1144 3286 continuisset.

397 3338 703 3405 Caeterum,
736 3338 846 3392 etsi
886 3336 1160 3408 opinatus
1207 3335 1286 3389 sit
1332 3338 1603 3388 naturam
1635 3334 1966 3386 dmmonum

324 3443 428 3483 nec
458 3428 613 3483 874
642 3428 917 3499 angelica)
976 3442 1081 3481 nec
1135 3425 1404 3479 humanae
1454 3439 1581 3478 esse
1615 3438 1832 3494 parem,
1865 3422 1967 3476 sed

323 3516 544 3588 aliquid
579 3517 728 3571 inter
752 3521 1063 3586 utramque
1087 3513 1346 3568 medium
1375 3529 1390 3579 ;
1440 3529 1556 3566 non
1604 3511 1740 3565 inde
1772 3516 1965 3565 tamen

321 3606 598 3661 continuo
620 3605 821 3661 inferri
851 3605 1024 3660 debet
1072 3602 1236 3658 illum
1292 3618 1535 3674 negasse
1566 3600 1807 3672 angelos
1837 3616 1968 3655 esse

321 3695 586 3765 spiritus.
618 3694 676 3748 Si
708 3694 861 3765 quod
895 3694 1191 3748 enimvero
1240 3690 1605 3746 daemonibus
1637 3706 1849 3761 corpus
1879 3693 1965 3745 at-

321 3783 548 3849 tribuit,
610 3783 751 3838 illud
808 3788 1002 3849 tanta),
1057 3782 1210 3837 sicut
1262 3781 1539 3849 vidimus,
1572 3778 1878 3834 tenuitatis
1908 3783 1966 3834 et

321 3872 665 3928 subtilitatis
696 3888 825 3927 esse
855 3870 1205 3942 opinabatur
1252 3886 1365 3939 qua
1410 3869 1597 3938 major
1646 3867 1806 3922 nulla
1836 3882 1965 3923 esse

323 3966 531 4032 potest.
582 3962 935 4016 Persuasum
982 3964 1175 4014 autem
1221 3957 1500 4013 habuisse
1543 3956 1775 4011 videtur
1820 3974 1962 4028 prae-

323 4052 668 4107 stantiorem
694 4066 822 4106 esse
852 4051 1139 4104 bonorum
1162 4048 1525 4118 angelorum,
1549 4062 1724 4117 quam
1756 4045 1962 4101 daemo-

322 4156 463 4195 num
496 4143 790 4195 naturam.
822 4140 893 4193 At
925 4154 1064 4211 quo,
1091 4136 1330 4192 obsecro
1364 4140 1439 4204 te,
1473 4136 1646 4189 modo
1680 4137 1961 4205 praestan-

319 4230 431 4285 tior
486 4246 615 4284 esse
670 4231 882 4301 potest,
942 4227 1053 4281 nisi
1113 4226 1235 4282 haec
1293 4225 1370 4279 sit
1439 4239 1598 4280 mere
1654 4222 1960 4295 spiritalis,

320 4318 586 4390 nihilque
616 4335 859 4391 prorsus
889 4316 1149 4389 corporei
1192 4312 1448 4370 habeat?
1479 4312 1690 4376 Quanti
1721 4328 1853 4366 vero
1887 4312 1957 4367 ad

315 4409 372 4463 id
430 4410 796 4480 probandum
858 4404 1131 4478 ponderis
1187 4404 1308 4458 sint
1366 4419 1453 4468 ea,
1516 4418 1641 4471 quae
1674 4400 1957 4456 hactenus

315 4496 644 4564 retulimus,
677 4500 1048 4568 argumenta,
1084 4492 1211 4549 aliis
1245 4490 1638 4562 jndicandum
1672 4489 1951 4559 relinqui-

314 4603 472 4643 mus.
514 4592 692 4642 Nemo
747 4591 961 4655 autem,
1023 4584 1133 4638 nisi
1196 4582 1365 4654 plane
1410 4578 1691 4645 fallimur,
1726 4576 1953 4633 inﬁcias

2001 3294 2043 3361 C

2095 627 2415 698 gentilibus
2469 634 2809 688 subornatis
2879 639 3254 707 persuadere,
3302 646 3367 695 ut
3411 641 3546 699 illos
3592 646 3751 700 omni

2093 715 2463 772 cruciatuum
2496 735 2707 790 genere
2748 728 3015 779 avertant
3047 743 3080 781 a
3108 729 3226 783 veri
3255 728 3355 784 Dei
3380 730 3562 800 cultu,
3596 736 3652 789 et
3679 734 3752 791 ad

2093 804 2271 860 falsos
2303 807 2444 862 deos
2498 809 2775 866 colendos
2832 814 3187 885 compellant
3217 818 3583 887 ('I‘ertullian.
3616 822 3751 878 ibid.

2092 908 2218 965 cap.
2262 896 2355 963 27,
2388 913 2443 965 p.
2512 898 2659 967 432).
2695 899 2840 955 Nam
2900 899 3031 957 licet
3061 926 3087 952 ‹‹
3125 905 3391 976 subjecta
3448 908 3524 964 sit
3580 912 3749 967 nobis

2090 985 2214 1037 tota
2247 984 2330 1039 vis
2361 986 2727 1055 daemonum,
2789 996 2845 1044 et
2904 992 3195 1060 ejusmodi
3247 996 3490 1065 spiritus
3524 1020 3552 1049 »
3585 999 3746 1070 (Ibid.

2091 1088 2138 1126 c.
2174 1074 2321 1144 433),
2356 1076 2411 1129 id
2463 1083 2575 1145 est,
2619 1078 2918 1135 Satanae...
2982 1082 3403 1141 Verumtamen
3444 1110 3465 1137 α
3500 1090 3623 1144 vice
3654 1106 3745 1146 re-

2090 1160 2435 1218 bellantium
2496 1168 2958 1236 ergastulorum,
3042 1171 3129 1227 vel
3207 1174 3598 1247 metallorum,
3658 1178 3747 1233 vel

2088 1250 2198 1307 hoc
2226 1269 2413 1324 genus
2447 1257 2698 1326 poenalis
2732 1260 3035 1315 servitutis
3076 1272 3397 1335 erumpunt
3433 1268 3746 1325 adversum

2090 1357 2193 1395 nos
2226 1364 2252 1390 n
2287 1342 2667 1415 Christianos,
2731 1348 2838 1403 hoc
2894 1356 3003 1420 est,
3061 1360 3377 1425 erumpunt
3434 1356 3493 1411 in
3546 1373 3746 1414 eorum

2087 1429 2677 1505 similitudinem,-qui
2704 1438 3021 1508 ergastulis
3055 1458 3121 1495 ac
3153 1445 3485 1501 carceribus
3508 1446 3741 1515 inclusi,

2085 1524 2188 1573 aut
2219 1519 2562 1579 olfodiendis
2598 1525 2873 1593 metallis,
2932 1534 3043 1591 aut
3081 1529 3201 1585 alio
3252 1531 3448 1604 aliquo
3498 1536 3743 1606 pmnalis

2084 1608 2387 1664 servitutis
2419 1629 2626 1681 genere
2679 1615 2965 1683 damnati,
3023 1618 3290 1675 dominis
3347 1622 3646 1680 obsistunt
3675 1641 3742 1681 ac

2083 1704 2431 1768 repugnant.
2487 1705 2641 1767 Quos
2700 1709 2897 1759 autem
2962 1705 3120 1778 pravi
3170 1708 3254 1762 illi
3310 1711 3601 1768 daemones
3663 1714 3734 1770 ad

2081 1801 2256 1841 suum
2314 1787 2714 1863 falsorumque
2772 1793 3015 1849 deorum
3075 1797 3301 1852 cultum
3363 1799 3641 1858 violentia
3684 1807 3742 1859 et

2081 1878 2305 1929 armata
2336 1893 2514 1933 manu
2546 1880 2835 1937 adducere
2888 1884 3231 1955 nequibant,
3280 1886 3407 1943 illos
3440 1890 3740 1961 quibusli-

2086 1962 2183 2016 bet
2214 1963 2345 2019 aliis
2372 1966 2678 2035 machinis,
2704 1968 2971 2037 fallaciis,
2996 1972 3169 2037 dolis,
3199 1975 3484 2048 malisque
3507 1980 3736 2037 artibus

2088 2052 2411 2106 subornare
2470 2056 2886 2112 moliebantur.
2944 2061 3051 2115 Sed
3105 2078 3230 2131 qua}
3273 2064 3344 2118 de
3379 2065 3496 2120 illis
3527 2068 3739 2123 Auctor

2088 2144 2286 2196 noster
2313 2142 2572 2211 tradidit,
2611 2146 2782 2217 paulo
2816 2147 3006 2204 fusius
3037 2150 3400 2208 enucleanda
3429 2160 3589 2211 sunt.

2689 2296 3003 2338 ARTICULUS
3036 2300 3122 2340 III.

2086 2381 2767 2463 Quoinodol‘ertutlianus
2812 2389 3056 2443 ostendat
3105 2392 3397 2459 nonnulla,
3446 2410 3566 2463 qua:
3613 2396 3731 2451 eth-

2152 2455 2267 2507 nici
2320 2455 2427 2509 diis
2481 2459 2595 2511 suis
2647 2466 2905 2522 tanquam
2960 2476 3085 2516 vara
3139 2455 3409 2519 miracula
3453 2455 3729 2522 adscribe-

2156 2525 2305 2608 bant,
2336 2529 2483 2597 facta
2510 2530 2683 2600 fuisse
2737 2525 3051 2587 daemonum
3107 2535 3327 2591 artibus
3377 2552 3440 2590 ac
3494 2541 3725 2608 prcuti-

2153 2614 2281 2666 gus.

2156 2712 2401 2769 Multam
2460 2732 2620 2786 sane,
2682 2732 2784 2772 nec
2831 2717 3124 2774 immerito
3156 2720 3393 2792 quidem
3419 2724 3553 2794 jure
3584 2727 3725 2782 Ter-

2082 2800 2368 2857 tullianus
2399 2821 2635 2875 operam
2666 2808 2963 2863 consumit
2993 2809 3048 2862 in
3088 2810 3436 2881 explicanda
3464 2831 3530 2869 ac
3562 2820 3726 2887 pate-

2080 2889 2345 2946 facienda
2374 2892 2730 2960 daemonum,
2755 2900 2819 2949 ut
2846 2897 2969 2966 ipse
3000 2898 3103 2964 ait,
3133 2902 3449 2970 operatione
3476 2904 3727 2974 (Tertul-

2082 2978 2523 3051 lian.Apologet.
2577 2999 2700 3054 cap.
2759 2986 2849 3051 22,
2912 3003 2965 3056 p.
3024 2988 3171 3057 405),
3231 2990 3349 3045 sive
3408 2992 3723 3063 machinis,

2083 3067 2411 3139 praestigiis,
2446 3070 2617 3137 dolis,
2678 3072 2945 3141 fallaciis,
3005 3079 3061 3129 et
3108 3074 3239 3130 aliis
3271 3078 3443 3135 malis
3473 3081 3721 3154 artibus,

2081 3155 2297 3226 quibus
2332 3157 2478 3213 falsa
2500 3160 2799 3227 miracula,
2825 3162 3083 3225 oracula,
3109 3163 3339 3236 aliaque
3364 3167 3534 3239 plura
3559 3176 3722 3230 extra

2080 3244 2319 3301 solitum
2352 3253 2577 3303 naturae
2597 3250 2861 3305 ordinem
2885 3252 3054 3307 edere
3084 3253 3452 3311 videbantur.
3489 3257 3720 3317 Ethnici

2078 3334 2368 3405 siquidem
2400 3353 2467 3391 ea
2496 3338 2713 3407 omnia,
2749 3355 2874 3409 quas
2930 3357 3064 3396 vera
3119 3358 3247 3398 esse
3304 3345 3721 3421 opinabantur,

2077 3423 2317 3478 deorum
2352 3442 2592 3481 suorum
2628 3429 3042 3484 adscribebant
3066 3433 3355 3502 potentias,
3381 3440 3554 3506 atque
3585 3438 3725 3494 inde

2076 3512 2502 3569 concludebant
2520 3532 2687 3573 veros
2709 3535 2837 3573 esse
2864 3519 3003 3574 deos
3027 3536 3189 3590 suos,
3216 3539 3531 3596 veramque
3552 3544 3723 3585 suam

2076 3600 2437 3673 religionem.
2472 3605 2871 3663 Tertullianus
2912 3608 3108 3680 itaque
3156 3610 3266 3666 hoc
3316 3612 3593 3671 ultimum
3627 3633 3722 3673 eo-

2074 3708 2205 3746 rum
2238 3695 2743 3764 propugnaculum
2777 3697 2994 3768 duplici
3029 3707 3375 3769 argumento
3408 3702 3557 3761 875
3592 3710 3722 3761 tan-

2076 3796 2250 3851 quam
2284 3781 2501 3853 duplici
2547 3784 2725 3839 ariete
2774 3786 3035 3841 concutit
3082 3789 3465 3862 funditusque
3496 3795 3719 3851 evertit.

2074 3868 2333 3925 Primum
2366 3870 2520 3925 enim
2546 3875 2802 3928 ostendit
2822 3876 3280 3933 extraordinaria
3302 3879 3402 3935 illa
3434 3881 3581 3936 facta
3603 3900 3716 3938 non

2073 3958 2144 4012 ab
2177 3958 2411 4014 illorum
2444 3960 2579 4025 diis,
2612 3963 2697 4017 uti
2730 3963 3035 4034 putabant,
3061 3968 3160 4020 sed
3187 3970 3475 4038 perversis
3502 3972 3718 4028 deamo-

2073 4063 2212 4101 num
2256 4048 2482 4104 artibus
2539 4051 2697 4106 edita
2752 4052 2954 4108 fuisse.
3022 4055 3238 4109 Deinde
3289 4074 3423 4113 vero
3481 4060 3717 4116 eosdem

2072 4136 2365 4193 daemones
2397 4154 2430 4192 a
2458 4138 2807 4195 Christianis
2860 4141 3185 4211 adjuratos,
3232 4143 3423 4216 palam
3454 4147 3719 4204 conﬁteri

2070 4223 2190 4278 haec
2222 4242 2335 4279 non
2369 4230 2440 4281 ab
2474 4227 2604 4282 aliis
2637 4235 2766 4283 acta
2814 4246 2961 4299 esse,
3013 4248 3187 4302 quam
3222 4234 3581 4307 semetipsis,
3615 4237 3717 4309 qui

2068 4329 2183 4367 non
2217 4314 2318 4380 dii,
2353 4315 2453 4369 sed
2487 4316 2780 4371 daemones
2815 4322 3043 4373 tantum
3078 4325 3265 4375 erant.

2136 4402 2220 4455 Ad
2253 4402 2502 4473 primam
2535 4420 2666 4459 vero
2698 4406 3152 4476 pr0positionem
3204 4409 3421 4466 clarius
3471 4414 3714 4471 demon-
3798 4448 3803 4451 ι

2065 4491 2364 4544 strandam
2396 4489 2494 4546 ille
2524 4509 2628 4563 pro
2660 4500 2817 4549 certo
2850 4497 3047 4565 posuit
3076 4497 3265 4569 (lbid.)
3309 4502 3466 4569 quod
3501 4518 3713 4575 negare

2064 4595 2233 4634 nemo
2267 4585 2483 4650 potest,
2515 4581 2844 4637 daeinonum
2877 4584 3295 4654 substantiam,
3331 4590 3485 4645 sicut
3513 4590 3573 4646 in
3605 4608 3711 4647 su-

309 4677 419 4731 ibit
465 4677 512 4732 si
556 4678 688 4748 quis
738 4676 795 4729 in
842 4674 931 4729 his
976 4672 1252 4728 omnibus
1283 4687 1444 4725 error
1481 4669 1558 4723 sit
1586 4665 1951 4737 Tertulliani,
1985 4662 2029 4725 D
2063 4667 2271 4737 periori
2306 4667 2552 4723 articulo
2582 4670 2861 4737 vidimus,
2896 4689 3011 4727 non
3062 4675 3254 4730 solum
3287 4694 3415 4732 esse
3444 4680 3712 4737 subtilis-

308 4766 538 4822 nullum
571 4782 637 4821 eo
659 4782 787 4821 esse
821 4765 1101 4835 pejorem,
1126 4777 1241 4833 quo
1267 4774 1573 4831 pravorum
1606 4755 1949 4828 angelorum

310 4874 441 4912 cum
476 4858 708 4913 ﬁliabus
740 4857 1046 4911 hominum
1104 4853 1509 4920 concubitum,
1549 4854 1723 4919 atque
1753 4864 1819 4902 ex
1851 4847 1950 4902 illo

308 4947 767 5017 procreationem
829 4946 1159 5000 daemonum
1210 4940 1496 5012 explicare
1555 4939 1779 4993 nititur.
1839 4938 1946 4993 Sed

304 5033 454 5096 vide,
488 5050 707 5103 quasso,
738 5052 866 5105 quae
900 5035 970 5088 de
998 5034 1091 5087 his
1120 5032 1178 5085 in
1210 5030 1510 5100 superiore
1541 5028 1949 5083 dissertatione

304 5122 604 5193 disputata
633 5128 773 5177 sunt
801 5125 1107 5192 (Dissertat.
1142 5123 1200 5175 in
1259 5120 1508 5174 Lactant.
1553 5133 1678 5189 cap.
1712 5118 1802 5183 20,
1836 5122 1943 5171 art.

300 5212 379 5283 5.)
405 5216 463 5265 et
496 5215 692 5265 utrum
726 5211 858 5264 inde
897 5213 1023 5279 ejus
1056 5208 1251 5280 opinio
1302 5207 1371 5262 ad
1424 5206 1682 5261 veritatis
1713 5205 1945 5276 regulas

299 5301 485 5374 possit
514 5299 734 5355 reduci.

365 5391 543 5446 Nemo
577 5395 770 5445 autem
809 5387 1103 5443 dubitabit
1157 5387 1268 5443 hoc
1325 5402 1527 5442 verum
1586 5401 1736 5453 esse,
1787 5385 1941 5455 quod

292 5487 490 5555 postea
524 5481 594 5536 de
624 5484 842 5535 Satana
873 5484 931 5534 et
981 5478 1347 5534 daemonibus
1392 5480 1641 5532 enarrat.
1691 5474 1940 5531 Satanas

288 5582 486 5637 noster,
522 5571 735 5643 inquit,
789 5571 851 5627 ob
907 5570 1236 5636 divortium,
1296 5586 1328 5623 a
1385 5568 1501 5623 Deo
1557 5564 1848 5631 videlicet,
1882 5570 1939 5621 et

288 5678 462 5719 suum
513 5662 585 5718 ob
634 5666 938 5734 peccatum
983 5660 1235 5730 aemulus,
1283 5658 1403 5715 sive
1432 5655 1619 5713 hostis
1654 5660 1713 5711 et
1741 5654 1937 5711 inimi-

286 5766 413 5823 cus,
471 5752 522 5808 et
576 5751 639 5808 ob
708 5751 805 5809 Dei
860 5752 1105 5824 gratiam
1173 5746 1525 5807 Christianis
1594 5761 1934 5803 concessam

2061 4759 2272 4812 simam
2331 4774 2398 4813 ac
2456 4758 2887 4828 tenuissimam,
2947 4764 3044 4817 sed
3106 4765 3258 4820 vires
3300 4766 3474 4822 etiam
3507 4785 3711 4828 eorum

2061 4848 2376 4918 spiritales,
2412 4866 2823 4922 summamque
2856 4850 3242 4925 alacritatem,
3276 4873 3393 4928 qua
3433 4876 3549 4916 uno
3584 4879 3709 4918 mo-

2061 4943 2256 4991 mento
2292 4939 2509 5009 ubique
2540 4956 2691 5008 esse,
2742 4957 2807 4994 ac
2865 4941 3097 5013 singula
3130 4961 3395 5017 quaeque,
3429 4957 3481 5004 el
3516 4950 3705 5022 ipsam

2060 5026 2316 5081 hominis
2378 5028 2770 5083 substantiam
2834 5033 3147 5100 pervadere
3200 5043 3468 5106 possunt.
3506 5041 3706 5112 Itaque

2058 5131 2189 5171 cum
2245 5116 2327 5169 ita
2387 5115 2621 5171 formati
2676 5118 2813 5184 sint,
2875 5135 3100 5187 eorum,
3158 5124 3238 5177 ait
3282 5125 3706 5197 Tertullianus,

2060 5227 2087 5255 ‹‹
2122 5204 2343 5260 Malitia
2397 5205 2679 5274 spiritalis
2708 5224 2741 5261 a
2775 5209 3095 5278 primordio
3137 5213 3344 5268 mundi
3377 5217 3708 5286 auspicata,

2055 5299 2144 5350 est
2172 5293 2228 5348 in
2264 5294 2521 5349 hominis
2551 5295 2785 5350 exitium
2820 5317 2846 5348 η
2907 5298 3128 5369 (Ibid);
3192 5304 3428 5370 quando
3477 5304 3705 5360 scilicet

2053 5385 2228 5439 Evam
2263 5388 2319 5438 et
2346 5385 2659 5453 Adamum,
2698 5386 2926 5442 felicem
2985 5388 3041 5441 in
3103 5392 3363 5445 terrestri
3426 5392 3701 5450 Paradiso

2050 5474 2231 5529 vitam
2265 5478 2501 5545 agentes
2533 5474 2779 5542 decepit.
2816 5477 3031 5531 Eadem
3068 5494 3303 5548 quoque
3335 5479 3562 5536 malitia
3592 5497 3700 5538 cm-

2050 5568 2205 5619 teros
2238 5562 2508 5618 homines
2539 5563 2597 5616 in
2630 5579 2912 5632 errorem,
2954 5572 3009 5621 et
3055 5567 3329 5637 qumlibet
3358 5569 3599 5643 scelera,
3634 5590 3701 5630 ac

2048 5651 2425 5725 potissimum
2455 5651 2515 5705 in
2544 5650 2961 5725 idololatriam,
3013 5654 3413 5729 falsorumque
3451 5660 3697 5719 deorum

2046 5742 2307 5808 nomine,
2338 5739 2395 5795 in
2426 5739 2520 5796 sui
2551 5737 2777 5798 cultum
2808 5740 3085 5800 inducere
3115 5746 3517 5806 connituntur.
