4158 6342
413 411 530 479 963

928 402 1450 469 TERTULLIANI
1497 392 1821 460 OPEBUM
1865 390 2067 454 PARS
2108 386 2158 450 Ῑ.
2193 422 2266 434 --
2297 386 2569 450 SERlES
2613 387 2662 460 Ι,
2711 383 3278 448 APOLOGETICA.

3681 379 3805 439 964

486 550 572 605 Ab
605 546 677 602 iis
709 547 924 609 autem,
959 557 1083 612 quas
1127 537 1238 592 diis
1297 533 1420 591 suis
1464 531 1680 588 ethnici
1714 527 2051 584 tribuebant
2082 546 2137 612 Α
2165 523 2422 612 quidem,
2455 522 2609 577 sicut
2666 520 2750 575 illi
2807 520 3212 588 autumabant,
3257 513 3540 572 miraculo
3571 512 3804 570 illatum

423 634 723 704 miracula,
755 637 818 688 ut
849 630 1168 691 ordiamur,
1227 625 1348 680 haec
1404 640 1437 677 a
1494 618 1856 675 diemonibus
1902 615 2056 670 facta

420 729 602 783 fuisse
630 726 845 778 Auctor
867 723 1062 774 noster
1081 716 1164 770 sic
1186 715 1569 769 demonstrat.
1593 706 1816 768 Tantis,
1839 705 2054 775 inquit,

420 815 642 872 viribus
672 816 730 865 et
758 805 1164 880 spiritualibus
1220 807 1277 857 et
1330 797 1722 854 invisibilibus
1762 791 2054 860 instructi,

420 904 688 958 incautas
736 878 1003 952 homines
1053 891 1410 966 quibusdam
1456 889 1732 958 premunt
1760 878 2054 954 aegritudi-

422 993 619 1058 nibus,
649 1002 865 1058 easque
895 981 1197 1055 depellunt
1226 977 1522 1041 remediis,
1554 973 1643 1029 vel
1688 972 1759 1026 ad
1801 969 2057 1024 miracu-

422 1082 545 1138 lum
579 1077 764 1141 novis,
793 1074 882 1130 vel
913 1075 1087 1128 etiam
1142 1066 1484 1132 contrariis;
1545 1069 1609 1118 ut
1657 1060 1788 1116 illos
1820 1073 2061 1114 sanasse

424 1169 758 1231 credantur,
788 1179 935 1236 quos
959 1159 1199 1216 remotis
1231 1160 1455 1211 tantum
1488 1149 1809 1220 maleﬁciis,
1854 1148 2060 1202 ledere

425 1257 722 1315 desinunt.
756 1250 1146 1318 Quamobrem
1177 1247 1331 1313 illos,
1373 1249 1431 1299 et
1481 1242 1610 1297 ﬁcta
1647 1253 1850 1295 eorum
1885 1236 2060 1290 mira-

426 1346 557 1403 cula
589 1345 673 1400 sic
703 1341 940 1397 irridet:
992 1360 1020 1389 ‹‹
1058 1335 1306 1392 Beneﬁci
1359 1331 1531 1404 plane
1576 1334 1634 1385 et
1682 1329 1834 1383 circa
1889 1339 2062 1380 curas

425 1433 862 1497 valetudinum;
895 1428 1114 1482 laedunt
1142 1424 1297 1479 enim
1332 1422 1538 1492 primo,
1566 1417 1776 1474 dehinc
1807 1412 2066 1470 remedia

427 1523 790 1597 prsecipiunt,
825 1518 894 1574 ad
938 1514 1286 1571 miraculum
1345 1526 1515 1575 nova,
1574 1508 1693 1562 sive
1751 1501 2062 1570 contraria,

426 1593 562 1685 post
591 1593 718 1683 quae
747 1606 1027 1663 desinunt
1059 1603 1286 1667 laedere,
1320 1605 1376 1654 et
1407 1611 1644 1653 curasse
1683 1593 2004 1649 creduntur
2038 1611 2058 1685 Ii

426 1676 586 1775 (Ibid.
610 1676 671 1754 ὀ.
705 1698 851 1766 409).
909 1694 1108 1764 Neque
1161 1689 1251 1744 his
1309 1692 1560 1775 tantum,
1594 1682 1805 1756 plagis,
1841 1676 2064 1775 corpori

428 1769 690 1845 humano
712 1783 974 1849 inﬂictis,
990 1785 1046 1836 et
1063 1777 1304 1846 sanatis,
1330 1777 1388 1830 in
1410 1774 1710 1831 hominum
1729 1769 2068 1840 conspirant

430 1875 752 1951 pernicien,
783 1871 881 1928 sed
916 1888 1023 1926 sua
1052 1869 1226 1924 etiam
1258 1863 1584 1922 subtilitate
1624 1861 1814 1932 ipsam
1865 1872 2068 1929 perva-

431 1945 580 2022 dunt
623 1963 858 2018 illorum
909 1958 1189 2020 animam,
1251 1959 1423 2024 atque
1480 1950 1645 2007 saevis
1701 1945 2066 2013 libidinibus,

433 2051 729 2116 amentiis,
786 2066 852 2104 ac
932 2045 1228 2101 furoribus
1311 2041 1596 2105 excitatis,
1649 2038 1708 2092 in
1768 2032 2069 2106 quodlibet

434 2141 626 2198 scelus
655 2140 792 2194 illos
849 2137 1136 2192 inducunt
1189 2131 1398 2204 (Ibid)
1461 2129 1575 2183 Nos
1623 2131 1815 2182 autem
1849 2123 1919 2176 de
1976 2120 2068 2175 his

437 2229 706 2287 nefandis
783 2227 1112 2280 daemonum
1183 2220 1406 2275 artibus
1481 2217 1617 2272 alibi
1682 2211 2071 2269 disseruimus

437 2321 682 2392 (Dissert.
716 2319 772 2372 in
807 2317 1010 2373 Minui.
1043 2329 1169 2384 cap.
1206 2311 1290 2378 18,
1324 2312 1432 2363 art.
1463 2308 1539 2376 2).

505 2426 720 2482 Eadem
752 2421 1074 2478 subtilitate
1105 2419 1397 2471 daamones
1450 2412 1769 2467 induebant
1807 2407 2071 2479 phantas-

436 2523 608 2577 mata,
641 2513 761 2569 sive
791 2509 1042 2581 efﬁgiem
1095 2509 1383 2562 Castorum
1422 2498 1764 2572 (Tertullian
1797 2495 1980 2562 ibid),
2015 2493 2071 2546 id

438 2609 545 2669 est,
575 2600 832 2658 Castoris
865 2603 921 2652 et
954 2595 1220 2659 Pollucis,
1262 2609 1326 2646 ac
1384 2607 1492 2645 sua
1543 2589 1745 2642 innata
1772 2583 2074 2638 velocitate

441 2691 725 2747 celebrem
781 2688 1172 2742 Romanorum
1229 2686 1299 2736 de
1357 2680 1525 2733 Perse
1580 2677 1728 2748 Rege
1776 2671 2074 2727 victoriam

445 2786 635 2835 Romae
665 2777 865 2833 eodem
898 2773 992 2827 die
1048 2769 1561 2832 annuntiaverunt,
1620 2779 1734 2835 quo
1787 2763 2080 2832 reportata

446 2869 657 2924 fuerat.
690 2864 851 2931 Quod
885 2861 1118 2932 quidem
1176 2858 1312 2913 alibi
1345 2874 1377 2912 a
1406 2855 1576 2910 nobis
1623 2855 1959 2908 enarratum
1992 2850 2082 2903 est

449 2959 694 3031 (Disserl.
729 2956 788 3009 in
829 2953 1030 3008 Minul.
1064 2966 1190 3020 cap.
1228 2946 1313 3012 18,
1348 2949 1457 3000 art.
1491 2943 1568 3014 2).

459 3089 472 3116 ς
519 3065 642 3121 Huc
673 3075 904 3134 quoque
954 3059 1219 3129 spectant
1273 3069 1458 3126 pauca
1513 3050 1772 3122 quidem,
1817 3049 1919 3102 sed
1953 3061 2079 3134 quae

447 3133 714 3228 pluribus
745 3150 994 3205 obscura
1039 3146 1392 3200 videbuntur
1435 3140 1552 3194 haec
1600 3136 1866 3193 Auctoris
1899 3133 2080 3189 nostri

444 3221 658 3300 verba:
693 3264 720 3291 ‹‹
755 3240 818 3294 Et
868 3237 1108 3293 barbam
1161 3237 1320 3288 tactu
1383 3232 1758 3285 inrufatam»
1814 3221 2079 3297 (Tertull.

447 3332 631 3402 ibid.)

447 3399 672 3491 origine
692 3415 880 3489 gentis
901 3411 1308 3471 OEnobarboru
1322 3427 1373 3462 m
1393 3407 1654 3462 disserit:
1680 3427 1706 3455 «
1733 3399 2079 3463 OEnobarbi,

449 3488 660 3579 inquit,
691 3488 985 3560 auctorem
1015 3499 1253 3570 originis
1283 3498 1542 3566 itemque
1581 3491 1944 3564 cognominis
1975 3488 2082 3542 ha-

452 3578 592 3651 bent
622 3593 864 3649 Lucium
904 3588 1237 3654 Domitium,
1272 3584 1363 3639 cui
1387 3600 1518 3638 rure
1567 3580 1874 3636 revertenti
1911 3578 2082 3648 juve-

453 3701 556 3740 nes
587 3680 803 3755 gemini
837 3683 1034 3734 Castor
1079 3682 1134 3731 et
1178 3674 1381 3728 Pollux
1435 3671 1771 3742 augustiore
1801 3669 1986 3722 forma
2017 3683 2084 3720 ex

453 3787 699 3828 occursu
759 3768 1078 3839 imperasse
1127 3765 1444 3817 traduntur
1501 3760 1798 3814 nuntiaret
1855 3755 2082 3811 senatui

453 3879 519 3918 ac
548 3858 760 3933 pepulo
791 3855 1116 3920 victoriam,
1152 3852 1221 3906 de
1253 3867 1370 3921 qua
1397 3848 1685 3904 incertum
1718 3846 1910 3900 adhuc
1940 3850 2083 3908 erat,

453 3955 626 4021 atque
657 3949 713 4002 in
749 3947 921 4001 ﬁdem
973 3941 1294 4011 majestulis
1344 3936 1576 4007 (divinae
1625 3934 1910 4005 videlicet)
1945 3934 2084 3988 adeo

454 4039 606 4095 876
640 4033 1018 4110 permulsisse
1063 4029 1260 4095 malas,
1310 4032 1372 4082 ut
1413 4044 1443 4082 e
1489 4027 1652 4094 nigro
1687 4023 1926 4078 rutilum
1959 4022 2088 4076 aeri-

453 4144 568 4200 que
597 4123 918 4182 assimilem
968 4118 1246 4192 capillum
1298 4117 1618 4171 redderent.
1669 4113 1826 4176 Quod
1861 4112 2090 4183 insigne

456 4199 692 4284 mansit,
725 4218 782 4267 et
811 4212 869 4265 in
901 4209 1147 4282 posteris
1179 4207 1328 4277 ejus,
1384 4221 1448 4259 ac
1506 4219 1718 4273 magna
1747 4219 1882 4272 pars
1915 4199 2091 4254 rutila

456 4305 636 4359 barba
668 4303 961 4356 fuerunt»
1019 4297 1278 4364 (Sueten.
1332 4294 1390 4348 in
1456 4294 1556 4348 Vit.
1609 4291 1805 4347 Neron.
1845 4292 1872 4357 §
1918 4290 1990 4359 1).
2024 4289 2092 4343 Et

455 4393 512 4447 id
573 4391 807 4464 quidem
869 4404 902 4442 a
959 4384 1268 4441 Plutarcho
1327 4382 1708 4437 conﬁrmatur
1763 4380 1890 4451 (Vit.
1949 4379 2092 4434 Paul

457 4483 643 4538 xEmil.
678 4486 818 4534 tom.
883 4481 924 4541 l,
975 4493 1030 4546 p.
1087 4473 1236 4543 268).
1299 4473 1608 4541 Inrufatam
1641 4468 1820 4541 igitur
1852 4469 2091 4522 barbam

458 4570 603 4625 dixit
632 4565 1046 4630 Tertullianus,
1081 4565 1221 4634 quia
1249 4577 1316 4616 ex
1349 4563 1510 4629 nigro
1543 4557 1732 4613 colore
1755 4557 1812 4611 in
1849 4558 2091 4612 rubrum

2165 612 2275 668 sibi
2305 611 2524 667 violatae
2557 610 2866 680 castitatis,
2897 614 2999 665 aut
3029 609 3187 664 sicut
3215 607 3294 663 ait
3319 604 3625 677 Dionysius
3648 603 3808 658 Hali-

2165 717 2514 757 carnasseus
2545 700 2668 772 (lib.
2696 717 2735 754 ιι
2765 701 3044 770 Απίἰᾳιιὶι.
3071 700 3298 753 Roman.
3321 714 3377 768 p.
3403 695 3504 750 128
3529 698 3586 750 et
3616 693 3810 765 seqq.)

2165 792 2430 846 exstincti
2481 791 2628 846 sacri
2675 791 2830 863 ignis
2885 790 3103 844 crimen
3160 787 3390 858 penitus
3450 785 3644 841 diluit.
3694 783 3810 838 Sed

2167 881 2238 936 de
2267 881 2394 948 hac,
2427 868 2810 951 quascumque
2861 879 2956 946 sit,
3016 878 3261 932 historia
3320 874 3488 947 plura
3535 872 3812 928 Valerius

2166 971 2475 1036 Maximus,
2507 985 2679 1040 quem
2712 967 3014 1024 consulere
3053 966 3288 1038 poteris,
3322 964 3494 1020 sicuti
3523 961 3811 1032 Plinium,

2167 1043 2612 1129 Augustinum,0
2634 1064 2690 1113 et
2746 1057 2892 1112 alios
2947 1054 3095 1128 (Val.
3159 1055 3309 1109 Max.
3363 1052 3466 1108 lib.
3496 1067 3617 1119 vm,
3651 1069 3700 1107 c.
3739 1052 3809 1118 1;

2171 1146 2318 1202 Plin.
2351 1146 2453 1201 lib.
2515 1163 2688 1202 xxvm
2732 1145 2927 1201 Natur.
2987 1146 3114 1200 hist.
3176 1160 3303 1215 cap.
3333 1143 3388 1212 2,
3421 1159 3475 1213 p.
3524 1142 3663 1208 157;
3696 1141 3811 1194 Au-

2170 1239 2322 1306 gust.
2358 1234 2460 1290 lib.
2493 1253 2548 1302 x,
2581 1235 2644 1290 de
2673 1236 2835 1291 Civit.
2870 1250 2996 1305 cap.
3031 1234 3116 1301 16,
3149 1249 3205 1304 p.
3238 1232 3388 1300 252).

2243 1323 2638 1380 Tertullianus
2667 1323 2860 1393 itaque
2917 1322 3038 1377 haec
3095 1326 3151 1377 et
3179 1320 3292 1376 alia
3340 1317 3680 1390 hujusmodi
3714 1332 3816 1371 ex-

2170 1413 2558 1468 traordinaria
2615 1413 2784 1481 facta,
2817 1430 2946 1484 quae
2994 1409 3210 1466 ethnici
3262 1409 3648 1476 mirabantur,
3683 1407 3818 1461 ideo

2173 1502 2502 1557 dtemonum
2536 1506 2658 1557 arte
2688 1507 2744 1557 et
2774 1500 3083 1573 praestigiis
3116 1499 3271 1554 edita
3318 1514 3448 1553 esse
3479 1495 3711 1560 asserit,
3748 1498 3818 1549 ut

2173 1593 2409 1646 numina
2441 1591 2663 1662 lapides,
2697 1591 2753 1646 id
2783 1593 2891 1658 est,
2920 1590 3162 1644 deorum
3186 1586 3502 1643 simulacra
3523 1583 3824 1657 lapidibus

2173 1681 2385 1747 efﬁcta,
2419 1697 2533 1735 non
2567 1679 2694 1735 falsi
2729 1679 2806 1734 dii
2839 1680 3213 1746 crederentur,
3246 1679 3297 1731 et
3338 1691 3495 1731 verus
3529 1679 3673 1730 Deus
3703 1689 3820 1728 non

2175 1777 2508 1840 qurererelur
2535 1767 2805 1839 (Tertull.
2839 1767 3022 1837 ibid.).
3058 1767 3121 1822 In
3180 1764 3585 1837 superioribus
3616 1766 3820 1818 autem

2177 1857 2394 1912 nostris
2412 1856 2924 1912 dissertationibus
2943 1856 3013 1910 de
3035 1855 3128 1910 his
3151 1854 3382 1910 abunde
3401 1851 3820 1916 disseruimus,

2178 1946 2670 2015 manifestumque
2701 1945 2778 1999 ibi
2811 1945 3058 2000 fecimus
3107 1959 3222 2014 qua
3270 1941 3492 1998 ratione
3522 1939 3822 1995 Arnobius

2177 2051 2378 2090 eorum
2414 2034 2725 2090 falsitatem
2756 2035 3158 2090 demonstrare
3207 2036 3449 2087 conetur
3496 2031 3818 2098 (Dissertat.

2179 2125 2235 2177 in
2265 2123 2462 2176 Arnob.
2498 2139 2546 2176 c.
2610 2123 2696 2190 18,
2745 2126 2850 2176 art.
2915 2122 2939 2175 1
3001 2125 3060 2175 et
3107 2121 3184 2191 2).
3237 2122 3309 2174 At
3346 2116 3628 2174 Minutius
3662 2115 3826 2172 Felix

2179 2216 2352 2283 atque
2383 2210 2741 2279 Lactantius,
2772 2209 3195 2265 Tertullianum
3228 2207 3430 2273 secuti,
3455 2207 3577 2261 haec
3603 2206 3824 2260 daemo-

2181 2317 2344 2369 num,
2379 2301 2461 2354 uti
2496 2299 2771 2366 diximus,
2835 2299 2984 2354 dolis
3035 2315 3100 2354 ac
3148 2297 3456 2352 fraudibus
3516 2295 3666 2350 facta
3691 2310 3826 2350 esse

2180 2389 2499 2444 ostendunt
2537 2390 2840 2459 (Dzssertal.
2886 2388 2945 2441 in
2995 2387 3184 2441 Minui.
3218 2403 3267 2441 c.
3300 2385 3390 2453 29,
3425 2401 3477 2439 a.
3509 2385 3576 2450 2;
3608 2385 3826 2439 Disser-

2181 2481 2277 2532 tat.
2311 2479 2367 2531 in
2402 2478 2648 2532 Lactant.
2683 2493 2809 2547 cap.
2843 2477 2932 2545 ‘20,
2965 2479 3074 2530 art.
3135 2477 3168 2528 7
3217 2478 3274 2529 et
3326 2490 3450 2545 cap.
3482 2473 3575 2538 32,
3599 2477 3709 2526 art.
3745 2471 3824 2542 4).

2184 2569 2316 2633 Quae
2347 2582 2478 2620 vero
2507 2565 2631 2637 ipso
2688 2564 3083 2619 Tertullianus
3143 2563 3254 2619 sibi
3313 2561 3593 2634 peculiria
3623 2561 3824 2628 habet,

2183 2659 2240 2709 et
2270 2654 2570 2724 speciatim
2603 2653 2820 2720 retulit,
2856 2653 2913 2707 in
2947 2652 3328 2722 sequentibus
3360 2649 3626 2706 articulis
3658 2665 3826 2704 com-

2186 2742 2422 2814 planare
2450 2742 2828 2798 tentabimus.

2787 2899 3104 2939 ARTICULUB
3141 2899 3217 2937 IV.

2184 2974 2462 3045 Quomodo
2489 2973 2758 3029 dzrmones
2785 2974 3110 3045 futurarum,
3149 2987 3336 3025 rerum
3373 2971 3669 3045 scientiam
3695 2970 3829 3045 sub-

2260 3048 2458 3116 ripere,
2519 3049 2872 3110 tentaverint,
2916 3059 2981 3098 ac
3032 3044 3303 3112 falsorum
3349 3043 3576 3116 deorum
3605 3043 3834 3116 nomine

2259 3112 2518 3186 ambigua
2541 3117 2884 3187 quibusdam,
2917 3131 2980 3169 ac
3003 3117 3318 3186 praesertim
3348 3115 3558 3184 Pyrrho
3582 3117 3638 3168 el
3677 3112 3830 3166 Cras-

2260 3205 2338 3257 so,
2371 3191 2600 3244 oracula
2628 3188 2896 3243 dederint.

693 3270 717 3291 (ί
757 3270 818 3294 ΠΙ.
870 3270 960 3293 υαι
978 3270 1108 3290 υαιιι
1166 3270 1320 3288 υνιυιυ
1385 3270 1696 3285 least-avsum...
1732 3270 1755 3276 νη
1814 3270 2078 3297 \-v....---

686 3333 757 3383 At
806 3343 874 3381 ea
930 3323 1144 3379 clarius
1201 3320 1448 3392 explicat
1504 3316 1838 3383 Suetonius,
1883 3313 1981 3366 ubi
2013 3312 2084 3366 de
2115 3270 2157 3335 Ο
2268 3311 2585 3367 Ρτεεεροείο
2617 3316 2674 3366 et
2703 3311 2946 3366 scientia
2997 3325 3190 3363 rerum
3244 3309 3506 3362 futurum
3548 3326 3570 3353 ι
3603 3306 3834 3377 magni-

2194 3402 2322 3470 ﬁca,
2357 3402 2437 3456 ait
2464 3400 2684 3463 Cicero,
2718 3399 2982 3469 quaedam
3017 3415 3107 3452 res
3138 3401 3194 3451 et
3243 3395 3538 3460 salutaris,
3573 3394 3622 3450 si
3657 3394 3834 3449 modo

2191 3495 2282 3545 est
2312 3489 2448 3556 ulla,
2483 3503 2728 3560 qumque
2760 3487 3021 3556 proxima
3052 3487 3124 3540 ad
3183 3486 3423 3540 deorum
3457 3484 3572 3537 vim
3606 3489 3833 3538 natura:

2195 3577 2426 3634 mortali
2459 3577 2642 3648 possit
2673 3576 2952 3630 accidere.
2989 3597 3015 3622 »
3068 3573 3264 3634 (Cicer.
3300 3572 3402 3627 lib.
3434 3572 3456 3627 I
3485 3571 3549 3626 de
3585 3573 3829 3625 Divinat.

2193 3685 2248 3737 p.
2280 3668 2429 3736 254).
2480 3666 2678 3736 Neque
2739 3665 2789 3717 id
2850 3662 3214 3718 daemonibus
3267 3666 3391 3716 erat
3439 3660 3827 3731 incognitum.

2193 3755 2579 3820 Quamobrem
2612 3753 2762 3807 hanc
2805 3752 3108 3806 scientiam
3163 3751 3274 3805 sibi
3329 3765 3560 3820 quoque
3590 3747 3831 3802 tandem

2196 3847 2364 3900 modo
2390 3845 2684 3899 vindicare
2732 3842 3059 3898 voluerunt.
3092 3841 3237 3895 Nam
3289 3845 3352 3894 ut
3399 3839 3664 3910 apposite
3707 3854 3833 3892 om-

2195 3935 2333 3989 nino
2392 3931 2783 3988 Tertullianus
2844 3937 3057 3991 noster,
3120 3953 3146 3980 ‹‹
3200 3927 3584 3995 Emulantur,
3618 3927 3836 3997 inquit,

2196 4023 2580 4085 divinitatem,
2609 4021 2748 4075 dum
2775 4023 3043 4074 furantur
3065 4017 3502 4073 divinationem.
3539 4038 3568 4064 »
3601 4015 3841 4086 (Tertul-

2198 4111 2337 4166 lian.
2367 4111 2636 4182 Apologet.
2697 4125 2746 4164 c.
2806 4110 2897 4174 22,
2962 4125 3016 4178 p.
3081 4108 3231 4173 408).
3274 4107 3423 4171 Quin
3456 4105 3572 4159 imo
3605 4103 3834 4158 81877

2199 4201 2370 4255 [idem
2399 4199 2451 4253 ei
2481 4199 2721 4265 habeas,
2757 4196 2903 4252 nihil
2932 4196 3047 4251 illis
3073 4196 3181 4250 hac
3203 4192 3574 4248 aemulatione
3607 4192 3846 4248 charius

2200 4289 2616 4360 antiquiusque
2649 4287 2789 4341 fuit:
2824 4309 2851 4336 «
2886 4290 2954 4340 Et
2984 4301 3112 4356 quae
3162 4283 3300 4354 illis,
3360 4283 3462 4353 ait,
3515 4280 3846 4337 accuratior

2200 4395 2418 4450 pascua
2446 4381 2555 4443 est,
2588 4392 2766 4447 quam
2828 4381 2890 4430 ut
2945 4373 3240 4429 hominem
3277 4388 3310 4426 a
3342 4370 3665 4442 recogitatu
3698 4385 3847 4425 verte

2201 4465 2524 4521 divinitatis
2553 4467 2816 4519 avertant
2846 4461 3157 4534 praestigiis
3211 4460 3368 4517 falsae
3409 4459 3790 4515 divinationis
3815 4478 3840 4508 ιι

2203 4555 2354 4626 (Ibid.
2389 4571 2444 4626 p.
2484 4554 2627 4622 407).
2663 4557 2854 4624 Atque
2907 4551 2992 4606 ita
3046 4550 3282 4622 quidem
3341 4549 3401 4603 in
3451 4547 3706 4604 editione
3748 4547 3847 4602 Ri-

458 4672 738 4714 conversa
770 4653 896 4709 fuit.
949 4654 1020 4707 At
1078 4633 1378 4706 brevitatis
1436 4664 1612 4703 causa
1668 4647 1816 4701 hanc
1845 4645 1941 4702 ille
1963 4651 2096 4700 tan-
2128 4633 2173 4698 Ι)
2205 4644 2391 4718 galtii,
2424 4643 2523 4714 qui
2555 4642 2678 4698 haec
2719 4641 2916 4707 verba,
2970 4641 3064 4695 illi
3110 4644 3168 4694 et
3203 4646 3473 4705 avertant,
3507 4638 3578 4693 ad
3631 4637 3846 4691 daemo-

459 4745 763 4801 tummodo
791 4741 1044 4798 subitam
1073 4739 1398 4809 miramque
1436 4737 1627 4792 barbae
1658 4736 2094 4790 conversionem

463 4837 770 4899 memorat,
806 4847 923 4903 qua
970 4828 1206 4900 quidem
1267 4827 1381 4881 alia
1439 4841 1691 4896 quoque,
1725 4840 1854 4895 quae
1883 4823 2100 4880 ethnici

461 4921 862 4988 venditabant,
916 4915 1198 4972 miracula
1255 4916 1401 4970 satis
1459 4919 1654 4985 aperte
1709 4913 2101 4986 designaban-

464 5018 563 5068 tur

535 5097 952 5172 Spiritualibus
983 5101 1176 5152 autem
1203 5095 1532 5148 daemonum
1563 5091 1834 5162 ingeniis,
1859 5091 2102 5158 viribus,

467 5194 524 5246 et
554 5189 800 5244 fallaciis
859 5188 979 5242 haec
1024 5186 1172 5240 facta
1220 5198 1348 5237 esse
1405 5185 1699 5236 asseverat
1738 5179 2103 5250 (Tertullian.

465 5279 577 5335 loc.
608 5277 754 5349 cit.),
785 5272 1277 5346 quemadmodum
1323 5276 1379 5325 et
1423 5286 1637 5336 navem,
1672 5269 1754 5323 uti
1787 5268 1976 5322 adhuc
2006 5266 2104 5334 ait,

467 5364 687 5432 cingulo
718 5372 1034 5425 pro-molam.
1071 5375 1102 5411 τι
1133 5356 1369 5412 Claudia
1415 5357 1692 5410 nimirum
1748 5353 1963 5409 Vestali
1993 5354 2107 5406 vir-

469 5453 624 5526 gine,
657 5458 721 5506 ut
750 5451 887 5507 alibi
911 5451 1038 5519 jam
1069 5447 1594 5500 animadvertimus
1624 5445 1869 5515 (Dissert.
1903 5444 1960 5497 in
1994 5443 2106 5497 Μί-

469 5546 593 5596 nut.
627 5557 755 5613 cap.
795 5539 876 5604 l7,
909 5541 1017 5592 art.
1054 5536 1126 5606 1).
1162 5534 1550 5591 Venditabant
1579 5532 1822 5603 insuper
1870 5531 2106 5597 ethnici,

472 5646 698 5702 aquarii,
754 5627 838 5684 uti
899 5625 1087 5698 pergit
1143 5624 1240 5678 ille
1292 5623 1498 5694 (Ibid.),
1550 5622 1729 5677 cribro
1785 5623 2112 5690 gestatama

473 5717 688 5774 Tuscia
715 5715 996 5771 nimirum
1037 5712 1152 5769 alia
1203 5710 1410 5768 vestali
1464 5709 1666 5766 itidem
1697 5710 1957 5784 virgine:
1990 5727 2105 5783 quo

2213 4750 2315 4789 nes
2347 4733 2650 4788 referenda
2680 4747 2809 4787 esse
2840 4730 3111 4802 opinatus
3142 4735 3250 4785 est.
3283 4731 3357 4783 At
3386 4728 3444 4782 in
3477 4727 3695 4783 nostris
3723 4742 3854 4782 ma-

2211 4820 2528 4891 nuscriptis
2558 4820 2880 4886 codicibus,
2912 4835 2977 4874 ac
2999 4818 3207 4890 priscis
3230 4816 3583 4873 editionibus
3602 4815 3856 4887 legimus

2213 4911 2303 4965 illi
2323 4916 2380 4965 et
2397 4912 2642 4977 avertat;
2673 4925 2802 4978 quae
2822 4909 2892 4964 ad
2918 4913 3173 4962 notatam
3196 4907 3414 4961 ibidem
3444 4923 3476 4960 a
3497 4903 3857 4960 Tertulliano

2215 5001 2611 5070 aspirationem
2667 4999 2998 5054 daemonum
3054 4996 3254 5051 referri
3325 4994 3526 5066 utique
3585 4998 3856 5064 possunt.

2214 5088 2433 5143 Nomen
2462 5104 2594 5142 vero
2623 5104 2828 5158 pascua
2857 5088 2927 5141 ab
2961 5103 3047 5156 eo,
3099 5084 3276 5142 sicuti
3311 5101 3343 5139 a
3375 5083 3554 5139 sacris
3603 5081 3859 5152 Scripto-

2216 5177 2380 5232 ribus
2413 5178 2628 5232 nostris
2679 5177 2962 5248 accipitur
3013 5193 3114 5247 pro
3173 5174 3440 5246 pastione
3469 5177 3527 5227 et
3555 5170 3856 5226 alimento.

2216 5265 2360 5319 Nam
2394 5270 2454 5319 ut
2486 5264 2654 5336 plura
2700 5281 2901 5320 eorum
2951 5263 3079 5319 loca
3127 5263 3494 5328 omittamus,
3522 5260 3580 5314 in
3630 5258 3858 5329 psalmo

2217 5353 2492 5409 vicesimo
2543 5355 2800 5409 secundo
2854 5352 3136 5423 scriptum
3172 5357 3297 5406 est:
3338 5352 3444 5405 «In
3476 5349 3600 5404 loco
3632 5362 3860 5420 pascua

2217 5441 2297 5497 ibi
2325 5459 2417 5498 me
2450 5442 2754 5498 collocavit
2781 5462 2807 5493 ρ
2833 5440 3011 5514 (Psal.
3044 5458 3182 5509 xxu,
3216 5440 3327 5510 20).

2288 5532 2590 5595 Quomodo
2623 5536 2816 5586 autem
2849 5532 3146 5586 daemones
3180 5528 3368 5584 moliti
3400 5529 3519 5582 sint
3547 5522 3850 5581 divinatio~

2222 5638 2350 5678 nem
2384 5621 2707 5692 subripere,
2761 5621 2918 5677 hunc
2974 5626 3190 5676 Auctor
3246 5624 3444 5674 noster
3489 5614 3758 5688 exposuit
3803 5611 3860 5667 in

2219 5713 2378 5770 hunc
2400 5714 2641 5770 modum
2662 5729 2676 5768 :
2697 5713 2919 5786 Ingenii
2943 5711 3036 5770 sui
3057 5711 3382 5769 subtilitate
3395 5733 3423 5761 «
3444 5705 3864 5782 dispositiones
