4158 6324
215 378 334 443 965

1125 385 1196 448 D.
1244 390 1340 450 LE
1387 390 1714 453 NOURRY
1759 386 2407 455 OBSERVATIONES
2456 390 2720 457 NOV/E.

3512 396 3630 463 966

212 517 387 571 etlam
420 514 539 587 Dei,
568 521 625 572 et
658 521 798 575 tunc
823 520 1124 592 prophetis
1164 523 1650 579 concionantibus
1697 541 1866 581 exce-
1894 529 1951 595 Α
1983 526 2395 582 dissertatione
2418 531 2737 596 (Dz’ssertat.
2772 533 2830 585 in
2862 532 3058 586 Minut.
3103 548 3227 603 cap.
3290 533 3377 604 17,
3409 542 3518 588 art.
3552 534 3630 605 3).

211 611 445 677 perunt,
476 612 533 661 et
565 624 719 662 nunc
743 607 1095 665 lectionibus
1120 628 1302 667 sacra:
1334 614 1648 685 Scripturaa
1708 633 1862 671 reso-

211 695 492 750 nantibus
523 701 771 766 carpunt
802 719 830 746 ››
864 698 1124 766 (Tertull.
1157 699 1294 754 Ibid.
1331 718 1387 772 p.
1448 703 1594 773 408).
1649 704 1862 759 Praete-

209 799 309 839 rea
334 790 581 847 sumunt,
614 786 667 839 id
702 791 809 855 est,
861 799 1188 858 agnoscunt
1236 790 1504 859 quasdam
1562 800 1864 864 temporum

206 877 396 937 sortes,
430 874 548 929 sive
581 875 807 931 futuros
837 880 1167 948 temporum
1197 882 1387 933 status
1413 884 1470 934 et
1498 885 1761 936 eventus.
1802 882 1861 935 In

210 968 414 1019 nostra
468 970 662 1019 autem
733 966 804 1020 de
882 967 1166 1021 Lactantii
1224 966 1391 1022 libris
1451 969 1865 1026 dissertatione

208 1052 333 1107 haec
391 1051 829 1109 enucleavimus
886 1055 1108 1111 Dissert.
1168 1058 1227 1111 in
1284 1061 1533 1113 Lactant.
1585 1076 1714 1132 cap.
1772 1062 1862 1126 20,

211 1147 301 1197 art
319 1144 403 1212 7).

281 1231 406 1286 Alio
439 1231 631 1287 adhuc
663 1232 835 1287 modo
891 1232 1117 1303 pluvias
1150 1234 1317 1289 facile
1377 1235 1719 1306 praedicunt.
1770 1240 1865 1292 Et-

210 1320 392 1376 enim.
424 1343 451 1369 ι(
487 1321 734 1389 Habent,
769 1322 850 1377 ait
871 1321 1064 1376 adhuc
1098 1322 1501 1379 Tertullianus
1543 1325 1749 1395 (Ibid),
1795 1326 1865 1379 de

210 1409 468 1463 incolatu
525 1410 697 1477 aeris,
751 1411 822 1465 de
862 1410 1076 1465 vicinia
1131 1411 1415 1482 siderum,
1476 1417 1533 1467 et
1580 1414 1651 1468 de
1702 1431 1864 1469 com-

212 1497 428 1553 mercio
464 1499 710 1553 nubium
742 1498 1005 1553 caelestes
1035 1516 1261 1570 sapere,
1295 1501 1400 1555 hoc
1417 1507 1526 1570 est,
1547 1520 1864 1573 agnoscere

211 1592 541 1659 paraturas,
576 1593 639 1642 ut
668 1591 724 1642 et
748 1587 993 1658 pluvias,
1027 1604 1174 1659 quas
1198 1589 1323 1659 jam
1357 1590 1642 1658 sentiunt,
1675 1608 1866 1662 repro-

213 1676 467 1732 mittant.
500 1697 529 1725 n
562 1676 858 1731 Pamelius
924 1693 1057 1732 vero
1110 1693 1217 1732 nos
1276 1677 1370 1732 hic
1424 1679 1679 1735 monitos
1736 1694 1865 1735 esse

208 1766 393 1822 voluit
424 1783 487 1821 se
519 1783 630 1821 non
666 1766 1006 1822 meminisse
1049 1771 1247 1822 utrum
1311 1784 1521 1825 nomen
1578 1778 1865 1840 paratum

210 1856 365 1927 apud
397 1854 542 1911 alios
572 1859 842 1911 auctores
861 1855 1100 1925 legatur.
1136 1856 1247 1911 Sed
1278 1862 1379 1912 aut
1410 1858 1534 1930 ipse
1558 1876 1672 1914 non
1705 1858 1860 1930 lege-

209 1948 323 2008 rat,
354 1948 457 1998 aut
486 1960 601 1999 non
633 1944 1055 1999 recordabatur
1086 1961 1148 2000 se
1178 1944 1391 2017 legisse
1422 1946 1477 2001 in
1512 1948 1643 2002 Vita
1676 1948 1864 2003 sancti

211 2031 483 2102 Cypriani
536 2032 657 2086 haec
714 2032 901 2086 Pontii
961 2034 1172 2088 verba:
1216 2054 1242 2086 α
1290 2034 1559 2090 Nondum
1608 2037 1867 2091 secunda

212 2121 490 2176 nativitas
518 2137 733 2176 novum
768 2121 1068 2176 hominem
1103 2121 1415 2192 splendore
1476 2129 1598 2179 toto
1656 2124 1864 2180 divinae

212 2209 359 2265 lucis
381 2209 765 2277 occulaverat,
802 2216 858 2265 et
880 2211 1003 2280 jam
1038 2216 1259 2266 veteres
1285 2228 1349 2267 ac
1382 2212 1665 2283 pristinas
1712 2218 1867 2269 tene-

218 2299 356 2353 bras
386 2298 511 2353 sola
541 2297 689 2353 lucis
723 2304 997 2369 paratura
1026 2300 1291 2355 vincebat
1316 2320 1343 2352 ιι
1405 2302 1607 2371 (Pont.'
1627 2302 1684 2356 in
1752 2304 1867 2357 Vita

222 2388 278 2443 S.
316 2387 478 2459 Cypr.
514 2404 563 2442 ο.
612 2389 689 2460 2).
750 2393 1041 2443 Paratum
1099 2393 1292 2443 autem
1346 2406 1557 2445 nomen
1617 2390 1697 2445 ibi
1738 2390 1866 2462 ipso

221 2476 564 2532 Tertulliani
596 2493 772 2532 sensu
805 2477 1120 2532 adhibetur
1168 2495 1271 2549 pro
1312 2479 1721 2551 dispositione,
1765 2498 1868 2552 ap-

221 2570 449 2637 paratu,
483 2570 542 2620 et
572 2566 1012 2637 praeparatione,
1048 2568 1131 2622 uti
1168 2567 1295 2637 jam
1356 2570 1730 2625 observatum
1782 2573 1870 2624 est

221 2656 371 2726 (Art.
407 2656 631 2727 super.)

290 2754 442 2809 Dicit
466 2754 665 2825 itaque
682 2755 897 2809 Auctor
930 2759 1132 2810 noster
1153 2771 1241 2821 ea,
1277 2772 1403 2827 quae
1436 2756 1493 2811 in
1526 2756 1717 2812 altiori
1741 2756 1866 2811 ccin

220 2841 454 2914 regione
502 2842 1000 2913 praeparabantur,
1063 2844 1310 2899 nubium
1361 2846 1711 2901 commercio
1774 2862 1868 2900 co-

220 2931 421 3002 gnosci
454 2931 873 2986 adtemonibus
902 2931 968 2986 de
1002 2933 1243 2987 incolatu
1272 2934 1438 2988 aeris.
1476 2935 1732 2989 Noverat
1784 2934 1868 2989 si-

220 3021 457 3092 quidem
482 3025 755 3075 Satanam
789 3020 860 3075 ab
891 3020 1154 3092 apostolo
1212 3023 1433 3092 vocari,
1466 3045 1493 3072 ‹‹
1544 3023 1868 3095 Principem

220 3110 529 3181 potestatis
554 3109 706 3165 aeris
730 3109 942 3181 hujus;
977 3112 1271 3167 daemones
1318 3128 1474 3178 vero,
1539 3112 1871 3184 spiritualia

221 3199 557 3271 nequitatiae
583 3199 639 3253 in
692 3199 1028 3255 ccelestibus
1060 3221 1087 3250 ››
1125 3203 1328 3273 (Epist.
1364 3200 1433 3255 ad
1464 3201 1658 3269 Ephes.
1709 3218 1770 3267 ιι,
1801 3206 1869 3268 2;

1975 616 2247 686 Ejusdem
2282 618 2538 689 profecto
2571 620 2801 689 generis
2834 626 2924 675 est
2982 620 3137 676 aliud
3201 628 3392 678 Crmso
3438 623 3630 677 reddi-

1972 709 2122 759 tum.
2150 710 2354 761 Narrat
2387 707 2541 762 enim
2580 709 2867 765 Eusebius
2898 710 3133 780 (Euseb.
3193 710 3297 765 lib.
3361 728 3414 784 v,
3480 714 3634 767 Prae-

1970 812 2094 867 par.
2150 799 2348 868 Evang.
2411 815 2537 870 cap.
2571 800 2631 855 21
2671 805 2727 854 et
2750 804 2842 869 22,
2886 818 2942 871 p.
2991 802 3091 855 211
3155 806 3210 857 et
3267 803 3417 873 seq.)
3476 802 3634 858 hunc

1974 884 2162 957 Lydiae
2196 903 2385 957 regem
2413 904 2548 943 cum
2575 889 2793 943 bellum
2829 890 3020 945 Persis
3068 891 3278 947 inferre
3328 891 3628 962 cogitaret,

1972 974 2317 1045 Appolinem
2380 976 2748 1049 Delphicum,
2810 980 2979 1049 cujus
3036 981 3317 1051 templum
3388 981 3633 1036 infinitis

1975 1064 2185 1133 opibus
2226 1069 2281 1119 et
2321 1066 2580 1121 donariis
2632 1074 3032 1135 exornaveral,
3066 1070 3133 1124 de
3196 1071 3392 1127 futuro
3452 1070 3631 1142 hujus

1975 1152 2112 1208 belli
2144 1160 2353 1210 eventu
2407 1157 2798 1229 consuluisse,
2838 1163 2893 1214 et
2949 1159 3052 1213 hoc
3086 1161 3255 1231 plane
3286 1160 3629 1233 ambiguum

1975 1243 2272 1314 accepisse
2303 1261 2652 1318 responsum
2678 1266 2690 1303 :

1978 1364 2205 1430 Κροῖσος
2260 1361 2417 1417 ’Ἆλιν
2498 1356 2715 1431 διαϐὰς,
2775 1363 3018 1439 μεγάλην
3077 1367 3256 1441 ἀρχὴν
3314 1364 3629 1423 καταλύσει.

2007 1480 2214 1527 Crassus
2247 1480 2413 1541 Halyn
2449 1494 2705 1547 superans
2736 1496 2981 1547 magnam
3002 1487 3269 1544 pervertet
3287 1499 3449 1547 opum
3469 1486 3592 1534 vim.

2428 1544 2706 1601 (Herodot.,
2740 1545 2832 1593 lib.
2884 1581 2902 1604 ,
2934 1560 3048 1607 cup.
3082 1550 3177 1601 65).

1974 1677 2134 1742 Quod
2161 1676 2256 1731 ille
2308 1681 2511 1748 postea
2569 1678 2876 1733 confirmat
2927 1678 3205 1735 OEnomai
3265 1682 3628 1744 testimonio.

1973 1769 2043 1821 At
2074 1766 2128 1820 id
2162 1765 2269 1820 tibi
2300 1766 2350 1819 si
2373 1782 2487 1820 non
2507 1766 2784 1832 sufﬁciat,
2810 1768 2969 1822 adire
2995 1771 3210 1839 poteris
3245 1769 3626 1844 Herodotum,

1974 1861 2030 1912 et
2060 1857 2159 1927 qui
2192 1855 2263 1909 de
2294 1859 2544 1925 utroque
2574 1855 2792 1926 Pyrrho
2839 1862 2895 1911 et
2934 1870 3120 1913 Crasso
3149 1864 3349 1930 agunt,
3401 1862 3628 1919 Cicero-

1976 1962 2132 2014 nem,
2167 1943 2557 2015 Bulengerum
2601 1948 2658 1999 et
2688 1943 2834 2000 alios
2894 1946 3097 2016 (Cicer.
3152 1946 3255 2002 lib.
3300 1966 3363 2016 ιι,
3400 1954 3482 2005 De
3546 1952 3635 2008 di-

1974 2035 2088 2089 vin.
2124 2051 2177 2105 p.
2209 2034 2315 2087 296
2339 2050 2352 2100 ;
2378 2033 2685 2105 Bulenger.
2713 2035 2784 2089 De
2807 2050 2951 2088 orac.
2979 2040 3029 2089 et
3060 2040 3168 2090 vat.
3206 2054 3332 2109 cap.
3365 2040 3445 2109 6).

2044 2123 2125 2176 Ad
2150 2123 2419 2176 eumdem
2458 2139 2626 2192 porro
2658 2122 2918 2177 Crmsum
2952 2124 3198 2177 attinent
3247 2124 3365 2181 haec
3421 2129 3634 2185 subse-

1976 2210 2217 2283 quentia
2248 2210 2594 2266 Tertulliani
2628 2212 2836 2266 verba:
2876 2232 2901 2263 ei
2924 2212 3207 2267 Creterum
3273 2218 3629 2275 testudinem

1977 2300 2270 2370 concoqui
2327 2317 2457 2353 cum
2494 2301 2769 2354 carnibus
2804 2300 3041 2371 pecudis
3076 2302 3317 2372 Pythius
3350 2320 3415 2359 eo
3462 2308 3631 2361 modo

1978 2389 2289 2452 nuntiavit,
2323 2406 2439 2459 quo
2473 2406 2652 2460 supra
2684 2389 2975 2444 diximus:
3008 2396 3302 2446 momento
3334 2394 3488 2462 apud
3525 2394 3633 2467 Ly-

1977 2480 2134 2534 diam
2172 2480 2405 2533 fucratn
2469 2479 2725 2550 (Tertull.
2780 2480 3057 2551 Apologet.
3117 2497 3168 2535 c.
3222 2482 3312 2545 :32,
3376 2500 3431 2554 p.
3484 2485 3629 2557 409).

1978 2568 2266 2624 Memoriae
2298 2569 2591 2640 siquidem
2616 2570 2740 2639 jam
2773 2568 2985 2625 citatus
3019 2587 3052 2624 a
3082 2570 3253 2624 nobis
3310 2572 3632 2629 Herodotus

1980 2658 2236 2729 prodidit
2268 2657 2480 2714 missos
2520 2660 2756 2713 aCrznso
2816 2658 3074 2725 nuntios,
3128 2659 3227 2730 qui
3278 2661 3439 2715 varia
3495 2663 3631 2719 deo-

1980 2765 2110 2802 rum
2143 2746 2381 2803 oracula
2409 2749 2802 2813 consulerent,
2851 2752 2907 2803 et
2950 2749 3085 2819 quid
3140 2748 3265 2819 ipse
3325 2749 3383 2804 in
3454 2751 3634 2823 Lydia

1980 2843 2193 2909 ageret,
2230 2837 2685 2893 sciscitarentur.
2721 2837 3099 2909 Singulorum
3121 2842 3317 2892 autem
3349 2854 3634 2911 responsa

1980 2943 2114 2981 cum
2165 2928 2504 2996 accepisset,
2564 2926 2795 2981 nullum
2856 2926 3139 2997 probavit,
3202 2926 3312 2981 nisi
3366 2926 3632 3000 Delphici

1980 3015 2284 3086 Apollinis,
2317 3015 2416 3085 qui
2450 3031 2536 3081 ea,
2574 3032 2700 3086 qua)
2758 3016 2828 3070 ab
2863 3014 2962 3069 illo
2995 3033 3052 3071 re
3101 3032 3235 3069 vera
3289 3018 3633 3087 agebantur,

1980 3105 2089 3160 hoc
2122 3120 2405 3175 responso
2426 3104 2633 3159 edixit;
2680 3100 2939 3172 Χελώνην
2967 3103 3057 3158 καὶ
3092 3102 3226 3177 ἄρνα
3273 3104 3583 3177 κατακόψας
3614 3131 3631 3175 ;

1982 3194 2122 3264 ὁμοῦ
2153 3190 2273 3264 ἕψιε
2304 3191 2463 3254 αὐτὸς
2492 3190 2543 3245 ἐν
2578 3186 2770 3260 λέϐητι
2793 3190 3038 3265 χαλκέῳ,
3088 3192 3329 3269 χάλκεον
3388 3192 3631 3265 ἐπίθημα

219 3304 296 3358 νι,
359 3289 466 3359 12).
520 3288 785 3358 Denique
851 3288 922 3343 de
980 3288 1179 3360 pluvia
1231 3290 1303 3344 ab
1354 3289 1427 3345 iis
1480 3272 1943 3361 pramuntiataC
1983 3280 2223 3344 ἐπιθείςζ
2310 3282 2652 3337 Testudz'nem
2734 3285 2948 3352 pariter
3008 3293 3057 3339 et
3132 3302 3339 3356 agnum
3379 3286 3632 3340 concisus

221 3375 439 3448 aliquid
464 3376 619 3431 infra
651 3376 991 3432 dicendum.

291 3493 507 3549 Eodem
556 3509 789 3565 quoque
862 3493 1033 3548 modo
1084 3492 1181 3548 ille
1241 3494 1432 3549 adhuc
1484 3494 1741 3550 ostendit
1797 3496 1870 3550 ab

219 3584 429 3639 iisdem
453 3583 818 3638 daemonibus
845 3583 1101 3653 profecta
1123 3600 1272 3654 esse,
1307 3601 1434 3655 qua:
1460 3584 1679 3640 ethnici
1735 3590 1869 3640 tan-

219 3679 419 3745 tepere
445 3671 840 3739 venditabant,
875 3672 1115 3727 deorum
1167 3689 1408 3729 suorum
1441 3672 1693 3729 oracula.
1729 3674 1870 3741 Quis

220 3768 414 3821 autem
449 3765 591 3820 adeo
618 3780 803 3819 caecus
834 3768 946 3831 est,
981 3768 1045 3818 ut
1075 3764 1133 3818 in
1165 3766 1248 3819 eis
1282 3764 1484 3820 solitas
1534 3766 1867 3821 daemonum

218 3858 477 3923 fraudes,
512 3855 948 3928 malignamque
980 3854 1371 3910 subtilitatem
1404 3871 1470 3910 eo
1503 3855 1732 3911 facilius
1755 3874 1869 3912 non

218 3946 634 4018 deprehendat,
668 3960 783 4016 quo
814 3944 1005 4015 magis
1044 3942 1321 4015 ambigua
1352 3944 1612 4001 fuerunt.
1653 3945 1713 4000 Si
1736 3945 1869 4018 quis

217 4041 413 4091 tamen
446 4033 807 4090 Tertulliano
839 4034 1072 4088 credere
1130 4032 1293 4097 nolit,
1330 4032 1379 4087 is
1431 4038 1586 4088 certe
1643 4034 1865 4101 audiat,

221 4125 627 4198 expendatque
660 4138 838 4194 quam
875 4121 1185 4176 manifeste
1214 4120 1358 4176 illud
1418 4122 1492 4177 ab
1550 4138 1615 4177 eo
1670 4124 1873 4193 probe-

220 4220 345 4270 tur:
381 4238 408 4265 «
445 4214 505 4269 In
540 4211 813 4277 oraculis,
848 4211 1063 4282 inquit,
1121 4226 1235 4281 quo
1285 4210 1516 4281 ingenio
1575 4211 1867 4283 ambigui-

220 4311 369 4361 tates
428 4321 568 4361 suas
608 4306 937 4372 temperent
978 4301 1035 4355 in
1097 4304 1362 4370 eventus,
1420 4300 1619 4356 sciunt
1664 4300 1866 4366 Croesi,

218 4394 415 4450 sciunt
469 4391 672 4465 Pyrrhi
714 4415 732 4441 ιν
769 4389 1041 4462 (Tertull.
1082 4391 1360 4461 Apotoget.
1394 4406 1442 4444 c.
1476 4393 1568 4457 22,
1599 4407 1655 4461 p.
1718 4390 1864 4462 408).

218 4484 344 4540 Duo
376 4484 573 4554 itaque
604 4480 822 4553 profert
852 4478 1226 4535 celeberrima
1268 4479 1638 4535 oraculorum
1670 4496 1865 4534 exem-

219 4575 337 4647 pla,
361 4589 612 4646 quorum
646 4586 831 4625 unum
866 4569 1107 4641 Pyrrho,
1140 4570 1388 4625 alterum
1415 4574 1605 4625 Croeso
1662 4570 1865 4624 datum

218 4646 327 4720 est.
362 4662 545 4726 Quam
578 4662 921 4733 ambiguum
956 4663 1151 4714 autem
1168 4659 1417 4714 etfallax
1442 4659 1697 4731 primum
1715 4659 1867 4714 878
1901 4646 1945 4709 D

220 4756 396 4812 fuerit
426 4754 517 4810 his
552 4752 914 4825 Augustinus
943 4751 1217 4822 patefacit
1245 4751 1471 4807 verbis:
1503 4771 1525 4798 α
1587 4751 1680 4805 Ait
1712 4751 1868 4805 enim

218 4845 515 4910 fatidicus,
547 4843 684 4898 Dico
712 4847 787 4912 te,
822 4841 1055 4913 Pyrrhe,
1087 4840 1322 4895 vincere
1336 4857 1507 4911 posse
1538 4844 1868 4895 Romanos:

221 4940 396 5005 atque
425 4934 507 4987 ita
537 4932 656 4987 sive
687 4930 942 5004 Pyrrhus
974 4947 1008 4984 a
1038 4929 1339 4996 Romanis,
1374 4929 1495 4985 sive
1538 4930 1786 4985 Romani
1838 4948 1871 4985 a

222 5022 443 5092 Pyrrho
471 5020 863 5083 vincerentur,
894 5035 1137 5075 securus
1189 5017 1465 5072 fatidicus
1524 5017 1872 5073 utrumlibet

224 5112 581 5181 exspectaret
637 5112 905 5163 eventum
940 5128 965 5159 η
1023 5108 1297 5179 (August.
1326 5105 1430 5160 lib.
1466 5123 1551 5173 ιιι,
1609 5107 1674 5161 de
1705 5106 1866 5163 Civit.

221 5218 271 5255 c.
304 5200 390 5265 17,
425 5214 480 5267 p.
511 5197 622 5267 75).
657 5198 727 5249 At
772 5196 1114 5263 hujusmodi
1150 5194 1389 5251 fallaciae
1452 5194 1868 5250 fraudulenta:-

222 5306 334 5361 que
360 5286 660 5357 captiones
691 5301 724 5338 a
770 5299 903 5338 vero
935 5284 1050 5339 Deo
1110 5283 1401 5354 proficisci
1450 5299 1565 5337 non
1598 5288 1867 5354 possunt,

221 5379 321 5435 sed
356 5394 387 5431 a
419 5373 696 5445 malignis
719 5371 1107 5436 daemonibus,
1131 5371 1231 5443 qui
1262 5374 1484 5427 naturae
1498 5387 1613 5425 suae
1638 5371 1868 5426 subtili-

219 5473 339 5525 tate
393 5466 503 5521 sub
562 5462 843 5518 falsorum
894 5461 1136 5515 deorum
1195 5460 1554 5532 imaginibus
1600 5459 1865 5529 latentes,

218 5557 313 5612 his
334 5552 633 5626 responsis
663 5549 931 5605 homines
964 5549 1357 5621 decipiebant.
1392 5548 1471 5603 De
1501 5547 1610 5602 hac
1668 5553 1864 5603 autem

220 5646 412 5702 fallaci
452 5640 746 5716 Apollinis
776 5637 968 5711 Pythii
1027 5639 1098 5694 ad
1167 5638 1453 5711 Pyrrhum
1504 5654 1699 5711 regem
1743 5655 1864 5695 res-

221 5750 406 5812 ponso
437 5728 870 5806 disputavimus
901 5727 959 5783 in
991 5732 1192 5785 nostra
1221 5729 1293 5785 de
1347 5726 1591 5783 Minucii
1634 5728 1863 5786 Octavio

1981 3373 2042 3425 in
2097 3372 2260 3427 libate
2333 3371 2543 3427 ahenea
2589 3373 2739 3426 coxit
2796 3373 3049 3442 operculo
3107 3374 3316 3429 ahenea
3373 3376 3633 3444 imposito

1980 3460 2228 3531 (Herod.
2261 3460 2362 3515 lib.
2398 3477 2439 3526 ι,
2469 3459 2499 3532 §
2531 3460 2618 3529 48)
2648 3462 2719 3515 At
2749 3477 2862 3515 non
2891 3461 3086 3517 divino
3131 3464 3372 3532 quidem
3429 3460 3634 3517 afﬂatu

1980 3549 2326 3604 deemonille
2358 3548 2627 3620 cognovit
2682 3549 2822 3620 quid
2875 3549 3101 3605 Crzesus
3149 3555 3365 3623 ageret,
3427 3552 3529 3606 sed
3576 3551 3634 3605 in

1980 3644 2116 3693 nata
2145 3637 2276 3706 sibi,
2311 3638 2391 3692 ait
2420 3638 2841 3706 Tertullianus,
2878 3639 3138 3710 agilitate
3164 3640 3221 3694 in
3250 3640 3488 3712 Lydiam
3517 3656 3634 3695 uno

1980 3732 2275 3783 momento
2298 3726 2642 3795 convolavit,
2667 3732 2722 3782 et
2751 3728 2953 3783 eadem
2992 3728 3288 3785 celeritate
3346 3718 3635 3795 reversus;

1979 3816 2151 3872 Craasi
2182 3816 2407 3872 nuntiis
2439 3821 2824 3871 memoratum
2875 3817 3163 3888 Apollinis
3222 3822 3459 3873 nomine
3511 3834 3638 3874 res-

1980 3925 2231 3979 ponsum
2265 3908 2542 3963 reddidit.

2050 3996 2129 4051 De
2159 3996 2251 4051 his
2284 4013 2454 4068 porro
2487 4013 2551 4050 ac
2591 3995 2885 4051 similibus
2919 3994 3193 4063 oraculis,
3226 3995 3640 4068 ambiguisque

1979 4101 2045 4139 ac
2076 4084 2384 4140 fallacibus
2405 4085 2739 4140 daemonum
2774 4086 3094 4156 responsis,
3132 4089 3189 4139 et
3250 4084 3485 4140 illorum
3543 4086 3643 4140 de-

1978 4174 2153 4241 fectu,
2191 4191 2303 4228 non
2337 4173 2529 4230 solum
2563 4176 2619 4230 in
2656 4174 2838 4229 citata
2871 4174 2940 4228 de
2972 4173 3209 4229 Minucii
3240 4173 3498 4243 Octavio,
3533 4174 3636 4230 sed

1979 4262 2109 4317 aliis
2150 4279 2383 4334 quoque
2417 4262 2636 4317 nostris
2688 4262 3216 4317 dissertationibus
3243 4267 3437 4317 actum
3479 4279 3512 4317 a
3543 4279 3641 4317 no.

1979 4351 2088 4406 bus
2124 4352 2234 4405 fuit
2263 4353 2577 4423 (Dissertat.
2615 4353 2672 4405 in
2708 4353 2919 4407 Minut.
2960 4367 3089 4421 cap.
3114 4351 3200 4417 33,
3235 4356 3344 4404 art.
3377 4351 3448 4419 3;
3480 4360 3535 4406 et
3583 4353 3644 4405 in

1976 4441 2224 4495 Lactant.
2285 4456 2410 4511 cap.
2460 4442 2549 4504 20,
2584 4447 2689 4494 art.
2739 4442 2770 4491 7
2804 4444 2860 4493 et
2904 4442 2981 4507 8;
3046 4443 3101 4493 et
3130 4455 3256 4509 cap.
3308 4439 3398 4509 32,
3426 4444 3536 4493 art.
3562 4440 3636 4510 1).

1975 4533 2048 4584 At
2077 4530 2371 4585 neminem
2404 4546 2531 4584 esse
2563 4534 2862 4600 putamus,
2896 4528 2996 4599 qui
3037 4545 3106 4583 ex
3136 4527 3313 4582 dictis
3373 4544 3490 4583 non
3549 4528 3639 4582 in-

1974 4618 2199 4690 telligat
2220 4626 2503 4690 quantum
2531 4636 2562 4672 a
2588 4617 2929 4672 Tertulliani
2955 4616 3325 4688 aliorumque
3346 4616 3636 4688 antiquis-

1980 4708 2261 4763 simorum
2287 4706 2554 4762 Ecclesiae
2577 4706 2810 4761 Patrum
2846 4705 3136 4761 sententia
3175 4706 3466 4761 recentior
3507 4706 3635 4777 qui-

1979 4798 2150 4863 dam;
2193 4802 2258 4851 ut
2287 4796 2425 4851 alibi
2458 4796 2886 4857 adnotavimus,
2921 4794 3223 4864 dissideat,
3273 4794 3373 4866 qui
3433 4800 3634 4850 vetera

1979 4886 2285 4959 gentilium
2317 4885 2548 4941 oracula
2596 4901 2707 4941 non
2744 4885 2835 4940 his
2868 4886 3201 4939 daemonum
3262 4885 3416 4939 dolis
3448 4885 3633 4956 pessi-

1981 4976 2207 5046 misque
2239 4976 2484 5043 artibus,
2547 4975 2646 5029 sed
2690 4974 3085 5040 sacerdotum,
3152 4973 3320 5028 idolis
3378 4974 3634 5028 servien-

1977 5066 2147 5131 tium,
2184 5063 2430 5120 fallaciis
2479 5080 2544 5118 ac
2595 5064 2902 5134 praastigiis
2962 5064 3189 5118 reddita
3244 5062 3425 5117 fuisse
3478 5062 3633 5116 876

1980 5170 2279 5226 perperam
2314 5154 2590 5208 venditat.
2625 5153 2900 5216 Quamvis
2932 5153 3086 5207 enim
3124 5151 3407 5206 nonnulla
3439 5151 3511 5204 ab
3538 5150 3632 5205 his

1978 5243 2380 5298 sacerdotibus
2427 5245 2680 5313 profecta
2733 5242 2913 5296 fuisse
2978 5245 3292 5304 constaret,
3354 5238 3630 5310 pleraque

1978 5338 2175 5389 tamen
2207 5334 2403 5388 omnia
2431 5333 2601 5387 edere
2634 5349 2748 5386 non
2783 5337 3120 5401 potuerunt,
3154 5328 3329 5383 sicuti
3362 5342 3467 5381 nec
3496 5340 3632 5381 vera

1978 5422 2285 5488 miracula,
2318 5423 2387 5477 de
2420 5422 2635 5493 quibus
2668 5436 2823 5474 nunc
2855 5420 3143 5488 agendum
3175 5423 3282 5471 est.

2595 5559 2911 5599 ARTICULUS
2944 5559 2996 5596 V.

1976 5653 2246 5724 Quomodo
2300 5652 2665 5708 Tertullianus
2707 5649 2953 5704 ostendat
2998 5646 3315 5724 (tamquam
3364 5650 3633 5724 potestate

2043 5744 2107 5783 ac
2132 5725 2423 5798 fraudibus
2450 5739 2513 5779 ea
2543 5738 2658 5778 esse
2685 5724 2854 5792 facta,
2886 5736 3003 5792 quae
3031 5720 3182 5792 magi
3233 5718 3627 5776 circulatoriis
