4158 6334
525 324 643 387 967

1038 319 1565 386 TEHTULLIANI
1610 317 1934 384 ()PERUM
1976 319 2178 383 PARS
2223 325 2270 384 l.
2309 355 2381 366 —
2417 321 2689 384 SERIES
2735 324 2782 397 Ι,
2835 319 3406 386 APOLOGETIGA.

3802 316 3927 380 968

587 458 892 536 prmstigiis
923 455 1134 536 ludunt,
1157 455 1358 536 quibus
1383 455 1762 536 infamantur”
1785 455 2164 536 defunctorum
2193 470 2247 536 Α
2279 471 2408 510 rum
2443 455 2854 511 defunctorum
2883 455 3317 527 phantasmata,
3341 453 3458 510 sive
3480 453 3646 509 fictas
3667 450 3923 522 effigies,

595 526 821 592 animm,
875 529 1042 598 pueri
1096 528 1156 581 in
1211 527 1495 596 eloquium
1551 526 1762 580 oraculi
1838 527 2151 598 eliduntur,

585 597 963 656 immittuntur
983 599 1226 663 somnia,
1251 612 1434 667 caprae
1477 604 1530 651 et
1587 614 1781 653 mensae
1825 597 2079 652 divinant
2137 614 2149 651 :

590 688 689 726 nec
718 670 1042 740 responderi
1069 688 1100 724 ιι
1153 686 1420 740 quoquam
1479 685 1629 738 posse
1678 685 1748 724 ea
1796 670 1988 722 saltem
2045 669 2154 724 dii:

588 739 940 808 tribuennda,
963 756 1088 812 quae
1119 739 1275 794 intra
1313 739 1539 795 illorum
1586 741 1790 811 templa
1820 741 2151 810 agebantur.

588 883 860 940 Ethnicos
892 883 1084 939 acrius
1117 883 1307 938 adhuc
1341 886 1506 954 urget
1561 881 1980 947 Tertullianus,
2035 881 2153 953 pla-

515 990 775 1044 numque
806 973 941 1027 facit
970 989 1056 1039 ea,
1093 990 1217 1042 qua:
1257 989 1291 1027 a
1321 970 1711 1027 circulatoriis
1741 971 1930 1042 magis
1977 987 2156 1041 supra

513 1066 738 1118 naturas
795 1061 1058 1117 ordinem
1118 1060 1273 1115 edita
1348 1059 1759 1132 opinabantur,
1830 1059 1950 1114 haec
2007 1059 2156 1113 facta

510 1151 694 1206 fuisse
728 1149 1082 1205 daemonium
1117 1148 1422 1204 fraudibus
1451 1165 1516 1203 ac
1540 1148 1876 1220 praestigiis.
1903 1148 1970 1202 Et
1999 1150 2155 1204 certe

512 1240 810 1311 quomodo
838 1239 991 1309 magi
1017 1237 1101 1292 illi
1133 1237 1504 1292 exsecrandis
1535 1237 1660 1292 suis
1709 1237 1935 1292 artibus
1969 1237 2154 1291 facere

509 1327 731 1399 aliquid
767 1331 1028 1399 possent,
1074 1325 1184 1381 nisi
1237 1326 1521 1381 haberent
1567 1327 1735 1381 semel
1783 1327 2152 1380 invitatorum

509 1417 591 1471 ait
625 1415 1046 1484 Tertuillanus,
1105 1415 1446 1484 angelorum,
1469 1413 1738 1469 videlicet
1762 1413 2072 1473 malorum.
2104 1418 2155 1468 et

507 1504 822 1562 damonum
878 1504 1226 1559 adsistentem
1266 1508 1588 1574 potestatem
1626 1502 1990 1573 (Tertullian.
2023 1503 2158 1573 Apo-

514 1593 680 1664 loget.
721 1609 770 1649 ο.
802 1593 892 1659 23,
919 1610 973 1664 p.
997 1593 1146 1661 410).
1178 1597 1298 1646 Non
1322 1591 1477 1646 enim
1499 1609 1624 1648 eam
1658 1591 2002 1662 potentiam,
2027 1607 2153 1662 quae

509 1680 716 1738 solitas
745 1680 1003 1736 hominis
1032 1680 1184 1735 vires
1235 1684 1544 1751 superat,a
1599 1697 1662 1735 se
1709 1679 1855 1751 ipsis
1913 1679 2152 1746 habent,

509 1785 699 1842 neque
723 1771 901 1825 etiam
934 1785 968 1824 a
1009 1769 1124 1824 Deo
1182 1768 1423 1840 optimo,
1457 1767 1551 1837 qui
1587 1767 2000 1823 maleficiorum
2057 1785 2154 1823 au-

2261 561 2294 598 a
2323 544 2514 614 magis
2545 545 2876 600 damonum
2905 545 3152 600 artificio
3185 541 3612 615 repraesentari.
3651 541 3763 596 Sed
3799 539 3927 594 haec

2261 623 2360 688 ille
2392 632 2449 686 in
2481 631 2631 688 libro
2663 634 2737 688 de
2765 635 2971 689 Anima
3003 633 3210 702 fusius,
3245 631 3455 703 hisque
3486 630 3679 686 verbis
3731 627 3918 700 expli-

2262 725 2390 776 cat:
2421 744 2447 770 «
2484 722 2543 775 In
2577 721 2676 776 illa
2706 722 2896 793 specie
2929 721 3156 792 magis.
3191 738 3315 792 qua:
3358 721 3483 789 jam
3544 720 3924 791 quiescentes

2263 809 2491 865 animas
2519 809 2760 866 evellere
2790 811 2861 866 ab
2896 811 3098 866 inferis
3129 810 3408 877 creditur,
3458 813 3515 864 et
3570 807 3921 881 conspectui

2263 897 2555 963 exhibere,
2609 915 2721 954 non
2777 898 2892 954 alia
2941 898 3180 954 fallacia;
3227 899 3316 954 vis
3363 898 3684 969 operatior;
3746 895 3924 968 plane

2263 987 2401 1058 quia
2431 992 2486 1041 et
2517 987 2868 1059 phantasma
2901 993 3228 1060 prastatur,
3261 988 3400 1058 quia
3430 992 3486 1043 et
3517 1003 3732 1058 corpus
3753 986 3925 1041 afﬁn-

2262 1078 2418 1145 gitur
2450 1093 2552 1132 nec
2585 1093 2865 1148 magnum
2899 1077 2983 1132 illi
3047 1077 3362 1132 exteriores
3415 1075 3616 1132 oculos
3657 1076 3926 1130 circum-

2264 1166 2538 1231 scribere,
2595 1166 2687 1220 cui
2741 1166 3072 1221 interiorem
3125 1166 3341 1222 mentis
3399 1167 3584 1222 aciem
3633 1181 3931 1220 exsiccare

2264 1253 2535 1324 perfacile
2592 1261 2700 1310 est.
2763 1259 3016 1326 Corpora
3059 1256 3312 1326 denique
3363 1254 3719 1309 videbantur
3771 1253 3928 1308 Pha-

2263 1344 2450 1408 raoni,
2481 1349 2537 1397 et
2572 1345 2850 1416 Egyptiis
2884 1345 3245 1415 magicarum
3269 1344 3566 1414 virgarum
3599 1343 3926 1422 dracones;

2263 1431 2361 1486 sed
2394 1432 2602 1503 Moysis
2658 1433 2868 1488 veritas
2928 1432 3300 1488 mendacium
3348 1431 3648 1488 devovavit
3681 1453 3710 1481 ››
3754 1432 3929 1502 (Ter-

2261 1519 2584 1576 tullian.d.e
2633 1522 2814 1576 Anim.
2865 1537 2915 1576 c.
2974 1523 3064 1587 57,
3123 1539 3178 1592 p.
3239 1523 3386 1587 355).
3439 1522 3504 1576 In
3565 1521 3658 1576 his
3719 1521 3928 1590 itaque

2265 1610 2504 1678 magicis
2525 1610 2960 1665 evocationibus
2993 1609 3136 1664 nihil
3195 1609 3351 1665 aliud
3405 1626 3532 1665 esse
3591 1610 3923 1676 contendit,

2264 1697 2375 1752 nisi
2410 1698 2740 1754 daemonum
2803 1699 3060 1764 fraudes,
3119 1697 3404 1766 fallacias,
3463 1699 3685 1765 fucum,
3739 1701 3928 1769 atque

2267 1787 2660 1843 mendacium.
2689 1788 2849 1851 Quod
2908 1788 3145 1860 quidem
3198 1787 3296 1842 ille
3354 1787 3571 1842 ibidem
3624 1786 3735 1841 hac
3793 1792 3919 1842 tam

509 1837 636 1913 ctor
672 1874 800 1914 esse
859 1875 975 1913 non
1036 1837 1243 1930 potest.
1307 1858 1451 1926 Ergo
1495 1856 1653 1912 illam
1714 1861 2062 1928 acceperunt
2121 1873 2138 1911 ε

2267 1837 2660 1843 _---_w--___.
2696 1837 2849 1851 ,πη
2913 1837 3145 1860 1_-_--_
3199 1837 3292 1842 --η
3355 1837 3571 1842 _--_-_
3624 1837 3730 1841 π-
3800 1837 3919 1842 -πῄ

2262 1880 2436 1941 certa,
2489 1892 2665 1947 quam
2727 1876 2978 1932 evidenti
3039 1877 3264 1932 ratione
3311 1875 3694 1948 comprobat:
3757 1875 3922 1930 Hanc

507 1947 893 2012 dmmonibus,
919 1945 1019 2017 qui
1047 1963 1171 2012 sua,
1205 1946 1290 2000 uti
1320 1946 1576 2001 diximus
1616 1945 1980 2017 malignitate
2038 1945 2143 2000 ho—

507 2034 697 2090 mines
730 2035 787 2089 in
815 2034 1089 2106 quaslibet
1120 2033 1337 2089 scelera
1364 2035 1638 2090 inducere
1669 2034 2010 2089 moliuntur.
2035 2035 2145 2089 Sed

503 2122 625 2178 haec
652 2123 746 2178 ille
769 2122 881 2178 alio
931 2123 989 2177 in
1029 2123 1176 2177 libro
1209 2122 1431 2178 clarius
1481 2123 1840 2194 uberiusque
1900 2125 2142 2179 demon-

503 2215 652 2268 strat
681 2213 884 2284 (Idem,
917 2212 986 2267 de
1024 2212 1208 2268 Anim.
1244 2228 1369 2284 cap.
1403 2212 1518 2283 57).

573 2353 726 2426 Magi
759 2354 956 2426 itaque
987 2358 1223 2426 accepta
1245 2354 1315 2408 ab
1339 2353 1454 2409 illis
1481 2355 1847 2411 daemonibus
1861 2373 1950 2411 res
1977 2373 2146 2426 quas-

503 2441 636 2497 dam
670 2447 828 2497 extra
854 2447 1202 2497 consuetum
1236 2448 1455 2498 naturze
1479 2443 1742 2498 ordinem
1777 2445 1983 2499 edendi
2045 2462 2144 2515 po-

502 2535 734 2598 testate,
793 2531 1173 2586 circulatoriis
1230 2531 1311 2586 ait
1367 2532 1781 2602 Tertullianus,
1839 2535 2142 2604 praestigiis

502 2619 700 2673 ludunt
729 2619 936 2689 (Idem,
987 2619 1260 2688 Apologet.
1295 2636 1344 2673 c.
1387 2620 1476 2686 23,
1539 2637 1592 2685 p.
1646 2621 1789 2687 411).
1841 2621 1952 2676 Sed
2016 2639 2142 2694 quaa

501 2711 662 2776 sunt,
695 2707 924 2776 rogabit
955 2705 1188 2776 aliquis,
1223 2706 1306 2760 hae
1362 2707 1740 2763 circulatoriae
1792 2710 2144 2781 prtestigias?

503 2795 879 2866 Respondent
908 2794 1110 2866 aliqui,
1147 2795 1275 2850 illas
1307 2796 1390 2850 sic
1421 2797 1629 2863 vocari,
1664 2797 1798 2864 quia
1828 2799 1979 2869 magi
2028 2801 2143 2854 cir-

499 2883 880 2952 cumforanei,
913 2884 1302 2954 spectantium
1335 2890 1485 2938 cmtu
1507 2883 1627 2939 sive
1657 2886 2143 2955 circulojcircum-

501 2973 644 3039 dati,
682 2971 893 3027 fabulis
926 2977 1027 3026 aut
1058 2973 1369 3044 prtestigiis
1411 2971 1641 3028 ludunt.
1708 2974 1917 3030 Verum
1977 2977 2142 3032 nobis

499 3059 730 3115 facilius
761 3061 1208 3130 persuadebitur
1239 3060 1332 3116 his
1389 3063 1580 3118 verbis
1635 3063 1776 3118 nihil
1827 3081 1861 3118 a
1911 3065 2142 3120 Tertul-

497 3147 653 3203 liano
684 3146 838 3203 aliud
886 3148 1226 3220 significari,
1285 3167 1459 3220 quam
1512 3152 1768 3222 magicas
1801 3148 2138 3222 praestigias.

499 3235 608 3292 Ubi
639 3236 794 3292 enim
827 3238 1137 3292 Marcionis
1167 3239 1238 3293 de
1272 3238 1640 3309 phantastica
1696 3242 1906 3296 Christi
1968 3259 2138 3298 carne

499 3340 754 3381 errorem
811 3325 1054 3380 refellit:
1119 3349 1146 3376 «
1183 3331 1326 3399 Ergo
1376 3328 1502 3398 jam
1551 3328 1866 3395 chrislum,
1924 3331 2136 3402 inquit,

501 3430 618 3469 non
651 3414 720 3469 de
751 3413 892 3469 c0210
925 3415 1146 3470 deferre
1177 3416 1482 3486 debueras,
1517 3417 1614 3472 sed
1649 3419 1718 3472 de
1777 3418 1970 3489 aliquo
2028 3421 2135 3474 cir-

498 3501 781 3558 culatorio
811 3503 887 3570 (id
912 3508 1022 3567 est,
1059 3507 1384 3576 magorum)
1417 3511 1587 3566 cestu,
1621 3522 1726 3561 nec
1759 3507 1940 3562 Deum
1995 3526 2134 3580 prae-

497 3594 588 3646 ter
619 3590 942 3656 hominem,
980 3591 1079 3645 sed
1135 3609 1414 3662 magnum
1448 3593 1742 3650 hominem
1777 3617 1802 3644 »
1838 3597 2041 3665 (Idem,
2072 3597 2138 3651 de

509 3678 676 3736 Corn.
739 3679 963 3744 Christi,
1010 3695 1058 3734 c.
1107 3680 1187 3751 5.)
1242 3680 1393 3736 Alibi
1448 3699 1613 3738 vero:
1651 3683 1841 3739 «Alia
1912 3686 2137 3756 species

499 3767 727 3839 magiis,
760 3784 888 3838 quae
920 3767 1221 3822 miraculis
1277 3775 1618 3840 cperatur...
1677 3771 1883 3826 exinde
1930 3779 1986 3829 et
2042 3774 2133 3829 Si-

495 3871 631 3910 mon
667 3857 1042 3926 magus,jam
1096 3857 1304 3920 fidelis,
1345 3858 1620 3927 quoniam
1672 3859 1892 3930 aliquid
1945 3863 2135 3918 adhuc

493 3944 564 3998 de
595 3943 965 3999 circulatoria
995 3949 1154 4000 secta
1183 3946 1465 4016 cogitaret
1497 3968 1524 3995 ››
1556 3948 1759 4017 (Idem,
1793 3950 1859 4005 «te
1888 3951 2130 4007 Idololat.

493 4049 542 4088 c.
575 4033 653 4102 9).
685 4033 834 4097 Quid
865 4039 1058 4088 autem
1082 4033 1160 4088 ibi
1193 4033 1563 4089 circulatoria
1614 4042 1791 4106 secta,
1843 4039 1953 4093 nisi
2006 4057 2132 4094 ma-

494 4136 703 4192 gorum
729 4127 944 4176 sectam
979 4121 1314 4193 significat?
1343 4122 1569 4178 Alicubi
1603 4129 1818 4192 tamen,
1862 4144 1933 4182 ne
1991 4129 2132 4199 quid

496 4208 968 4277 dissimulamus,
1027 4227 1230 4282 magos
1262 4227 1292 4266 a
1331 4210 1716 4268 circulatoriis
1773 4215 2132 4288 distinguere

492 4298 742 4361 videtur,
769 4299 864 4352 ubi
899 4299 1177 4354 adversus
1209 4299 1511 4356 hiereticos
1538 4303 1620 4356 sic
1641 4302 1904 4374 disputat
1928 4323 1940 4360 :
1967 4329 1993 4355 ‹‹
2027 4307 2131 4362 No-

491 4391 609 4442 tata
639 4392 778 4442 sunt
808 4387 981 4442 etiam
1007 4388 1357 4442 commercia
1391 4388 1789 4446 hereticorum
1849 4410 1978 4448 cum
2013 4412 2132 4451 ma-

489 4475 580 4546 gis
611 4475 1081 4546 quampluribus,
1115 4493 1247 4531 cum
1278 4477 1743 4547 circulatoribus,
1778 4499 1909 4537 cum
1939 4489 2127 4541 astro-

2257 1963 2546 2019 fallaciam
2584 1965 2831 2036 spiritus
2885 1983 3160 2035 nequam,
3213 1967 3325 2020 sub
3376 1965 3642 2035 personis
3702 1965 3920 2020 defun-

2257 2058 2481 2108 ctorum
2551 2054 2971 2120 delitescentis,
3058 2055 3170 2109 nisi
3254 2053 3446 2123 fallor,
3499 2053 3674 2109 etiam
3732 2053 3920 2108 rebus

2257 2142 2574 2213 probamus
2603 2159 2736 2197 cum
2767 2142 2825 2197 in
2859 2143 3201 2198 exorcismis
3231 2143 3530 2198 interdum
3549 2142 3806 2214 aliquem
3839 2157 3906 2199 se

2255 2246 2323 2285 ex
2353 2231 2691 2301 parentibus
2742 2231 3040 2286 hominem
3100 2232 3232 2287 suis
3290 2232 3569 2297 affirmat,
3613 2230 3915 2288 interdum

2255 2319 2662 2391 gladiatorem,
2695 2320 2779 2375 vel
2816 2321 3185 2389 bestiarium,
3219 2321 3374 2376 sicut
3402 2325 3459 2378 et
3516 2320 3657 2376 alibi
3709 2321 3912 2389 deum,

2255 2407 2401 2463 nihil
2435 2409 2616 2480 magis
2675 2427 2909 2479 curans,
2971 2427 3145 2482 quam
3180 2410 3288 2465 hoc
3336 2410 3530 2482 ipsum
3582 2410 3908 2478 excludere,

2254 2499 2406 2568 quod
2437 2499 2843 2568 priedicamus,
2881 2516 2950 2553 ne
2983 2499 3150 2554 facile
3182 2500 3490 2555 credamus
3520 2500 3749 2556 animas
3782 2501 3912 2554 uni-

2251 2602 2451 2640 versas
2482 2587 2550 2640 ad
2581 2587 2795 2642 inferos
2825 2587 3029 2659 redigi,
3049 2593 3112 2643 ut
3139 2593 3192 2644 et
3217 2589 3426 2660 judicii
3451 2594 3508 2645 et
3529 2591 3910 2646 resurrectio-

2253 2673 2342 2728 nis
2377 2675 2550 2728 fidem
2583 2676 2780 2730 turbet
2815 2699 2836 2724 ι
2871 2677 3029 2748 (Ibid)
3069 2720 3080 2732 .

2322 2765 2394 2816 At
2423 2780 2548 2828 cur,
2581 2763 2832 2834 ἱῐιῳιίιε,
2859 2765 3065 2820 anima)
3095 2766 3506 2822 defunctorum
3529 2767 3602 2822 ab
3658 2782 3725 2822 eo
3759 2771 3903 2823 tunc

2251 2851 2530 2906 dicuntur
2559 2851 2878 2908 infamari?
2912 2858 3118 2909 Putant
3149 2854 3416 2910 nonnulli
3449 2855 3590 2910 illud
3630 2856 3762 2912 ideo
3820 2857 3906 2911 di-

2251 2946 2434 3008 ctum,
2467 2943 2605 3012 quia
2635 2943 2876 2997 infamia
2907 2947 2963 2996 et
2991 2945 3350 2999 contumelia
3393 2945 3758 3000 afficiuntur.
3791 2946 3902 3000 Sed

2251 3044 2520 3084 veremur
2550 3047 2620 3084 ne
2652 3030 2760 3086 hoc
2793 3031 3027 3086 verbum
3086 3032 3200 3088 alio
3261 3050 3438 3089 sensu
3469 3051 3504 3087 a
3542 3033 3904 3091 Tertulliano

2253 3118 2574 3188 accipiatur
2609 3136 2708 3188 pro
2761 3120 2980 3192 fingere
3002 3121 3286 3189 videlicet,
3329 3139 3395 3176 ac
3427 3122 3572 3178 falso
3605 3122 3899 3180 exhibere.

2252 3209 2396 3260 Nam
2429 3208 2629 3261 eodem
2665 3208 2722 3262 in
2751 3209 2896 3264 libro
2930 3211 3135 3280 probat
3162 3210 3283 3265 falli
3309 3211 3614 3266 hominum
3673 3211 3900 3280 oculos,

2248 3310 2314 3348 ac
2334 3294 2526 3363 objici.
2563 3318 2589 3344 ‹‹
2625 3295 2995 3351 Mendacium
3021 3314 3222 3353 eorum
3274 3299 3446 3370 visui,
3475 3300 3628 3370 quod
3699 3317 3898 3372 sequa-

2243 3382 2532 3438 lissimam
2557 3385 2844 3454 porticum
2867 3387 3265 3456 angustiorem
3288 3387 3346 3442 in
3373 3387 3580 3443 ultimo
3598 3388 3843 3444 infamet
3866 3411 3896 3438 ιι

2245 3468 2405 3542 (Ibid.
2439 3487 2486 3527 c.
2525 3473 2630 3542 17),
2664 3472 2720 3526 id
2751 3477 2860 3540 est,
2922 3474 3066 3530 falso
3123 3476 3412 3542 exhibeat,
3470 3493 3536 3532 ac
3591 3478 3895 3534 mendacio

2245 3566 2642 3630 repraesentet.
2684 3565 2891 3617 Postea
2919 3579 3050 3618 vero
3083 3565 3287 3634 adjicit
3317 3571 3455 3620 tunc
3503 3565 3722 3621 nullam
3758 3583 3890 3622 esse

2243 3650 2543 3704 oculorum
2581 3649 2886 3721 fallaciam,
2921 3651 3266 3724 nullumque
3296 3655 3689 3724 mendacium,
3721 3655 3772 3710 si
3830 3661 3890 3712 et

2243 3737 2384 3808 ipsae
2426 3754 2609 3795 causa?
2637 3741 2861 3810 objecta
2903 3747 3054 3796 recte
3084 3741 3311 3797 videndi
3361 3742 3602 3799 infamia
3634 3742 3887 3799 liberen-

2242 3829 2360 3880 tur.
2405 3825 2583 3881 Nemo
2606 3833 2800 3882 autem
2850 3827 3162 3884 dixeritibi
3192 3831 3432 3886 verbum
3477 3833 3756 3902 infamare
3813 3833 3888 3887 ab

2243 3913 2342 3968 illo
2377 3915 2645 3985 usurpari
2681 3933 2781 3985 pro
2813 3917 3064 3988 macula,
3104 3935 3218 3988 qua
3274 3920 3532 3990 porticus
3578 3921 3874 3976 inuratur.

2240 4003 2295 4056 Si
2329 4003 2461 4074 quis
2483 4008 2675 4059 tamen
2709 4006 3036 4075 probaverit
3082 4006 3191 4062 hoc
3231 4008 3489 4062 secundo
3547 4007 3885 4080 significatu

2241 4093 2299 4148 in
2332 4095 2696 4164 Apologetico,
2728 4095 2881 4149 sicut
2912 4095 2966 4150 in
3029 4113 3163 4152 mox
3215 4097 3410 4152 citatis
3469 4096 3633 4163 locis,
3697 4099 3886 4170 primo

2240 4197 2417 4238 sensu
2449 4181 2651 4253 accipi,
2702 4201 2817 4238 non
2849 4184 3084 4240 omnino
3138 4202 3460 4256 repugnare
3509 4187 3885 4243 audebimus.

2307 4289 2454 4359 Magi
2488 4289 2747 4360 insuper,
2772 4307 2991 4362 pueros,
3025 4292 3237 4362 inquit,
3273 4294 3332 4347 in
3361 4294 3642 4366 eloquium
3672 4296 3890 4350 oraculi

2237 4379 2449 4434 elidunt
2479 4379 2682 4450 (Idem,
2714 4381 2994 4452 Apologet.
3029 4399 3156 4454 cap.
3187 4384 3278 4453 23,
3321 4400 3453 4455 pag.
3491 4385 3639 4456 411).
3673 4385 3742 4440 Et
3801 4387 3887 4443 ita

2237 4484 2378 4524 sane
2404 4467 2462 4524 in
2496 4468 2712 4525 nostris
2741 4471 3040 4527 codicibus
3100 4473 3545 4544 manuscriptis,
3604 4479 3663 4529 et
3712 4475 3887 4532 editis
3977 4511 3982 4516 ι

488 4563 652 4634 legis,
686 4581 818 4619 cum
855 4565 1219 4638 philosophis
1241 4567 1560 4624 curiositati
1593 4571 2063 4631 scilicetdeditis.
2097 4598 2124 4627 »
2160 4561 2206 4626 D
2238 4557 2658 4613 recentioribus
2685 4559 2860 4630 θρυάο
2896 4565 3005 4617 δῖοι
3039 4561 3231 4617 Minus
3261 4567 3458 4619 antem
3492 4563 3640 4618 bene
3671 4563 3731 4618 in
3766 4565 3855 4637 Pri

493 4652 702 4722 (Idem,
752 4653 810 4707 in
863 4655 961 4708 ﬁn.
1022 4654 1088 4710 de
1141 4657 1448 4728 Praescript.
1507 4658 1692 4716 haeret.
1743 4678 1793 4716 c.
1853 4663 1962 4732 113).
2019 4665 2129 4720 Sed

491 4756 684 4796 nonne
705 4741 894 4796 cernis
926 4742 1004 4796 ibi
1053 4745 1241 4800 varias
1298 4751 1523 4802 tantum
1579 4751 1762 4804 notari
1823 4751 2128 4809 hominum

493 4827 737 4900 magicis
769 4831 994 4886 artibus
1025 4833 1380 4898 deditorum,
1412 4838 1680 4907 species?
1701 4843 1902 4896 Nonne
1950 4841 2130 4913 igitur

487 4914 646 4973 illius
705 4918 762 4972 in
795 4920 1128 4990 Apologetico
1188 4921 1280 4977 hic
1329 4941 1503 4980 sensu
1551 4933 1670 4981 est:
1735 4931 1881 5000 Magi
1941 4931 2128 4986 multa

486 5005 771 5063 miracula
800 5008 1203 5076 circulatoriis,
1238 5013 1292 5065 id
1323 5017 1432 5078 est,
1468 5016 1706 5083 magicis
1762 5019 1988 5074 artibus
2035 5018 2124 5074 lu-

485 5095 657 5160 dunt,
689 5097 796 5152 hoc
827 5104 937 5167 est,
973 5100 1199 5170 fingunt
1219 5105 1274 5156 et
1306 5100 1449 5157 falso
1493 5104 1720 5172 jactant
1777 5125 1810 5160 a
1859 5125 1920 5163 se
1977 5108 2122 5175 fieri,

487 5185 688 5256 sicque
721 5187 986 5242 homines
1017 5186 1250 5259 ludunt,
1285 5205 1350 5244 ac
1380 5191 1724 5263 decipiunt?
1775 5195 1928 5251 880
1983 5197 2126 5250 Prae-

482 5276 640 5328 terea
663 5274 1019 5331 detestandis
1053 5275 1168 5331 illis
1201 5278 1422 5332 artibus
1444 5302 1468 5326 ‹‹
1493 5280 1906 5338 Phnntasmata
1923 5286 2118 5340 edunt.

483 5367 540 5416 et
571 5362 980 5419 defunctorum
1006 5366 1296 5420 infamant
1316 5367 1541 5423 animas
1563 5391 1589 5418 »
1615 5371 1818 5440 (Idem,
1848 5373 2119 5444 Apologet.

479 5465 529 5505 c.
561 5450 651 5520 23,
683 5467 738 5522 p.
770 5453 1070 5520 410).Jam
1102 5471 1234 5509 vero
1293 5456 1514 5511 dictum
1573 5458 1646 5512 ab
1699 5458 1797 5514 illo
1850 5461 2121 5518 observa-

477 5537 669 5593 vimus
727 5555 761 5593 a
817 5540 1181 5598 daemonibus
1238 5542 1394 5598 edita
1460 5544 1642 5600 fuisse
1710 5547 2123 5619 phantasmata

477 5628 778 5682 Castorum
808 5627 992 5701 (supr.
1028 5634 1136 5687 art.
1165 5631 1254 5702 3):
1297 5648 1453 5688 nunc
1482 5649 1614 5690 vero
1649 5643 1941 5695 asseverat
1981 5639 2122 5698 alio-

2243 4647 2354 4701 mis
2382 4646 2740 4702 editionibus
2771 4649 3025 4705 eliciunt.
3048 4651 3329 4721 Apuleius
3360 4668 3615 4723 namque
3638 4657 3889 4709 testatur

2239 4751 2609 4790 communem
2643 4738 2732 4791 sui
2763 4739 3046 4809 temporis
3082 4755 3306 4796 morem
3352 4757 3646 4812 usumque
3678 4741 3883 4812 fuisse,

2239 4827 2303 4878 ut
2334 4823 2483 4894 magi
2519 4841 2728 4896 pueros
2749 4825 2871 4881 sive
2919 4844 3115 4883 servos
3163 4830 3233 4883 ad
3297 4829 3536 4885 oracula
3586 4830 3889 4885 fundenda

2238 4916 2626 4977 assumerent,
2661 4913 2760 4984 qui
2793 4915 2863 4969 ab
2894 4914 2966 4970 iis
2997 4915 3273 4971 incantati
3290 4919 3663 4987 corruebant,
3695 4923 3880 4990 atque

2234 4999 2450 5055 idcirco
2481 5000 2851 5058 elidebantur
2880 5006 3070 5076 (Apul.
3131 5007 3350 5076 Apolog.
3383 5024 3424 5077 ι,
3458 5006 3594 5079 Pag.
3623 5008 3772 5080 340).

2307 5107 2518 5161 Eadem
2559 5108 2736 5164 etiam
2797 5109 3000 5166 fraude
3053 5114 3288 5178 somnia,
3349 5113 3430 5168 ait
3481 5113 3886 5172 Tertullianus

2235 5196 2390 5265 (Ibid.
2415 5214 2436 5257 ,ο
2492 5199 2773 5254 Dissertat.
2829 5203 2891 5256 in
2947 5203 3158 5258 Minui.
3213 5205 3459 5275 cap.20,
3520 5210 3631 5259 art.
3694 5207 3755 5271 2,
3822 5207 3887 5260 in

2232 5286 2429 5340 Arnob.
2454 5303 2579 5358 cap.
2617 5289 2702 5354 18,
2737 5294 2846 5344 art.
2882 5306 2920 5359 ι,
2955 5292 3015 5345 in
3063 5293 3311 5348 Lactant.
3375 5310 3480 5365 cap
3512 5294 3598 5360 32,
3636 5299 3746 5348 art.
3803 5297 3881 5366 4),

2232 5373 2562 5431 futurorum
2595 5377 2749 5432 haud
2791 5379 2968 5435 dubie
2999 5382 3328 5451 praenuntia
3353 5384 3682 5438 immittunt.
3709 5385 3784 5438 At
3812 5383 3888 5438 de

2229 5462 2570 5534 hujusmodi
2605 5467 2851 5523 somniis
2896 5468 3064 5540 plura
3093 5469 3151 5524 in
3204 5471 3608 5542 superioribus
3661 5473 3888 5528 nostris

2229 5553 2747 5610 dissertationibus
2777 5557 3054 5614 diximus.

2301 5641 2448 5697 881
2484 5641 2682 5714 Neque
2712 5644 2821 5701 soli
2853 5645 3120 5704 homines
3141 5647 3250 5703 hac
3275 5651 3398 5704 arte
3427 5664 3735 5722 magorum
3757 5649 3888 5708 sive
