4158 6328
250 398 367 457 969

1156 392 1228 453 Ι).
1276 392 1371 453 LE
1417 390 1737 453 NOUHRY
1786 384 2431 449 OBSERVATIONES
2478 388 2734 451 NOV/E.

3537 389 3657 452 9'70

253 529 450 602 potius
482 528 837 592 daemonum,
862 526 963 597 qui
994 525 1203 581 horum
1228 525 1553 581 ministerio
1577 522 1899 580 abuteban-
1928 518 1978 585 A
2014 520 2278 591 exemplo
2309 522 2514 579 conﬁci
2564 525 2797 579 tantum
2846 526 3038 595 potest
3080 522 3233 580 882
3284 522 3501 579 mirum
3539 540 3658 582 non

254 623 369 687 tur,
404 618 503 673 sed
536 616 711 671 etiam
742 632 944 686 caprae,
974 615 1167 686 inquit
1188 623 1391 670 auctor
1422 621 1638 677 noster,
1670 618 1724 666 et
1750 627 1897 665 men-

255 723 334 765 se:
361 706 618 761 divinare
645 708 1036 761 consueverunt
1057 705 1319 775 (Tertull.
1348 704 1629 776 Apologet.
1656 718 1783 772 cap.
1808 703 1899 769 22,

261 814 391 869 pag.
428 796 572 857 404).
607 798 678 849 At
707 811 995 865 quasnam,
1020 793 1260 849 obsecro
1292 798 1369 861 te,
1394 798 1560 849 erant
1592 792 1712 845 haec
1747 806 1901 845 men-

260 903 337 941 sis
358 886 384 939 ?
416 884 564 939 Num
600 885 771 950 sacri,
799 889 861 937 ut
886 882 1099 938 ethnici
1129 884 1486 956 garriebant,
1522 882 1802 952 tripodes,
1837 894 1905 933 ex

262 974 477 1046 quibus
512 972 731 1038 Pithiae,
766 974 1101 1027 sacerdotes
1134 971 1445 1043 Apollinis,
1479 970 1743 1025 solebant
1777 985 1903 1022 ora-

262 1063 394 1119 cula
425 1081 531 1117 sua
562 1062 849 1117 fundere?
879 1063 1041 1117 Certe
1100 1062 1171 1115 de
1230 1061 1345 1115 illis
1388 1060 1665 1130 Virgilius
1697 1058 1909 1113 cecinit

261 1152 489 1226 (Virgil.
524 1152 621 1206 lib.
660 1168 720 1206 111
752 1151 941 1205 .Ened.
977 1168 1029 1205 v.
1064 1152 1227 1221 3.38):

355 1268 651 1329 Trojugena
681 1269 946 1328 interpres
970 1266 1269 1328 divum,qui
1298 1266 1523 1312 numina
1556 1265 1750 1329 Phrebi,

359 1328 467 1388 Qui
487 1328 723 1393 tripodas
753 1330 907 1377 Clarii
944 1329 1236 1391 lauros,qui
1268 1329 1443 1376 sidera
1472 1328 1657 1376 sentis.
1708 1382 1711 1385 ι

265 1439 499 1493 Servius
532 1437 821 1508 siquidem
856 1436 911 1489 in
946 1435 1053 1489 hos
1090 1440 1266 1504 poetaa
1307 1450 1510 1489 versus
1547 1454 1575 1483 «
1609 1431 1911 1502 Tripodes,

264 1527 476 1597 inquit,
508 1542 722 1580 mensis
757 1527 993 1578 fuerunt
1035 1524 1116 1593 [in
1176 1524 1392 1593 templo
1445 1522 1705 1592 Delphici
1736 1520 1913 1591 Apol-

268 1616 447 1683 linis],
482 1614 698 1679 quibus
728 1611 1108 1683 superpositis
1158 1611 1480 1666 thbades
1512 1609 1914 1665 vaticinaban-

270 1710 364 1759 tur
394 1726 421 1752 ››
448 1703 677 1773 (Bulen.
710 1702 779 1755 de
808 1716 958 1756 orae.
1018 1704 1073 1754 et
1123 1700 1358 1765 vatibus,
1395 1716 1521 1769 cap.
1560 1700 1621 1752 17
1657 1702 1712 1753 et
1744 1697 1913 1768 seq.).

271 1791 401 1847 Noti
432 1797 629 1846 autem
662 1793 801 1845 sunt
830 1790 1105 1844 omnibus
1137 1789 1393 1860 tripodes
1435 1788 1540 1853 illi,
1587 1788 1660 1843 de
1700 1786 1918 1858 quibus

270 1881 320 1936 si
352 1880 523 1953 plura
549 1879 699 1935 scire
728 1894 922 1944 aveas,
974 1878 1134 1933 adire
1194 1877 1409 1948 poteris
1442 1876 1829 1943 Bulengerum
1861 1878 1919 1930 et
1949 1892 1996 1956 B

274 1969 441 2025 alios.

343 2058 761 2113 Verumtamen
794 2056 933 2127 quia
962 2055 1361 2111 Tcrtullianus
1392 2056 1462 2111 de
1498 2054 1610 2123 his,
1645 2072 1771 2125 quis
1804 2071 1919 2109 non

273 2150 642 2205 sacerdotum
676 2147 1067 2210 ethnicorum,
1104 2148 1204 2201 sed
1247 2164 1553 2218 magorum
1591 2163 1767 2217 opera
1788 2145 1918 2200 effi-

275 2238 533 2303 ciuntur,
566 2237 647 2292 ibi
679 2252 1009 2291 sermonem
1060 2236 1290 2290 videtur
1342 2236 1570 2303 iecisse,
1603 2236 1650 2289 si
1685 2233 1818 2305 quis
1850 2234 1921 2289 de

274 2326 403 2381 aliis
438 2324 660 2381 mensis
690 2341 824 2380 eum
878 2324 1035 2395 loqui
1088 2324 1432 2394 probaverit,
1483 2323 1535 2379 ei
1584 2324 1741 2379 haud
1774 2339 1923 2394 aegre

274 2415 686 2471 assentiamur.
712 2414 1008 2483 Expcudat
1030 2412 1415 2468 nihilominus
1438 2412 1558 2467 haac
1585 2430 1698 2467 non
1723 2412 1921 2467 minus

275 2506 347 2560 ad
378 2503 615 2559 oracula
644 2503 883 2557 deorum
918 2502 1117 2557 referri
1144 2518 1337 2573 posse,
1371 2518 1548 2573 quam
1590 2503 1660 2557 ad
1693 2505 1923 2556 notatas

276 2594 491 2649 ibidem
525 2594 596 2647 ab
622 2593 746 2663 ipso
771 2592 959 2647 adhuc
978 2590 1335 2646 Tertulliano
1354 2608 1557 2662 capras
1572 2591 1922 2657 divinantes,

277 2684 348 2738 de
380 2683 598 2753 quibus
632 2682 688 2735 in
714 2681 901 2752 primo
928 2684 1253 2752 Apparatus
1276 2681 1458 2736 nostri
1484 2687 1641 2736 tomo
1665 2681 1924 2751 disputa-

277 2773 466 2829 vimus
498 2772 663 2842 (tom.
699 2770 720 2825 Ι
751 2771 1012 2841 Apparat.
1060 2769 1161 2824 lib.
1222 2787 1261 2837 1,
1322 2786 1449 2841 cap.
1511 2770 1598 2837 10,
1632 2786 1764 2841 pag.
1795 2772 1923 2837 772,

279 2870 337 2919 et
371 2866 583 2933 seqq.).

350 2950 636 3017 Quoniam
669 2964 801 3003 vero
833 2947 1231 3003 Tertullianus
1272 2949 1341 3003 de
1391 2947 1483 3013 iis,
1527 2965 1654 3019 qua:
1684 2948 1840 3004 intra
1868 2953 1926 3004 et

279 3044 445 3095 extra
475 3040 717 3093 deorum
747 3036 964 3108 templa
985 3037 1328 3106 agebantur,
1354 3036 1411 3091 in
1440 3036 1548 3091 hoc
1570 3036 1925 3108 Apologetici

281 3129 406 3186 loco
438 3129 721 3198 disputat,
754 3142 853 3181 eos
896 3125 1128 3194 refellit,
1179 3126 1279 3196 qui
1328 3126 1682 3194 objiciebant
1711 3127 1925 3182 distin-
1950 3176 1969 3183 ρ

2011 624 2161 679 esse,
2195 610 2245 665 si
2302 612 2645 667 Tertulliani
2690 618 2949 684 tempore
2999 612 3085 668 vel
3141 617 3312 669 antea
3362 614 3656 670 temerarii

2013 700 2467 771 praestigiatores
2526 702 2683 756 hunc
2736 702 2792 757 in
2842 703 3133 758 mundum
3166 701 3362 758 volare
3401 707 3657 759 tentave-

2015 788 2152 843 rint.

2090 877 2261 947 Urget
2293 879 2483 934 adhuc
2520 879 2615 933 ille
2667 896 2864 950 parem
2912 896 3042 935 esse
3084 880 3341 936 furorem
3373 885 3429 936 et
3458 897 3658 937 amen-

2014 965 2157 1020 tiam
2194 966 2374 1036 illius,
2409 992 2435 1018 «
2469 969 2565 1039 qui
2617 968 2895 1039 genitalia
2950 968 3033 1023 vel
3095 970 3363 1036 lacertos,
3401 994 3421 1020 ι
3485 974 3660 1042 atque

2019 1054 2281 1125 alterius,
2315 1080 2341 1104 ‹‹
2378 1058 2475 1129 qui
2510 1058 2620 1112 sibi
2651 1058 2851 1127 gulam
2883 1063 3195 1129 prosecat»
3231 1058 3495 1127 (Tertull.
3526 1061 3661 1131 Apo-

2024 1144 2179 1214 toget.
2216 1162 2341 1214 cap.
2376 1148 2463 1212 25,
2500 1164 2631 1218 pag.
2693 1148 2838 1216 421).
2900 1147 3063 1202 Prior
3091 1152 3286 1202 autem
3319 1155 3441 1203 erat
3470 1148 3661 1220 gallus

2020 1234 2103 1287 vel
2136 1234 2522 1304 Archigallus,
2557 1236 2654 1307 qui
2680 1236 2736 1290 in
2762 1236 2961 1290 Matris
2994 1237 3254 1303 deorum,
3282 1236 3367 1291 vel
3392 1237 3661 1309 Bellonae,

2020 1324 2205 1379 sacris
2237 1325 2499 1379 membra
2530 1342 2637 1379 sua
2680 1342 2875 1380 secare
2913 1331 3293 1381 consueverat
3322 1328 3570 1394 (Dissert.
3604 1330 3663 1383 in

2020 1412 2248 1480 Μίνωα,
2276 1430 2400 1485 cap.
2433 1416 2522 1481 20,
2556 1419 2664 1469 art.
2697 1416 2769 1481 2;
2801 1424 2850 1469 et
2881 1415 3108 1469 Πίσωνι.
3149 1416 3209 1469 in
3256 1419 3504 1471 Laetam.
3537 1433 3663 1489 cap.

2022 1502 2111 1567 3'1,
2146 1507 2254 1556 art.
2289 1502 2349 1571 1).
2392 1503 2471 1557 De
2506 1503 2610 1558 hoc
2631 1508 2824 1558 autem
2848 1502 3176 1574 Archigallo
3203 1503 3297 1559 ille
3320 1506 3494 1577 paulo
3516 1512 3667 1578 post,

2026 1606 2091 1644 ac
2124 1607 2229 1644 nos
2262 1592 2331 1645 de
2381 1590 2479 1647 illo
2527 1596 2584 1647 et
2643 1592 2775 1647 aliis
2826 1591 2997 1663 gallis
3057 1593 3194 1647 alibi
3242 1594 3667 1651 disseruimus:

2034 1698 2055 1727 α
2090 1680 2267 1751 Atqui
2300 1696 2539 1752 compar
2568 1686 2677 1749 est,
2719 1682 2931 1752 inquit,
2965 1683 3153 1737 exitus
3203 1683 3438 1750 furoris,
3470 1690 3527 1740 et
3556 1700 3675 1741 una

2033 1768 2176 1823 ratio
2208 1774 2296 1824 est
2327 1769 2725 1841 instigationis
2774 1796 2796 1823 ι
2834 1771 2893 1825 in
2952 1770 3092 1843 illis,
3143 1776 3317 1843 atque
3362 1772 3423 1828 in
3452 1789 3539 1837 eo,
3573 1773 3675 1846 qui

2037 1877 2059 1905 ι
2092 1858 2203 1913 sibi
2236 1859 2434 1931 gulam
2467 1865 2755 1930 prosecat,
2791 1882 2819 1908 ››
2852 1859 2906 1914 id
2932 1866 3041 1930 est,
3065 1875 3127 1916 se
3141 1860 3399 1933 jugulat,
3429 1866 3527 1918 aut
3545 1861 3671 1934 gla-

2030 1947 2194 2002 dium
2225 1964 2401 2003 suum
2434 1949 2694 2004 demittit
2742 1949 2801 2003 in
2852 1948 3050 2021 gulam
3092 1949 3357 2019 (Tertull.
3393 1950 3581 2023 ibid.).
3614 1952 3677 2007 In

2031 2036 2248 2091 nostris
2279 2040 2475 2092 autem
2508 2036 2809 2093 codicibus
2840 2038 3262 2111 manuscriptis
3300 2055 3404 2110 pro
3433 2055 3678 2112 compar,

2030 2124 2281 2180 habetur
2310 2141 2590 2196 compara,
2639 2126 2795 2196 quod
2839 2126 2946 2181 etsi
2996 2131 3337 2197 corruptum
3388 2126 3558 2199 plane
3596 2128 3679 2183 vi-

2031 2213 2258 2282 deatur,
2306 2230 2413 2269 suo
2455 2218 2652 2269 tamen
2686 2230 2930 2284 prorsus
2987 2230 3100 2269 non
3142 2218 3303 2270 caret
3348 2232 3549 2272 sensu.
3605 2217 3681 2271 At

2031 2302 2323 2357 Minucius
2359 2302 2532 2370 Felix,
2565 2302 3066 2372 quemadmodum
3117 2319 3223 2358 suo
3271 2302 3396 2358 loco
3428 2304 3677 2360 adnota-

2030 2393 2245 2459 vimus,
2274 2390 2447 2463 paulo
2479 2390 2664 2462 aliter,
2724 2391 2825 2447 sed
2885 2392 3155 2447 eumdem
3211 2390 3270 2447 in
3320 2392 3497 2449 finem
3537 2392 3684 2448 dixit

2031 2482 2342 2550 (Dissertat.
2377 2482 2436 2535 in
2466 2480 2688 2544 Minuc.,
2738 2497 2864 2551 cap.
2904 2482 2994 2550 20,
3044 2486 3151 2535 art.
3186 2480 3280 2550 3):
3318 2503 3345 2531 «
3376 2482 3487 2538 Par
3517 2482 3577 2536 in
3608 2481 3680 2537 il-

2033 2571 2107 2626 lis
2141 2571 2439 2641 instigatio
2471 2569 2775 2635 daemonis,
2801 2570 2901 2625 sed
2926 2570 3130 2641 dispar
3153 2576 3570 2642 argumentum
3594 2573 3681 2627 fu-

2036 2662 2204 2715 roris.
2243 2682 2268 2707 ››
2299 2659 2444 2713 Nam
2476 2660 2680 2715 eadem
2714 2667 2796 2714 est
2831 2654 3137 2731 utriusque
3188 2660 3244 2713 in
3292 2660 3557 2717 ethnicos
3589 2678 3681 2716 ar-

2035 2747 2548 2820 gumentatio,qua
2566 2746 2799 2803 illorum
2823 2763 3077 2803 errorem
3099 2747 3382 2803 radicitus
3404 2748 3679 2805 evellunt.

2036 2838 2261 2893 Videtis
2292 2836 2499 2892 citatos
2531 2853 2564 2890 a
2603 2836 2772 2891 nobis
2798 2836 2858 2891 in
2892 2836 2990 2891 illa
3021 2836 3429 2893 dissertatione
3459 2839 3683 2896 Cicero-

2036 2928 2128 2983 nis
2162 2928 2231 2981 de
2261 2926 2639 2990 divinatione,
2672 2930 2727 2979 et
2755 2924 3066 2997 Augustini
3090 2926 3331 2981 totidem
3355 2927 3426 2982 de
3452 2928 3682 2985 divina-

2034 3015 2191 3069 tione
2223 3014 2555 3067 daamonum
2587 3012 2789 3067 libros.

2106 3104 2183 3157 Ex
2216 3102 2501 3158 hactenus
2528 3118 2697 3173 porro
2720 3101 3034 3173 disputatis
3058 3102 3188 3171 quis
3212 3118 3326 3157 non
3348 3101 3683 3170 videt,hanc

278 3189 572 3289 gum,th
632 3189 760 3270 6556
818 3214 1077 3269 1000mm
1116 3189 1546 3283 'di'ﬂ'erenﬁam,
1583 3232 1647 3269 ac
1701 3215 1815 3270 diis
1858 3232 1925 3271 ea
1954 3268 1995 3289 Π
2036 3196 2189 3247 recte
2214 3190 2631 3245 aTertulliano
2662 3189 2788 3245 elici
2816 3189 3373 3245 conclusionem‘?Si
3406 3190 3682 3263 malignis

278 3268 950 3372 t’a—nt—umadscribenda,
983 3321 1111 3374 quas
1143 3305 1201 3357 in
1254 3304 1472 3374 templis
1505 3268 1629 3373 ﬁeri
1658 3268 1925 3361 solebant
1952 3268 1998 3332 C
2036 3282 2370 3374 dafmonum
2405 3277 2935 3374 δηίδυθζῖδῃδθίῖθ
2975 3295 3040 3334 ac
3090 3279 3400 3374 praestigiis
3426 3296 3493 3336 ⁸⁸
3520 3286 3685 3374 ex!“

277 3394 545 3468 (Tertull.
581 3393 853 3464 Apologet.
905 3367 1033 3464 cap.
1081 3394 1172 3460 232,
1232 3367 1373 3465 pag:
1406 3367 1553 3465 407').
1593 3395 1737 3449 Cum
1769 3395 1925 3451 enim
2035 3370 2274 3468 ῆεῇίίυπξ
2308 3367 2833 3468 ηιδξξπωιοτᾳίθθτη
2888 3370 3039 3468 {miti}
3087 3373 3405 3468 δυῐξῖχᾳυεθ
3436 3372 3685 3468 genti}?

278 3503 379 3541 vos
402 3482 636 3550 ethnici,
659 3482 740 3537 ita
760 3481 892 3537 illos
917 3481 1249 3553 compellat,
1270 3484 1389 3537 haec
1412 3483 1581 3538 nobis
1602 3484 1926 3554 objectatis,

278 3575 445 3639 alibi,
478 3573 535 3627 id
566 3577 675 3636 est,
704 3576 867 3627 extra
915 3570 1135 3641 templa
1181 3572 1306 3627 deos
1348 3589 1458 3627 non
1503 3572 1690 3627 dicitis
1715 3574 1927 3645 (Ibid),

280 3664 339 3719 id
371 3667 484 3728 est,
515 3678 649 3717 cum
685 3660 945 3716 fatemini
1001 3661 1139 3715 deos
1194 3667 1419 3717 vestros
1460 3680 1574 3717 non
1607 3662 1743 3717 alibi
1778 3679 1928 3731 esse,

282 3757 341 3808 et
370 3768 559 3823 agere,
593 3766 771 3822 quam
804 3750 861 3803 in
892 3748 1151 3820 templis,
1185 3766 1251 3804 eo
1286 3750 1413 3820 ipso
1448 3752 1644 3805 dicitis
1674 3768 1771 3807 eos
1800 3768 1928 3808 esse

284 3840 463 3897 falsos
493 3840 655 3895 deos.
686 3839 833 3893 Nam
863 3855 1033 3893 verus
1077 3842 1225 3893 Deus
1253 3839 1469 3910 ubique
1499 3843 1607 3895 est.

356 3930 575 3985 Deinde
602 3944 734 3983 vero
772 3943 882 3981 non
932 3927 1113 3992 aliter,
1168 3927 1380 3998 inquit,
1440 3928 1761 3994 dementire,
1822 3930 1931 3984 hoc

282 4024 391 4087 est,
426 4019 510 4074 uti
545 4017 699 4089 apud
733 4015 1092 4083 Lucretium,
1126 4016 1458 4085 Apuleium,
1483 4021 1541 4071 et
1564 4018 1928 4073 Lactantium

282 4109 536 4177 (Lucret.
572 4106 671 4159 lib.
706 4121 793 4171 111,
822 4120 877 4158 v.
912 4104 1055 4170 396;
1113 4103 1282 4175 Apul.
1346 4104 1493 4175 Apol.
1530 4123 1573 4168 1,
1604 4121 1735 4177 pag.
1788 4107 1883 4160 341
1918 4124 1931 4175 ;

287 4202 540 4253 Lactant.
578 4196 676 4251 lib.
713 4211 789 4260 1v,
822 4193 997 4248 divin.
1048 4195 1288 4248 Institut.
1341 4210 1446 4264 cap
1505 4196 1589 4257 17,
1625 4212 1754 4267 pag.
1790 4197 1885 4250 441
1918 4214 1931 4263 ;

285 4286 530 4343 Tertull.
562 4286 844 4356 Apologet.
880 4299 1001 4353 cap.
1042 4284 1129 4353 13,
1176 4298 1305 4354 pag.
1365 4284 1492 4351 343)
1524 4284 1799 4352 insanire,
1836 4286 1935 4340 de-

282 4377 478 4441 lirare,
513 4392 613 4430 seu
648 4378 808 4429 extra
831 4377 1083 4427 mentem
1111 4372 1285 4439 exire,
1312 4372 1360 4427 is
1384 4372 1614 4443 videtur,
1638 4377 1735 4445 qui
1753 4391 1937 4431 sacras

286 4464 643 4536 templorum
675 4467 860 4517 turres
888 4461 1153 4532 pervolat,
1196 4478 1370 4532 quam
1404 4464 1504 4532 qui
1544 4467 1684 4517 tecta
1712 4465 1939 4521 viciniae

289 4554 565 4620 transilit,
597 4552 716 4607 sive
745 4566 814 4606 ex
842 4550 1048 4605 vicinis
1078 4549 1430 4622 templorum
1474 4551 1643 4606 tectis
1689 4552 1936 4607 volando

289 4660 417 4699 sese
450 4642 565 4699 aeri
600 4639 935 4697 committit.
972 4638 1176 4694 Parem
1206 4639 1403 4711 itaque
1451 4641 1661 4696 asserit
1698 4642 1935 4697 demen-
1965 4640 2011 4703 D

294 4736 432 4791 tiam
468 4752 595 4790 esse
627 4733 808 4803 illius,
843 4732 940 4805 qui
966 4747 1031 4787 ex
1066 4731 1449 4803 quibuslibet,
1474 4737 1647 4806 atque
1675 4734 1937 4805 alterius,

295 4825 395 4897 qui
436 4840 506 4878 ex
536 4821 911 4894 templorum,
946 4820 1109 4875 falsis
1155 4820 1269 4875 diis
1298 4820 1647 4889 dicatorum,
1678 4824 1939 4880 turribus

296 4927 423 4967 sese
456 4910 897 4983 praecipitando,
930 4925 1033 4980 per
1062 4924 1197 4964 aera
1234 4908 1460 4963 volasse
1506 4911 1937 4981 perhibebatur.

298 4999 629 5070 Perpendas
662 5004 859 5054 autem
890 4997 1064 5053 velim
1100 5001 1297 5053 utrum
1343 4996 1442 5064 ibi,
1477 5000 1651 5055 tacito
1684 5004 1938 5071 nomine,

303 5087 591 5142 notaverit
645 5088 940 5143 Simonem
1030 5102 1285 5159 magum,
1360 5086 1529 5156 cujus
1590 5091 1943 5149 mentionem

298 5181 470 5232 antea
501 5176 730 5230 fecerat.
766 5180 839 5230 At
884 5177 1178 5232 Lucianus
1207 5180 1484 5248 praeterea
1514 5176 1829 5237 Philoclem
1860 5183 1945 5238 in-

298 5265 555 5322 troducit
584 5269 1010 5320 asseverantem
1072 5282 1133 5321 se
1193 5265 1574 5337 Babylonium
1630 5273 1945 5338 quemdam

298 5355 533 5418 vidisse,
570 5352 667 5423 qui
705 5369 807 5423 per
835 5369 970 5407 aera
999 5353 1277 5409 volitabat
1306 5355 1568 5425 (Lucian.
1606 5358 1766 5428 Diag.
1798 5364 1944 5421 Phil.

298 5462 430 5518 pseu
460 5458 591 5515 pag.
624 5443 772 5513 831).
806 5441 1043 5496 Addunt
1102 5443 1371 5498 nonnulli
1430 5446 1761 5517 exemplum
1792 5458 1947 5525 Aga—

302 5534 424 5590 reni
479 5531 809 5603 cujuspiam
872 5531 1335 5604 prmstigiatoris,
1393 5534 1491 5605 qui
1552 5539 1695 5592 teste
1756 5540 1950 5602 Niceta

306 5622 642 5687 Chroniate,
673 5638 809 5676 cum
838 5637 904 5676 ex
964 5637 1195 5677 summa
1248 5622 1628 5695 Hippodromi
1664 5630 1822 5686 turre
1849 5650 1951 5704 per

309 5726 498 5768 aerem
550 5710 792 5778 volaret,
856 5726 1113 5783 praeceps
1166 5716 1333 5769 actus
1390 5713 1629 5771 interiit.
1684 5719 1791 5775 Sed
1840 5722 1949 5783 hoc

628 5839 894 5901 PATBOL.
944 5838 991 5898 Ι.

2036 3460 2147 3515 diis
2180 3460 2304 3514 suis
2338 3458 2697 3520 tribuebant,
2730 3473 2866 3529 ergo
2900 3456 3028 3512 falsi
3061 3462 3202 3513 sunt
3244 3458 3302 3513 hi
3336 3476 3540 3515 omnes
3580 3460 3682 3530 dii,

2034 3554 2088 3604 et
2122 3548 2270 3603 falsa
2298 3551 2387 3603 est
2416 3548 2755 3602 eorumdem
2788 3546 3121 3618 gentilium,
3154 3564 3220 3602 ac
3249 3563 3384 3604 vera
3412 3548 3684 3606 christia-

2040 3654 2247 3693 norum
2282 3635 2505 3707 religio.
2540 3634 2605 3689 Hi
2640 3636 2796 3689 enim
2827 3634 3027 3691 colunt
3058 3636 3297 3692 unicum
3329 3641 3386 3693 et
3414 3638 3684 3710 omnipo-

2036 3732 2255 3781 tentem
2290 3724 2494 3793 Deum,
2527 3724 2694 3792 cujus
2735 3722 2861 3778 sola
2893 3728 3201 3795 potestate,
3237 3727 3460 3783 casteris
3491 3727 3683 3782 omni-

2038 3817 2150 3871 bus
2181 3813 2501 3886 superiore,
2536 3829 2669 3868 vera
2698 3813 2985 3868 miracula
3008 3814 3131 3869 fieri
3163 3821 3431 3886 possunt.

2643 3964 2961 4004 ARTICULUS
2999 3966 3075 4003 VI.

2044 4040 2167 4107 Qua
2192 4038 2411 4122 ratione
2440 4037 2810 4122 Tertulliani“
2838 4036 3162 4122 demonstret
3194 4052 3294 4122 eo:
3340 4040 3437 4122 qui
3476 4040 3541 4094 de
3580 4040 3685 4122 Deo

2113 4112 2229 4180 pati
2266 4110 2631 4174 aestimantur,
2668 4110 2763 4179 qui
2794 4110 2908 4163 aris
2944 4109 3223 4180 inhalant,
3257 4109 3358 4179 qui
3388 4127 3591 4166 numen
3618 4114 3687 4169 de

2114 4179 2313 4235 nidore
2338 4182 2673 4253 concipiunt,
2732 4179 3002 4253 metando
3058 4189 3347 4253 conantur,
3396 4185 3689 4253 pro/antur

2114 4252 2427 4325 anhelando
2450 4269 2469 4305 :
2498 4267 2597 4305 nec
2643 4266 2754 4305 non
2804 4252 3076 4325 Virginem
3102 4324 3105 4325 ν
3137 4252 3436 4325 Cratestem,
3460 4252 3688 4325 pluvia—

2116 4340 2239 4377 rum
2268 4324 2731 4393 potlicitatricem,
2751 4326 2803 4375 et
2822 4324 3202 4393 zﬁ‘sculapium
3222 4323 3346 4378 alia
3372 4323 3472 4379 die
3489 4326 3689 4381 Socor-

2115 4395 2227 4463 dio,
2262 4395 2537 4464 Thenatio,
2569 4398 2621 4447 et
2677 4394 3050 4464 Asclepiodoro
3088 4397 3212 4450 vitm
3242 4396 3692 4453 subministrata-

2114 4482 2251 4533 rem,
2283 4482 2407 4541 cum
2454 4483 2488 4519 a
2541 4464 3324 4541 Christianis_adjurabantur,
3358 4472 3486 4523 tunc
3501 4470 3693 4541 palam

2116 4538 2451 4605 respondisse
2480 4552 2537 4592 se
2564 4552 2671 4592 non
2698 4552 2811 4592 esse
2838 4537 2982 4605 deos,
3014 4538 3105 4593 sed
3134 4538 3423 4596 daemones.

2114 4656 2298 4713 Multo
2329 4672 2471 4711 sane
2499 4654 2730 4725 longius
2762 4655 3134 4728 progreditur
3177 4658 3603 4729 Tertullianus,
3638 4664 3698 4716 et

2049 4749 2392 4819 argumento
2423 4744 2591 4814 longe
2616 4744 2950 4813 efficaciori,
2980 4761 3045 4800 ac
3068 4751 3271 4801 contra
3295 4750 3440 4819 quod
3470 4766 3543 4805 ne
3572 4766 3701 4804 mu-

2048 4840 2157 4895 tire
2209 4837 2446 4908 quidem
2492 4835 2711 4890 ethnici
2760 4835 3078 4904 audebant,
3123 4838 3565 4898 evidentissima
3596 4843 3704 4899 de-

2050 4931 2343 4984 monstrat
2363 4925 2565 4980 omnia
2586 4924 2687 4979 illa
2715 4923 3017 4993 miracula,
3042 4927 3298 4994 oracula,
3325 4934 3382 4984 et
3404 4929 3540 4996 alia,
3573 4948 3703 5003 quis

2051 5017 2110 5071 hi
2143 5032 2322 5086 supra
2350 5013 2499 5068 vires
2534 5013 2825 5067 humanas
2857 5030 2890 5067 a
2923 5013 3036 5068 diis
3087 5014 3213 5069 suis
3246 5020 3375 5072 acta
3403 5034 3533 5073 esse
3563 5036 3707 5075 ven-

2054 5106 2341 5169 ditabant,
2366 5104 2437 5158 ab
2460 5102 2606 5174 ipsis
2634 5102 2999 5158 dsimonibus
3022 5120 3151 5160 esse
3175 5105 3341 5175 facta,
3367 5123 3433 5161 ac
3462 5107 3707 5178 proinde

2055 5212 2203 5268 quos
2229 5192 2500 5247 dicebant
2531 5192 2690 5257 deos,
2739 5208 2868 5248 esse
2913 5208 3112 5248 revera
3160 5194 3473 5250 daemones.
3509 5195 3710 5267 Neque

2055 5287 2211 5343 enim
2242 5284 2467 5356 privata
2497 5283 2756 5338 hominis
2787 5283 3036 5351 alicujus
3078 5285 3442 5350 auctoritate,
3478 5291 3578 5340 aut
3616 5302 3711 5341 ra-

2057 5379 2215 5433 tione
2246 5374 2363 5429 ullo
2413 5374 2672 5429 humano
2724 5373 2959 5444 ingenio
3010 5373 3355 5444 excogitata,
3388 5375 3443 5429 id
3482 5375 3710 5446 probat,

2060 5467 2159 5521 sed
2194 5464 2452 5537 publico,
2485 5480 2551 5517 ac
2583 5463 2720 5517 dato
2750 5478 2945 5517 coram
2996 5460 3361 5531 quibuslibet
3390 5462 3713 5535 gentilibus

2060 5554 2451 5626 ipsorummet
2474 5550 2813 5606 testimonio
2843 5550 3107 5603 deorum.

2134 5641 2339 5697 Totius
2369 5643 2563 5695 autem
2587 5638 2767 5707 hujus
2789 5637 3316 5707 argumentationis
3341 5656 3575 5697 summa
3596 5640 3717 5698 haec

2028 5735 2157 5787 est
2187 5725 2453 5801 (Tertull.
2484 5727 2763 5798 Apotoyet.
2824 5740 2953 5798 cap.
3010 5725 3103 5797 22,
3163 5742 3299 5800 pag.
3350 5728 3515 5802 1105):
3564 5728 3717 5796 Quo-

3326 5856 3396 5919 31
