4158 6344
455 351 568 411 9⁸11

987 338 1508 406 TERTULLIANI
1554 333 1869 398 OPERUM
1922 331 2118 392 PARS
2163 328 2210 389 1.
2244 362 2320 372 —
2352 327 2624 389 SEltlES
2670 323 2716 398 Ι,
2761 317 3328 384 APOLOGETIGA.

3735 318 3862 377 972

465 501 714 557 cumque
743 485 1023 547 daemone,
1057 482 1160 534 aut
1188 472 1496 548 quibusvis
1534 467 1893 525 daemonibus
1924 465 2097 519 homo
2128 465 2180 529 Α
2210 460 2488 526 hominis,
2521 474 2754 531 quoquo
2789 457 2957 512 modo
2989 472 3023 510 a.
3052 455 3314 510 daemone
3357 450 3579 523 agitati,
3621 449 3858 521 experi-

466 553 877 646 εδδ-θεείου,
911 568 1030 624 sive
1088 564 1243 621 malo
1301 577 1504 620 eorum
1563 559 1810 629 agitetur
1867 553 2096 625 spiritu,

465 644 783 737 cujuslibet
812 660 988 716 etiam
1021 654 1276 712 hominis
1297 667 1509 722 corpus
1534 649 1605 704 ab
1638 647 1710 702 iis
1739 644 2097 709 obsideatur,

463 734 641 812 iidem
664 753 957 807 daemones
976 747 1047 803 ab
1066 744 1183 800 illis
1201 741 1477 798 omnibus
1493 737 1617 795 sola
1638 734 2097 792 Christianorum

465 843 829 915 adjuratione
876 844 933 894 et
985 833 1348 899 exorcismis,
1407 833 1507 885 aut
1562 826 1685 882 solo
1715 824 1971 889 adtactu,
2000 821 2101 875 aut

467 907 609 990 ﬂa'tu
641 928 948 987 confestim
1002 922 1392 996 expelluntur.
1455 917 1627 988 Atqui
1678 918 1838 981 tunc,
1868 907 2100 966 tametsi

463 1022 651 1088 inviti,
695 1035 800 1076 nec
860 1015 1112 1074 maxima
1165 1014 1292 1068 sine
1347 1004 1671 1080 ignominia
1728 1001 2096 1072 ejicerentur,

463 1113 656 1187 palam
687 1127 752 1167 ac
775 1123 966 1165 coram
989 1102 1264 1160 omnibus
1285 1096 1534 1154 ethnicis
1557 1093 1909 1162 cogebantur
1934 1084 2100 1142 fateri

463 1180 526 1261 se
558 1218 671 1258 non
723 1200 882 1265 deos,
933 1193 1017 1250 uti
1075 1189 1322 1265 gentiles
1353 1184 1714 1248 eﬂ'utiebant,
1765 1180 1866 1235 sed
1906 1191 2099 1265 meros

463 1307 591 1349 esse
615 1291 928 1354 daemones,
954 1262 1191 1338 unic‘um
1213 1293 1345 1333 vero
1370 1290 1493 1330 esse
1515 1273 1720 1338 Deum,
1746 1282 1919 1339 quem
1944 1262 2097 1320 Chri-

464 1381 658 1436 stiana
686 1378 832 1432 fides
857 1373 994 1429 colit
1017 1375 1075 1426 et
1107 1369 1328 1423 adorat.

533 1487 678 1543 Cum
726 1499 820 1539 res
867 1495 1004 1552 ergo
1027 1479 1108 1533 ita
1136 1475 1231 1555 sit,
1281 1472 1418 1527 inde
1460 1471 1673 1524 Auctor
1721 1469 1918 1520 noster
1946 1466 2100 1518 recte

467 1573 765 1634 concludit
793 1569 954 1643 (Ibid.
987 1567 1096 1624 col.
1128 1552 1291 1635 405):
1324 1585 1350 1610 ‹‹
1386 1558 1532 1624 Quid
1572 1558 1682 1612 isto
1715 1570 1884 1626 opere
1911 1552 2099 1643 mani-

465 1667 673 1723 festius
693 1663 721 1718 τ
752 1641 901 1728 Quid
932 1659 1041 1713 hac
1068 1652 1408 1727 probatione
1439 1646 1669 1702 fidelius
1689 1643 1716 1698 ?
1746 1641 2101 1713 Simplicitas

465 1754 730 1813 veritatis
760 1750 821 1806 in
852 1746 1043 1804 medio
1073 1747 1163 1799 est
1195 1785 1208 1797 .
1243 1762 1270 1790 »
1301 1741 1416 1795 Aut
1461 1735 1562 1790 illa
1603 1732 1818 1790 etenim
1868 1729 2104 1803 publica

467 1847 802 1902 daemonum
823 1835 1111 1893 confessio
1132 1847 1265 1887 vera
1285 1831 1428 1894 erat,
1453 1829 1553 1882 aut
1574 1822 1720 1878 falsa
1749 1825 1805 1876 et
1835 1819 2100 1875 mendax.
2130 1836 2178 1901 B

464 1935 526 1992 Si
550 1949 704 2001 vera,
735 1928 809 1985 iis
839 1923 1040 1999 procul
1071 1920 1248 1978 dubio
1271 1915 1646 1979 credendum,
1681 1915 1856 1982 atque
1884 1906 2098 1964 ethnici

463 2019 728 2080 conﬁteri
759 2016 1049 2074 debebant
1078 2009 1256 2066 falsos
1285 2023 1412 2062 esse
1455 2004 1595 2059 deos
1625 2016 1785 2068 suos,
1817 2016 1883 2054 ac
1914 2013 2099 2052 unum

459 2107 890 2172 tantummodo,
951 2117 1126 2174 quem
1179 2093 1495 2154 Christiani
1553 2092 1921 2154 venerantur,
1972 2101 2098 2142 esse

459 2215 665 2257 verum
694 2196 898 2252 Deum.
931 2191 990 2247 Si
1022 2193 1214 2245 autem
1254 2186 1544 2240 daemones
1576 2185 1700 2236 tum
1737 2175 2097 2232 mentieban-

459 2293 576 2354 tur,
621 2285 810 2358 primo
847 2282 907 2337 id
957 2277 1121 2335 facile
1167 2271 1384 2330 nemini
1416 2265 1814 2343 persuadebis.
1849 2262 2102 2328 Quilibet

459 2355 752 2436 enimvero
774 2371 845 2428 ad
868 2371 1148 2426 honorem
1193 2362 1548 2435 quandoque
1572 2372 1743 2414 suum
1766 2371 1880 2410 non
1903 2355 2099 2408 autem

462 2466 534 2524 ad
566 2466 816 2521 dedecus
846 2455 1268 2525 infamiamque
1301 2466 1467 2506 suam
1500 2462 1759 2517 unquam
1794 2441 2095 2497 mentitur.

463 2556 740 2611 Praeterea
771 2550 819 2606 si
853 2544 1305 2608 mentiebantur,
1329 2543 1386 2593 et
1407 2538 1514 2591 hoc
1545 2531 1846 2589 mendacio
1879 2545 2097 2583 morem

465 2643 745 2718 gerebant
764 2632 1132 2698 Christianis,
1151 2629 1287 2684 inde
1308 2624 1632 2682 certissime
1649 2619 1956 2676 coniicitur
1977 2615 2101 2671 nul-

463 2705 583 2789 iam
613 2745 763 2796 esse,
797 2740 974 2797 quam
1005 2718 1219 2777 ethnici
1242 2714 1642 2781 venditabant,
1665 2724 1866 2764 eorum
1901 2705 2100 2760 divini-

463 2825 666 2878 tatem.
699 2816 881 2872 Verus
914 2814 1129 2883 quippe
1173 2807 1327 2862 Deus
1359 2819 1464 2858 nec
1515 2797 1769 2867 mentiri,
1804 2811 1908 2851 nec
1937 2811 2100 2850 crea-

463 2908 612 2966 turis
643 2907 714 2964 ad
749 2919 922 2961 suum
945 2899 1196 2956 dedecus
1221 2891 1460 2965 obsequi
1490 2893 1695 2962 potest.
1734 2884 1898 2940 Falsa
1923 2883 2102 2955 igitur

461 3016 529 3057 ea
557 3001 647 3055 est
700 2994 994 3058 divinitas,
1056 3005 1182 3060 quae
1239 2983 1460 3056 aliquid
1516 2980 1586 3036 ad
1640 2977 1883 3044 dedecus,
1927 2978 1990 3028 ut
2019 2973 2101 3028 ait

458 3092 675 3146 Auctor
701 3088 918 3145 noster,
953 3080 1084 3140 facit
1103 3075 1318 3131 wmulis
1345 3074 1484 3140 suis,
1515 3071 1569 3126 id
1603 3072 1711 3138 est,
1743 3083 1866 3136 quae
1897 3063 1967 3118 ad
1999 3063 2098 3117 de-

461 3179 642 3235 decus
673 3189 844 3232 suum
878 3167 1147 3226 hostibus
1205 3163 1330 3219 suis
1387 3155 1736 3216 Christianis
1793 3151 2094 3215 mentitur,

459 3266 651 3338 iisque
678 3259 1014 3320 mentiendo
1065 3270 1127 3310 se
1178 3249 1419 3321 subjicit
1445 3248 1762 3320 (Dissertat.
1798 3243 1856 3296 in
1895 3240 2094 3294 Minue.

465 3329 647 3412 Octhv.
679 3369 807 3424 cap.
837 3349 928 3416 20,
959 3349 1067 3402 art.
1102 3344 1155 3413 3,
1187 3347 1236 3396 et
1272 3341 1328 3394 in
1361 3338 1606 3392 Lactant.
1639 3349 1763 3404 cap.
1796 3331 1850 3424 ς),
1887 3334 1993 3424 art.
2025 3329 2099 3396 2).

465 3442 675 3510 Quanti
711 3417 882 3512 porro
911 3435 990 3491 sit
1020 3430 1244 3488 roboris
1274 3428 1394 3482 haec
1434 3419 1882 3496 argumentatio,
1915 3417 1972 3470 in
2005 3431 2100 3471 su-

468 3507 796 3604 perioribus
827 3522 1041 3581 nostris
1072 3514 1585 3575 dissertationibus
1615 3508 1845 3566 abunde
1871 3507 2104 3561 demon-

472 3622 720 3676 stratum
749 3619 857 3671 est.

543 3703 932 3773 Quamobrem
964 3697 1111 3753 nihil
1144 3693 1300 3750 aliud
1335 3693 1516 3746 restat
1535 3683 1965 3773 explanandum
1990 3679 2104 3736 nisi

471 3796 626 3871 quod
675 3791 848 3865 paulo
904 3784 1210 3844 obscurius
1269 3782 1327 3836 in
1382 3776 1649 3834 Auctoris
1706 3772 1887 3829 nostri
1943 3773 2101 3825 textu

470 3861 754 3958 scriptum
787 3877 1060 3937 occurrit.
1120 3871 1395 3928 Ethnicos
1454 3873 1646 3922 autem
1705 3863 1783 3917 ibi
1836 3861 2109 3915 audacter

472 3953 745 4050 provocat
768 3969 839 4026 ad
872 3967 1049 4036 hujus
1106 3958 1570 4016 Christianorum
1601 3953 1660 4008 in
1687 3953 1976 4007 daemones
2005 3964 2107 4019 po-

469 4039 723 4130 testatis,
749 4062 807 4115 et
837 4054 1081 4129 publicae
1111 4049 1272 4105 illius
1321 4047 1673 4112 daemonum,
1707 4058 1767 4097 se
1811 4039 1950 4130 deos
1979 4051 2109 4092 esse

472 4127 854 4226 neganti—um,—
895 4138 1280 4200 confessionis
1353 4132 1676 4208 periculum
1754 4127 2106 4184 faciendum.

475 4213 702 4308 Quanta
730 4250 863 4292 vero
897 4227 1248 4288 confidentia
1279 4225 1336 4279 id
1368 4221 1723 4296 pronuntiet,
1747 4235 1816 4274 ex
1845 4216 1952 4272 hac
1983 4213 2110 4284 ejus

474 4304 604 4404 ipsa
635 4321 1041 4399 provocatione
1089 4330 1401 4386 cognosces
1441 4307 1799 4404 (Tertullian:
1835 4304 2109 4404 apologet.

477 4391 587 4477 οόῑ.
615 4391 705 4487 έ3,
739 4429 872 4486 pag.
901 4409 994 4480 24)
1019 4424 1032 4462 :
1065 4403 1354 4476 Adjurati,
1379 4400 1591 4472 inquit,
1624 4413 1715 4487 «Aa
1743 4391 2109 4487 Christianis,

476 4508 591 4565 nisi
624 4481 1004 4562 said-temones
1035 4492 1285 4552 confessi
1317 4488 1556 4559 fuerint,
1587 4485 1825 4555 ibidem,
1849 4505 1876 4532 »
1906 4481 2025 4538 sive
2047 4495 2112 4534 eo

477 4599 605 4670 ipso
635 4594 694 4648 in
731 4591 878 4659 loco,
909 4592 968 4642 et
1014 4587 1334 4646 momento,
1382 4602 1408 4629 ‹‹
1445 4577 1606 4633 illius
1635 4571 1948 4629 Christiani
1978 4584 2115 4642 pro-
2145 4573 2192 4637 Ι)

479 4659 768 4743 chcissimi
790 4673 1138 4747 sanguinem
1162 4669 1403 4726 fundite.
1431 4689 1459 4716 »
1481 4670 1564 4721 Ne
1586 4664 1719 4736 quis
1744 4666 1936 4717 autem
1964 4659 2115 4712 frau-

481 4777 615 4832 dem
645 4770 901 4840 aliquam
931 4767 1030 4820 aut
1059 4759 1260 4816 dolum
1291 4757 1709 4828 suspicaretur,
1741 4751 1812 4805 ad
1843 4748 1988 4804 illud
2019 4762 2112 4802 ex-

484 4862 877 4938 perimentum
935 4869 1053 4907 non
1108 4849 1302 4905 locum
1357 4846 1610 4914 aliquem
1668 4842 1979 4913 privatum,
2013 4841 2115 4892 aut

481 4925 689 5010 ethicis
719 4946 1078 5015 suspectum,
1113 4937 1212 4993 sed
1249 4933 1547 5007 publicum
1589 4937 1647 4986 et
1693 4928 1810 4983 illis
1840 4925 2115 4982 omnibus

482 5053 753 5099 securum
782 5030 1036 5105 postulat
1058 5025 1262 5098 (Ibid)
1293 5031 1397 5080 b‘os
1421 5023 1635 5093 quippe
1659 5019 1736 5073 ita
1767 5015 2113 5105 alloquitur:

483 5154 511 5182 ‹‹
544 5130 763 5185 Edatur
783 5103 886 5177 hic
917 5116 1130 5188 aliquis
1152 5113 1261 5169 sub
1283 5109 1675 5167 tribunalibus
1707 5103 2114 5172 vestris,quem

482 5221 744 5274 daemone
773 5209 862 5282 agi
897 5207 1154 5270 constet;
1203 5203 1400 5271 iussus
1429 5216 1462 5254 a
1493 5195 1751 5269 quolibet
1789 5191 2116 5248 Christiano

480 5305 642 5378 loqui
674 5279 918 5375 spiritus
945 5293 1075 5362 ille;
1108 5297 1227 5346 tam
1271 5291 1590 5344 daemonem
1639 5301 1701 5340 se
1747 5279 2121 5338 conﬁtebitur

483 5368 740 5460 de-vero-,
773 5402 947 5459 quam
980 5381 1119 5438 alibi
1153 5381 1333 5435 Deum
1387 5378 1457 5432 de
1514 5374 1676 5429 falso.
1710 5391 1737 5422 ι
1801 5371 1862 5460 In
1905 5368 2121 5423 nostris

485 5456 1030 5546 codicibus‘legilur
1059 5486 1174 5524 non
1205 5468 1365 5523 deum
1391 5465 1649 5537 quidem,
1683 5461 1781 5516 sed
1813 5456 2118 5522 dominum,

487 5590 604 5630 non
635 5570 864 5625 diverso
893 5567 1088 5617 tamen
1120 5572 1320 5612 sensu.

561 5663 894 5764 lﬁeque‘boc
925 5663 1041 5724 uno
1056 5661 1416 5734 tantum,sed
1435 5657 1697 5734 quolibet
1726 5655 1838 5713 alio
1865 5653 2122 5726 cujusvis

2208 553 2404 605 mento
2438 548 2495 602 id
2527 546 2797 603 similiter
2826 543 3058 618 probari
3110 557 3280 614 posse
3320 544 3659 596 constanter
3688 553 3859 594 asse-

2209 651 2387 694 verat.
2429 637 2522 692 Sic
2567 651 2822 706 namque
2878 631 3252 705 prosequitur
3309 629 3502 702 (Ibz'd.)
3538 645 3550 684 :
3589 651 3609 677 ι
3674 631 3859 699 Eque

2209 729 2580 800 producatur,
2621 747 2641 773 ι
2696 723 2851 779 884
2899 726 3032 777 ante
3088 719 3454 775 ethnicorum
3509 715 3856 783 tribunalia,

2211 837 2235 868 (ι
2270 815 2483 887 aliquis
2504 831 2571 870 ex
2593 811 2794 883 iis,qui
2815 812 2884 866 de
2907 811 3011 865 deo
3031 808 3146 881 pati
3170 805 3708 876 existimantur,qui
3734 805 3857 860 aris

2208 903 2538 959 inhalantes
2570 916 2783 956 numen
2817 901 2887 954 de
2936 897 3137 952 nidore
3183 894 3542 966 concipiunt,
3586 893 3686 965 qui
3719 909 3854 948 ruc-

2207 993 2383 1049 tando
2405 989 2815 1062 conantur,qui
2840 987 3168 1044 anhelando
3191 984 3517 1057 profantur.
3533 987 3669 1054 Ipsa
3687 981 3854 1053 virgo

2206 1081 2478 1148 caelestis,
2514 1079 2839 1151 pluviarum
2872 1073 3283 1148 pollicitatrix;
3335 1071 3446 1128 iste
3493 1071 3620 1142 ipse
3646 1070 3856 1126 {Bacu-

2206 1169 2397 1241 lapius
2428 1167 2850 1223 medicinarum
2905 1165 3338 1219 demonstrator
3396 1159 3512 1215 alia
3542 1159 3637 1214 die
3665 1159 3852 1214 mori-

2205 1259 2354 1314 turis
2382 1257 2672 1324 Socordio,
2705 1260 2761 1310 et
2792 1252 3096 1319 Thenatio,
3149 1255 3206 1306 et
3262 1249 3672 1321 Asclepiodoto
3717 1248 3853 1302 vitae

2206 1347 2702 1410 subministrator,
2735 1363 2760 1394 ιι
2798 1344 2856 1397 hi
2887 1357 3090 1397 omnes
3139 1358 3170 1395 a
3217 1338 3565 1394 Christianis
3594 1337 3854 1406 adjurati

2209 1438 2501 1491 daemones
2527 1451 2588 1489 se
2618 1449 2745 1489 esse
2775 1431 2928 1486 illico
2959 1429 3417 1485 confitebuntur.

2278 1525 2538 1581 Audisne
2567 1527 2706 1594 quot
2735 1520 2833 1575 ille
2865 1520 3120 1592 proferat
3145 1516 3430 1588 exempla,
3464 1533 3590 1587 quaa
3623 1515 3694 1569 ab
3725 1515 3854 1569 eth-

2209 1615 2355 1669 nicis
2387 1630 2492 1669 nec
2522 1611 2718 1683 negari
2753 1625 3035 1681 unquam,
3093 1623 3198 1662 nec
3236 1605 3356 1660 ullo
3389 1621 3632 1676 prorsus
3676 1603 3857 1658 modo

2211 1701 2570 1759 dissimulari
2597 1703 2861 1772 poterant
2885 1697 3032 1752 ?Sed
3058 1695 3195 1767 quia
3219 1695 3360 1760 haec,
3385 1711 3451 1750 ac
3473 1691 3855 1765 potissimum

2212 1791 2534 1864 posteriora
2558 1806 2668 1844 non
2695 1787 2939 1844 minima
2964 1785 3199 1856 quidem
3229 1782 3478 1854 caligine
3499 1796 3856 1853 respergun-

2207 1887 2324 1953 tur,
2351 1896 2478 1936 eam
2511 1896 2610 1950 pro
2631 1877 2778 1932 virili
2803 1880 2966 1948 parte
2988 1877 3189 1929 nostra
3208 1873 3500 1928 discutere
3529 1870 3853 1926 enitamur.

2207 1970 2470 2025 Primum
2503 1969 2700 2038 itaque
2729 1962 3172 2021 observabimus
3191 1960 3286 2026 iis,
3309 1975 3440 2031 qua:
3469 1959 3540 2013 ab
3567 1957 3667 2014 illo
3701 1974 3854 2030 prae-

2209 2059 2391 2114 missa
2420 2061 2579 2122 sunt,
2615 2055 2801 2110 lucem
2833 2053 3090 2123 aliquam
3141 2049 3332 2105 afferri
3376 2061 3547 2119 posse
3588 2046 3682 2102 his
3714 2045 3854 2100 Vir-

2207 2147 2330 2221 gilii
2363 2144 2724 2201 carminibus
2775 2139 3003 2215 (Virgil.
3058 2138 3160 2195 lib.
3218 2155 3276 2193 vr
3328 2135 3548 2193 /Ensid.
3581 2153 3636 2190 v.
3668 2136 3762 2203 77,
3795 2151 3851 2190 e.

2208 2235 2394 2308 seqq.)
2429 2252 2441 2290 :

2303 2361 2372 2410 At
2401 2357 2583 2407 Phoebi
2615 2355 2854 2405 nondum
2884 2353 3094 2417 patiens
3124 2351 3368 2401 immanis
3397 2351 3452 2400 in
3474 2353 3630 2417 antro

2303 2421 2596 2470 Bacchatur
2625 2422 2798 2475 vates:
2821 2413 3072 2479 magnum
3105 2417 3147 2464 si
3177 2418 3392 2479 pectore
3434 2413 3601 2479 possit

2301 2485 2605 2533 Excussisse
2636 2485 2796 2529 deum
2819 2494 2839 2541 ;
2865 2476 3012 2528 tahto
3041 2476 3210 2540 magis
3243 2477 3332 2541 ille
3361 2476 3553 2541 fatigat

2299 2550 2368 2596 Os
2396 2545 2776 2604 rabidum,fera
2794 2536 2954 2591 corda
2983 2536 3224 2599 domahs,
3248 2538 3503 2602 ﬁngitque
3536 2536 3852 2600 premendo.

2211 2692 2269 2744 In
2313 2688 2568 2760 primum
2601 2689 2795 2741 autem
2829 2697 3062 2738 carmen
3093 2681 3350 2736 Servius.
3387 2698 3415 2727 «
3447 2677 3719 2732 Nondum
3755 2693 3857 2748 pa-

2207 2779 2381 2847 tiens,
2413 2775 2626 2846 inquit,
2659 2790 2783 2845 quas
2817 2772 3078 2827 nondum
3111 2772 3308 2840 posset
3363 2766 3608 2837 implere
3638 2781 3854 2820 oracu-

2207 2867 2398 2922 lorum
2430 2880 2751 2920 sermones.
2776 2883 2804 2911 »
2827 2865 2940 2916 Deo
2963 2859 3142 2931 igitur
3164 2855 3390 2929 patiens
3421 2853 3638 2909 dicitur
3664 2858 3850 2917 vates,

2209 2955 2307 3026 qui
2340 2955 2410 3009 ad
2443 2951 2677 3008 oracula
2698 2949 2995 3004 fundenda
3017 2945 3257 3000 numine
3288 2942 3536 3013 alicujus
3564 2942 3656 2996 dei
3688 2941 3854 2996 afﬂa-

2209 3048 2328 3109 tus,
2376 3043 2558 3098 donec
2606 3055 2674 3094 ea
2723 3054 2790 3093 ex
2838 3040 3069 3108 pectore
3118 3031 3490 3097 excussisset,
3522 3030 3851 3097 laborabat,

2207 3132 2606 3203 torquebatur,
2639 3126 3007 3195 domabatur,
3048 3121 3439 3194 premebatur.
3474 3120 3544 3174 Et
3570 3134 3707 3174 vero
3739 3118 3854 3172 hu-

2125 3207 2170 3272 C
2205 3220 2459 3291 jusmodi
2509 3222 2692 3283 vates,
2729 3219 2792 3269 ut
2838 3213 3076 3284 ipsimet
3121 3208 3296 3266 etbiei
3327 3208 3578 3277 aiebant,
3611 3206 3853 3262 insolito

2210 3308 2582 3380 replebantur
2615 3305 2829 3360 furore.

2278 3396 2385 3462 Qui
2418 3411 2548 3450 vero
2589 3393 2798 3448 dehinc
2855 3392 2969 3444 aris
3025 3388 3344 3444 inhalantes
3397 3403 3430 3441 a
3489 3383 3853 3440 Tertulliano

2207 3489 2508 3554 vocantur,
2541 3482 2599 3536 bi
2638 3479 2816 3535 dubio
2865 3477 3066 3550 procul
3117 3481 3258 3532 sunt
3304 3473 3493 3541 arioli,
3527 3474 3598 3528 de
3630 3472 3852 3544 quibus

2208 3575 2467 3630 Donatus
2499 3572 2558 3625 in
2587 3569 2710 3626 suis
2741 3568 2810 3624 ad
2833 3566 3171 3623 Terentium
3193 3561 3698 3619 observationibus
3719 3562 3858 3629 (Do-

2210 3667 2329 3719 nat.
2364 3664 2420 3717 in
2455 3663 2660 3716 Terent.
2697 3659 3014 3712 Phormion.
3048 3658 3157 3710 act.
3208 3669 3283 3721 ιν,
3318 3668 3474 3707 scen.
3512 3667 3592 3720 1v,
3630 3668 3683 3706 ν.
3713 3651 3806 3721 27)
3836 3668 3852 3706 :

2211 3776 2239 3803 ‹‹
2273 3750 2541 3806 Hariolus
2564 3752 2672 3818 est,
2691 3746 2901 3818 inquit,
2927 3743 3026 3816 qui
3045 3742 3243 3798 divina
3262 3743 3455 3796 mente
3475 3740 3852 3808 vaticinatur,

2212 3841 2310 3913 qui
2343 3837 2583 3894 fariolus
2615 3854 2648 3892 a
2684 3837 2838 3906 fatis,
2873 3838 2929 3888 et
2975 3850 3008 3887 a
3053 3831 3242 3902 fando,
3287 3846 3420 3884 cum
3463 3829 3506 3884 F
3549 3845 3651 3900 pro
3696 3827 3767 3894 Η,
3799 3832 3864 3882 et

2213 3931 2351 3985 item
2383 3929 2427 3982 Η
2462 3943 2564 3999 pro
2595 3927 2634 3980 E
2667 3925 2726 3979 in
2777 3922 2983 3977 multis
3030 3919 3426 3976 locutionibus
3460 3921 3733 3990 ponatur.
3769 3923 3859 3971 An

2215 4018 2369 4090 quod
2419 4016 2730 4070 imitantur
2770 4010 3185 4082 aspirationem
3221 4008 3278 4062 in
3311 4004 3686 4062 exhalando?
3713 4004 3865 4060 Nam

2216 4107 2418 4162 habitu
2454 4103 2643 4160 solent
2667 4099 2973 4158 excludere
3005 4096 3308 4154 mortalem
3357 4095 3644 4159 animam,
3677 4099 3745 4149 ut
3773 4094 3866 4149 di-

2217 4196 2410 4250 vinam
2447 4191 2746 4262 recipiant.
2783 4188 2941 4244 Unde
2971 4191 3028 4242 et
3061 4201 3255 4240 vocem
3286 4183 3578 4254 ejusmodi
3620 4183 3870 4248 dabant,

2219 4301 2345 4356 quae
2377 4286 2465 4337 est
2493 4280 2603 4345 OE,
2651 4278 2804 4350 quod
2856 4277 2945 4332 ΟΕ
2992 4291 3174 4330 sonus
3223 4272 3531 4329 exhalandi
3570 4271 3682 4326 vim
3715 4288 3871 4342 pras-

2220 4377 2355 4429 stat.
2391 4393 2419 4420 ››
2454 4370 2679 4424 Rursus
2708 4381 2840 4421 vere
2861 4365 2986 4434 jam
3039 4362 3307 4418 laudatus
3338 4377 3372 4415 a
3401 4360 3574 4415 nobis
3603 4359 3764 4415 Maro
3796 4359 3872 4415 de

2219 4460 2441 4533 Sibylla
2468 4456 2714 4514 canebat
2742 4452 2958 4524 (Virgil.
2993 4451 3095 4506 lib.
3125 4467 3176 4506 iv
3206 4449 3428 4506 lEneid.
3463 4466 3518 4504 ν.
3555 4448 3641 4519 45)
3669 4463 3684 4502 :

2316 4575 2547 4624 Ventum
2579 4574 2691 4620 erat
2719 4567 2783 4618 ad
2803 4567 2982 4628 limen,
3013 4580 3135 4615 cum
3165 4565 3316 4628 virgo
3342 4579 3353 4613 :
3380 4563 3600 4628 Poscere
3631 4562 3742 4628 fata

2314 4640 2561 4698 Tempus,
2591 4635 2696 4682 ait:
2730 4631 2876 4698 deus,
2908 4625 3029 4679 ecce
3059 4630 3226 4698 deus:
3252 4625 3342 4676 cui
3373 4626 3501 4698 talia
3532 4625 3666 4674 fanti

2315 4689 2458 4750 Ante'
2479 4689 2636 4753 fores,
2669 4694 2844 4743 subito
2866 4689 2983 4741 non
3013 4692 3210 4747 vultus,
3241 4705 3349 4753 non
3381 4689 3528 4738 color
3551 4701 3691 4753 unus

2315 4724 2448 4750 ante
2479 4724 2636 4753 ιυιυυ,
2669 4724 2844 4743 υυυιιιυ
2876 4724 2983 4741 υυμ
3023 4724 3210 4747 vum...
3241 4724 3349 4739 μνη
3382 4724 3520 4738 υνιν.
3551 4724 3690 4737 uua...

2315 4764 2428 4812 Non
2463 4763 2686 4816 comptis
2717 4769 2960 4805 mansere
2992 4767 3192 4815 comis;
3219 4752 3312 4801 sed
3345 4724 3821 4816 pectusanhelum,

2316 4826 2378 4873 Et
2409 4823 2550 4872 rabie
2579 4813 2691 4868 fera
2719 4817 2881 4868 corda
2903 4821 3128 4877 tument,
3159 4813 3435 4878 majorque
3465 4813 3630 4862 videri

2315 4889 2423 4936 Nec
2452 4883 2670 4934 mortale
2705 4893 2924 4943 sonans,
2957 4873 3132 4929 amata
3161 4873 3491 4928 est'nuinine
3519 4873 3736 4940 quando

2315 4950 2429 4998 Jam
2461 4946 2710 5010 propiore
2746 4943 2850 4993 dei.

2225 5056 2508 5114 Similiter
2535 5053 2710 5107 etiam
2743 5051 3015 5105 Lucanus
3071 5049 3142 5103 de
3197 5051 3428 5103 Cumaea
3457 5043 3700 5116 Sibylla.
3734 5058 3874 5113 quia

2224 5142 2527 5201 vaticinari
2585 5140 2906 5196 conabatur
2959 5136 3188 5208 (Lucan.
3276 5136 3376 5192 lib.
3435 5151 3492 5203 v,
3551 5149 3607 5188 v.
3679 5131 3745 5185 91
3809 5135 3876 5187 et

2226 5233 2448 5305 seqq.):

2319 5349 2454 5398 Talis
2481 5348 2536 5395 in
2563 5344 2792 5394 Euboico
2821 5345 2966 5391 vates
2987 5343 3202 5391 Cumaea
3229 5353 3462 5397 recessu,

2319 5413 2601 5474 Indignata
2626 5419 2779 5474 suum
2813 5404 2991 5474 multis
3024 5406 3221 5474 servire
3249 5403 3484 5453 laborem

2319 5463 2596 5528 Gentibus,
2631 5483 2695 5517 ex
2726 5471 2872 5516 tanta
2901 5468 3129 5516 fatorum
3159 5471 3343 5530 strage,
3357 5463 3590 5530 superba

2322 5537 2538 5599 Excepit
2569 5527 2808 5599 Romana
2836 5543 3016 5589 manu,
3043 5531 3118 5580 sic
3147 5527 3309 5593 plena
3334 5527 3542 5578 laberat

2321 5592 2882 5650 PhiniiomoePhcebo.
2952 5625 2967 5642 .
3035 5628 3051 5644 .
3280 5625 3296 5643 .
3363 5625 3379 5642 .
3444 5623 3460 5642 .
3528 5623 3543 5638 .
3611 5621 3628 5638 .
3689 5595 3708 5636 ι
3772 5614 3793 5643 .
3851 5615 3876 5638 ο
