  <div class='ocr_page' id='page_1' title='image "/cluster/home/n/w/nwhite01/storage/ocr_20150623/1/umn.31951002477295j/490.png"; bbox 0 0 4158 6326; ppageno 0'>
   <div class='ocr_carea' id='block_1_1' title="bbox 231 357 347 419">
    <p class='ocr_par' dir='ltr' id='par_1_1' title="bbox 231 357 347 419">
     <span class='ocr_line' id='line_1_1' title="bbox 231 357 347 419; baseline -0.026 -1"><span class='ocrx_word' id='word_1_1' title='bbox 231 357 347 419; x_wconf 85' lang='grc'><strong>973</strong></span> 
     </span>
    </p>
   </div>
   <div class='ocr_carea' id='block_1_2' title="bbox 329 485 1655 551">
    <p class='ocr_par' dir='ltr' id='par_1_2' title="bbox 329 485 1655 551">
     <span class='ocr_line' id='line_1_2' title="bbox 329 485 1655 551; baseline -0.003 -14"><span class='ocrx_word' id='word_1_2' title='bbox 329 488 561 550; x_wconf 78' lang='lat' dir='ltr'><strong>Spumea</strong></span> <span class='ocrx_word' id='word_1_3' title='bbox 592 491 719 538; x_wconf 90' lang='lat' dir='ltr'><strong>tunc</strong></span> <span class='ocrx_word' id='word_1_4' title='bbox 749 487 981 551; x_wconf 90' lang='lat' dir='ltr'><strong>primum</strong></span> <span class='ocrx_word' id='word_1_5' title='bbox 1012 485 1187 551; x_wconf 85' lang='lat' dir='ltr'><strong>rabies</strong></span> <span class='ocrx_word' id='word_1_6' title='bbox 1218 498 1416 551; x_wconf 85' lang='lat' dir='ltr'><strong>vesana</strong></span> <span class='ocrx_word' id='word_1_7' title='bbox 1442 498 1537 547; x_wconf 88' lang='lat' dir='ltr'><strong>per</strong></span> <span class='ocrx_word' id='word_1_8' title='bbox 1565 498 1655 533; x_wconf 85' lang='lat' dir='ltr'><strong>ora</strong></span> 
     </span>
    </p>
   </div>
   <div class='ocr_carea' id='block_1_3' title="bbox 329 549 1579 611">
    <p class='ocr_par' dir='ltr' id='par_1_3' title="bbox 329 549 1579 611">
     <span class='ocr_line' id='line_1_3' title="bbox 329 549 1579 611; baseline -0.002 -12"><span class='ocrx_word' id='word_1_9' title='bbox 329 549 527 607; x_wconf 73' lang='lat' dir='ltr'><strong>Efﬂuit,</strong></span> <span class='ocrx_word' id='word_1_10' title='bbox 562 555 614 599; x_wconf 90' lang='lat' dir='ltr'><strong>et</strong></span> <span class='ocrx_word' id='word_1_11' title='bbox 643 549 889 611; x_wconf 84' lang='lat' dir='ltr'><strong>gemitus,</strong></span> <span class='ocrx_word' id='word_1_12' title='bbox 920 554 971 598; x_wconf 87' lang='lat' dir='ltr'><strong>et</strong></span> <span class='ocrx_word' id='word_1_13' title='bbox 1003 549 1193 611; x_wconf 79' lang='lat' dir='ltr'><strong>angelo</strong></span> <span class='ocrx_word' id='word_1_14' title='bbox 1226 549 1366 596; x_wconf 89' lang='lat' dir='ltr'><strong>clara</strong></span> <span class='ocrx_word' id='word_1_15' title='bbox 1398 552 1579 596; x_wconf 89' lang='lat' dir='ltr'><strong>meatu</strong></span> 
     </span>
    </p>
   </div>
   <div class='ocr_carea' id='block_1_4' title="bbox 335 611 1787 669">
    <p class='ocr_par' dir='ltr' id='par_1_4' title="bbox 335 611 1787 669">
     <span class='ocr_line' id='line_1_4' title="bbox 335 611 1787 669; baseline -0.001 -8"><span class='ocrx_word' id='word_1_16' title='bbox 335 614 624 669; x_wconf 85' lang='lat' dir='ltr'><strong>Murmura,</strong></span> <span class='ocrx_word' id='word_1_17' title='bbox 654 619 783 662; x_wconf 90' lang='lat' dir='ltr'><strong>tunc</strong></span> <span class='ocrx_word' id='word_1_18' title='bbox 812 617 1035 661; x_wconf 80' lang='lat' dir='ltr'><strong>mmstus</strong></span> <span class='ocrx_word' id='word_1_19' title='bbox 1072 613 1236 660; x_wconf 87' lang='lat' dir='ltr'><strong>vastis</strong></span> <span class='ocrx_word' id='word_1_20' title='bbox 1268 611 1504 660; x_wconf 89' lang='lat' dir='ltr'><strong>ululatus</strong></span> <span class='ocrx_word' id='word_1_21' title='bbox 1531 612 1585 659; x_wconf 89' lang='lat' dir='ltr'><strong>in</strong></span> <span class='ocrx_word' id='word_1_22' title='bbox 1621 612 1787 659; x_wconf 89' lang='lat' dir='ltr'><strong>antris</strong></span> 
     </span>
    </p>
   </div>
   <div class='ocr_carea' id='block_1_5' title="bbox 332 675 1739 740">
    <p class='ocr_par' dir='ltr' id='par_1_5' title="bbox 332 675 1739 740">
     <span class='ocr_line' id='line_1_5' title="bbox 332 675 1739 740; baseline -0.003 -13"><span class='ocrx_word' id='word_1_23' title='bbox 332 679 695 740; x_wconf 65' lang='lat' dir='ltr'><strong>Extremusque</strong></span> <span class='ocrx_word' id='word_1_24' title='bbox 726 680 921 727; x_wconf 89' lang='lat' dir='ltr'><strong>sonant</strong></span> <span class='ocrx_word' id='word_1_25' title='bbox 951 676 1151 725; x_wconf 85' lang='lat' dir='ltr'><strong>domita</strong></span> <span class='ocrx_word' id='word_1_26' title='bbox 1176 675 1287 737; x_wconf 90' lang='lat' dir='ltr'><strong>jam</strong></span> <span class='ocrx_word' id='word_1_27' title='bbox 1319 675 1528 736; x_wconf 81' lang='lat' dir='ltr'><strong>virgine</strong></span> <span class='ocrx_word' id='word_1_28' title='bbox 1560 687 1739 723; x_wconf 86' lang='lat' dir='ltr'><strong>voces.</strong></span> 
     </span>
    </p>
   </div>
   <div class='ocr_carea' id='block_1_6' title="bbox 240 823 1893 899">
    <p class='ocr_par' dir='ltr' id='par_1_6' title="bbox 240 823 1893 899">
     <span class='ocr_line' id='line_1_6' title="bbox 240 823 1893 899; baseline -0.001 -16"><span class='ocrx_word' id='word_1_29' title='bbox 240 830 628 894; x_wconf 82' lang='lat' dir='ltr'><strong>Quamobrem</strong></span> <span class='ocrx_word' id='word_1_30' title='bbox 662 828 856 883; x_wconf 90' lang='lat' dir='ltr'><strong>Cicero</strong></span> <span class='ocrx_word' id='word_1_31' title='bbox 896 826 1021 899; x_wconf 86' lang='lat' dir='ltr'>(lib.</span> <span class='ocrx_word' id='word_1_32' title='bbox 1056 843 1072 880; x_wconf 85' lang='lat'>1</span> <span class='ocrx_word' id='word_1_33' title='bbox 1104 826 1167 881; x_wconf 81' lang='lat' dir='ltr'><strong>de</strong></span> <span class='ocrx_word' id='word_1_34' title='bbox 1216 827 1397 881; x_wconf 79' lang='lat' dir='ltr'><strong>Dicin.</strong></span> <span class='ocrx_word' id='word_1_35' title='bbox 1434 841 1565 897; x_wconf 87' lang='lat' dir='ltr'><strong>pag.</strong></span> <span class='ocrx_word' id='word_1_36' title='bbox 1619 826 1743 890; x_wconf 83' lang='grc'>274,</span> <span class='ocrx_word' id='word_1_37' title='bbox 1787 823 1893 881; x_wconf 90' lang='lat' dir='ltr'><strong>lin.</strong></span> 
     </span>
    </p>
   </div>
   <div class='ocr_carea' id='block_1_7' title="bbox 240 914 1896 988">
    <p class='ocr_par' dir='ltr' id='par_1_7' title="bbox 240 914 1896 988">
     <span class='ocr_line' id='line_1_7' title="bbox 240 914 1896 988; baseline -0.002 -17"><span class='ocrx_word' id='word_1_38' title='bbox 240 919 349 988; x_wconf 83' lang='grc'><strong>35)·</strong></span> <span class='ocrx_word' id='word_1_39' title='bbox 382 941 407 968; x_wconf 91' lang='grc'><em>‹‹</em></span> <span class='ocrx_word' id='word_1_40' title='bbox 442 917 623 972; x_wconf 81' lang='lat' dir='ltr'><strong>Credo</strong></span> <span class='ocrx_word' id='word_1_41' title='bbox 647 914 1373 988; x_wconf 80' lang='lat' dir='ltr'><strong>etiam,inquit,anhelitus</strong></span> <span class='ocrx_word' id='word_1_42' title='bbox 1406 916 1693 986; x_wconf 79' lang='lat' dir='ltr'><strong>quosdam</strong></span> <span class='ocrx_word' id='word_1_43' title='bbox 1715 914 1896 968; x_wconf 88' lang='lat' dir='ltr'><strong>fuisse</strong></span> 
     </span>
    </p>
   </div>
   <div class='ocr_carea' id='block_1_8' title="bbox 241 1003 1894 1077">
    <p class='ocr_par' dir='ltr' id='par_1_8' title="bbox 241 1003 1894 1077">
     <span class='ocr_line' id='line_1_8' title="bbox 241 1003 1894 1077; baseline -0.003 -15"><span class='ocrx_word' id='word_1_44' title='bbox 241 1014 557 1072; x_wconf 89' lang='lat' dir='ltr'><strong>terrarum,</strong></span> <span class='ocrx_word' id='word_1_45' title='bbox 610 1006 826 1077; x_wconf 85' lang='lat' dir='ltr'><strong>quibus</strong></span> <span class='ocrx_word' id='word_1_46' title='bbox 876 1006 1090 1061; x_wconf 65' lang='lat' dir='ltr'><strong>inflata:</strong></span> <span class='ocrx_word' id='word_1_47' title='bbox 1144 1010 1367 1059; x_wconf 88' lang='lat' dir='ltr'><strong>mentes</strong></span> <span class='ocrx_word' id='word_1_48' title='bbox 1401 1003 1637 1059; x_wconf 91' lang='lat' dir='ltr'><strong>oracula</strong></span> <span class='ocrx_word' id='word_1_49' title='bbox 1689 1004 1894 1057; x_wconf 88' lang='lat' dir='ltr'><strong>funde-</strong></span> 
     </span>
    </p>
   </div>
   <div class='ocr_carea' id='block_1_9' title="bbox 240 1092 1896 1167">
    <p class='ocr_par' dir='ltr' id='par_1_9' title="bbox 240 1092 1896 1167">
     <span class='ocr_line' id='line_1_9' title="bbox 240 1092 1896 1167; baseline -0.002 -16"><span class='ocrx_word' id='word_1_50' title='bbox 240 1103 427 1153; x_wconf 85' lang='lat' dir='ltr'><strong>rent.»</strong></span> <span class='ocrx_word' id='word_1_51' title='bbox 460 1096 568 1150; x_wconf 91' lang='lat' dir='ltr'><strong>Sed</strong></span> <span class='ocrx_word' id='word_1_52' title='bbox 603 1097 673 1150; x_wconf 91' lang='lat' dir='ltr'><strong>de</strong></span> <span class='ocrx_word' id='word_1_53' title='bbox 704 1096 795 1150; x_wconf 91' lang='lat' dir='ltr'><strong>his</strong></span> <span class='ocrx_word' id='word_1_54' title='bbox 828 1094 1025 1167; x_wconf 83' lang='lat' dir='ltr'><strong>plures</strong></span> <span class='ocrx_word' id='word_1_55' title='bbox 1060 1093 1205 1149; x_wconf 86' lang='lat' dir='ltr'><strong>alios</strong></span> <span class='ocrx_word' id='word_1_56' title='bbox 1238 1092 1550 1164; x_wconf 87' lang='lat' dir='ltr'><strong>scriptores</strong></span> <span class='ocrx_word' id='word_1_57' title='bbox 1582 1093 1896 1148; x_wconf 90' lang='lat' dir='ltr'><strong>citavimus</strong></span> 
     </span>
    </p>
   </div>
   <div class='ocr_carea' id='block_1_10' title="bbox 240 1182 1896 1241">
    <p class='ocr_par' dir='ltr' id='par_1_10' title="bbox 240 1182 1896 1241">
     <span class='ocr_line' id='line_1_10' title="bbox 240 1182 1896 1241; baseline -0.002 -1"><span class='ocrx_word' id='word_1_58' title='bbox 240 1186 300 1240; x_wconf 92' lang='lat' dir='ltr'><strong>in</strong></span> <span class='ocrx_word' id='word_1_59' title='bbox 333 1186 481 1241; x_wconf 77' lang='lat'><strong>885</strong></span> <span class='ocrx_word' id='word_1_60' title='bbox 541 1188 741 1239; x_wconf 90' lang='lat' dir='ltr'><strong>nostra</strong></span> <span class='ocrx_word' id='word_1_61' title='bbox 793 1184 863 1238; x_wconf 92' lang='lat' dir='ltr'><strong>de</strong></span> <span class='ocrx_word' id='word_1_62' title='bbox 917 1182 1159 1238; x_wconf 85' lang='lat' dir='ltr'><strong>Minucii</strong></span> <span class='ocrx_word' id='word_1_63' title='bbox 1202 1182 1433 1237; x_wconf 87' lang='lat' dir='ltr'><strong>Octavio</strong></span> <span class='ocrx_word' id='word_1_64' title='bbox 1486 1182 1896 1237; x_wconf 90' lang='lat' dir='ltr'><strong>dissertatione</strong></span> 
     </span>
    </p>
   </div>
   <div class='ocr_carea' id='block_1_11' title="bbox 241 1271 1894 1345">
    <p class='ocr_par' dir='ltr' id='par_1_11' title="bbox 241 1271 1894 1345">
     <span class='ocr_line' id='line_1_11' title="bbox 241 1271 1894 1345; baseline -0.002 -16"><span class='ocrx_word' id='word_1_65' title='bbox 241 1276 546 1345; x_wconf 76' lang='lat' dir='ltr'><strong>(Dissertat.</strong></span> <span class='ocrx_word' id='word_1_66' title='bbox 582 1276 642 1328; x_wconf 80' lang='lat' dir='ltr'><strong>in</strong></span> <span class='ocrx_word' id='word_1_67' title='bbox 673 1274 872 1328; x_wconf 75' lang='lat' dir='ltr'><strong>Minue.</strong></span> <span class='ocrx_word' id='word_1_68' title='bbox 930 1289 1057 1344; x_wconf 88' lang='lat' dir='ltr'><strong>cap.</strong></span> <span class='ocrx_word' id='word_1_69' title='bbox 1093 1271 1179 1339; x_wconf 78' lang='grc'>40,</span> <span class='ocrx_word' id='word_1_70' title='bbox 1214 1276 1321 1326; x_wconf 88' lang='lat' dir='ltr'><strong>art.</strong></span> <span class='ocrx_word' id='word_1_71' title='bbox 1370 1272 1446 1340; x_wconf 85' lang='lat'><strong>2).</strong></span> <span class='ocrx_word' id='word_1_72' title='bbox 1500 1272 1645 1326; x_wconf 82' lang='lat' dir='ltr'><strong>Vide</strong></span> <span class='ocrx_word' id='word_1_73' title='bbox 1676 1276 1894 1338; x_wconf 88' lang='lat' dir='ltr'><strong>autem,</strong></span> 
     </span>
    </p>
   </div>
   <div class='ocr_carea' id='block_1_12' title="bbox 243 1360 1896 1431">
    <p class='ocr_par' dir='ltr' id='par_1_12' title="bbox 243 1360 1896 1431">
     <span class='ocr_line' id='line_1_12' title="bbox 243 1360 1896 1431; baseline -0.002 -12"><span class='ocrx_word' id='word_1_74' title='bbox 243 1364 506 1429; x_wconf 92' lang='lat' dir='ltr'><strong>obsecro,</strong></span> <span class='ocrx_word' id='word_1_75' title='bbox 540 1366 736 1417; x_wconf 91' lang='lat' dir='ltr'><strong>utrum</strong></span> <span class='ocrx_word' id='word_1_76' title='bbox 782 1378 850 1416; x_wconf 90' lang='lat' dir='ltr'><strong>ex</strong></span> <span class='ocrx_word' id='word_1_77' title='bbox 881 1360 998 1415; x_wconf 91' lang='lat' dir='ltr'><strong>illis</strong></span> <span class='ocrx_word' id='word_1_78' title='bbox 1052 1360 1245 1431; x_wconf 81' lang='lat' dir='ltr'><strong>colligi</strong></span> <span class='ocrx_word' id='word_1_79' title='bbox 1306 1360 1492 1431; x_wconf 85' lang='lat' dir='ltr'><strong>possit</strong></span> <span class='ocrx_word' id='word_1_80' title='bbox 1550 1360 1707 1415; x_wconf 85' lang='lat' dir='ltr'><strong>hunc</strong></span> <span class='ocrx_word' id='word_1_81' title='bbox 1766 1376 1896 1415; x_wconf 89' lang='lat' dir='ltr'><strong>esse</strong></span> 
     </span>
    </p>
   </div>
   <div class='ocr_carea' id='block_1_13' title="bbox 242 1448 1897 1508">
    <p class='ocr_par' dir='ltr' id='par_1_13' title="bbox 242 1448 1897 1508">
     <span class='ocr_line' id='line_1_13' title="bbox 242 1448 1897 1508; baseline -0.002 0"><span class='ocrx_word' id='word_1_82' title='bbox 242 1451 585 1508; x_wconf 80' lang='lat' dir='ltr'><strong>Tertulliani</strong></span> <span class='ocrx_word' id='word_1_83' title='bbox 618 1466 894 1506; x_wconf 89' lang='lat' dir='ltr'><strong>sensum:</strong></span> <span class='ocrx_word' id='word_1_84' title='bbox 920 1450 1093 1505; x_wconf 81' lang='lat' dir='ltr'><strong>Vates</strong></span> <span class='ocrx_word' id='word_1_85' title='bbox 1117 1453 1171 1504; x_wconf 86' lang='lat' dir='ltr'><strong>et</strong></span> <span class='ocrx_word' id='word_1_86' title='bbox 1194 1448 1359 1504; x_wconf 84' lang='lat' dir='ltr'><strong>arioli</strong></span> <span class='ocrx_word' id='word_1_87' title='bbox 1391 1449 1809 1505; x_wconf 84' lang='lat' dir='ltr'><strong>existimantur</strong></span> <span class='ocrx_word' id='word_1_88' title='bbox 1831 1449 1897 1504; x_wconf 83' lang='lat' dir='ltr'><strong>de</strong></span> 
     </span>
    </p>
   </div>
   <div class='ocr_carea' id='block_1_14' title="bbox 243 1539 1895 1612">
    <p class='ocr_par' dir='ltr' id='par_1_14' title="bbox 243 1539 1895 1612">
     <span class='ocr_line' id='line_1_14' title="bbox 243 1539 1895 1612; baseline -0.001 -16"><span class='ocrx_word' id='word_1_89' title='bbox 243 1542 340 1597; x_wconf 88' lang='lat' dir='ltr'><strong>deo</strong></span> <span class='ocrx_word' id='word_1_90' title='bbox 367 1544 508 1612; x_wconf 85' lang='lat' dir='ltr'><strong>pati,</strong></span> <span class='ocrx_word' id='word_1_91' title='bbox 542 1557 676 1596; x_wconf 90' lang='lat' dir='ltr'><strong>cum</strong></span> <span class='ocrx_word' id='word_1_92' title='bbox 709 1540 780 1595; x_wconf 92' lang='lat' dir='ltr'><strong>ab</strong></span> <span class='ocrx_word' id='word_1_93' title='bbox 828 1539 926 1595; x_wconf 91' lang='lat' dir='ltr'><strong>illo</strong></span> <span class='ocrx_word' id='word_1_94' title='bbox 960 1539 1093 1605; x_wconf 83' lang='lat' dir='ltr'><strong>acti,</strong></span> <span class='ocrx_word' id='word_1_95' title='bbox 1123 1544 1268 1595; x_wconf 71' lang='lat' dir='ltr'><strong>testu</strong></span> <span class='ocrx_word' id='word_1_96' title='bbox 1320 1556 1385 1595; x_wconf 90' lang='lat' dir='ltr'><strong>ac</strong></span> <span class='ocrx_word' id='word_1_97' title='bbox 1420 1540 1612 1595; x_wconf 88' lang='lat' dir='ltr'><strong>furore</strong></span> <span class='ocrx_word' id='word_1_98' title='bbox 1660 1542 1895 1611; x_wconf 89' lang='lat' dir='ltr'><strong>torque-</strong></span> 
     </span>
    </p>
   </div>
   <div class='ocr_carea' id='block_1_15' title="bbox 246 1631 478 1686">
    <p class='ocr_par' dir='ltr' id='par_1_15' title="bbox 246 1631 478 1686">
     <span class='ocr_line' id='line_1_15' title="bbox 246 1631 478 1686; baseline -0.004 -1"><span class='ocrx_word' id='word_1_99' title='bbox 246 1631 478 1686; x_wconf 82' lang='lat' dir='ltr'><strong>bantur.</strong></span> 
     </span>
    </p>
   </div>
   <div class='ocr_carea' id='block_1_16' title="bbox 314 1744 1892 1815">
    <p class='ocr_par' dir='ltr' id='par_1_16' title="bbox 314 1744 1892 1815">
     <span class='ocr_line' id='line_1_16' title="bbox 314 1744 1892 1815; baseline -0.002 -15"><span class='ocrx_word' id='word_1_100' title='bbox 314 1745 421 1811; x_wconf 89' lang='lat' dir='ltr'><strong>Qui</strong></span> <span class='ocrx_word' id='word_1_101' title='bbox 451 1762 584 1801; x_wconf 91' lang='lat' dir='ltr'><strong>vero</strong></span> <span class='ocrx_word' id='word_1_102' title='bbox 631 1746 745 1800; x_wconf 84' lang='lat' dir='ltr'><strong>aris</strong></span> <span class='ocrx_word' id='word_1_103' title='bbox 801 1745 1136 1809; x_wconf 72' lang='lat' dir='ltr'><strong>inhalantes,</strong></span> <span class='ocrx_word' id='word_1_104' title='bbox 1200 1745 1321 1800; x_wconf 82' lang='lat' dir='ltr'><strong>sive</strong></span> <span class='ocrx_word' id='word_1_105' title='bbox 1353 1745 1669 1815; x_wconf 81' lang='lat' dir='ltr'><strong>spirantes,</strong></span> <span class='ocrx_word' id='word_1_106' title='bbox 1720 1748 1776 1798; x_wconf 90' lang='lat' dir='ltr'><strong>et</strong></span> <span class='ocrx_word' id='word_1_107' title='bbox 1834 1744 1892 1797; x_wconf 93' lang='lat' dir='ltr'><strong>in</strong></span> 
     </span>
    </p>
   </div>
   <div class='ocr_carea' id='block_1_17' title="bbox 244 1832 1971 1941">
    <p class='ocr_par' dir='ltr' id='par_1_17' title="bbox 244 1832 1971 1941">
     <span class='ocr_line' id='line_1_17' title="bbox 244 1832 1971 1941; baseline -0.002 -51"><span class='ocrx_word' id='word_1_108' title='bbox 244 1852 376 1890; x_wconf 87' lang='lat' dir='ltr'><strong>aras</strong></span> <span class='ocrx_word' id='word_1_109' title='bbox 408 1834 682 1905; x_wconf 87' lang='lat' dir='ltr'><strong>spiritum</strong></span> <span class='ocrx_word' id='word_1_110' title='bbox 721 1834 1081 1899; x_wconf 89' lang='lat' dir='ltr'><strong>emittentes,</strong></span> <span class='ocrx_word' id='word_1_111' title='bbox 1130 1850 1355 1897; x_wconf 82' lang='lat' dir='ltr'><strong>numen,</strong></span> <span class='ocrx_word' id='word_1_112' title='bbox 1414 1834 1471 1887; x_wconf 91' lang='lat' dir='ltr'><strong>id</strong></span> <span class='ocrx_word' id='word_1_113' title='bbox 1515 1839 1623 1901; x_wconf 89' lang='lat' dir='ltr'><strong>est,</strong></span> <span class='ocrx_word' id='word_1_114' title='bbox 1666 1832 1756 1888; x_wconf 86' lang='lat' dir='ltr'><strong>dei</strong></span> <span class='ocrx_word' id='word_1_115' title='bbox 1787 1832 1891 1887; x_wconf 89' lang='lat' dir='ltr'><strong>ali-</strong></span> <span class='ocrx_word' id='word_1_116' title='bbox 1924 1876 1971 1941; x_wconf 82' lang='lat' dir='ltr'><strong>B</strong></span> 
     </span>
    </p>
   </div>
   <div class='ocr_carea' id='block_1_18' title="bbox 242 1922 1892 1994">
    <p class='ocr_par' dir='ltr' id='par_1_18' title="bbox 242 1922 1892 1994">
     <span class='ocr_line' id='line_1_18' title="bbox 242 1922 1892 1994; baseline -0.001 -17"><span class='ocrx_word' id='word_1_117' title='bbox 242 1924 412 1994; x_wconf 85' lang='lat' dir='ltr'><strong>cujus</strong></span> <span class='ocrx_word' id='word_1_118' title='bbox 446 1929 652 1977; x_wconf 90' lang='lat' dir='ltr'><strong>nutum</strong></span> <span class='ocrx_word' id='word_1_119' title='bbox 681 1927 737 1978; x_wconf 89' lang='lat' dir='ltr'><strong>et</strong></span> <span class='ocrx_word' id='word_1_120' title='bbox 768 1928 1116 1994; x_wconf 87' lang='lat' dir='ltr'><strong>potestatem</strong></span> <span class='ocrx_word' id='word_1_121' title='bbox 1147 1922 1212 1977; x_wconf 79' lang='lat' dir='ltr'><strong>de</strong></span> <span class='ocrx_word' id='word_1_122' title='bbox 1232 1923 1449 1988; x_wconf 79' lang='lat' dir='ltr'><strong>nidore,</strong></span> <span class='ocrx_word' id='word_1_123' title='bbox 1480 1922 1538 1977; x_wconf 89' lang='lat' dir='ltr'><strong>id</strong></span> <span class='ocrx_word' id='word_1_124' title='bbox 1574 1927 1685 1989; x_wconf 83' lang='lat' dir='ltr'><strong>est,</strong></span> <span class='ocrx_word' id='word_1_125' title='bbox 1717 1922 1892 1977; x_wconf 87' lang='lat' dir='ltr'><strong>odore</strong></span> 
     </span>
    </p>
   </div>
   <div class='ocr_carea' id='block_1_19' title="bbox 243 2011 1897 2083">
    <p class='ocr_par' dir='ltr' id='par_1_19' title="bbox 243 2011 1897 2083">
     <span class='ocr_line' id='line_1_19' title="bbox 243 2011 1897 2083; baseline 0 -18"><span class='ocrx_word' id='word_1_126' title='bbox 243 2011 494 2066; x_wconf 78' lang='lat' dir='ltr'><strong>victimas</strong></span> <span class='ocrx_word' id='word_1_127' title='bbox 548 2012 801 2081; x_wconf 85' lang='lat' dir='ltr'><strong>alicujus</strong></span> <span class='ocrx_word' id='word_1_128' title='bbox 860 2017 1109 2083; x_wconf 69' lang='lat' dir='ltr'><strong>perustae</strong></span> <span class='ocrx_word' id='word_1_129' title='bbox 1155 2013 1487 2082; x_wconf 88' lang='lat' dir='ltr'><strong>concipiunt.</strong></span> <span class='ocrx_word' id='word_1_130' title='bbox 1550 2011 1770 2066; x_wconf 89' lang='lat' dir='ltr'><strong>Deinde</strong></span> <span class='ocrx_word' id='word_1_131' title='bbox 1801 2011 1897 2082; x_wconf 80' lang='lat' dir='ltr'><strong>qui</strong></span> 
     </span>
    </p>
   </div>
   <div class='ocr_carea' id='block_1_20' title="bbox 246 2100 1895 2172">
    <p class='ocr_par' dir='ltr' id='par_1_20' title="bbox 246 2100 1895 2172">
     <span class='ocr_line' id='line_1_20' title="bbox 246 2100 1895 2172; baseline 0 -17"><span class='ocrx_word' id='word_1_132' title='bbox 246 2100 534 2165; x_wconf 86' lang='lat' dir='ltr'><strong>ructando,</strong></span> <span class='ocrx_word' id='word_1_133' title='bbox 560 2100 680 2156; x_wconf 89' lang='lat' dir='ltr'><strong>sive</strong></span> <span class='ocrx_word' id='word_1_134' title='bbox 709 2106 911 2156; x_wconf 91' lang='lat' dir='ltr'><strong>ructus</strong></span> <span class='ocrx_word' id='word_1_135' title='bbox 943 2101 1254 2172; x_wconf 90' lang='lat' dir='ltr'><strong>variosque</strong></span> <span class='ocrx_word' id='word_1_136' title='bbox 1285 2100 1581 2157; x_wconf 87' lang='lat' dir='ltr'><strong>anhelitus</strong></span> <span class='ocrx_word' id='word_1_137' title='bbox 1619 2100 1895 2171; x_wconf 84' lang='lat' dir='ltr'><strong>efﬂando,</strong></span> 
     </span>
    </p>
   </div>
   <div class='ocr_carea' id='block_1_21' title="bbox 246 2189 1893 2261">
    <p class='ocr_par' dir='ltr' id='par_1_21' title="bbox 246 2189 1893 2261">
     <span class='ocr_line' id='line_1_21' title="bbox 246 2189 1893 2261; baseline 0.001 -18"><span class='ocrx_word' id='word_1_138' title='bbox 246 2194 519 2244; x_wconf 78' lang='lat' dir='ltr'><strong>conantur</strong></span> <span class='ocrx_word' id='word_1_139' title='bbox 548 2189 790 2245; x_wconf 82' lang='lat' dir='ltr'><strong>fundere</strong></span> <span class='ocrx_word' id='word_1_140' title='bbox 820 2189 1077 2258; x_wconf 89' lang='lat' dir='ltr'><strong>oracula,</strong></span> <span class='ocrx_word' id='word_1_141' title='bbox 1106 2207 1289 2261; x_wconf 83' lang='lat' dir='ltr'><strong>eaque</strong></span> <span class='ocrx_word' id='word_1_142' title='bbox 1340 2196 1623 2256; x_wconf 89' lang='lat' dir='ltr'><strong>eructare,</strong></span> <span class='ocrx_word' id='word_1_143' title='bbox 1670 2196 1726 2245; x_wconf 91' lang='lat' dir='ltr'><strong>et</strong></span> <span class='ocrx_word' id='word_1_144' title='bbox 1758 2190 1893 2244; x_wconf 91' lang='lat' dir='ltr'><strong>mit-</strong></span> 
     </span>
    </p>
   </div>
   <div class='ocr_carea' id='block_1_22' title="bbox 248 2279 1895 2351">
    <p class='ocr_par' dir='ltr' id='par_1_22' title="bbox 248 2279 1895 2351">
     <span class='ocr_line' id='line_1_22' title="bbox 248 2279 1895 2351; baseline 0 -17"><span class='ocrx_word' id='word_1_145' title='bbox 248 2283 368 2334; x_wconf 88' lang='lat' dir='ltr'><strong>tere</strong></span> <span class='ocrx_word' id='word_1_146' title='bbox 397 2284 559 2335; x_wconf 85' lang='lat' dir='ltr'><strong>extra</strong></span> <span class='ocrx_word' id='word_1_147' title='bbox 590 2284 791 2349; x_wconf 91' lang='lat' dir='ltr'><strong>pectus</strong></span> <span class='ocrx_word' id='word_1_148' title='bbox 823 2281 1099 2334; x_wconf 87' lang='lat' dir='ltr'><strong>suum.At</strong></span> <span class='ocrx_word' id='word_1_149' title='bbox 1129 2279 1187 2333; x_wconf 92' lang='lat' dir='ltr'><strong>in</strong></span> <span class='ocrx_word' id='word_1_150' title='bbox 1220 2279 1649 2351; x_wconf 75' lang='lat' dir='ltr'><strong>exemplaribus</strong></span> <span class='ocrx_word' id='word_1_151' title='bbox 1679 2280 1895 2334; x_wconf 87' lang='lat' dir='ltr'><strong>nostris</strong></span> 
     </span>
    </p>
   </div>
   <div class='ocr_carea' id='block_1_23' title="bbox 250 2368 1897 2439">
    <p class='ocr_par' dir='ltr' id='par_1_23' title="bbox 250 2368 1897 2439">
     <span class='ocr_line' id='line_1_23' title="bbox 250 2368 1897 2439; baseline 0 -16"><span class='ocrx_word' id='word_1_152' title='bbox 250 2368 690 2438; x_wconf 88' lang='lat' dir='ltr'><strong>manuscriptis,</strong></span> <span class='ocrx_word' id='word_1_153' title='bbox 726 2372 782 2423; x_wconf 89' lang='lat' dir='ltr'><strong>et</strong></span> <span class='ocrx_word' id='word_1_154' title='bbox 812 2369 987 2423; x_wconf 88' lang='lat' dir='ltr'><strong>editis</strong></span> <span class='ocrx_word' id='word_1_155' title='bbox 1018 2368 1450 2439; x_wconf 87' lang='lat' dir='ltr'><strong>antiquisribus</strong></span> <span class='ocrx_word' id='word_1_156' title='bbox 1482 2386 1585 2439; x_wconf 87' lang='lat' dir='ltr'><strong>pro</strong></span> <span class='ocrx_word' id='word_1_157' title='bbox 1627 2372 1897 2424; x_wconf 78' lang='lat' dir='ltr'><strong>conantur</strong></span> 
     </span>
    </p>
   </div>
   <div class='ocr_carea' id='block_1_24' title="bbox 248 2456 1896 2529">
    <p class='ocr_par' dir='ltr' id='par_1_24' title="bbox 248 2456 1896 2529">
     <span class='ocr_line' id='line_1_24' title="bbox 248 2456 1896 2529; baseline 0.001 -17"><span class='ocrx_word' id='word_1_158' title='bbox 248 2456 536 2529; x_wconf 88' lang='lat' dir='ltr'><strong>scriptum</strong></span> <span class='ocrx_word' id='word_1_159' title='bbox 581 2462 671 2512; x_wconf 89' lang='lat' dir='ltr'><strong>est</strong></span> <span class='ocrx_word' id='word_1_160' title='bbox 723 2466 988 2513; x_wconf 74' lang='lat' dir='ltr'><strong>curantur</strong></span> <span class='ocrx_word' id='word_1_161' title='bbox 1029 2457 1288 2529; x_wconf 89' lang='lat' dir='ltr'><strong>(Tertull.</strong></span> <span class='ocrx_word' id='word_1_162' title='bbox 1341 2458 1441 2513; x_wconf 84' lang='lat' dir='ltr'><strong>loc.</strong></span> <span class='ocrx_word' id='word_1_163' title='bbox 1491 2461 1585 2513; x_wconf 88' lang='lat' dir='ltr'><strong>cit.</strong></span> <span class='ocrx_word' id='word_1_164' title='bbox 1632 2462 1673 2527; x_wconf 90' lang='lat'><strong>).</strong></span> <span class='ocrx_word' id='word_1_165' title='bbox 1718 2459 1896 2529; x_wconf 86' lang='lat' dir='ltr'><strong>Cujus</strong></span> 
     </span>
    </p>
   </div>
   <div class='ocr_carea' id='block_1_25' title="bbox 248 2546 1897 2618">
    <p class='ocr_par' dir='ltr' id='par_1_25' title="bbox 248 2546 1897 2618">
     <span class='ocr_line' id='line_1_25' title="bbox 248 2546 1897 2618; baseline 0 -17"><span class='ocrx_word' id='word_1_166' title='bbox 248 2562 461 2601; x_wconf 90' lang='lat' dir='ltr'><strong>sensus</strong></span> <span class='ocrx_word' id='word_1_167' title='bbox 503 2562 632 2603; x_wconf 89' lang='lat' dir='ltr'><strong>esse</strong></span> <span class='ocrx_word' id='word_1_168' title='bbox 674 2550 911 2618; x_wconf 88' lang='lat' dir='ltr'><strong>potest;</strong></span> <span class='ocrx_word' id='word_1_169' title='bbox 966 2546 1255 2617; x_wconf 85' lang='lat' dir='ltr'><strong>ructando,</strong></span> <span class='ocrx_word' id='word_1_170' title='bbox 1288 2555 1344 2602; x_wconf 86' lang='lat' dir='ltr'><strong>et</strong></span> <span class='ocrx_word' id='word_1_171' title='bbox 1387 2546 1686 2602; x_wconf 83' lang='lat' dir='ltr'><strong>oraculum</strong></span> <span class='ocrx_word' id='word_1_172' title='bbox 1721 2547 1897 2603; x_wconf 85' lang='lat' dir='ltr'><strong>emit-</strong></span> 
     </span>
    </p>
   </div>
   <div class='ocr_carea' id='block_1_26' title="bbox 246 2634 1897 2700">
    <p class='ocr_par' dir='ltr' id='par_1_26' title="bbox 246 2634 1897 2700">
     <span class='ocr_line' id='line_1_26' title="bbox 246 2634 1897 2700; baseline 0.001 -11"><span class='ocrx_word' id='word_1_173' title='bbox 246 2636 443 2700; x_wconf 92' lang='lat' dir='ltr'><strong>tendo,</strong></span> <span class='ocrx_word' id='word_1_174' title='bbox 479 2636 749 2689; x_wconf 89' lang='lat' dir='ltr'><strong>feruntur</strong></span> <span class='ocrx_word' id='word_1_175' title='bbox 780 2634 977 2690; x_wconf 89' lang='lat' dir='ltr'><strong>labore</strong></span> <span class='ocrx_word' id='word_1_176' title='bbox 1019 2652 1125 2690; x_wconf 93' lang='lat' dir='ltr'><strong>suo</strong></span> <span class='ocrx_word' id='word_1_177' title='bbox 1156 2639 1212 2690; x_wconf 91' lang='lat' dir='ltr'><strong>et</strong></span> <span class='ocrx_word' id='word_1_178' title='bbox 1253 2635 1515 2691; x_wconf 87' lang='lat' dir='ltr'><strong>cruciatu</strong></span> <span class='ocrx_word' id='word_1_179' title='bbox 1565 2636 1801 2691; x_wconf 88' lang='lat' dir='ltr'><strong>liberari</strong></span> <span class='ocrx_word' id='word_1_180' title='bbox 1832 2652 1897 2691; x_wconf 92' lang='lat' dir='ltr'><strong>ac</strong></span> 
     </span>
    </p>
   </div>
   <div class='ocr_carea' id='block_1_27' title="bbox 248 2723 1898 2795">
    <p class='ocr_par' dir='ltr' id='par_1_27' title="bbox 248 2723 1898 2795">
     <span class='ocr_line' id='line_1_27' title="bbox 248 2723 1898 2795; baseline 0.001 -16"><span class='ocrx_word' id='word_1_181' title='bbox 248 2724 463 2779; x_wconf 89' lang='lat' dir='ltr'><strong>curari.</strong></span> <span class='ocrx_word' id='word_1_182' title='bbox 491 2724 602 2779; x_wconf 90' lang='lat' dir='ltr'><strong>Sed</strong></span> <span class='ocrx_word' id='word_1_183' title='bbox 636 2724 825 2795; x_wconf 89' lang='lat' dir='ltr'><strong>potior</strong></span> <span class='ocrx_word' id='word_1_184' title='bbox 854 2724 1082 2778; x_wconf 90' lang='lat' dir='ltr'><strong>videtur</strong></span> <span class='ocrx_word' id='word_1_185' title='bbox 1112 2723 1292 2779; x_wconf 89' lang='lat' dir='ltr'><strong>altera</strong></span> <span class='ocrx_word' id='word_1_186' title='bbox 1322 2724 1598 2779; x_wconf 88' lang='lat' dir='ltr'><strong>lectio.De</strong></span> <span class='ocrx_word' id='word_1_187' title='bbox 1628 2724 1720 2780; x_wconf 89' lang='lat' dir='ltr'><strong>his</strong></span> <span class='ocrx_word' id='word_1_188' title='bbox 1741 2725 1898 2781; x_wconf 89' lang='lat' dir='ltr'><strong>enim</strong></span> 
     </span>
    </p>
   </div>
   <div class='ocr_carea' id='block_1_28' title="bbox 250 2811 1897 2884">
    <p class='ocr_par' dir='ltr' id='par_1_28' title="bbox 250 2811 1897 2884">
     <span class='ocr_line' id='line_1_28' title="bbox 250 2811 1897 2884; baseline -0.001 -15"><span class='ocrx_word' id='word_1_189' title='bbox 250 2812 450 2869; x_wconf 91' lang='lat' dir='ltr'><strong>adhuc</strong></span> <span class='ocrx_word' id='word_1_190' title='bbox 484 2812 650 2867; x_wconf 87' lang='lat' dir='ltr'><strong>tortis</strong></span> <span class='ocrx_word' id='word_1_191' title='bbox 684 2816 741 2868; x_wconf 86' lang='lat' dir='ltr'><strong>et</strong></span> <span class='ocrx_word' id='word_1_192' title='bbox 782 2811 1191 2868; x_wconf 87' lang='lat' dir='ltr'><strong>laborantibus</strong></span> <span class='ocrx_word' id='word_1_193' title='bbox 1248 2818 1452 2868; x_wconf 90' lang='lat' dir='ltr'><strong>auctor</strong></span> <span class='ocrx_word' id='word_1_194' title='bbox 1498 2819 1692 2869; x_wconf 86' lang='lat' dir='ltr'><strong>noster</strong></span> <span class='ocrx_word' id='word_1_195' title='bbox 1737 2812 1897 2884; x_wconf 90' lang='lat' dir='ltr'><strong>loqui</strong></span> 
     </span>
    </p>
   </div>
   <div class='ocr_carea' id='block_1_29' title="bbox 247 2902 1899 2973">
    <p class='ocr_par' dir='ltr' id='par_1_29' title="bbox 247 2902 1899 2973">
     <span class='ocr_line' id='line_1_29' title="bbox 247 2902 1899 2973; baseline 0.001 -16"><span class='ocrx_word' id='word_1_196' title='bbox 247 2902 503 2965; x_wconf 89' lang='lat' dir='ltr'><strong>videtur,</strong></span> <span class='ocrx_word' id='word_1_197' title='bbox 538 2902 639 2973; x_wconf 90' lang='lat' dir='ltr'><strong>qui</strong></span> <span class='ocrx_word' id='word_1_198' title='bbox 666 2902 1034 2957; x_wconf 89' lang='lat' dir='ltr'><strong>continenter</strong></span> <span class='ocrx_word' id='word_1_199' title='bbox 1063 2902 1276 2972; x_wconf 89' lang='lat' dir='ltr'><strong>adjecit</strong></span> <span class='ocrx_word' id='word_1_200' title='bbox 1310 2920 1322 2957; x_wconf 91' lang='lat'>:</span> <span class='ocrx_word' id='word_1_201' title='bbox 1358 2925 1385 2951; x_wconf 90' lang='grc'><strong>‹‹</strong></span> <span class='ocrx_word' id='word_1_202' title='bbox 1420 2902 1527 2968; x_wconf 89' lang='lat' dir='ltr'><strong>Qui</strong></span> <span class='ocrx_word' id='word_1_203' title='bbox 1569 2902 1899 2958; x_wconf 89' lang='lat' dir='ltr'><strong>anhelando</strong></span> 
     </span>
    </p>
   </div>
   <div class='ocr_carea' id='block_1_30' title="bbox 252 2991 1901 3064">
    <p class='ocr_par' dir='ltr' id='par_1_30' title="bbox 252 2991 1901 3064">
     <span class='ocr_line' id='line_1_30' title="bbox 252 2991 1901 3064; baseline 0 -17"><span class='ocrx_word' id='word_1_204' title='bbox 252 2992 564 3064; x_wconf 88' lang='lat' dir='ltr'><strong>profantur</strong></span> <span class='ocrx_word' id='word_1_205' title='bbox 595 3014 623 3039; x_wconf 83' lang='lat'>»</span> <span class='ocrx_word' id='word_1_206' title='bbox 655 2991 883 3062; x_wconf 88' lang='lat' dir='ltr'><strong>(Ibid.);</strong></span> <span class='ocrx_word' id='word_1_207' title='bbox 946 2991 1335 3063; x_wconf 88' lang='lat' dir='ltr'><strong>manuscripti</strong></span> <span class='ocrx_word' id='word_1_208' title='bbox 1382 2998 1439 3046; x_wconf 93' lang='lat' dir='ltr'><strong>et</strong></span> <span class='ocrx_word' id='word_1_209' title='bbox 1482 2991 1581 3047; x_wconf 90' lang='lat' dir='ltr'><strong>alii</strong></span> <span class='ocrx_word' id='word_1_210' title='bbox 1630 2998 1763 3047; x_wconf 87' lang='lat' dir='ltr'><strong>ante</strong></span> <span class='ocrx_word' id='word_1_211' title='bbox 1810 2993 1901 3047; x_wconf 82' lang='lat' dir='ltr'><strong>Ri-</strong></span> 
     </span>
    </p>
   </div>
   <div class='ocr_carea' id='block_1_31' title="bbox 253 3080 1897 3153">
    <p class='ocr_par' dir='ltr' id='par_1_31' title="bbox 253 3080 1897 3153">
     <span class='ocr_line' id='line_1_31' title="bbox 253 3080 1897 3153; baseline -0.001 -17"><span class='ocrx_word' id='word_1_212' title='bbox 253 3081 418 3153; x_wconf 87' lang='lat' dir='ltr'><strong>galtii</strong></span> <span class='ocrx_word' id='word_1_213' title='bbox 447 3086 680 3151; x_wconf 87' lang='lat' dir='ltr'><strong>tempus</strong></span> <span class='ocrx_word' id='word_1_214' title='bbox 728 3081 867 3135; x_wconf 90' lang='lat' dir='ltr'><strong>editi</strong></span> <span class='ocrx_word' id='word_1_215' title='bbox 919 3080 1255 3153; x_wconf 56' lang='lat' dir='ltr'><strong>prro/antur,</strong></span> <span class='ocrx_word' id='word_1_216' title='bbox 1303 3081 1405 3135; x_wconf 89' lang='lat' dir='ltr'><strong>sed</strong></span> <span class='ocrx_word' id='word_1_217' title='bbox 1442 3081 1593 3136; x_wconf 90' lang='lat' dir='ltr'><strong>haud</strong></span> <span class='ocrx_word' id='word_1_218' title='bbox 1645 3080 1897 3136; x_wconf 88' lang='lat' dir='ltr'><strong>multum</strong></span> 
     </span>
    </p>
   </div>
   <div class='ocr_carea' id='block_1_32' title="bbox 253 3168 1898 3242">
    <p class='ocr_par' dir='ltr' id='par_1_32' title="bbox 253 3168 1898 3242">
     <span class='ocr_line' id='line_1_32' title="bbox 253 3168 1898 3242; baseline -0.002 -15"><span class='ocrx_word' id='word_1_219' title='bbox 253 3170 508 3227; x_wconf 91' lang='lat' dir='ltr'><strong>absimili</strong></span> <span class='ocrx_word' id='word_1_220' title='bbox 543 3170 897 3242; x_wconf 84' lang='lat' dir='ltr'><strong>significatu.</strong></span> <span class='ocrx_word' id='word_1_221' title='bbox 933 3175 1002 3225; x_wconf 87' lang='lat' dir='ltr'><strong>At</strong></span> <span class='ocrx_word' id='word_1_222' title='bbox 1031 3170 1189 3225; x_wconf 87' lang='lat' dir='ltr'><strong>enim</strong></span> <span class='ocrx_word' id='word_1_223' title='bbox 1222 3173 1347 3225; x_wconf 92' lang='lat' dir='ltr'><strong>tum</strong></span> <span class='ocrx_word' id='word_1_224' title='bbox 1371 3186 1440 3225; x_wconf 84' lang='lat' dir='ltr'><strong>ex</strong></span> <span class='ocrx_word' id='word_1_225' title='bbox 1478 3168 1617 3237; x_wconf 88' lang='lat' dir='ltr'><strong>illis,</strong></span> <span class='ocrx_word' id='word_1_226' title='bbox 1648 3169 1801 3226; x_wconf 87' lang='lat' dir='ltr'><strong>sicut</strong></span> <span class='ocrx_word' id='word_1_227' title='bbox 1830 3187 1898 3225; x_wconf 88' lang='lat' dir='ltr'><strong>ex</strong></span> 
     </span>
    </p>
   </div>
   <div class='ocr_carea' id='block_1_33' title="bbox 258 3243 1971 3331">
    <p class='ocr_par' dir='ltr' id='par_1_33' title="bbox 258 3243 1971 3331">
     <span class='ocr_line' id='line_1_33' title="bbox 258 3243 1971 3331; baseline -0.002 -17"><span class='ocrx_word' id='word_1_228' title='bbox 258 3259 503 3331; x_wconf 76' lang='lat' dir='ltr'><strong>Virgilio</strong></span> <span class='ocrx_word' id='word_1_229' title='bbox 534 3265 592 3315; x_wconf 90' lang='lat' dir='ltr'><strong>et</strong></span> <span class='ocrx_word' id='word_1_230' title='bbox 615 3259 745 3315; x_wconf 87' lang='lat' dir='ltr'><strong>aliis</strong></span> <span class='ocrx_word' id='word_1_231' title='bbox 789 3259 1144 3325; x_wconf 91' lang='lat' dir='ltr'><strong>audivimus,</strong></span> <span class='ocrx_word' id='word_1_232' title='bbox 1195 3261 1385 3314; x_wconf 83' lang='lat' dir='ltr'><strong>excuti</strong></span> <span class='ocrx_word' id='word_1_233' title='bbox 1446 3260 1643 3326; x_wconf 91' lang='lat' dir='ltr'><strong>deum,</strong></span> <span class='ocrx_word' id='word_1_234' title='bbox 1684 3276 1897 3329; x_wconf 90' lang='lat' dir='ltr'><strong>eosque</strong></span> <span class='ocrx_word' id='word_1_235' title='bbox 1928 3243 1971 3310; x_wconf 86' lang='lat' dir='ltr'>C</span> 
     </span>
    </p>
   </div>
   <div class='ocr_carea' id='block_1_34' title="bbox 261 3348 1908 3420">
    <p class='ocr_par' dir='ltr' id='par_1_34' title="bbox 261 3348 1908 3420">
     <span class='ocr_line' id='line_1_34' title="bbox 261 3348 1908 3420; baseline -0.001 -15"><span class='ocrx_word' id='word_1_236' title='bbox 261 3350 354 3405; x_wconf 91' lang='lat' dir='ltr'><strong>dei</strong></span> <span class='ocrx_word' id='word_1_237' title='bbox 389 3349 641 3420; x_wconf 80' lang='lat' dir='ltr'><strong>alicujus</strong></span> <span class='ocrx_word' id='word_1_238' title='bbox 674 3349 955 3405; x_wconf 81' lang='lat' dir='ltr'><strong>instinctu</strong></span> <span class='ocrx_word' id='word_1_239' title='bbox 988 3348 1235 3403; x_wconf 84' lang='lat' dir='ltr'><strong>fundere</strong></span> <span class='ocrx_word' id='word_1_240' title='bbox 1266 3348 1525 3404; x_wconf 90' lang='lat' dir='ltr'><strong>oracula.</strong></span> <span class='ocrx_word' id='word_1_241' title='bbox 1562 3353 1631 3404; x_wconf 87' lang='lat' dir='ltr'><strong>At</strong></span> <span class='ocrx_word' id='word_1_242' title='bbox 1661 3348 1757 3404; x_wconf 91' lang='lat' dir='ltr'><strong>ille</strong></span> <span class='ocrx_word' id='word_1_243' title='bbox 1788 3349 1908 3403; x_wconf 70' lang='lat' dir='ltr'><strong>haec</strong></span> 
     </span>
    </p>
   </div>
   <div class='ocr_carea' id='block_1_35' title="bbox 248 3438 1910 3510">
    <p class='ocr_par' dir='ltr' id='par_1_35' title="bbox 248 3438 1910 3510">
     <span class='ocr_line' id='line_1_35' title="bbox 248 3438 1910 3510; baseline -0.001 -15"><span class='ocrx_word' id='word_1_244' title='bbox 248 3438 450 3495; x_wconf 88' lang='lat' dir='ltr'><strong>omnia</strong></span> <span class='ocrx_word' id='word_1_245' title='bbox 495 3456 610 3494; x_wconf 90' lang='lat' dir='ltr'><strong>non</strong></span> <span class='ocrx_word' id='word_1_246' title='bbox 661 3439 781 3495; x_wconf 91' lang='lat' dir='ltr'><strong>veri</strong></span> <span class='ocrx_word' id='word_1_247' title='bbox 824 3439 925 3494; x_wconf 88' lang='lat' dir='ltr'><strong>Dei</strong></span> <span class='ocrx_word' id='word_1_248' title='bbox 971 3455 1166 3510; x_wconf 86' lang='lat' dir='ltr'><strong>opera,</strong></span> <span class='ocrx_word' id='word_1_249' title='bbox 1216 3440 1316 3494; x_wconf 89' lang='lat' dir='ltr'><strong>sed</strong></span> <span class='ocrx_word' id='word_1_250' title='bbox 1372 3438 1700 3507; x_wconf 88' lang='lat' dir='ltr'><strong>fallacibus,</strong></span> <span class='ocrx_word' id='word_1_251' title='bbox 1752 3439 1910 3501; x_wconf 73' lang='lat' dir='ltr'><strong>sicut</strong></span> 
     </span>
    </p>
   </div>
   <div class='ocr_carea' id='block_1_36' title="bbox 250 3528 1905 3600">
    <p class='ocr_par' dir='ltr' id='par_1_36' title="bbox 250 3528 1905 3600">
     <span class='ocr_line' id='line_1_36' title="bbox 250 3528 1905 3600; baseline 0 -16"><span class='ocrx_word' id='word_1_252' title='bbox 250 3530 478 3584; x_wconf 90' lang='lat' dir='ltr'><strong>dictum</strong></span> <span class='ocrx_word' id='word_1_253' title='bbox 512 3532 621 3595; x_wconf 88' lang='lat' dir='ltr'><strong>est,</strong></span> <span class='ocrx_word' id='word_1_254' title='bbox 666 3528 1001 3584; x_wconf 68' lang='lat' dir='ltr'><strong>daemonum</strong></span> <span class='ocrx_word' id='word_1_255' title='bbox 1055 3528 1364 3600; x_wconf 68' lang='lat' dir='ltr'><strong>praestigiis</strong></span> <span class='ocrx_word' id='word_1_256' title='bbox 1416 3528 1539 3584; x_wconf 83' lang='lat' dir='ltr'><strong>fieri</strong></span> <span class='ocrx_word' id='word_1_257' title='bbox 1588 3529 1905 3584; x_wconf 89' lang='lat' dir='ltr'><strong>evidentis-</strong></span> 
     </span>
    </p>
   </div>
   <div class='ocr_carea' id='block_1_37' title="bbox 256 3617 1907 3687">
    <p class='ocr_par' dir='ltr' id='par_1_37' title="bbox 256 3617 1907 3687">
     <span class='ocr_line' id='line_1_37' title="bbox 256 3617 1907 3687; baseline 0 -14"><span class='ocrx_word' id='word_1_258' title='bbox 256 3617 406 3673; x_wconf 80' lang='lat' dir='ltr'><strong>sima</strong></span> <span class='ocrx_word' id='word_1_259' title='bbox 438 3618 827 3673; x_wconf 88' lang='lat' dir='ltr'><strong>demonstrat.</strong></span> <span class='ocrx_word' id='word_1_260' title='bbox 878 3618 1042 3672; x_wconf 92' lang='lat' dir='ltr'><strong>Tunc</strong></span> <span class='ocrx_word' id='word_1_261' title='bbox 1072 3617 1231 3672; x_wconf 90' lang='lat' dir='ltr'><strong>enim</strong></span> <span class='ocrx_word' id='word_1_262' title='bbox 1264 3635 1297 3673; x_wconf 89' lang='lat' dir='ltr'><strong>a</strong></span> <span class='ocrx_word' id='word_1_263' title='bbox 1349 3617 1698 3673; x_wconf 86' lang='lat' dir='ltr'><strong>Christianis</strong></span> <span class='ocrx_word' id='word_1_264' title='bbox 1744 3617 1907 3687; x_wconf 84' lang='lat' dir='ltr'><strong>adju-</strong></span> 
     </span>
    </p>
   </div>
   <div class='ocr_carea' id='block_1_38' title="bbox 252 3707 1903 3778">
    <p class='ocr_par' dir='ltr' id='par_1_38' title="bbox 252 3707 1903 3778">
     <span class='ocr_line' id='line_1_38' title="bbox 252 3707 1903 3778; baseline 0 -15"><span class='ocrx_word' id='word_1_265' title='bbox 252 3707 386 3777; x_wconf 89' lang='lat' dir='ltr'><strong>rati,</strong></span> <span class='ocrx_word' id='word_1_266' title='bbox 414 3708 486 3762; x_wconf 92' lang='lat' dir='ltr'><strong>ad</strong></span> <span class='ocrx_word' id='word_1_267' title='bbox 515 3707 819 3762; x_wconf 88' lang='lat' dir='ltr'><strong>fatendum</strong></span> <span class='ocrx_word' id='word_1_268' title='bbox 851 3722 913 3762; x_wconf 91' lang='lat' dir='ltr'><strong>se</strong></span> <span class='ocrx_word' id='word_1_269' title='bbox 961 3708 1255 3763; x_wconf 65' lang='lat' dir='ltr'><strong>daemones</strong></span> <span class='ocrx_word' id='word_1_270' title='bbox 1295 3722 1425 3762; x_wconf 88' lang='lat' dir='ltr'><strong>esse</strong></span> <span class='ocrx_word' id='word_1_271' title='bbox 1472 3707 1903 3778; x_wconf 82' lang='lat' dir='ltr'><strong>compellaban-</strong></span> 
     </span>
    </p>
   </div>
   <div class='ocr_carea' id='block_1_39' title="bbox 254 3796 1242 3868">
    <p class='ocr_par' dir='ltr' id='par_1_39' title="bbox 254 3796 1242 3868">
     <span class='ocr_line' id='line_1_39' title="bbox 254 3796 1242 3868; baseline -0.001 -16"><span class='ocrx_word' id='word_1_272' title='bbox 254 3802 376 3868; x_wconf 89' lang='lat' dir='ltr'><strong>tur,</strong></span> <span class='ocrx_word' id='word_1_273' title='bbox 408 3802 472 3852; x_wconf 89' lang='lat' dir='ltr'><strong>ut</strong></span> <span class='ocrx_word' id='word_1_274' title='bbox 502 3804 704 3868; x_wconf 90' lang='lat' dir='ltr'><strong>postea</strong></span> <span class='ocrx_word' id='word_1_275' title='bbox 734 3796 927 3851; x_wconf 89' lang='lat' dir='ltr'><strong>adhuc</strong></span> <span class='ocrx_word' id='word_1_276' title='bbox 953 3796 1242 3851; x_wconf 89' lang='lat' dir='ltr'><strong>dicemus.</strong></span> 
     </span>
    </p>
   </div>
   <div class='ocr_carea' id='block_1_40' title="bbox 327 3911 1902 3985">
    <p class='ocr_par' dir='ltr' id='par_1_40' title="bbox 327 3911 1902 3985">
     <span class='ocr_line' id='line_1_40' title="bbox 327 3911 1902 3985; baseline 0 -18"><span class='ocrx_word' id='word_1_277' title='bbox 327 3912 625 3985; x_wconf 82' lang='lat' dir='ltr'><strong>Expiicatu</strong></span> <span class='ocrx_word' id='word_1_278' title='bbox 678 3929 812 3968; x_wconf 90' lang='lat' dir='ltr'><strong>vero</strong></span> <span class='ocrx_word' id='word_1_279' title='bbox 855 3912 1028 3983; x_wconf 88' lang='lat' dir='ltr'><strong>longe</strong></span> <span class='ocrx_word' id='word_1_280' title='bbox 1077 3911 1406 3967; x_wconf 71' lang='lat' dir='ltr'><strong>difﬁciliora</strong></span> <span class='ocrx_word' id='word_1_281' title='bbox 1454 3916 1590 3967; x_wconf 90' lang='lat' dir='ltr'><strong>sunt</strong></span> <span class='ocrx_word' id='word_1_282' title='bbox 1640 3929 1767 3983; x_wconf 67' lang='lat' dir='ltr'><strong>quas</strong></span> <span class='ocrx_word' id='word_1_283' title='bbox 1810 3912 1902 3967; x_wconf 89' lang='lat' dir='ltr'><strong>his</strong></span> 
     </span>
    </p>
   </div>
   <div class='ocr_carea' id='block_1_41' title="bbox 265 4000 1904 4074">
    <p class='ocr_par' dir='ltr' id='par_1_41' title="bbox 265 4000 1904 4074">
     <span class='ocr_line' id='line_1_41' title="bbox 265 4000 1904 4074; baseline -0.003 -14"><span class='ocrx_word' id='word_1_284' title='bbox 265 4002 677 4074; x_wconf 85' lang='lat' dir='ltr'><strong>subjiciuntur.</strong></span> <span class='ocrx_word' id='word_1_285' title='bbox 703 4001 843 4068; x_wconf 88' lang='lat' dir='ltr'><strong>Quis</strong></span> <span class='ocrx_word' id='word_1_286' title='bbox 876 4001 1032 4056; x_wconf 91' lang='lat' dir='ltr'><strong>enim</strong></span> <span class='ocrx_word' id='word_1_287' title='bbox 1058 4000 1225 4056; x_wconf 86' lang='lat' dir='ltr'><strong>facile</strong></span> <span class='ocrx_word' id='word_1_288' title='bbox 1254 4001 1466 4055; x_wconf 81' lang='lat' dir='ltr'><strong>dixerit</strong></span> <span class='ocrx_word' id='word_1_289' title='bbox 1509 4018 1774 4072; x_wconf 65' lang='lat' dir='ltr'><strong>quaenam</strong></span> <span class='ocrx_word' id='word_1_290' title='bbox 1804 4001 1904 4055; x_wconf 90' lang='lat' dir='ltr'><strong>illa</strong></span> 
     </span>
    </p>
   </div>
   <div class='ocr_carea' id='block_1_42' title="bbox 266 4089 1905 4162">
    <p class='ocr_par' dir='ltr' id='par_1_42' title="bbox 266 4089 1905 4162">
     <span class='ocr_line' id='line_1_42' title="bbox 266 4089 1905 4162; baseline -0.001 -15"><span class='ocrx_word' id='word_1_291' title='bbox 266 4092 341 4148; x_wconf 91' lang='lat' dir='ltr'><strong>sit</strong></span> <span class='ocrx_word' id='word_1_292' title='bbox 370 4094 522 4162; x_wconf 84' lang='lat' dir='ltr'><strong>virgo</strong></span> <span class='ocrx_word' id='word_1_293' title='bbox 551 4092 782 4146; x_wconf 74' lang='lat' dir='ltr'><strong>cmtesti:</strong></span> <span class='ocrx_word' id='word_1_294' title='bbox 812 4106 938 4159; x_wconf 68' lang='lat' dir='ltr'><strong>quae</strong></span> <span class='ocrx_word' id='word_1_295' title='bbox 968 4090 1037 4145; x_wconf 88' lang='lat' dir='ltr'><strong>ab</strong></span> <span class='ocrx_word' id='word_1_296' title='bbox 1070 4089 1169 4144; x_wconf 93' lang='lat' dir='ltr'><strong>illo</strong></span> <span class='ocrx_word' id='word_1_297' title='bbox 1183 4090 1505 4160; x_wconf 74' lang='lat' dir='ltr'><strong>pluviarum</strong></span> <span class='ocrx_word' id='word_1_298' title='bbox 1535 4091 1905 4161; x_wconf 69' lang='lat' dir='ltr'><strong>pollicitatrix</strong></span> 
     </span>
    </p>
   </div>
   <div class='ocr_carea' id='block_1_43' title="bbox 256 4178 1903 4254">
    <p class='ocr_par' dir='ltr' id='par_1_43' title="bbox 256 4178 1903 4254">
     <span class='ocr_line' id='line_1_43' title="bbox 256 4178 1903 4254; baseline -0.002 -17"><span class='ocrx_word' id='word_1_299' title='bbox 256 4181 583 4254; x_wconf 88' lang='lat' dir='ltr'><strong>appellatur</strong></span> <span class='ocrx_word' id='word_1_300' title='bbox 609 4178 793 4251; x_wconf 87' lang='lat' dir='ltr'><strong>(Ibid.)</strong></span> <span class='ocrx_word' id='word_1_301' title='bbox 821 4178 849 4233; x_wconf 85' lang='lat'><strong>?</strong></span> <span class='ocrx_word' id='word_1_302' title='bbox 877 4178 1151 4234; x_wconf 91' lang='lat' dir='ltr'><strong>Nonnulli</strong></span> <span class='ocrx_word' id='word_1_303' title='bbox 1196 4178 1487 4248; x_wconf 88' lang='lat' dir='ltr'><strong>siquidem</strong></span> <span class='ocrx_word' id='word_1_304' title='bbox 1521 4178 1672 4232; x_wconf 89' lang='lat' dir='ltr'><strong>hanc</strong></span> <span class='ocrx_word' id='word_1_305' title='bbox 1717 4179 1903 4233; x_wconf 90' lang='lat' dir='ltr'><strong>Juno-</strong></span> 
     </span>
    </p>
   </div>
   <div class='ocr_carea' id='block_1_44' title="bbox 256 4266 1901 4337">
    <p class='ocr_par' dir='ltr' id='par_1_44' title="bbox 256 4266 1901 4337">
     <span class='ocr_line' id='line_1_44' title="bbox 256 4266 1901 4337; baseline -0.002 -12"><span class='ocrx_word' id='word_1_306' title='bbox 256 4288 413 4336; x_wconf 87' lang='lat' dir='ltr'><strong>nem,</strong></span> <span class='ocrx_word' id='word_1_307' title='bbox 447 4270 543 4325; x_wconf 87' lang='lat' dir='ltr'><strong>alii</strong></span> <span class='ocrx_word' id='word_1_308' title='bbox 595 4270 935 4337; x_wconf 87' lang='lat' dir='ltr'><strong>Fortunam,</strong></span> <span class='ocrx_word' id='word_1_309' title='bbox 987 4267 1085 4323; x_wconf 89' lang='lat' dir='ltr'><strong>alii</strong></span> <span class='ocrx_word' id='word_1_310' title='bbox 1115 4268 1402 4333; x_wconf 88' lang='lat' dir='ltr'><strong>Cererem,</strong></span> <span class='ocrx_word' id='word_1_311' title='bbox 1453 4267 1553 4323; x_wconf 91' lang='lat' dir='ltr'><strong>alii</strong></span> <span class='ocrx_word' id='word_1_312' title='bbox 1602 4266 1901 4333; x_wconf 89' lang='lat' dir='ltr'><strong>Uraniam,</strong></span> 
     </span>
    </p>
   </div>
   <div class='ocr_carea' id='block_1_45' title="bbox 257 4356 1902 4428">
    <p class='ocr_par' dir='ltr' id='par_1_45' title="bbox 257 4356 1902 4428">
     <span class='ocr_line' id='line_1_45' title="bbox 257 4356 1902 4428; baseline -0.002 -13"><span class='ocrx_word' id='word_1_313' title='bbox 257 4361 359 4415; x_wconf 89' lang='lat' dir='ltr'><strong>alii</strong></span> <span class='ocrx_word' id='word_1_314' title='bbox 390 4361 670 4416; x_wconf 88' lang='lat' dir='ltr'><strong>Venerem</strong></span> <span class='ocrx_word' id='word_1_315' title='bbox 700 4374 829 4413; x_wconf 90' lang='lat' dir='ltr'><strong>esse</strong></span> <span class='ocrx_word' id='word_1_316' title='bbox 879 4358 1243 4425; x_wconf 89' lang='lat' dir='ltr'><strong>existimant,</strong></span> <span class='ocrx_word' id='word_1_317' title='bbox 1292 4358 1431 4428; x_wconf 91' lang='lat' dir='ltr'><strong>quia</strong></span> <span class='ocrx_word' id='word_1_318' title='bbox 1477 4356 1716 4412; x_wconf 89' lang='lat' dir='ltr'><strong>Veneris</strong></span> <span class='ocrx_word' id='word_1_319' title='bbox 1761 4357 1902 4412; x_wconf 85' lang='lat' dir='ltr'><strong>Ura-</strong></span> 
     </span>
    </p>
   </div>
   <div class='ocr_carea' id='block_1_46' title="bbox 262 4446 1901 4519">
    <p class='ocr_par' dir='ltr' id='par_1_46' title="bbox 262 4446 1901 4519">
     <span class='ocr_line' id='line_1_46' title="bbox 262 4446 1901 4519; baseline -0.002 -15"><span class='ocrx_word' id='word_1_320' title='bbox 262 4450 391 4518; x_wconf 65' lang='lat' dir='ltr'><strong>niae,</strong></span> <span class='ocrx_word' id='word_1_321' title='bbox 424 4450 542 4505; x_wconf 89' lang='lat' dir='ltr'><strong>sive</strong></span> <span class='ocrx_word' id='word_1_322' title='bbox 574 4448 832 4514; x_wconf 66' lang='lat' dir='ltr'><strong>Caelestis,</strong></span> <span class='ocrx_word' id='word_1_323' title='bbox 875 4449 1121 4518; x_wconf 88' lang='lat' dir='ltr'><strong>ejusque</strong></span> <span class='ocrx_word' id='word_1_324' title='bbox 1154 4446 1355 4519; x_wconf 88' lang='lat' dir='ltr'><strong>templi</strong></span> <span class='ocrx_word' id='word_1_325' title='bbox 1402 4446 1756 4501; x_wconf 86' lang='lat' dir='ltr'><strong>mentionem</strong></span> <span class='ocrx_word' id='word_1_326' title='bbox 1794 4446 1901 4501; x_wconf 89' lang='lat' dir='ltr'><strong>He-</strong></span> 
     </span>
    </p>
   </div>
   <div class='ocr_carea' id='block_1_47' title="bbox 258 4536 1897 4607">
    <p class='ocr_par' dir='ltr' id='par_1_47' title="bbox 258 4536 1897 4607">
     <span class='ocr_line' id='line_1_47' title="bbox 258 4536 1897 4607; baseline -0.001 -14"><span class='ocrx_word' id='word_1_327' title='bbox 258 4540 521 4606; x_wconf 89' lang='lat' dir='ltr'><strong>rodotus,</strong></span> <span class='ocrx_word' id='word_1_328' title='bbox 559 4536 967 4604; x_wconf 86' lang='lat' dir='ltr'><strong>Pausanias,et</strong></span> <span class='ocrx_word' id='word_1_329' title='bbox 997 4536 1290 4592; x_wconf 82' lang='lat' dir='ltr'><strong>Luoianus</strong></span> <span class='ocrx_word' id='word_1_330' title='bbox 1312 4537 1574 4592; x_wconf 87' lang='lat' dir='ltr'><strong>fecerunt</strong></span> <span class='ocrx_word' id='word_1_331' title='bbox 1603 4536 1897 4607; x_wconf 88' lang='lat' dir='ltr'><strong>(Herodot.</strong></span> 
     </span>
    </p>
   </div>
   <div class='ocr_carea' id='block_1_48' title="bbox 1164 349 2746 417">
    <p class='ocr_par' dir='ltr' id='par_1_48' title="bbox 1164 349 2746 417">
     <span class='ocr_line' id='line_1_48' title="bbox 1164 349 2746 417; baseline 0.001 -6"><span class='ocrx_word' id='word_1_332' title='bbox 1164 352 1233 411; x_wconf 93' lang='lat' dir='ltr'><strong>D.</strong></span> <span class='ocrx_word' id='word_1_333' title='bbox 1285 353 1379 413; x_wconf 84' lang='lat' dir='ltr'><strong>LE</strong></span> <span class='ocrx_word' id='word_1_334' title='bbox 1424 351 1750 414; x_wconf 82' lang='lat' dir='ltr'><strong>NOURRY</strong></span> <span class='ocrx_word' id='word_1_335' title='bbox 1798 349 2442 415; x_wconf 75' lang='lat' dir='ltr'><strong>OBSERVATIONES</strong></span> <span class='ocrx_word' id='word_1_336' title='bbox 2488 356 2746 417; x_wconf 68' lang='lat' dir='ltr'><strong>NOVAE.</strong></span> 
     </span>
    </p>
   </div>
   <div class='ocr_carea' id='block_1_49' title="bbox 3542 360 3662 419">
    <p class='ocr_par' dir='ltr' id='par_1_49' title="bbox 3542 360 3662 419">
     <span class='ocr_line' id='line_1_49' title="bbox 3542 360 3662 419; baseline 0 -1"><span class='ocrx_word' id='word_1_337' title='bbox 3542 360 3662 419; x_wconf 63' lang='lat'><strong>974</strong></span> 
     </span>
    </p>
   </div>
   <div class='ocr_carea' id='block_1_50' title="bbox 1926 488 3660 570">
    <p class='ocr_par' dir='ltr' id='par_1_50' title="bbox 1926 488 3660 570">
     <span class='ocr_line' id='line_1_50' title="bbox 1926 488 3660 570; baseline 0.004 -29"><span class='ocrx_word' id='word_1_338' title='bbox 1926 504 1980 570; x_wconf 68' lang='grc' dir='ltr'>Α</span> <span class='ocrx_word' id='word_1_339' title='bbox 2012 502 2143 559; x_wconf 91' lang='lat' dir='ltr'><strong>pag.</strong></span> <span class='ocrx_word' id='word_1_340' title='bbox 2176 488 2288 559; x_wconf 80' lang='grc'>34).</span> <span class='ocrx_word' id='word_1_341' title='bbox 2323 492 2545 546; x_wconf 86' lang='lat' dir='ltr'><strong>Rursus</strong></span> <span class='ocrx_word' id='word_1_342' title='bbox 2578 494 2774 547; x_wconf 89' lang='lat' dir='ltr'><strong>autem</strong></span> <span class='ocrx_word' id='word_1_343' title='bbox 2821 495 3025 562; x_wconf 88' lang='lat' dir='ltr'><strong>postea</strong></span> <span class='ocrx_word' id='word_1_344' title='bbox 3062 507 3075 545; x_wconf 90' lang='lat'><strong>:</strong></span> <span class='ocrx_word' id='word_1_345' title='bbox 3111 513 3138 541; x_wconf 88' lang='grc'><strong>‹‹</strong></span> <span class='ocrx_word' id='word_1_346' title='bbox 3174 490 3280 547; x_wconf 91' lang='lat' dir='ltr'><strong>Ubi</strong></span> <span class='ocrx_word' id='word_1_347' title='bbox 3321 494 3378 547; x_wconf 88' lang='lat' dir='ltr'><strong>et</strong></span> <span class='ocrx_word' id='word_1_348' title='bbox 3424 492 3660 563; x_wconf 85' lang='lat' dir='ltr'><strong>quando</strong></span> 
     </span>
    </p>
   </div>
   <div class='ocr_carea' id='block_1_51' title="bbox 2008 576 3659 653">
    <p class='ocr_par' dir='ltr' id='par_1_51' title="bbox 2008 576 3659 653">
     <span class='ocr_line' id='line_1_51' title="bbox 2008 576 3659 653; baseline 0.004 -23"><span class='ocrx_word' id='word_1_349' title='bbox 2008 576 2224 632; x_wconf 88' lang='lat' dir='ltr'><strong>sacrati</strong></span> <span class='ocrx_word' id='word_1_350' title='bbox 2255 578 2514 634; x_wconf 73' lang='lat' dir='ltr'><strong>leestis</strong></span> <span class='ocrx_word' id='word_1_351' title='bbox 2548 580 2869 635; x_wconf 87' lang='lat' dir='ltr'><strong>audiebant</strong></span> <span class='ocrx_word' id='word_1_352' title='bbox 2900 580 3192 636; x_wconf 89' lang='lat' dir='ltr'><strong>castitatis</strong></span> <span class='ocrx_word' id='word_1_353' title='bbox 3238 585 3527 653; x_wconf 64' lang='lat' dir='ltr'><strong>praecepta</strong></span> <span class='ocrx_word' id='word_1_354' title='bbox 3564 598 3659 637; x_wconf 88' lang='lat' dir='ltr'><strong>ne-</strong></span> 
     </span>
    </p>
   </div>
   <div class='ocr_carea' id='block_1_52' title="bbox 2007 665 3657 740">
    <p class='ocr_par' dir='ltr' id='par_1_52' title="bbox 2007 665 3657 740">
     <span class='ocr_line' id='line_1_52' title="bbox 2007 665 3657 740; baseline 0.004 -20"><span class='ocrx_word' id='word_1_355' title='bbox 2007 665 2251 721; x_wconf 88' lang='lat' dir='ltr'><strong>scimus.</strong></span> <span class='ocrx_word' id='word_1_356' title='bbox 2281 669 2429 723; x_wconf 87' lang='lat' dir='ltr'><strong>Ante</strong></span> <span class='ocrx_word' id='word_1_357' title='bbox 2462 669 2656 740; x_wconf 87' lang='lat' dir='ltr'><strong>ipsum</strong></span> <span class='ocrx_word' id='word_1_358' title='bbox 2682 674 2877 724; x_wconf 90' lang='lat' dir='ltr'><strong>tamen</strong></span> <span class='ocrx_word' id='word_1_359' title='bbox 2911 669 3246 740; x_wconf 89' lang='lat' dir='ltr'><strong>delubrum,</strong></span> <span class='ocrx_word' id='word_1_360' title='bbox 3285 670 3381 725; x_wconf 92' lang='lat' dir='ltr'><strong>ubi</strong></span> <span class='ocrx_word' id='word_1_361' title='bbox 3409 670 3657 727; x_wconf 89' lang='lat' dir='ltr'><strong>simula-</strong></span> 
     </span>
    </p>
   </div>
   <div class='ocr_carea' id='block_1_53' title="bbox 2007 755 3655 831">
    <p class='ocr_par' dir='ltr' id='par_1_53' title="bbox 2007 755 3655 831">
     <span class='ocr_line' id='line_1_53' title="bbox 2007 755 3655 831; baseline 0.004 -23"><span class='ocrx_word' id='word_1_362' title='bbox 2007 770 2169 809; x_wconf 89' lang='lat' dir='ltr'><strong>crum</strong></span> <span class='ocrx_word' id='word_1_363' title='bbox 2206 755 2348 811; x_wconf 93' lang='lat' dir='ltr'><strong>illud</strong></span> <span class='ocrx_word' id='word_1_364' title='bbox 2382 756 2633 813; x_wconf 91' lang='lat' dir='ltr'><strong>locatum</strong></span> <span class='ocrx_word' id='word_1_365' title='bbox 2669 758 3195 831; x_wconf 89' lang='lat' dir='ltr'><strong>conspiciebamus,</strong></span> <span class='ocrx_word' id='word_1_366' title='bbox 3231 759 3486 816; x_wconf 87' lang='lat' dir='ltr'><strong>universi</strong></span> <span class='ocrx_word' id='word_1_367' title='bbox 3546 777 3655 815; x_wconf 88' lang='lat' dir='ltr'><strong>un-</strong></span> 
     </span>
    </p>
   </div>
   <div class='ocr_carea' id='block_1_54' title="bbox 2006 844 3649 921">
    <p class='ocr_par' dir='ltr' id='par_1_54' title="bbox 2006 844 3649 921">
     <span class='ocr_line' id='line_1_54' title="bbox 2006 844 3649 921; baseline 0.004 -23"><span class='ocrx_word' id='word_1_368' title='bbox 2006 844 2181 914; x_wconf 92' lang='lat' dir='ltr'><strong>dique</strong></span> <span class='ocrx_word' id='word_1_369' title='bbox 2213 846 2591 911; x_wconf 80' lang='lat' dir='ltr'><strong>conﬂuentes,</strong></span> <span class='ocrx_word' id='word_1_370' title='bbox 2622 852 2677 901; x_wconf 83' lang='lat' dir='ltr'><strong>et</strong></span> <span class='ocrx_word' id='word_1_371' title='bbox 2710 848 2805 902; x_wconf 93' lang='lat' dir='ltr'><strong>ubi</strong></span> <span class='ocrx_word' id='word_1_372' title='bbox 2838 849 3090 920; x_wconf 90' lang='lat' dir='ltr'><strong>quisque</strong></span> <span class='ocrx_word' id='word_1_373' title='bbox 3140 853 3364 920; x_wconf 87' lang='lat' dir='ltr'><strong>poterat</strong></span> <span class='ocrx_word' id='word_1_374' title='bbox 3403 854 3649 921; x_wconf 87' lang='lat' dir='ltr'><strong>stantes,</strong></span> 
     </span>
    </p>
   </div>
   <div class='ocr_carea' id='block_1_55' title="bbox 2003 930 3650 1009">
    <p class='ocr_par' dir='ltr' id='par_1_55' title="bbox 2003 930 3650 1009">
     <span class='ocr_line' id='line_1_55' title="bbox 2003 930 3650 1009; baseline 0.005 -24"><span class='ocrx_word' id='word_1_375' title='bbox 2003 930 2174 987; x_wconf 89' lang='lat' dir='ltr'><strong>ludos</strong></span> <span class='ocrx_word' id='word_1_376' title='bbox 2217 936 2317 1004; x_wconf 85' lang='lat' dir='ltr'><strong>qui</strong></span> <span class='ocrx_word' id='word_1_377' title='bbox 2369 937 2711 1006; x_wconf 79' lang='lat' dir='ltr'><strong>agebantur,</strong></span> <span class='ocrx_word' id='word_1_378' title='bbox 2773 936 3153 993; x_wconf 86' lang='lat' dir='ltr'><strong>intentissimi</strong></span> <span class='ocrx_word' id='word_1_379' title='bbox 3212 940 3650 1009; x_wconf 87' lang='lat' dir='ltr'><strong>spectabamus,</strong></span> 
     </span>
    </p>
   </div>
   <div class='ocr_carea' id='block_1_56' title="bbox 2005 1021 3650 1098">
    <p class='ocr_par' dir='ltr' id='par_1_56' title="bbox 2005 1021 3650 1098">
     <span class='ocr_line' id='line_1_56' title="bbox 2005 1021 3650 1098; baseline 0.005 -23"><span class='ocrx_word' id='word_1_380' title='bbox 2005 1021 2323 1093; x_wconf 86' lang='lat' dir='ltr'><strong>intuentes,</strong></span> <span class='ocrx_word' id='word_1_381' title='bbox 2357 1024 2682 1081; x_wconf 88' lang='lat' dir='ltr'><strong>alternante</strong></span> <span class='ocrx_word' id='word_1_382' title='bbox 2713 1031 3027 1098; x_wconf 90' lang='lat' dir='ltr'><strong>conspectu</strong></span> <span class='ocrx_word' id='word_1_383' title='bbox 3081 1026 3218 1082; x_wconf 89' lang='lat' dir='ltr'><strong>hinc</strong></span> <span class='ocrx_word' id='word_1_384' title='bbox 3252 1027 3650 1084; x_wconf 89' lang='lat' dir='ltr'><strong>meretriciam</strong></span> 
     </span>
    </p>
   </div>
   <div class='ocr_carea' id='block_1_57' title="bbox 2004 1112 3653 1189">
    <p class='ocr_par' dir='ltr' id='par_1_57' title="bbox 2004 1112 3653 1189">
     <span class='ocr_line' id='line_1_57' title="bbox 2004 1112 3653 1189; baseline 0.005 -24"><span class='ocrx_word' id='word_1_385' title='bbox 2004 1128 2301 1183; x_wconf 89' lang='lat' dir='ltr'><strong>pompam,</strong></span> <span class='ocrx_word' id='word_1_386' title='bbox 2336 1112 2495 1168; x_wconf 92' lang='lat' dir='ltr'><strong>illinc</strong></span> <span class='ocrx_word' id='word_1_387' title='bbox 2525 1115 2808 1187; x_wconf 84' lang='lat' dir='ltr'><strong>virginem</strong></span> <span class='ocrx_word' id='word_1_388' title='bbox 2861 1117 3029 1171; x_wconf 91' lang='lat' dir='ltr'><strong>deam</strong></span> <span class='ocrx_word' id='word_1_389' title='bbox 3089 1116 3251 1172; x_wconf 90' lang='lat' dir='ltr'><strong>illam</strong></span> <span class='ocrx_word' id='word_1_390' title='bbox 3309 1116 3653 1189; x_wconf 88' lang='lat' dir='ltr'><strong>suppliciter</strong></span> 
     </span>
    </p>
   </div>
   <div class='ocr_carea' id='block_1_58' title="bbox 2006 1201 3648 1278">
    <p class='ocr_par' dir='ltr' id='par_1_58' title="bbox 2006 1201 3648 1278">
     <span class='ocr_line' id='line_1_58' title="bbox 2006 1201 3648 1278; baseline 0.005 -24"><span class='ocrx_word' id='word_1_391' title='bbox 2006 1201 2257 1271; x_wconf 89' lang='lat' dir='ltr'><strong>adorari,</strong></span> <span class='ocrx_word' id='word_1_392' title='bbox 2289 1208 2425 1257; x_wconf 88' lang='lat' dir='ltr'><strong>ante</strong></span> <span class='ocrx_word' id='word_1_393' title='bbox 2455 1202 2617 1259; x_wconf 90' lang='lat' dir='ltr'><strong>illam</strong></span> <span class='ocrx_word' id='word_1_394' title='bbox 2648 1205 2847 1277; x_wconf 91' lang='lat' dir='ltr'><strong>turpia</strong></span> <span class='ocrx_word' id='word_1_395' title='bbox 2877 1204 3158 1261; x_wconf 89' lang='lat' dir='ltr'><strong>celebrari</strong></span> <span class='ocrx_word' id='word_1_396' title='bbox 3194 1224 3206 1273; x_wconf 93' lang='lat'><strong>;</strong></span> <span class='ocrx_word' id='word_1_397' title='bbox 3238 1223 3354 1263; x_wconf 91' lang='lat' dir='ltr'><strong>non</strong></span> <span class='ocrx_word' id='word_1_398' title='bbox 3410 1205 3489 1262; x_wconf 92' lang='lat' dir='ltr'><strong>ibi</strong></span> <span class='ocrx_word' id='word_1_399' title='bbox 3540 1224 3648 1278; x_wconf 88' lang='lat' dir='ltr'><strong>pu-</strong></span> 
     </span>
    </p>
   </div>
   <div class='ocr_carea' id='block_1_59' title="bbox 2004 1289 3652 1359">
    <p class='ocr_par' dir='ltr' id='par_1_59' title="bbox 2004 1289 3652 1359">
     <span class='ocr_line' id='line_1_59' title="bbox 2004 1289 3652 1359; baseline 0.005 -17"><span class='ocrx_word' id='word_1_400' title='bbox 2004 1289 2298 1348; x_wconf 92' lang='lat' dir='ltr'><strong>dibundos</strong></span> <span class='ocrx_word' id='word_1_401' title='bbox 2342 1293 2577 1359; x_wconf 89' lang='lat' dir='ltr'><strong>mimos,</strong></span> <span class='ocrx_word' id='word_1_402' title='bbox 2611 1293 2835 1349; x_wconf 88' lang='lat' dir='ltr'><strong>nullam</strong></span> <span class='ocrx_word' id='word_1_403' title='bbox 2882 1296 3357 1351; x_wconf 89' lang='lat' dir='ltr'><strong>verecundiorem</strong></span> <span class='ocrx_word' id='word_1_404' title='bbox 3413 1313 3652 1353; x_wconf 90' lang='lat' dir='ltr'><strong>scenam</strong></span> 
     </span>
    </p>
   </div>
   <div class='ocr_carea' id='block_1_60' title="bbox 2003 1379 3650 1457">
    <p class='ocr_par' dir='ltr' id='par_1_60' title="bbox 2003 1379 3650 1457">
     <span class='ocr_line' id='line_1_60' title="bbox 2003 1379 3650 1457; baseline 0.005 -24"><span class='ocrx_word' id='word_1_405' title='bbox 2003 1379 2259 1435; x_wconf 91' lang='lat' dir='ltr'><strong>vidimus</strong></span> <span class='ocrx_word' id='word_1_406' title='bbox 2286 1399 2298 1447; x_wconf 93' lang='lat'>;</span> <span class='ocrx_word' id='word_1_407' title='bbox 2332 1388 2545 1438; x_wconf 88' lang='lat' dir='ltr'><strong>cuncta</strong></span> <span class='ocrx_word' id='word_1_408' title='bbox 2574 1383 2954 1439; x_wconf 87' lang='lat' dir='ltr'><strong>obscenitatis</strong></span> <span class='ocrx_word' id='word_1_409' title='bbox 2983 1385 3384 1457; x_wconf 89' lang='lat' dir='ltr'><strong>implebantur</strong></span> <span class='ocrx_word' id='word_1_410' title='bbox 3436 1386 3650 1442; x_wconf 84' lang='lat' dir='ltr'><strong>officia.</strong></span> 
     </span>
    </p>
   </div>
   <div class='ocr_carea' id='block_1_61' title="bbox 2003 1467 3655 1546">
    <p class='ocr_par' dir='ltr' id='par_1_61' title="bbox 2003 1467 3655 1546">
     <span class='ocr_line' id='line_1_61' title="bbox 2003 1467 3655 1546; baseline 0.004 -24"><span class='ocrx_word' id='word_1_411' title='bbox 2003 1467 2306 1525; x_wconf 89' lang='lat' dir='ltr'><strong>Sciebatur</strong></span> <span class='ocrx_word' id='word_1_412' title='bbox 2334 1472 2602 1543; x_wconf 82' lang='lat' dir='ltr'><strong>virginali</strong></span> <span class='ocrx_word' id='word_1_413' title='bbox 2636 1473 2866 1528; x_wconf 91' lang='lat' dir='ltr'><strong>numini</strong></span> <span class='ocrx_word' id='word_1_414' title='bbox 2899 1474 3037 1545; x_wconf 92' lang='lat' dir='ltr'><strong>quid</strong></span> <span class='ocrx_word' id='word_1_415' title='bbox 3067 1474 3341 1546; x_wconf 87' lang='lat' dir='ltr'><strong>placeret,</strong></span> <span class='ocrx_word' id='word_1_416' title='bbox 3376 1479 3434 1530; x_wconf 86' lang='lat' dir='ltr'><strong>et</strong></span> <span class='ocrx_word' id='word_1_417' title='bbox 3493 1475 3655 1531; x_wconf 83' lang='lat' dir='ltr'><strong>exhi-</strong></span> 
     </span>
    </p>
   </div>
   <div class='ocr_carea' id='block_1_62' title="bbox 2005 1557 3657 1635">
    <p class='ocr_par' dir='ltr' id='par_1_62' title="bbox 2005 1557 3657 1635">
     <span class='ocr_line' id='line_1_62' title="bbox 2005 1557 3657 1635; baseline 0.005 -23"><span class='ocrx_word' id='word_1_418' title='bbox 2005 1557 2254 1614; x_wconf 89' lang='lat' dir='ltr'><strong>bebatur</strong></span> <span class='ocrx_word' id='word_1_419' title='bbox 2283 1560 2437 1616; x_wconf 78' lang='lat'><strong>886</strong></span> <span class='ocrx_word' id='word_1_420' title='bbox 2478 1562 2634 1633; x_wconf 90' lang='lat' dir='ltr'><strong>quod</strong></span> <span class='ocrx_word' id='word_1_421' title='bbox 2687 1562 2756 1618; x_wconf 92' lang='lat' dir='ltr'><strong>de</strong></span> <span class='ocrx_word' id='word_1_422' title='bbox 2809 1562 3029 1635; x_wconf 91' lang='lat' dir='ltr'><strong>templo</strong></span> <span class='ocrx_word' id='word_1_423' title='bbox 3088 1564 3332 1620; x_wconf 91' lang='lat' dir='ltr'><strong>domum</strong></span> <span class='ocrx_word' id='word_1_424' title='bbox 3383 1568 3657 1621; x_wconf 85' lang='lat' dir='ltr'><strong>matrona</strong></span> 
     </span>
    </p>
   </div>
   <div class='ocr_carea' id='block_1_63' title="bbox 2005 1646 3656 1725">
    <p class='ocr_par' dir='ltr' id='par_1_63' title="bbox 2005 1646 3656 1725">
     <span class='ocr_line' id='line_1_63' title="bbox 2005 1646 3656 1725; baseline 0.006 -25"><span class='ocrx_word' id='word_1_425' title='bbox 2005 1646 2230 1704; x_wconf 91' lang='lat' dir='ltr'><strong>doctior</strong></span> <span class='ocrx_word' id='word_1_426' title='bbox 2261 1655 2585 1721; x_wconf 83' lang='lat' dir='ltr'><strong>reportaret</strong></span> <span class='ocrx_word' id='word_1_427' title='bbox 2618 1677 2639 1704; x_wconf 79' lang='grc' dir='ltr'><strong><em>ι</em></strong></span> <span class='ocrx_word' id='word_1_428' title='bbox 2679 1652 2836 1724; x_wconf 84' lang='lat' dir='ltr'><strong>(Ibid.</strong></span> <span class='ocrx_word' id='word_1_429' title='bbox 2872 1668 2999 1725; x_wconf 88' lang='lat' dir='ltr'><strong>cap.</strong></span> <span class='ocrx_word' id='word_1_430' title='bbox 3039 1654 3132 1721; x_wconf 97' lang='grc'><strong>26,</strong></span> <span class='ocrx_word' id='word_1_431' title='bbox 3168 1669 3299 1725; x_wconf 83' lang='lat' dir='ltr'><strong>pag,</strong></span> <span class='ocrx_word' id='word_1_432' title='bbox 3331 1653 3445 1724; x_wconf 83' lang='lat'><strong>56).</strong></span> <span class='ocrx_word' id='word_1_433' title='bbox 3478 1652 3656 1710; x_wconf 89' lang='lat' dir='ltr'><strong>Plura</strong></span> 
     </span>
    </p>
   </div>
   <div class='ocr_carea' id='block_1_64' title="bbox 2005 1736 3654 1814">
    <p class='ocr_par' dir='ltr' id='par_1_64' title="bbox 2005 1736 3654 1814">
     <span class='ocr_line' id='line_1_64' title="bbox 2005 1736 3654 1814; baseline 0.005 -25"><span class='ocrx_word' id='word_1_434' title='bbox 2005 1736 2195 1792; x_wconf 89' lang='lat' dir='ltr'><strong>adhuc</strong></span> <span class='ocrx_word' id='word_1_435' title='bbox 2226 1739 2297 1793; x_wconf 90' lang='lat' dir='ltr'><strong>de</strong></span> <span class='ocrx_word' id='word_1_436' title='bbox 2327 1756 2395 1794; x_wconf 91' lang='lat' dir='ltr'><strong>ea</strong></span> <span class='ocrx_word' id='word_1_437' title='bbox 2424 1739 2520 1795; x_wconf 91' lang='lat' dir='ltr'><strong>ille</strong></span> <span class='ocrx_word' id='word_1_438' title='bbox 2545 1740 2706 1796; x_wconf 90' lang='lat' dir='ltr'><strong>alibi.</strong></span> <span class='ocrx_word' id='word_1_439' title='bbox 2740 1742 2845 1795; x_wconf 91' lang='lat' dir='ltr'><strong>Sed</strong></span> <span class='ocrx_word' id='word_1_440' title='bbox 2882 1742 3001 1796; x_wconf 58' lang='lat' dir='ltr'><strong>haec</strong></span> <span class='ocrx_word' id='word_1_441' title='bbox 3033 1742 3176 1797; x_wconf 89' lang='lat' dir='ltr'><strong>satis</strong></span> <span class='ocrx_word' id='word_1_442' title='bbox 3207 1758 3499 1813; x_wconf 88' lang='lat' dir='ltr'><strong>superque</strong></span> <span class='ocrx_word' id='word_1_443' title='bbox 3523 1759 3654 1814; x_wconf 82' lang='lat' dir='ltr'><strong>pro-</strong></span> 
     </span>
    </p>
   </div>
   <div class='ocr_carea' id='block_1_65' title="bbox 2004 1824 3654 1904">
    <p class='ocr_par' dir='ltr' id='par_1_65' title="bbox 2004 1824 3654 1904">
     <span class='ocr_line' id='line_1_65' title="bbox 2004 1824 3654 1904; baseline 0.006 -26"><span class='ocrx_word' id='word_1_444' title='bbox 2004 1824 2147 1883; x_wconf 89' lang='lat' dir='ltr'><strong>bant</strong></span> <span class='ocrx_word' id='word_1_445' title='bbox 2175 1829 2327 1899; x_wconf 91' lang='lat' dir='ltr'><strong>apud</strong></span> <span class='ocrx_word' id='word_1_446' title='bbox 2362 1830 2533 1885; x_wconf 79' lang='lat' dir='ltr'><strong>Afros</strong></span> <span class='ocrx_word' id='word_1_447' title='bbox 2566 1830 2746 1885; x_wconf 89' lang='lat' dir='ltr'><strong>fuisse</strong></span> <span class='ocrx_word' id='word_1_448' title='bbox 2780 1831 3066 1902; x_wconf 89' lang='lat' dir='ltr'><strong>templum</strong></span> <span class='ocrx_word' id='word_1_449' title='bbox 3119 1830 3359 1904; x_wconf 88' lang='lat' dir='ltr'><strong>virginis</strong></span> <span class='ocrx_word' id='word_1_450' title='bbox 3390 1830 3654 1888; x_wconf 81' lang='lat' dir='ltr'><strong>Caelestis</strong></span> 
     </span>
    </p>
   </div>
   <div class='ocr_carea' id='block_1_66' title="bbox 2004 1917 3656 1992">
    <p class='ocr_par' dir='ltr' id='par_1_66' title="bbox 2004 1917 3656 1992">
     <span class='ocr_line' id='line_1_66' title="bbox 2004 1917 3656 1992; baseline 0.004 -21"><span class='ocrx_word' id='word_1_451' title='bbox 2004 1933 2130 1988; x_wconf 69' lang='lat' dir='ltr'><strong>qua:</strong></span> <span class='ocrx_word' id='word_1_452' title='bbox 2164 1933 2277 1972; x_wconf 92' lang='lat' dir='ltr'><strong>non</strong></span> <span class='ocrx_word' id='word_1_453' title='bbox 2311 1917 2499 1973; x_wconf 90' lang='lat' dir='ltr'><strong>solum</strong></span> <span class='ocrx_word' id='word_1_454' title='bbox 2542 1919 2613 1973; x_wconf 86' lang='lat' dir='ltr'><strong>ab</strong></span> <span class='ocrx_word' id='word_1_455' title='bbox 2646 1918 2764 1974; x_wconf 91' lang='lat' dir='ltr'><strong>illis</strong></span> <span class='ocrx_word' id='word_1_456' title='bbox 2797 1918 3115 1988; x_wconf 90' lang='lat' dir='ltr'><strong>colebatur,</strong></span> <span class='ocrx_word' id='word_1_457' title='bbox 3165 1921 3266 1976; x_wconf 90' lang='lat' dir='ltr'><strong>sed</strong></span> <span class='ocrx_word' id='word_1_458' title='bbox 3315 1937 3441 1992; x_wconf 73' lang='lat' dir='ltr'><strong>quas</strong></span> <span class='ocrx_word' id='word_1_459' title='bbox 3489 1920 3656 1977; x_wconf 83' lang='lat' dir='ltr'><strong>sicci-</strong></span> 
     </span>
    </p>
   </div>
   <div class='ocr_carea' id='block_1_67' title="bbox 2003 2006 3651 2083">
    <p class='ocr_par' dir='ltr' id='par_1_67' title="bbox 2003 2006 3651 2083">
     <span class='ocr_line' id='line_1_67' title="bbox 2003 2006 3651 2083; baseline 0.003 -22"><span class='ocrx_word' id='word_1_460' title='bbox 2003 2006 2143 2061; x_wconf 87' lang='lat' dir='ltr'><strong>tatis</strong></span> <span class='ocrx_word' id='word_1_461' title='bbox 2174 2010 2433 2077; x_wconf 90' lang='lat' dir='ltr'><strong>tempore</strong></span> <span class='ocrx_word' id='word_1_462' title='bbox 2460 2007 2531 2062; x_wconf 91' lang='lat' dir='ltr'><strong>ab</strong></span> <span class='ocrx_word' id='word_1_463' title='bbox 2565 2006 2773 2064; x_wconf 87' lang='lat' dir='ltr'><strong>iisdem</strong></span> <span class='ocrx_word' id='word_1_464' title='bbox 2804 2008 3093 2074; x_wconf 87' lang='lat' dir='ltr'><strong>invocata,</strong></span> <span class='ocrx_word' id='word_1_465' title='bbox 3138 2008 3367 2081; x_wconf 90' lang='lat' dir='ltr'><strong>pluvias</strong></span> <span class='ocrx_word' id='word_1_466' title='bbox 3412 2009 3651 2083; x_wconf 82' lang='lat' dir='ltr'><strong>pollice-</strong></span> 
     </span>
    </p>
   </div>
   <div class='ocr_carea' id='block_1_68' title="bbox 2004 2096 3651 2170">
    <p class='ocr_par' dir='ltr' id='par_1_68' title="bbox 2004 2096 3651 2170">
     <span class='ocr_line' id='line_1_68' title="bbox 2004 2096 3651 2170; baseline 0.002 -18"><span class='ocrx_word' id='word_1_467' title='bbox 2004 2096 2196 2163; x_wconf 87' lang='lat' dir='ltr'><strong>batur,</strong></span> <span class='ocrx_word' id='word_1_468' title='bbox 2241 2112 2489 2167; x_wconf 84' lang='lat' dir='ltr'><strong>moxque</strong></span> <span class='ocrx_word' id='word_1_469' title='bbox 2537 2098 2764 2153; x_wconf 90' lang='lat' dir='ltr'><strong>futuras</strong></span> <span class='ocrx_word' id='word_1_470' title='bbox 2822 2098 3191 2170; x_wconf 66' lang='lat' dir='ltr'><strong>praedicebat.</strong></span> <span class='ocrx_word' id='word_1_471' title='bbox 3251 2099 3337 2155; x_wconf 83' lang='lat' dir='ltr'><strong>Ab</strong></span> <span class='ocrx_word' id='word_1_472' title='bbox 3398 2098 3651 2156; x_wconf 91' lang='lat' dir='ltr'><strong>aliorum</strong></span> 
     </span>
    </p>
   </div>
   <div class='ocr_carea' id='block_1_69' title="bbox 2004 2184 3654 2257">
    <p class='ocr_par' dir='ltr' id='par_1_69' title="bbox 2004 2184 3654 2257">
     <span class='ocr_line' id='line_1_69' title="bbox 2004 2184 3654 2257; baseline 0.004 -21"><span class='ocrx_word' id='word_1_473' title='bbox 2004 2187 2198 2237; x_wconf 83' lang='lat' dir='ltr'><strong>autem</strong></span> <span class='ocrx_word' id='word_1_474' title='bbox 2231 2184 2607 2255; x_wconf 89' lang='lat' dir='ltr'><strong>opinionibus</strong></span> <span class='ocrx_word' id='word_1_475' title='bbox 2655 2185 2792 2253; x_wconf 64' lang='lat' dir='ltr'><strong>hac,</strong></span> <span class='ocrx_word' id='word_1_476' title='bbox 2826 2202 3001 2256; x_wconf 90' lang='lat' dir='ltr'><strong>quam</strong></span> <span class='ocrx_word' id='word_1_477' title='bbox 3064 2186 3473 2257; x_wconf 90' lang='lat' dir='ltr'><strong>proponimus,</strong></span> <span class='ocrx_word' id='word_1_478' title='bbox 3533 2204 3654 2243; x_wconf 91' lang='lat' dir='ltr'><strong>non</strong></span> 
     </span>
    </p>
   </div>
   <div class='ocr_carea' id='block_1_70' title="bbox 2006 2272 3656 2346">
    <p class='ocr_par' dir='ltr' id='par_1_70' title="bbox 2006 2272 3656 2346">
     <span class='ocr_line' id='line_1_70' title="bbox 2006 2272 3656 2346; baseline 0.004 -21"><span class='ocrx_word' id='word_1_479' title='bbox 2006 2272 2148 2326; x_wconf 91' lang='lat' dir='ltr'><strong>adeo</strong></span> <span class='ocrx_word' id='word_1_480' title='bbox 2176 2272 2384 2327; x_wconf 92' lang='lat' dir='ltr'><strong>dissita</strong></span> <span class='ocrx_word' id='word_1_481' title='bbox 2415 2276 2522 2339; x_wconf 87' lang='lat' dir='ltr'><strong>est,</strong></span> <span class='ocrx_word' id='word_1_482' title='bbox 2556 2273 2699 2344; x_wconf 89' lang='lat' dir='ltr'><strong>quin</strong></span> <span class='ocrx_word' id='word_1_483' title='bbox 2732 2273 2877 2345; x_wconf 88' lang='lat' dir='ltr'><strong>ipsis</strong></span> <span class='ocrx_word' id='word_1_484' title='bbox 2922 2291 3037 2329; x_wconf 93' lang='lat' dir='ltr'><strong>non</strong></span> <span class='ocrx_word' id='word_1_485' title='bbox 3071 2275 3257 2346; x_wconf 77' lang='lat' dir='ltr'><strong>possit</strong></span> <span class='ocrx_word' id='word_1_486' title='bbox 3288 2274 3656 2331; x_wconf 88' lang='lat' dir='ltr'><strong>reconciliari</strong></span> 
     </span>
    </p>
   </div>
   <div class='ocr_carea' id='block_1_71' title="bbox 2006 2359 3657 2432">
    <p class='ocr_par' dir='ltr' id='par_1_71' title="bbox 2006 2359 3657 2432">
     <span class='ocr_line' id='line_1_71' title="bbox 2006 2359 3657 2432; baseline 0.005 -20"><span class='ocrx_word' id='word_1_487' title='bbox 2006 2364 2151 2413; x_wconf 87' lang='lat' dir='ltr'><strong>Nam</strong></span> <span class='ocrx_word' id='word_1_488' title='bbox 2212 2360 2320 2415; x_wconf 90' lang='lat' dir='ltr'><strong>dea</strong></span> <span class='ocrx_word' id='word_1_489' title='bbox 2376 2359 2477 2415; x_wconf 91' lang='lat' dir='ltr'><strong>illa</strong></span> <span class='ocrx_word' id='word_1_490' title='bbox 2536 2378 2637 2432; x_wconf 93' lang='lat' dir='ltr'><strong>pro</strong></span> <span class='ocrx_word' id='word_1_491' title='bbox 2696 2360 2956 2417; x_wconf 91' lang='lat' dir='ltr'><strong>locorum</strong></span> <span class='ocrx_word' id='word_1_492' title='bbox 3016 2363 3351 2419; x_wconf 86' lang='lat' dir='ltr'><strong>diversitate</strong></span> <span class='ocrx_word' id='word_1_493' title='bbox 3407 2364 3657 2420; x_wconf 82' lang='lat' dir='ltr'><strong>diversis</strong></span> 
     </span>
    </p>
   </div>
   <div class='ocr_carea' id='block_1_72' title="bbox 2005 2448 3653 2522">
    <p class='ocr_par' dir='ltr' id='par_1_72' title="bbox 2005 2448 3653 2522">
     <span class='ocr_line' id='line_1_72' title="bbox 2005 2448 3653 2522; baseline 0.002 -16"><span class='ocrx_word' id='word_1_494' title='bbox 2005 2448 2319 2506; x_wconf 88' lang='lat' dir='ltr'><strong>vocabatur</strong></span> <span class='ocrx_word' id='word_1_495' title='bbox 2348 2450 2706 2506; x_wconf 91' lang='lat' dir='ltr'><strong>nominibus.</strong></span> <span class='ocrx_word' id='word_1_496' title='bbox 2762 2451 2995 2506; x_wconf 87' lang='lat' dir='ltr'><strong>Testem</strong></span> <span class='ocrx_word' id='word_1_497' title='bbox 3053 2452 3102 2507; x_wconf 89' lang='lat' dir='ltr'><strong>si</strong></span> <span class='ocrx_word' id='word_1_498' title='bbox 3156 2452 3477 2522; x_wconf 84' lang='lat' dir='ltr'><strong>desideres,</strong></span> <span class='ocrx_word' id='word_1_499' title='bbox 3514 2470 3653 2510; x_wconf 87' lang='lat' dir='ltr'><strong>ecce</strong></span> 
     </span>
    </p>
   </div>
   <div class='ocr_carea' id='block_1_73' title="bbox 2004 2538 3654 2611">
    <p class='ocr_par' dir='ltr' id='par_1_73' title="bbox 2004 2538 3654 2611">
     <span class='ocr_line' id='line_1_73' title="bbox 2004 2538 3654 2611; baseline 0.004 -20"><span class='ocrx_word' id='word_1_500' title='bbox 2004 2538 2384 2593; x_wconf 89' lang='lat' dir='ltr'><strong>Ambrosium</strong></span> <span class='ocrx_word' id='word_1_501' title='bbox 2417 2538 2474 2593; x_wconf 93' lang='lat' dir='ltr'><strong>id</strong></span> <span class='ocrx_word' id='word_1_502' title='bbox 2505 2544 2867 2595; x_wconf 87' lang='lat' dir='ltr'><strong>asserentem</strong></span> <span class='ocrx_word' id='word_1_503' title='bbox 2899 2556 2911 2594; x_wconf 92' lang='lat'>:</span> <span class='ocrx_word' id='word_1_504' title='bbox 2958 2563 2980 2591; x_wconf 74' lang='grc' dir='ltr'>ι</span> <span class='ocrx_word' id='word_1_505' title='bbox 3015 2541 3198 2605; x_wconf 89' lang='lat' dir='ltr'><strong>Quam</strong></span> <span class='ocrx_word' id='word_1_506' title='bbox 3228 2541 3654 2611; x_wconf 78' lang='lat' dir='ltr'><strong>Ccelestem,in-</strong></span> 
     </span>
    </p>
   </div>
   <div class='ocr_carea' id='block_1_74' title="bbox 2009 2626 3656 2701">
    <p class='ocr_par' dir='ltr' id='par_1_74' title="bbox 2009 2626 3656 2701">
     <span class='ocr_line' id='line_1_74' title="bbox 2009 2626 3656 2701; baseline 0.004 -21"><span class='ocrx_word' id='word_1_507' title='bbox 2009 2626 2157 2699; x_wconf 88' lang='lat' dir='ltr'><strong>quit,</strong></span> <span class='ocrx_word' id='word_1_508' title='bbox 2190 2627 2334 2695; x_wconf 87' lang='lat' dir='ltr'><strong>Afri,</strong></span> <span class='ocrx_word' id='word_1_509' title='bbox 2365 2628 2640 2684; x_wconf 88' lang='lat' dir='ltr'><strong>Mithram</strong></span> <span class='ocrx_word' id='word_1_510' title='bbox 2682 2629 2891 2695; x_wconf 67' lang='lat' dir='ltr'><strong>Persae,</strong></span> <span class='ocrx_word' id='word_1_511' title='bbox 2924 2629 3188 2701; x_wconf 91' lang='lat' dir='ltr'><strong>plerique</strong></span> <span class='ocrx_word' id='word_1_512' title='bbox 3248 2630 3529 2687; x_wconf 88' lang='lat' dir='ltr'><strong>Venerem</strong></span> <span class='ocrx_word' id='word_1_513' title='bbox 3561 2648 3656 2687; x_wconf 92' lang='lat' dir='ltr'><strong>co-</strong></span> 
     </span>
    </p>
   </div>
   <div class='ocr_carea' id='block_1_75' title="bbox 2008 2716 3657 2792">
    <p class='ocr_par' dir='ltr' id='par_1_75' title="bbox 2008 2716 3657 2792">
     <span class='ocr_line' id='line_1_75' title="bbox 2008 2716 3657 2792; baseline 0.004 -22"><span class='ocrx_word' id='word_1_514' title='bbox 2008 2716 2157 2785; x_wconf 89' lang='lat' dir='ltr'><strong>lunt,</strong></span> <span class='ocrx_word' id='word_1_515' title='bbox 2200 2734 2303 2787; x_wconf 92' lang='lat' dir='ltr'><strong>pro</strong></span> <span class='ocrx_word' id='word_1_516' title='bbox 2354 2716 2688 2773; x_wconf 85' lang='lat' dir='ltr'><strong>diversitate</strong></span> <span class='ocrx_word' id='word_1_517' title='bbox 2738 2717 3018 2789; x_wconf 87' lang='lat' dir='ltr'><strong>nominis,</strong></span> <span class='ocrx_word' id='word_1_518' title='bbox 3077 2736 3191 2775; x_wconf 94' lang='lat' dir='ltr'><strong>non</strong></span> <span class='ocrx_word' id='word_1_519' title='bbox 3237 2736 3341 2792; x_wconf 91' lang='lat' dir='ltr'><strong>pro</strong></span> <span class='ocrx_word' id='word_1_520' title='bbox 3392 2720 3657 2777; x_wconf 88' lang='lat' dir='ltr'><strong>numinis</strong></span> 
     </span>
    </p>
   </div>
   <div class='ocr_carea' id='block_1_76' title="bbox 2007 2805 3654 2882">
    <p class='ocr_par' dir='ltr' id='par_1_76' title="bbox 2007 2805 3654 2882">
     <span class='ocr_line' id='line_1_76' title="bbox 2007 2805 3654 2882; baseline 0.002 -22"><span class='ocrx_word' id='word_1_521' title='bbox 2007 2805 2284 2861; x_wconf 82' lang='lat' dir='ltr'><strong>varietate</strong></span> <span class='ocrx_word' id='word_1_522' title='bbox 2336 2828 2364 2855; x_wconf 87' lang='lat'>»</span> <span class='ocrx_word' id='word_1_523' title='bbox 2424 2807 2716 2878; x_wconf 89' lang='lat' dir='ltr'><strong>(Ambros.</strong></span> <span class='ocrx_word' id='word_1_524' title='bbox 2772 2808 2945 2880; x_wconf 89' lang='lat' dir='ltr'><strong>epist.</strong></span> <span class='ocrx_word' id='word_1_525' title='bbox 3006 2810 3092 2876; x_wconf 89' lang='grc'><strong>18,</strong></span> <span class='ocrx_word' id='word_1_526' title='bbox 3151 2808 3275 2865; x_wconf 86' lang='lat' dir='ltr'><strong>adv.</strong></span> <span class='ocrx_word' id='word_1_527' title='bbox 3336 2809 3654 2882; x_wconf 83' lang='lat' dir='ltr'><strong>Symmach.</strong></span> 
     </span>
    </p>
   </div>
   <div class='ocr_carea' id='block_1_77' title="bbox 2008 2894 2499 2967">
    <p class='ocr_par' dir='ltr' id='par_1_77' title="bbox 2008 2894 2499 2967">
     <span class='ocr_line' id='line_1_77' title="bbox 2008 2894 2499 2967; baseline 0.006 -19"><span class='ocrx_word' id='word_1_528' title='bbox 2008 2897 2035 2963; x_wconf 87' lang='lat'>§</span> <span class='ocrx_word' id='word_1_529' title='bbox 2064 2894 2152 2953; x_wconf 90' lang='lat'><strong>30.</strong></span> <span class='ocrx_word' id='word_1_530' title='bbox 2190 2910 2319 2966; x_wconf 88' lang='lat' dir='ltr'><strong>pag.</strong></span> <span class='ocrx_word' id='word_1_531' title='bbox 2350 2896 2499 2967; x_wconf 87' lang='grc'><strong>840).</strong></span> 
     </span>
    </p>
   </div>
   <div class='ocr_carea' id='block_1_78' title="bbox 2078 3001 3656 3077">
    <p class='ocr_par' dir='ltr' id='par_1_78' title="bbox 2078 3001 3656 3077">
     <span class='ocr_line' id='line_1_78' title="bbox 2078 3001 3656 3077; baseline 0.005 -23"><span class='ocrx_word' id='word_1_532' title='bbox 2078 3003 2314 3056; x_wconf 86' lang='lat' dir='ltr'><strong>Transit</strong></span> <span class='ocrx_word' id='word_1_533' title='bbox 2343 3001 2479 3057; x_wconf 90' lang='lat' dir='ltr'><strong>inde</strong></span> <span class='ocrx_word' id='word_1_534' title='bbox 2510 3009 2714 3059; x_wconf 89' lang='lat' dir='ltr'><strong>auctor</strong></span> <span class='ocrx_word' id='word_1_535' title='bbox 2743 3004 2812 3059; x_wconf 93' lang='lat' dir='ltr'><strong>ad</strong></span> <span class='ocrx_word' id='word_1_536' title='bbox 2864 3004 3282 3076; x_wconf 70' lang='lat' dir='ltr'><strong>Esculapium,</strong></span> <span class='ocrx_word' id='word_1_537' title='bbox 3332 3006 3432 3077; x_wconf 91' lang='lat' dir='ltr'><strong>qui</strong></span> <span class='ocrx_word' id='word_1_538' title='bbox 3464 3006 3536 3062; x_wconf 92' lang='lat' dir='ltr'><strong>ab</strong></span> <span class='ocrx_word' id='word_1_539' title='bbox 3589 3023 3656 3063; x_wconf 91' lang='lat' dir='ltr'><strong>eo</strong></span> 
     </span>
    </p>
   </div>
   <div class='ocr_carea' id='block_1_79' title="bbox 2007 3091 3660 3168">
    <p class='ocr_par' dir='ltr' id='par_1_79' title="bbox 2007 3091 3660 3168">
     <span class='ocr_line' id='line_1_79' title="bbox 2007 3091 3660 3168; baseline 0.004 -23"><span class='ocrx_word' id='word_1_540' title='bbox 2007 3097 2243 3146; x_wconf 87' lang='lat' dir='ltr'><strong>vocatur</strong></span> <span class='ocrx_word' id='word_1_541' title='bbox 2298 3091 2705 3147; x_wconf 69' lang='lat' dir='ltr'><strong>medicinarum</strong></span> <span class='ocrx_word' id='word_1_542' title='bbox 2751 3093 3195 3156; x_wconf 71' lang='lat' dir='ltr'><strong>demonstrator;</strong></span> <span class='ocrx_word' id='word_1_543' title='bbox 3227 3099 3285 3150; x_wconf 92' lang='lat' dir='ltr'><strong>et</strong></span> <span class='ocrx_word' id='word_1_544' title='bbox 3338 3094 3502 3164; x_wconf 87' lang='lat' dir='ltr'><strong>alibi,</strong></span> <span class='ocrx_word' id='word_1_545' title='bbox 3563 3097 3660 3168; x_wconf 85' lang='lat' dir='ltr'><strong>qui</strong></span> 
     </span>
    </p>
   </div>
   <div class='ocr_carea' id='block_1_80' title="bbox 2006 3180 3657 3256">
    <p class='ocr_par' dir='ltr' id='par_1_80' title="bbox 2006 3180 3657 3256">
     <span class='ocr_line' id='line_1_80' title="bbox 2006 3180 3657 3256; baseline 0.005 -24"><span class='ocrx_word' id='word_1_546' title='bbox 2006 3182 2217 3250; x_wconf 82' lang='lat' dir='ltr'><strong>primas</strong></span> <span class='ocrx_word' id='word_1_547' title='bbox 2264 3180 2512 3236; x_wconf 77' lang='lat' dir='ltr'><strong>medelas</strong></span> <span class='ocrx_word' id='word_1_548' title='bbox 2541 3182 2913 3251; x_wconf 72' lang='lat' dir='ltr'><strong>exploraverit</strong></span> <span class='ocrx_word' id='word_1_549' title='bbox 2944 3182 3325 3250; x_wconf 87' lang='lat' dir='ltr'><strong>(Tertulliani.</strong></span> <span class='ocrx_word' id='word_1_550' title='bbox 3382 3184 3657 3256; x_wconf 76' lang='lat' dir='ltr'><strong>Apologet.</strong></span> 
     </span>
    </p>
   </div>
   <div class='ocr_carea' id='block_1_81' title="bbox 2013 3269 3662 3343">
    <p class='ocr_par' dir='ltr' id='par_1_81' title="bbox 2013 3269 3662 3343">
     <span class='ocr_line' id='line_1_81' title="bbox 2013 3269 3662 3343; baseline 0.004 -21"><span class='ocrx_word' id='word_1_551' title='bbox 2013 3284 2139 3339; x_wconf 90' lang='lat' dir='ltr'><strong>cap.</strong></span> <span class='ocrx_word' id='word_1_552' title='bbox 2173 3269 2263 3337; x_wconf 90' lang='lat'><strong>23,</strong></span> <span class='ocrx_word' id='word_1_553' title='bbox 2297 3284 2428 3340; x_wconf 85' lang='lat' dir='ltr'><strong>pag.</strong></span> <span class='ocrx_word' id='word_1_554' title='bbox 2463 3270 2590 3333; x_wconf 85' lang='grc'>418,</span> <span class='ocrx_word' id='word_1_555' title='bbox 2627 3274 2683 3324; x_wconf 92' lang='lat' dir='ltr'><strong>et</strong></span> <span class='ocrx_word' id='word_1_556' title='bbox 2715 3270 2814 3325; x_wconf 91' lang='lat' dir='ltr'><strong>lib.</strong></span> <span class='ocrx_word' id='word_1_557' title='bbox 2856 3271 2921 3325; x_wconf 84' lang='lat' dir='ltr'><strong>de</strong></span> <span class='ocrx_word' id='word_1_558' title='bbox 2952 3270 3143 3327; x_wconf 84' lang='lat' dir='ltr'><strong>Coron.</strong></span> <span class='ocrx_word' id='word_1_559' title='bbox 3195 3288 3323 3343; x_wconf 92' lang='lat' dir='ltr'><strong>cap.</strong></span> <span class='ocrx_word' id='word_1_560' title='bbox 3372 3272 3429 3337; x_wconf 89' lang='lat'><strong>8,</strong></span> <span class='ocrx_word' id='word_1_561' title='bbox 3461 3278 3604 3329; x_wconf 90' lang='lat' dir='ltr'><strong>tom.</strong></span> <span class='ocrx_word' id='word_1_562' title='bbox 3639 3273 3662 3329; x_wconf 92' lang='grc' dir='ltr'>Ι</span> 
     </span>
    </p>
   </div>
   <div class='ocr_carea' id='block_1_82' title="bbox 2016 3358 3662 3433">
    <p class='ocr_par' dir='ltr' id='par_1_82' title="bbox 2016 3358 3662 3433">
     <span class='ocr_line' id='line_1_82' title="bbox 2016 3358 3662 3433; baseline 0.004 -22"><span class='ocrx_word' id='word_1_563' title='bbox 2016 3358 2278 3427; x_wconf 87' lang='lat' dir='ltr'><strong>Apparat.</strong></span> <span class='ocrx_word' id='word_1_564' title='bbox 2313 3374 2442 3429; x_wconf 88' lang='lat' dir='ltr'><strong>pag.</strong></span> <span class='ocrx_word' id='word_1_565' title='bbox 2475 3359 2657 3429; x_wconf 82' lang='grc'>1192).</span> <span class='ocrx_word' id='word_1_566' title='bbox 2688 3359 2804 3415; x_wconf 89' lang='lat' dir='ltr'><strong>Nos</strong></span> <span class='ocrx_word' id='word_1_567' title='bbox 2833 3376 2969 3416; x_wconf 90' lang='lat' dir='ltr'><strong>vero</strong></span> <span class='ocrx_word' id='word_1_568' title='bbox 3022 3362 3076 3415; x_wconf 91' lang='lat' dir='ltr'><strong>in</strong></span> <span class='ocrx_word' id='word_1_569' title='bbox 3121 3360 3526 3433; x_wconf 89' lang='lat' dir='ltr'><strong>superioribus</strong></span> <span class='ocrx_word' id='word_1_570' title='bbox 3558 3377 3662 3417; x_wconf 91' lang='lat' dir='ltr'><strong>no-</strong></span> 
     </span>
    </p>
   </div>
   <div class='ocr_carea' id='block_1_83' title="bbox 2016 3447 3662 3521">
    <p class='ocr_par' dir='ltr' id='par_1_83' title="bbox 2016 3447 3662 3521">
     <span class='ocr_line' id='line_1_83' title="bbox 2016 3447 3662 3521; baseline 0.003 -19"><span class='ocrx_word' id='word_1_571' title='bbox 2016 3447 2155 3502; x_wconf 83' lang='lat' dir='ltr'><strong>stris</strong></span> <span class='ocrx_word' id='word_1_572' title='bbox 2220 3447 2738 3503; x_wconf 88' lang='lat' dir='ltr'><strong>dissertationibus</strong></span> <span class='ocrx_word' id='word_1_573' title='bbox 2790 3449 3159 3505; x_wconf 90' lang='lat' dir='ltr'><strong>ostendimus</strong></span> <span class='ocrx_word' id='word_1_574' title='bbox 3244 3466 3362 3521; x_wconf 92' lang='lat' dir='ltr'><strong>qua</strong></span> <span class='ocrx_word' id='word_1_575' title='bbox 3436 3450 3662 3508; x_wconf 90' lang='lat' dir='ltr'><strong>ratione</strong></span> 
     </span>
    </p>
   </div>
   <div class='ocr_carea' id='block_1_84' title="bbox 2013 3536 3663 3595">
    <p class='ocr_par' dir='ltr' id='par_1_84' title="bbox 2013 3536 3663 3595">
     <span class='ocr_line' id='line_1_84' title="bbox 2013 3536 3663 3595; baseline 0.002 -4"><span class='ocrx_word' id='word_1_576' title='bbox 2013 3536 2231 3591; x_wconf 89' lang='lat' dir='ltr'><strong>ethnici</strong></span> <span class='ocrx_word' id='word_1_577' title='bbox 2264 3536 2564 3591; x_wconf 74' lang='lat' dir='ltr'><strong>medicinas</strong></span> <span class='ocrx_word' id='word_1_578' title='bbox 2587 3538 2977 3593; x_wconf 90' lang='lat' dir='ltr'><strong>inventionem</strong></span> <span class='ocrx_word' id='word_1_579' title='bbox 3000 3537 3085 3592; x_wconf 91' lang='lat' dir='ltr'><strong>illi</strong></span> <span class='ocrx_word' id='word_1_580' title='bbox 3115 3539 3663 3595; x_wconf 89' lang='lat' dir='ltr'><strong>adscribebant.Sed</strong></span> 
     </span>
    </p>
   </div>
   <div class='ocr_carea' id='block_1_85' title="bbox 2015 3625 3661 3700">
    <p class='ocr_par' dir='ltr' id='par_1_85' title="bbox 2015 3625 3661 3700">
     <span class='ocr_line' id='line_1_85' title="bbox 2015 3625 3661 3700; baseline 0.004 -21"><span class='ocrx_word' id='word_1_581' title='bbox 2015 3641 2132 3695; x_wconf 93' lang='lat' dir='ltr'><strong>quo</strong></span> <span class='ocrx_word' id='word_1_582' title='bbox 2178 3626 2233 3679; x_wconf 92' lang='lat' dir='ltr'><strong>id</strong></span> <span class='ocrx_word' id='word_1_583' title='bbox 2286 3625 2525 3690; x_wconf 88' lang='lat' dir='ltr'><strong>clarius,</strong></span> <span class='ocrx_word' id='word_1_584' title='bbox 2576 3641 2642 3681; x_wconf 90' lang='lat' dir='ltr'><strong>eo</strong></span> <span class='ocrx_word' id='word_1_585' title='bbox 2700 3643 2841 3681; x_wconf 89' lang='lat' dir='ltr'><strong>sane</strong></span> <span class='ocrx_word' id='word_1_586' title='bbox 2904 3629 3187 3698; x_wconf 86' lang='lat' dir='ltr'><strong>majorem</strong></span> <span class='ocrx_word' id='word_1_587' title='bbox 3243 3628 3661 3700; x_wconf 86' lang='lat' dir='ltr'><strong>subsequentia</strong></span> 
     </span>
    </p>
   </div>
   <div class='ocr_carea' id='block_1_86' title="bbox 2012 3715 3655 3791">
    <p class='ocr_par' dir='ltr' id='par_1_86' title="bbox 2012 3715 3655 3791">
     <span class='ocr_line' id='line_1_86' title="bbox 2012 3715 3655 3791; baseline 0.004 -22"><span class='ocrx_word' id='word_1_588' title='bbox 2012 3716 2142 3785; x_wconf 86' lang='lat' dir='ltr'><strong>ejus</strong></span> <span class='ocrx_word' id='word_1_589' title='bbox 2171 3715 2344 3769; x_wconf 89' lang='lat' dir='ltr'><strong>verba</strong></span> <span class='ocrx_word' id='word_1_590' title='bbox 2392 3715 2613 3769; x_wconf 90' lang='lat' dir='ltr'><strong>habent</strong></span> <span class='ocrx_word' id='word_1_591' title='bbox 2654 3715 3067 3773; x_wconf 89' lang='lat' dir='ltr'><strong>obscuritatem</strong></span> <span class='ocrx_word' id='word_1_592' title='bbox 3104 3735 3171 3773; x_wconf 84' lang='lat'><strong>:«</strong></span> <span class='ocrx_word' id='word_1_593' title='bbox 3224 3717 3354 3772; x_wconf 85' lang='lat' dir='ltr'><strong>Alia</strong></span> <span class='ocrx_word' id='word_1_594' title='bbox 3402 3718 3516 3785; x_wconf 90' lang='lat' dir='ltr'><strong>die,</strong></span> <span class='ocrx_word' id='word_1_595' title='bbox 3551 3718 3655 3791; x_wconf 88' lang='lat' dir='ltr'><strong>ait,</strong></span> 
     </span>
    </p>
   </div>
   <div class='ocr_carea' id='block_1_87' title="bbox 2014 3804 3657 3879">
    <p class='ocr_par' dir='ltr' id='par_1_87' title="bbox 2014 3804 3657 3879">
     <span class='ocr_line' id='line_1_87' title="bbox 2014 3804 3657 3879; baseline 0.004 -21"><span class='ocrx_word' id='word_1_596' title='bbox 2014 3804 2314 3860; x_wconf 89' lang='lat' dir='ltr'><strong>morituris</strong></span> <span class='ocrx_word' id='word_1_597' title='bbox 2343 3805 2638 3872; x_wconf 91' lang='lat' dir='ltr'><strong>Socordio,</strong></span> <span class='ocrx_word' id='word_1_598' title='bbox 2686 3810 2742 3861; x_wconf 90' lang='lat' dir='ltr'><strong>et</strong></span> <span class='ocrx_word' id='word_1_599' title='bbox 2789 3805 3096 3875; x_wconf 88' lang='lat' dir='ltr'><strong>Thenatio,</strong></span> <span class='ocrx_word' id='word_1_600' title='bbox 3147 3813 3205 3863; x_wconf 88' lang='lat' dir='ltr'><strong>el.</strong></span> <span class='ocrx_word' id='word_1_601' title='bbox 3249 3807 3657 3879; x_wconf 72' lang='lat' dir='ltr'><strong>Asclepiodoto</strong></span> 
     </span>
    </p>
   </div>
   <div class='ocr_carea' id='block_1_88' title="bbox 2011 3892 3654 3969">
    <p class='ocr_par' dir='ltr' id='par_1_88' title="bbox 2011 3892 3654 3969">
     <span class='ocr_line' id='line_1_88' title="bbox 2011 3892 3654 3969; baseline 0.003 -22"><span class='ocrx_word' id='word_1_602' title='bbox 2011 3892 2140 3947; x_wconf 73' lang='lat' dir='ltr'><strong>vita:</strong></span> <span class='ocrx_word' id='word_1_603' title='bbox 2172 3892 2654 3949; x_wconf 90' lang='lat' dir='ltr'><strong>subministrator</strong></span> <span class='ocrx_word' id='word_1_604' title='bbox 2690 3916 2717 3945; x_wconf 83' lang='lat'><strong>»</strong></span> <span class='ocrx_word' id='word_1_605' title='bbox 2768 3894 3134 3965; x_wconf 80' lang='lat' dir='ltr'><strong>(Tertullian.</strong></span> <span class='ocrx_word' id='word_1_606' title='bbox 3192 3897 3465 3967; x_wconf 81' lang='lat' dir='ltr'><strong>Apotrget.</strong></span> <span class='ocrx_word' id='word_1_607' title='bbox 3526 3913 3654 3969; x_wconf 88' lang='lat' dir='ltr'><strong>cap.</strong></span> 
     </span>
    </p>
   </div>
   <div class='ocr_carea' id='block_1_89' title="bbox 2010 3981 3657 4054">
    <p class='ocr_par' dir='ltr' id='par_1_89' title="bbox 2010 3981 3657 4054">
     <span class='ocr_line' id='line_1_89' title="bbox 2010 3981 3657 4054; baseline 0.002 -18"><span class='ocrx_word' id='word_1_608' title='bbox 2010 3981 2376 4052; x_wconf 71' lang='lat' dir='ltr'><strong>23,col.24).</strong></span> <span class='ocrx_word' id='word_1_609' title='bbox 2410 3982 2624 4037; x_wconf 90' lang='lat' dir='ltr'><strong>Mirum</strong></span> <span class='ocrx_word' id='word_1_610' title='bbox 2673 3982 2828 4038; x_wconf 91' lang='lat' dir='ltr'><strong>enim</strong></span> <span class='ocrx_word' id='word_1_611' title='bbox 2883 3990 3170 4054; x_wconf 90' lang='lat' dir='ltr'><strong>quantum</strong></span> <span class='ocrx_word' id='word_1_612' title='bbox 3220 3984 3342 4040; x_wconf 67' lang='lat' dir='ltr'><strong>haec</strong></span> <span class='ocrx_word' id='word_1_613' title='bbox 3395 3984 3657 4040; x_wconf 89' lang='lat' dir='ltr'><strong>erudito-</strong></span> 
     </span>
    </p>
   </div>
   <div class='ocr_carea' id='block_1_90' title="bbox 2013 4070 3656 4145">
    <p class='ocr_par' dir='ltr' id='par_1_90' title="bbox 2013 4070 3656 4145">
     <span class='ocr_line' id='line_1_90' title="bbox 2013 4070 3656 4145; baseline 0.002 -21"><span class='ocrx_word' id='word_1_614' title='bbox 2013 4087 2145 4125; x_wconf 87' lang='lat' dir='ltr'><strong>rum</strong></span> <span class='ocrx_word' id='word_1_615' title='bbox 2178 4070 2483 4126; x_wconf 89' lang='lat' dir='ltr'><strong>hominum</strong></span> <span class='ocrx_word' id='word_1_616' title='bbox 2532 4071 2771 4145; x_wconf 87' lang='lat' dir='ltr'><strong>ingenia</strong></span> <span class='ocrx_word' id='word_1_617' title='bbox 2808 4073 3193 4128; x_wconf 87' lang='lat' dir='ltr'><strong>exercuerint.</strong></span> <span class='ocrx_word' id='word_1_618' title='bbox 3233 4077 3299 4128; x_wconf 82' lang='lat' dir='ltr'><strong>At</strong></span> <span class='ocrx_word' id='word_1_619' title='bbox 3344 4077 3497 4129; x_wconf 88' lang='lat' dir='ltr'><strong>certe</strong></span> <span class='ocrx_word' id='word_1_620' title='bbox 3526 4090 3656 4130; x_wconf 91' lang='lat' dir='ltr'><strong>cor-</strong></span> 
     </span>
    </p>
   </div>
   <div class='ocr_carea' id='block_1_91' title="bbox 2014 4159 3657 4230">
    <p class='ocr_par' dir='ltr' id='par_1_91' title="bbox 2014 4159 3657 4230">
     <span class='ocr_line' id='line_1_91' title="bbox 2014 4159 3657 4230; baseline 0.004 -17"><span class='ocrx_word' id='word_1_621' title='bbox 2014 4165 2226 4230; x_wconf 88' lang='lat' dir='ltr'><strong>ruptus</strong></span> <span class='ocrx_word' id='word_1_622' title='bbox 2269 4164 2357 4215; x_wconf 87' lang='lat' dir='ltr'><strong>est</strong></span> <span class='ocrx_word' id='word_1_623' title='bbox 2403 4159 2497 4214; x_wconf 92' lang='lat' dir='ltr'><strong>hic</strong></span> <span class='ocrx_word' id='word_1_624' title='bbox 2546 4160 2731 4216; x_wconf 86' lang='lat' dir='ltr'><strong>locus.</strong></span> <span class='ocrx_word' id='word_1_625' title='bbox 2776 4161 2919 4216; x_wconf 88' lang='lat' dir='ltr'><strong>Nam</strong></span> <span class='ocrx_word' id='word_1_626' title='bbox 2971 4160 3026 4216; x_wconf 91' lang='lat' dir='ltr'><strong>in</strong></span> <span class='ocrx_word' id='word_1_627' title='bbox 3098 4161 3315 4217; x_wconf 89' lang='lat' dir='ltr'><strong>nostris</strong></span> <span class='ocrx_word' id='word_1_628' title='bbox 3354 4162 3657 4219; x_wconf 90' lang='lat' dir='ltr'><strong>codicibus</strong></span> 
     </span>
    </p>
   </div>
   <div class='ocr_carea' id='block_1_92' title="bbox 2013 4248 3655 4319">
    <p class='ocr_par' dir='ltr' id='par_1_92' title="bbox 2013 4248 3655 4319">
     <span class='ocr_line' id='line_1_92' title="bbox 2013 4248 3655 4319; baseline 0.004 -17"><span class='ocrx_word' id='word_1_629' title='bbox 2013 4264 2191 4302; x_wconf 91' lang='lat' dir='ltr'><strong>manu</strong></span> <span class='ocrx_word' id='word_1_630' title='bbox 2216 4253 2273 4303; x_wconf 83' lang='lat' dir='ltr'><strong>et</strong></span> <span class='ocrx_word' id='word_1_631' title='bbox 2302 4248 2638 4319; x_wconf 90' lang='lat' dir='ltr'><strong>antiquiori,</strong></span> <span class='ocrx_word' id='word_1_632' title='bbox 2666 4254 2725 4304; x_wconf 89' lang='lat' dir='ltr'><strong>et</strong></span> <span class='ocrx_word' id='word_1_633' title='bbox 2747 4249 3056 4304; x_wconf 90' lang='lat' dir='ltr'><strong>recentiori</strong></span> <span class='ocrx_word' id='word_1_634' title='bbox 3079 4251 3329 4306; x_wconf 89' lang='lat' dir='ltr'><strong>exaratis</strong></span> <span class='ocrx_word' id='word_1_635' title='bbox 3359 4251 3611 4307; x_wconf 89' lang='lat' dir='ltr'><strong>habetur</strong></span> <span class='ocrx_word' id='word_1_636' title='bbox 3641 4268 3655 4307; x_wconf 87' lang='lat'><strong>:</strong></span> 
     </span>
    </p>
   </div>
   <div class='ocr_carea' id='block_1_93' title="bbox 2013 4337 3659 4411">
    <p class='ocr_par' dir='ltr' id='par_1_93' title="bbox 2013 4337 3659 4411">
     <span class='ocr_line' id='line_1_93' title="bbox 2013 4337 3659 4411; baseline 0.007 -25"><span class='ocrx_word' id='word_1_637' title='bbox 2013 4359 2041 4387; x_wconf 84' lang='grc'><em>‹‹</em></span> <span class='ocrx_word' id='word_1_638' title='bbox 2074 4337 2201 4392; x_wconf 86' lang='lat' dir='ltr'><strong>Alia</strong></span> <span class='ocrx_word' id='word_1_639' title='bbox 2231 4337 2324 4392; x_wconf 90' lang='lat' dir='ltr'><strong>die</strong></span> <span class='ocrx_word' id='word_1_640' title='bbox 2356 4337 2659 4394; x_wconf 86' lang='lat' dir='ltr'><strong>morituris</strong></span> <span class='ocrx_word' id='word_1_641' title='bbox 2698 4338 2810 4410; x_wconf 90' lang='lat' dir='ltr'><strong>(vel</strong></span> <span class='ocrx_word' id='word_1_642' title='bbox 2866 4337 2992 4393; x_wconf 84' lang='lat' dir='ltr'><strong>alia</strong></span> <span class='ocrx_word' id='word_1_643' title='bbox 3047 4339 3422 4411; x_wconf 75' lang='lat' dir='ltr'><strong>demorituris)</strong></span> <span class='ocrx_word' id='word_1_644' title='bbox 3452 4341 3659 4397; x_wconf 89' lang='lat' dir='ltr'><strong>Socor-</strong></span> 
     </span>
    </p>
   </div>
   <div class='ocr_carea' id='block_1_94' title="bbox 2012 4425 3660 4498">
    <p class='ocr_par' dir='ltr' id='par_1_94' title="bbox 2012 4425 3660 4498">
     <span class='ocr_line' id='line_1_94' title="bbox 2012 4425 3660 4498; baseline 0.001 -17"><span class='ocrx_word' id='word_1_645' title='bbox 2012 4425 2129 4497; x_wconf 90' lang='lat' dir='ltr'><strong>dio,</strong></span> <span class='ocrx_word' id='word_1_646' title='bbox 2164 4430 2219 4481; x_wconf 90' lang='lat' dir='ltr'><strong>et</strong></span> <span class='ocrx_word' id='word_1_647' title='bbox 2248 4425 2513 4494; x_wconf 89' lang='lat' dir='ltr'><strong>Denatio,</strong></span> <span class='ocrx_word' id='word_1_648' title='bbox 2547 4431 2605 4481; x_wconf 92' lang='lat' dir='ltr'><strong>et</strong></span> <span class='ocrx_word' id='word_1_649' title='bbox 2636 4427 3046 4498; x_wconf 86' lang='lat' dir='ltr'><strong>Asclopiodoto</strong></span> <span class='ocrx_word' id='word_1_650' title='bbox 3088 4428 3596 4486; x_wconf 86' lang='lat' dir='ltr'><strong>subministratur.</strong></span> <span class='ocrx_word' id='word_1_651' title='bbox 3630 4450 3660 4482; x_wconf 72' lang='grc' dir='ltr'><strong>η</strong></span> 
     </span>
    </p>
   </div>
   <div class='ocr_carea' id='block_1_95' title="bbox 2015 4515 3662 4589">
    <p class='ocr_par' dir='ltr' id='par_1_95' title="bbox 2015 4515 3662 4589">
     <span class='ocr_line' id='line_1_95' title="bbox 2015 4515 3662 4589; baseline 0.003 -18"><span class='ocrx_word' id='word_1_652' title='bbox 2015 4518 2077 4571; x_wconf 94' lang='lat' dir='ltr'><strong>In</strong></span> <span class='ocrx_word' id='word_1_653' title='bbox 2109 4515 2465 4571; x_wconf 90' lang='lat' dir='ltr'><strong>editionibus</strong></span> <span class='ocrx_word' id='word_1_654' title='bbox 2516 4515 2767 4589; x_wconf 79' lang='lat' dir='ltr'><strong>Rigaltio</strong></span> <span class='ocrx_word' id='word_1_655' title='bbox 2816 4516 3233 4573; x_wconf 88' lang='lat' dir='ltr'><strong>vetustioribus</strong></span> <span class='ocrx_word' id='word_1_656' title='bbox 3265 4533 3280 4573; x_wconf 90' lang='lat'><strong>:</strong></span> <span class='ocrx_word' id='word_1_657' title='bbox 3316 4540 3345 4568; x_wconf 81' lang='lat'>»</span> <span class='ocrx_word' id='word_1_658' title='bbox 3374 4519 3532 4575; x_wconf 90' lang='lat' dir='ltr'><strong>Alias</strong></span> <span class='ocrx_word' id='word_1_659' title='bbox 3562 4521 3662 4577; x_wconf 91' lang='lat' dir='ltr'><strong>de-</strong></span> 
     </span>
    </p>
   </div>
   <div class='ocr_carea' id='block_1_96' title="bbox 260 4603 1919 4699">
    <p class='ocr_par' dir='ltr' id='par_1_96' title="bbox 260 4603 1903 4699">
     <span class='ocr_line' id='line_1_96' title="bbox 260 4603 1903 4699; baseline -0.003 -16"><span class='ocrx_word' id='word_1_660' title='bbox 260 4628 364 4683; x_wconf 92' lang='lat' dir='ltr'><strong>lib.</strong></span> <span class='ocrx_word' id='word_1_661' title='bbox 397 4645 437 4699; x_wconf 82' lang='grc' dir='ltr'>ι,</span> <span class='ocrx_word' id='word_1_662' title='bbox 470 4603 585 4699; x_wconf 63' lang='lat'><strong>3,31</strong></span> <span class='ocrx_word' id='word_1_663' title='bbox 622 4631 679 4682; x_wconf 91' lang='lat' dir='ltr'><strong>et</strong></span> <span class='ocrx_word' id='word_1_664' title='bbox 710 4626 812 4681; x_wconf 77' lang='lat'><strong>105</strong></span> <span class='ocrx_word' id='word_1_665' title='bbox 844 4603 1161 4695; x_wconf 81' lang='lat' dir='ltr'><strong>;Pausan.,</strong></span> <span class='ocrx_word' id='word_1_666' title='bbox 1191 4625 1292 4681; x_wconf 88' lang='lat' dir='ltr'><strong>lib.</strong></span> <span class='ocrx_word' id='word_1_667' title='bbox 1328 4643 1366 4695; x_wconf 82' lang='grc' dir='ltr'>ι,</span> <span class='ocrx_word' id='word_1_668' title='bbox 1408 4642 1541 4697; x_wconf 86' lang='lat' dir='ltr'><strong>pag.</strong></span> <span class='ocrx_word' id='word_1_669' title='bbox 1595 4603 1661 4680; x_wconf 66' lang='lat' dir='ltr'><strong>it</strong></span> <span class='ocrx_word' id='word_1_670' title='bbox 1713 4630 1769 4680; x_wconf 89' lang='lat' dir='ltr'><strong>et</strong></span> <span class='ocrx_word' id='word_1_671' title='bbox 1801 4626 1903 4693; x_wconf 82' lang='lat'><strong>17;</strong></span> 
     </span>
    </p>
   </div>
   <div class='ocr_carea' id='block_1_97' title="bbox 2014 4603 3668 4699">
    <p class='ocr_par' dir='ltr' id='par_1_97' title="bbox 2016 4603 3668 4679">
     <span class='ocr_line' id='line_1_97' title="bbox 2016 4603 3668 4679; baseline 0.004 -19"><span class='ocrx_word' id='word_1_672' title='bbox 2016 4604 2319 4660; x_wconf 91' lang='lat' dir='ltr'><strong>morituris</strong></span> <span class='ocrx_word' id='word_1_673' title='bbox 2351 4603 2613 4660; x_wconf 89' lang='lat' dir='ltr'><strong>Socordii</strong></span> <span class='ocrx_word' id='word_1_674' title='bbox 2642 4608 2700 4660; x_wconf 89' lang='lat' dir='ltr'><strong>et</strong></span> <span class='ocrx_word' id='word_1_675' title='bbox 2728 4605 2956 4660; x_wconf 89' lang='lat' dir='ltr'><strong>Denatii</strong></span> <span class='ocrx_word' id='word_1_676' title='bbox 3004 4611 3061 4661; x_wconf 90' lang='lat' dir='ltr'><strong>et</strong></span> <span class='ocrx_word' id='word_1_677' title='bbox 3108 4604 3500 4679; x_wconf 83' lang='lat' dir='ltr'><strong>Asclepiodoti</strong></span> <span class='ocrx_word' id='word_1_678' title='bbox 3532 4610 3668 4665; x_wconf 88' lang='lat' dir='ltr'><strong>sub-</strong></span> 
     </span>
    </p>
   </div>
   <div class='ocr_carea' id='block_1_98' title="bbox 262 4714 1906 4787">
    <p class='ocr_par' dir='ltr' id='par_1_98' title="bbox 262 4714 1906 4787">
     <span class='ocr_line' id='line_1_98' title="bbox 262 4714 1906 4787; baseline -0.002 -15"><span class='ocrx_word' id='word_1_679' title='bbox 262 4716 497 4773; x_wconf 91' lang='lat' dir='ltr'><strong>Lucian.</strong></span> <span class='ocrx_word' id='word_1_680' title='bbox 532 4717 688 4771; x_wconf 83' lang='lat' dir='ltr'><strong>Dial.</strong></span> <span class='ocrx_word' id='word_1_681' title='bbox 724 4714 850 4769; x_wconf 83' lang='lat' dir='ltr'><strong>Mat.</strong></span> <span class='ocrx_word' id='word_1_682' title='bbox 884 4722 934 4769; x_wconf 86' lang='lat' dir='ltr'><strong>et</strong></span> <span class='ocrx_word' id='word_1_683' title='bbox 962 4714 1164 4770; x_wconf 80' lang='lat' dir='ltr'><strong>Musar.</strong></span> <span class='ocrx_word' id='word_1_684' title='bbox 1215 4731 1346 4787; x_wconf 88' lang='lat' dir='ltr'><strong>pag.</strong></span> <span class='ocrx_word' id='word_1_685' title='bbox 1389 4715 1539 4785; x_wconf 90' lang='lat'><strong>973).</strong></span> <span class='ocrx_word' id='word_1_686' title='bbox 1588 4714 1768 4769; x_wconf 87' lang='lat' dir='ltr'><strong>Nobis</strong></span> <span class='ocrx_word' id='word_1_687' title='bbox 1801 4731 1906 4769; x_wconf 91' lang='lat' dir='ltr'><strong>au-</strong></span> 
     </span>
    </p>
   </div>
   <div class='ocr_carea' id='block_1_99' title="bbox 263 4804 1907 4877">
    <p class='ocr_par' dir='ltr' id='par_1_99' title="bbox 263 4804 1907 4877">
     <span class='ocr_line' id='line_1_99' title="bbox 263 4804 1907 4877; baseline -0.003 -14"><span class='ocrx_word' id='word_1_688' title='bbox 263 4813 381 4863; x_wconf 90' lang='lat' dir='ltr'><strong>tem</strong></span> <span class='ocrx_word' id='word_1_689' title='bbox 414 4805 643 4861; x_wconf 90' lang='lat' dir='ltr'><strong>facilius</strong></span> <span class='ocrx_word' id='word_1_690' title='bbox 676 4804 1017 4877; x_wconf 89' lang='lat' dir='ltr'><strong>probabitur</strong></span> <span class='ocrx_word' id='word_1_691' title='bbox 1042 4805 1119 4860; x_wconf 91' lang='lat' dir='ltr'><strong>ibi</strong></span> <span class='ocrx_word' id='word_1_692' title='bbox 1154 4821 1187 4859; x_wconf 90' lang='lat' dir='ltr'><strong>a</strong></span> <span class='ocrx_word' id='word_1_693' title='bbox 1216 4804 1581 4860; x_wconf 91' lang='lat' dir='ltr'><strong>Tertulliano</strong></span> <span class='ocrx_word' id='word_1_694' title='bbox 1612 4804 1907 4875; x_wconf 83' lang='lat' dir='ltr'><strong>designari</strong></span> 
     </span>
    </p>
   </div>
   <div class='ocr_carea' id='block_1_100' title="bbox 268 4893 1909 4966">
    <p class='ocr_par' dir='ltr' id='par_1_100' title="bbox 268 4893 1909 4966">
     <span class='ocr_line' id='line_1_100' title="bbox 268 4893 1909 4966; baseline 0.001 -18"><span class='ocrx_word' id='word_1_695' title='bbox 268 4894 560 4966; x_wconf 90' lang='lat' dir='ltr'><strong>propriam</strong></span> <span class='ocrx_word' id='word_1_696' title='bbox 621 4911 687 4950; x_wconf 92' lang='lat' dir='ltr'><strong>ac</strong></span> <span class='ocrx_word' id='word_1_697' title='bbox 759 4893 1177 4966; x_wconf 90' lang='lat' dir='ltr'><strong>municipalem</strong></span> <span class='ocrx_word' id='word_1_698' title='bbox 1234 4894 1438 4948; x_wconf 64' lang='lat' dir='ltr'><strong>Africa:</strong></span> <span class='ocrx_word' id='word_1_699' title='bbox 1488 4895 1677 4963; x_wconf 89' lang='lat' dir='ltr'><strong>deam,</strong></span> <span class='ocrx_word' id='word_1_700' title='bbox 1731 4910 1909 4966; x_wconf 88' lang='lat' dir='ltr'><strong>quam</strong></span> 
     </span>
    </p>
   </div>
   <div class='ocr_carea' id='block_1_101' title="bbox 268 4981 1908 5054">
    <p class='ocr_par' dir='ltr' id='par_1_101' title="bbox 268 4981 1908 5054">
     <span class='ocr_line' id='line_1_101' title="bbox 268 4981 1908 5054; baseline 0.001 -19"><span class='ocrx_word' id='word_1_701' title='bbox 268 4981 442 5053; x_wconf 89' lang='lat' dir='ltr'><strong>paulo</strong></span> <span class='ocrx_word' id='word_1_702' title='bbox 481 4990 612 5054; x_wconf 88' lang='lat' dir='ltr'><strong>post</strong></span> <span class='ocrx_word' id='word_1_703' title='bbox 658 4984 717 5038; x_wconf 92' lang='lat' dir='ltr'><strong>in</strong></span> <span class='ocrx_word' id='word_1_704' title='bbox 757 4984 947 5039; x_wconf 86' lang='lat' dir='ltr'><strong>Africa</strong></span> <span class='ocrx_word' id='word_1_705' title='bbox 995 4982 1105 5038; x_wconf 91' lang='lat' dir='ltr'><strong>coli</strong></span> <span class='ocrx_word' id='word_1_706' title='bbox 1148 4982 1495 5037; x_wconf 83' lang='lat' dir='ltr'><strong>testiﬁcatur</strong></span> <span class='ocrx_word' id='word_1_707' title='bbox 1538 4982 1908 5053; x_wconf 90' lang='lat' dir='ltr'><strong>(Tertullian.</strong></span> 
     </span>
    </p>
   </div>
   <div class='ocr_carea' id='block_1_102' title="bbox 270 5071 1909 5142">
    <p class='ocr_par' dir='ltr' id='par_1_102' title="bbox 270 5071 1909 5142">
     <span class='ocr_line' id='line_1_102' title="bbox 270 5071 1909 5142; baseline 0.001 -18"><span class='ocrx_word' id='word_1_708' title='bbox 270 5071 539 5140; x_wconf 83' lang='lat' dir='ltr'><strong>Apologet.</strong></span> <span class='ocrx_word' id='word_1_709' title='bbox 574 5088 699 5141; x_wconf 88' lang='lat' dir='ltr'><strong>cap.</strong></span> <span class='ocrx_word' id='word_1_710' title='bbox 730 5074 822 5142; x_wconf 82' lang='grc'><strong>24,</strong></span> <span class='ocrx_word' id='word_1_711' title='bbox 855 5072 964 5128; x_wconf 92' lang='lat' dir='ltr'><strong>col.</strong></span> <span class='ocrx_word' id='word_1_712' title='bbox 998 5073 1147 5141; x_wconf 89' lang='grc'>416).</span> <span class='ocrx_word' id='word_1_713' title='bbox 1189 5071 1554 5142; x_wconf 87' lang='lat' dir='ltr'><strong>Augustinus</strong></span> <span class='ocrx_word' id='word_1_714' title='bbox 1585 5072 1635 5126; x_wconf 90' lang='lat' dir='ltr'><strong>si</strong></span> <span class='ocrx_word' id='word_1_715' title='bbox 1673 5072 1909 5142; x_wconf 89' lang='lat' dir='ltr'><strong>quidem</strong></span> 
     </span>
    </p>
   </div>
   <div class='ocr_carea' id='block_1_103' title="bbox 270 5159 1912 5229">
    <p class='ocr_par' dir='ltr' id='par_1_103' title="bbox 270 5159 1912 5229">
     <span class='ocr_line' id='line_1_103' title="bbox 270 5159 1912 5229; baseline 0 -16"><span class='ocrx_word' id='word_1_716' title='bbox 270 5159 437 5213; x_wconf 87' lang='lat' dir='ltr'><strong>testis</strong></span> <span class='ocrx_word' id='word_1_717' title='bbox 470 5161 671 5229; x_wconf 92' lang='lat' dir='ltr'><strong>utique</strong></span> <span class='ocrx_word' id='word_1_718' title='bbox 701 5161 989 5229; x_wconf 87' lang='lat' dir='ltr'><strong>oculatus,</strong></span> <span class='ocrx_word' id='word_1_719' title='bbox 1040 5162 1110 5215; x_wconf 91' lang='lat' dir='ltr'><strong>de</strong></span> <span class='ocrx_word' id='word_1_720' title='bbox 1152 5159 1251 5213; x_wconf 88' lang='lat' dir='ltr'><strong>illa</strong></span> <span class='ocrx_word' id='word_1_721' title='bbox 1302 5160 1409 5213; x_wconf 88' lang='lat' dir='ltr'><strong>dea</strong></span> <span class='ocrx_word' id='word_1_722' title='bbox 1451 5159 1572 5213; x_wconf 78' lang='lat' dir='ltr'><strong>haec</strong></span> <span class='ocrx_word' id='word_1_723' title='bbox 1620 5161 1912 5214; x_wconf 76' lang='lat' dir='ltr'><strong>memoriae</strong></span> 
     </span>
    </p>
   </div>
   <div class='ocr_carea' id='block_1_104' title="bbox 274 5247 1913 5320">
    <p class='ocr_par' dir='ltr' id='par_1_104' title="bbox 274 5247 1913 5320">
     <span class='ocr_line' id='line_1_104' title="bbox 274 5247 1913 5320; baseline 0.002 -19"><span class='ocrx_word' id='word_1_724' title='bbox 274 5247 528 5320; x_wconf 89' lang='lat' dir='ltr'><strong>prodidit</strong></span> <span class='ocrx_word' id='word_1_725' title='bbox 562 5264 574 5301; x_wconf 88' lang='lat'><strong>:</strong></span> <span class='ocrx_word' id='word_1_726' title='bbox 607 5270 635 5297; x_wconf 84' lang='lat'><strong>«</strong></span> <span class='ocrx_word' id='word_1_727' title='bbox 668 5247 1059 5305; x_wconf 88' lang='lat' dir='ltr'><strong>Veniebamus</strong></span> <span class='ocrx_word' id='word_1_728' title='bbox 1091 5266 1196 5305; x_wconf 91' lang='lat' dir='ltr'><strong>nos</strong></span> <span class='ocrx_word' id='word_1_729' title='bbox 1229 5248 1544 5319; x_wconf 87' lang='lat' dir='ltr'><strong>aliquando</strong></span> <span class='ocrx_word' id='word_1_730' title='bbox 1577 5248 1913 5304; x_wconf 86' lang='lat' dir='ltr'><strong>adolescen-</strong></span> 
     </span>
    </p>
   </div>
   <div class='ocr_carea' id='block_1_105' title="bbox 273 5336 1915 5408">
    <p class='ocr_par' dir='ltr' id='par_1_105' title="bbox 273 5336 1915 5408">
     <span class='ocr_line' id='line_1_105' title="bbox 273 5336 1915 5408; baseline 0.001 -17"><span class='ocrx_word' id='word_1_731' title='bbox 273 5343 363 5392; x_wconf 90' lang='lat' dir='ltr'><strong>tes</strong></span> <span class='ocrx_word' id='word_1_732' title='bbox 395 5338 465 5391; x_wconf 90' lang='lat' dir='ltr'><strong>ad</strong></span> <span class='ocrx_word' id='word_1_733' title='bbox 500 5336 835 5408; x_wconf 90' lang='lat' dir='ltr'><strong>spectacula</strong></span> <span class='ocrx_word' id='word_1_734' title='bbox 880 5337 1249 5406; x_wconf 89' lang='lat' dir='ltr'><strong>ludibriaque</strong></span> <span class='ocrx_word' id='word_1_735' title='bbox 1298 5336 1738 5408; x_wconf 87' lang='lat' dir='ltr'><strong>sacrilegorum.</strong></span> <span class='ocrx_word' id='word_1_736' title='bbox 1773 5338 1915 5408; x_wconf 90' lang='lat' dir='ltr'><strong>Spe-</strong></span> 
     </span>
    </p>
   </div>
   <div class='ocr_carea' id='block_1_106' title="bbox 274 5424 1915 5497">
    <p class='ocr_par' dir='ltr' id='par_1_106' title="bbox 274 5424 1915 5497">
     <span class='ocr_line' id='line_1_106' title="bbox 274 5424 1915 5497; baseline -0.001 -14"><span class='ocrx_word' id='word_1_737' title='bbox 274 5427 579 5483; x_wconf 89' lang='lat' dir='ltr'><strong>ctabamus</strong></span> <span class='ocrx_word' id='word_1_738' title='bbox 613 5424 964 5495; x_wconf 88' lang='lat' dir='ltr'><strong>arreptitios,</strong></span> <span class='ocrx_word' id='word_1_739' title='bbox 998 5425 1382 5481; x_wconf 91' lang='lat' dir='ltr'><strong>audiebamus</strong></span> <span class='ocrx_word' id='word_1_740' title='bbox 1430 5425 1915 5497; x_wconf 83' lang='lat' dir='ltr'><strong>symphoniacos;</strong></span> 
     </span>
    </p>
   </div>
   <div class='ocr_carea' id='block_1_107' title="bbox 275 5512 1919 5586">
    <p class='ocr_par' dir='ltr' id='par_1_107' title="bbox 275 5512 1919 5586">
     <span class='ocr_line' id='line_1_107' title="bbox 275 5512 1919 5586; baseline -0.002 -14"><span class='ocrx_word' id='word_1_741' title='bbox 275 5512 947 5586; x_wconf 86' lang='lat' dir='ltr'><strong>1udisturpissimis,qui</strong></span> <span class='ocrx_word' id='word_1_742' title='bbox 979 5512 1446 5585; x_wconf 88' lang='lat' dir='ltr'><strong>diisdeabusque</strong></span> <span class='ocrx_word' id='word_1_743' title='bbox 1475 5513 1919 5584; x_wconf 88' lang='lat' dir='ltr'><strong>exhibebantur;</strong></span> 
     </span>
    </p>
   </div>
   <div class='ocr_carea' id='block_1_108' title="bbox 282 5601 1923 5675">
    <p class='ocr_par' dir='ltr' id='par_1_108' title="bbox 282 5601 1923 5675">
     <span class='ocr_line' id='line_1_108' title="bbox 282 5601 1923 5675; baseline -0.001 -14"><span class='ocrx_word' id='word_1_744' title='bbox 282 5604 739 5670; x_wconf 90' lang='lat' dir='ltr'><strong>oblectabamur,</strong></span> <span class='ocrx_word' id='word_1_745' title='bbox 780 5602 1009 5658; x_wconf 75' lang='lat' dir='ltr'><strong>leesti</strong></span> <span class='ocrx_word' id='word_1_746' title='bbox 1053 5601 1262 5675; x_wconf 90' lang='lat' dir='ltr'><strong>virgini</strong></span> <span class='ocrx_word' id='word_1_747' title='bbox 1300 5606 1357 5657; x_wconf 92' lang='lat' dir='ltr'><strong>et</strong></span> <span class='ocrx_word' id='word_1_748' title='bbox 1410 5602 1763 5674; x_wconf 73' lang='lat' dir='ltr'><strong>Berecyntiae</strong></span> <span class='ocrx_word' id='word_1_749' title='bbox 1807 5620 1923 5660; x_wconf 60' lang='lat' dir='ltr'><strong>mae</strong></span> 
     </span>
    </p>
   </div>
   <div class='ocr_carea' id='block_1_109' title="bbox 283 5690 1919 5767">
    <p class='ocr_par' dir='ltr' id='par_1_109' title="bbox 283 5690 1919 5767">
     <span class='ocr_line' id='line_1_109' title="bbox 283 5690 1919 5767; baseline -0.002 -15"><span class='ocrx_word' id='word_1_750' title='bbox 283 5695 361 5752; x_wconf 90' lang='lat' dir='ltr'><strong>tri</strong></span> <span class='ocrx_word' id='word_1_751' title='bbox 388 5693 679 5752; x_wconf 90' lang='lat' dir='ltr'><strong>omnium.</strong></span> <span class='ocrx_word' id='word_1_752' title='bbox 737 5715 765 5743; x_wconf 88' lang='lat'>»</span> <span class='ocrx_word' id='word_1_753' title='bbox 829 5694 1098 5767; x_wconf 80' lang='lat' dir='ltr'><strong>(August.</strong></span> <span class='ocrx_word' id='word_1_754' title='bbox 1160 5690 1262 5749; x_wconf 90' lang='lat' dir='ltr'><strong>lib.</strong></span> <span class='ocrx_word' id='word_1_755' title='bbox 1323 5709 1362 5746; x_wconf 79' lang='grc' dir='ltr'><strong><em>ιι</em></strong></span> <span class='ocrx_word' id='word_1_756' title='bbox 1420 5692 1671 5749; x_wconf 83' lang='lat' dir='ltr'><strong>deCivit.</strong></span> <span class='ocrx_word' id='word_1_757' title='bbox 1705 5709 1832 5766; x_wconf 91' lang='lat' dir='ltr'><strong>cap.</strong></span> <span class='ocrx_word' id='word_1_758' title='bbox 1866 5693 1919 5764; x_wconf 86' lang='grc'><strong>4,</strong></span> 
     </span>
    </p>
   </div>
   <div class='ocr_carea' id='block_1_110' title="bbox 2020 4692 3669 4768">
    <p class='ocr_par' dir='ltr' id='par_1_110' title="bbox 2020 4692 3669 4768">
     <span class='ocr_line' id='line_1_110' title="bbox 2020 4692 3669 4768; baseline 0.003 -19"><span class='ocrx_word' id='word_1_759' title='bbox 2020 4692 2386 4749; x_wconf 89' lang='lat' dir='ltr'><strong>ministrator</strong></span> <span class='ocrx_word' id='word_1_760' title='bbox 2436 4715 2464 4742; x_wconf 86' lang='lat'>»</span> <span class='ocrx_word' id='word_1_761' title='bbox 2527 4694 2815 4764; x_wconf 81' lang='lat' dir='ltr'><strong>(Dissertat</strong></span> <span class='ocrx_word' id='word_1_762' title='bbox 2863 4695 2923 4749; x_wconf 87' lang='lat' dir='ltr'><strong>in</strong></span> <span class='ocrx_word' id='word_1_763' title='bbox 2964 4694 3165 4751; x_wconf 85' lang='lat' dir='ltr'><strong>Arnob.</strong></span> <span class='ocrx_word' id='word_1_764' title='bbox 3222 4713 3347 4767; x_wconf 89' lang='lat' dir='ltr'><strong>cap.</strong></span> <span class='ocrx_word' id='word_1_765' title='bbox 3378 4698 3435 4765; x_wconf 89' lang='lat'><strong>9,</strong></span> <span class='ocrx_word' id='word_1_766' title='bbox 3467 4702 3576 4753; x_wconf 89' lang='lat' dir='ltr'><strong>art.</strong></span> <span class='ocrx_word' id='word_1_767' title='bbox 3607 4699 3669 4768; x_wconf 86' lang='lat'><strong>2,</strong></span> 
     </span>
    </p>
   </div>
   <div class='ocr_carea' id='block_1_111' title="bbox 2018 4783 3668 4855">
    <p class='ocr_par' dir='ltr' id='par_1_111' title="bbox 2018 4783 3668 4855">
     <span class='ocr_line' id='line_1_111' title="bbox 2018 4783 3668 4855; baseline 0.004 -18"><span class='ocrx_word' id='word_1_768' title='bbox 2018 4788 2075 4838; x_wconf 92' lang='lat' dir='ltr'><strong>et</strong></span> <span class='ocrx_word' id='word_1_769' title='bbox 2104 4785 2164 4837; x_wconf 87' lang='lat' dir='ltr'><strong>in</strong></span> <span class='ocrx_word' id='word_1_770' title='bbox 2214 4784 2464 4838; x_wconf 82' lang='lat' dir='ltr'><strong>Lactant.</strong></span> <span class='ocrx_word' id='word_1_771' title='bbox 2516 4799 2643 4854; x_wconf 91' lang='lat' dir='ltr'><strong>cap.</strong></span> <span class='ocrx_word' id='word_1_772' title='bbox 2697 4783 2787 4837; x_wconf 92' lang='lat'><strong>30.</strong></span> <span class='ocrx_word' id='word_1_773' title='bbox 2840 4787 2950 4838; x_wconf 90' lang='lat' dir='ltr'><strong>art.</strong></span> <span class='ocrx_word' id='word_1_774' title='bbox 2993 4784 3071 4855; x_wconf 90' lang='lat'><strong>5).</strong></span> <span class='ocrx_word' id='word_1_775' title='bbox 3104 4784 3242 4849; x_wconf 88' lang='lat' dir='ltr'><strong>Quis</strong></span> <span class='ocrx_word' id='word_1_776' title='bbox 3298 4791 3493 4843; x_wconf 87' lang='lat' dir='ltr'><strong>autem</strong></span> <span class='ocrx_word' id='word_1_777' title='bbox 3551 4804 3668 4844; x_wconf 92' lang='lat' dir='ltr'><strong>non</strong></span> 
     </span>
    </p>
   </div>
   <div class='ocr_carea' id='block_1_112' title="bbox 2023 4872 3668 4950">
    <p class='ocr_par' dir='ltr' id='par_1_112' title="bbox 2023 4872 3668 4950">
     <span class='ocr_line' id='line_1_112' title="bbox 2023 4872 3668 4950; baseline 0.005 -23"><span class='ocrx_word' id='word_1_778' title='bbox 2023 4874 2178 4928; x_wconf 90' lang='lat' dir='ltr'><strong>videt</strong></span> <span class='ocrx_word' id='word_1_779' title='bbox 2208 4872 2313 4927; x_wconf 90' lang='lat' dir='ltr'><strong>has</strong></span> <span class='ocrx_word' id='word_1_780' title='bbox 2343 4872 2603 4928; x_wconf 84' lang='lat' dir='ltr'><strong>diversas</strong></span> <span class='ocrx_word' id='word_1_781' title='bbox 2657 4872 2935 4930; x_wconf 84' lang='lat' dir='ltr'><strong>lectiones</strong></span> <span class='ocrx_word' id='word_1_782' title='bbox 2987 4890 3199 4947; x_wconf 86' lang='lat' dir='ltr'><strong>augere</strong></span> <span class='ocrx_word' id='word_1_783' title='bbox 3248 4876 3440 4947; x_wconf 89' lang='lat' dir='ltr'><strong>potius</strong></span> <span class='ocrx_word' id='word_1_784' title='bbox 3490 4893 3668 4950; x_wconf 90' lang='lat' dir='ltr'><strong>quam</strong></span> 
     </span>
    </p>
   </div>
   <div class='ocr_carea' id='block_1_113' title="bbox 2023 4962 3325 5019">
    <p class='ocr_par' dir='ltr' id='par_1_113' title="bbox 2023 4962 3325 5019">
     <span class='ocr_line' id='line_1_113' title="bbox 2023 4962 3325 5019; baseline -0.002 0"><span class='ocrx_word' id='word_1_785' title='bbox 2023 4963 2223 5019; x_wconf 90' lang='lat' dir='ltr'><strong>tollere</strong></span> <span class='ocrx_word' id='word_1_786' title='bbox 2254 4962 2662 5018; x_wconf 83' lang='lat' dir='ltr'><strong>difficultatem</strong></span> <span class='ocrx_word' id='word_1_787' title='bbox 2684 4964 2711 5017; x_wconf 86' lang='lat'><strong>?</strong></span> <span class='ocrx_word' id='word_1_788' title='bbox 3324 4984 3325 4987; x_wconf 48' lang='grc' dir='ltr'><strong>η</strong></span> 
     </span>
    </p>
   </div>
   <div class='ocr_carea' id='block_1_114' title="bbox 2093 5071 3666 5145">
    <p class='ocr_par' dir='ltr' id='par_1_114' title="bbox 2093 5071 3666 5145">
     <span class='ocr_line' id='line_1_114' title="bbox 2093 5071 3666 5145; baseline 0.003 -21"><span class='ocrx_word' id='word_1_789' title='bbox 2093 5071 2339 5137; x_wconf 88' lang='lat' dir='ltr'><strong>Quidam</strong></span> <span class='ocrx_word' id='word_1_790' title='bbox 2374 5075 2569 5125; x_wconf 90' lang='lat' dir='ltr'><strong>tamen</strong></span> <span class='ocrx_word' id='word_1_791' title='bbox 2604 5071 2983 5141; x_wconf 88' lang='lat' dir='ltr'><strong>suspicantur</strong></span> <span class='ocrx_word' id='word_1_792' title='bbox 3012 5072 3119 5128; x_wconf 89' lang='lat' dir='ltr'><strong>has</strong></span> <span class='ocrx_word' id='word_1_793' title='bbox 3168 5077 3528 5145; x_wconf 83' lang='lat' dir='ltr'><strong>agyrtarum,</strong></span> <span class='ocrx_word' id='word_1_794' title='bbox 3561 5089 3666 5129; x_wconf 88' lang='lat' dir='ltr'><strong>seu</strong></span> 
     </span>
    </p>
   </div>
   <div class='ocr_carea' id='block_1_115' title="bbox 2022 5160 3665 5233">
    <p class='ocr_par' dir='ltr' id='par_1_115' title="bbox 2022 5160 3665 5233">
     <span class='ocr_line' id='line_1_115' title="bbox 2022 5160 3665 5233; baseline 0.002 -18"><span class='ocrx_word' id='word_1_795' title='bbox 2022 5160 2536 5233; x_wconf 62' lang='lat' dir='ltr'><strong>prmstigiatorum,</strong></span> <span class='ocrx_word' id='word_1_796' title='bbox 2571 5160 2669 5231; x_wconf 92' lang='lat' dir='ltr'><strong>qui</strong></span> <span class='ocrx_word' id='word_1_797' title='bbox 2702 5160 3033 5233; x_wconf 65' lang='lat' dir='ltr'><strong>[Esculapio</strong></span> <span class='ocrx_word' id='word_1_798' title='bbox 3055 5178 3115 5217; x_wconf 89' lang='lat' dir='ltr'><strong>se</strong></span> <span class='ocrx_word' id='word_1_799' title='bbox 3146 5161 3482 5217; x_wconf 87' lang='lat' dir='ltr'><strong>ministrare</strong></span> <span class='ocrx_word' id='word_1_800' title='bbox 3503 5178 3665 5218; x_wconf 87' lang='lat' dir='ltr'><strong>men-</strong></span> 
     </span>
    </p>
   </div>
   <div class='ocr_carea' id='block_1_116' title="bbox 2024 5250 3665 5322">
    <p class='ocr_par' dir='ltr' id='par_1_116' title="bbox 2024 5250 3665 5322">
     <span class='ocr_line' id='line_1_116' title="bbox 2024 5250 3665 5322; baseline 0 -17"><span class='ocrx_word' id='word_1_801' title='bbox 2024 5250 2344 5317; x_wconf 87' lang='lat' dir='ltr'><strong>tiebantur,</strong></span> <span class='ocrx_word' id='word_1_802' title='bbox 2376 5265 2504 5304; x_wconf 85' lang='lat' dir='ltr'><strong>esse</strong></span> <span class='ocrx_word' id='word_1_803' title='bbox 2533 5266 2723 5317; x_wconf 89' lang='lat' dir='ltr'><strong>voces,</strong></span> <span class='ocrx_word' id='word_1_804' title='bbox 2769 5268 2915 5321; x_wconf 89' lang='lat' dir='ltr'><strong>quas</strong></span> <span class='ocrx_word' id='word_1_805' title='bbox 2948 5257 3137 5307; x_wconf 83' lang='lat' dir='ltr'><strong>tacere</strong></span> <span class='ocrx_word' id='word_1_806' title='bbox 3185 5251 3370 5306; x_wconf 89' lang='lat' dir='ltr'><strong>satius</strong></span> <span class='ocrx_word' id='word_1_807' title='bbox 3420 5251 3665 5322; x_wconf 84' lang='lat' dir='ltr'><strong>ducunt,</strong></span> 
     </span>
    </p>
   </div>
   <div class='ocr_carea' id='block_1_117' title="bbox 2025 5336 3665 5410">
    <p class='ocr_par' dir='ltr' id='par_1_117' title="bbox 2025 5336 3665 5410">
     <span class='ocr_line' id='line_1_117' title="bbox 2025 5336 3665 5410; baseline 0.001 -17"><span class='ocrx_word' id='word_1_808' title='bbox 2025 5356 2199 5408; x_wconf 89' lang='lat' dir='ltr'><strong>quam</strong></span> <span class='ocrx_word' id='word_1_809' title='bbox 2234 5338 2292 5391; x_wconf 92' lang='lat' dir='ltr'><strong>in</strong></span> <span class='ocrx_word' id='word_1_810' title='bbox 2324 5336 2398 5392; x_wconf 87' lang='lat' dir='ltr'><strong>iis</strong></span> <span class='ocrx_word' id='word_1_811' title='bbox 2428 5337 2789 5410; x_wconf 83' lang='lat' dir='ltr'><strong>explicandis</strong></span> <span class='ocrx_word' id='word_1_812' title='bbox 2822 5355 2943 5393; x_wconf 84' lang='lat' dir='ltr'><strong>risu</strong></span> <span class='ocrx_word' id='word_1_813' title='bbox 3009 5339 3246 5410; x_wconf 88' lang='lat' dir='ltr'><strong>dignam</strong></span> <span class='ocrx_word' id='word_1_814' title='bbox 3292 5344 3350 5393; x_wconf 92' lang='lat' dir='ltr'><strong>et</strong></span> <span class='ocrx_word' id='word_1_815' title='bbox 3397 5338 3665 5394; x_wconf 89' lang='lat' dir='ltr'><strong>inutilem</strong></span> 
     </span>
    </p>
   </div>
   <div class='ocr_carea' id='block_1_118' title="bbox 2030 5425 3671 5498">
    <p class='ocr_par' dir='ltr' id='par_1_118' title="bbox 2030 5425 3671 5498">
     <span class='ocr_line' id='line_1_118' title="bbox 2030 5425 3671 5498; baseline 0.001 -16"><span class='ocrx_word' id='word_1_816' title='bbox 2030 5428 2269 5498; x_wconf 89' lang='lat' dir='ltr'><strong>perdere</strong></span> <span class='ocrx_word' id='word_1_817' title='bbox 2300 5442 2559 5497; x_wconf 86' lang='lat' dir='ltr'><strong>operam.</strong></span> <span class='ocrx_word' id='word_1_818' title='bbox 2594 5427 2703 5481; x_wconf 76' lang='lat' dir='ltr'><strong>Alii</strong></span> <span class='ocrx_word' id='word_1_819' title='bbox 2733 5431 2973 5482; x_wconf 88' lang='lat' dir='ltr'><strong>censent</strong></span> <span class='ocrx_word' id='word_1_820' title='bbox 3025 5425 3265 5481; x_wconf 86' lang='lat' dir='ltr'><strong>nomina</strong></span> <span class='ocrx_word' id='word_1_821' title='bbox 3310 5425 3487 5483; x_wconf 91' lang='lat' dir='ltr'><strong>trium</strong></span> <span class='ocrx_word' id='word_1_822' title='bbox 3540 5428 3671 5483; x_wconf 73' lang='lat' dir='ltr'><strong>esse</strong></span> 
     </span>
    </p>
   </div>
   <div class='ocr_carea' id='block_1_119' title="bbox 2031 5513 3671 5586">
    <p class='ocr_par' dir='ltr' id='par_1_119' title="bbox 2031 5513 3671 5586">
     <span class='ocr_line' id='line_1_119' title="bbox 2031 5513 3671 5586; baseline 0.001 -16"><span class='ocrx_word' id='word_1_823' title='bbox 2031 5515 2357 5581; x_wconf 90' lang='lat' dir='ltr'><strong>hominum,</strong></span> <span class='ocrx_word' id='word_1_824' title='bbox 2403 5516 2619 5586; x_wconf 91' lang='lat' dir='ltr'><strong>quibus</strong></span> <span class='ocrx_word' id='word_1_825' title='bbox 2686 5513 3053 5586; x_wconf 66' lang='lat' dir='ltr'><strong>xEsculapius</strong></span> <span class='ocrx_word' id='word_1_826' title='bbox 3113 5515 3243 5569; x_wconf 67' lang='lat' dir='ltr'><strong>vitae</strong></span> <span class='ocrx_word' id='word_1_827' title='bbox 3311 5515 3671 5572; x_wconf 90' lang='lat' dir='ltr'><strong>curriculum</strong></span> 
     </span>
    </p>
   </div>
   <div class='ocr_carea' id='block_1_120' title="bbox 2034 5602 3672 5679">
    <p class='ocr_par' dir='ltr' id='par_1_120' title="bbox 2034 5602 3672 5679">
     <span class='ocr_line' id='line_1_120' title="bbox 2034 5602 3672 5679; baseline 0.002 -20"><span class='ocrx_word' id='word_1_828' title='bbox 2034 5603 2207 5677; x_wconf 91' lang='lat' dir='ltr'><strong>paulo</strong></span> <span class='ocrx_word' id='word_1_829' title='bbox 2239 5608 2371 5660; x_wconf 88' lang='lat' dir='ltr'><strong>ante</strong></span> <span class='ocrx_word' id='word_1_830' title='bbox 2402 5604 2749 5675; x_wconf 82' lang='lat' dir='ltr'><strong>produxisse</strong></span> <span class='ocrx_word' id='word_1_831' title='bbox 2798 5602 3108 5658; x_wconf 78' lang='lat' dir='ltr'><strong>ferebatur.</strong></span> <span class='ocrx_word' id='word_1_832' title='bbox 3142 5603 3253 5659; x_wconf 85' lang='lat' dir='ltr'><strong>Sed</strong></span> <span class='ocrx_word' id='word_1_833' title='bbox 3302 5604 3427 5679; x_wconf 70' lang='lat' dir='ltr'><strong>hinc</strong></span> <span class='ocrx_word' id='word_1_834' title='bbox 3472 5605 3672 5677; x_wconf 86' lang='lat' dir='ltr'><strong>aliqua</strong></span> 
     </span>
    </p>
   </div>
   <div class='ocr_carea' id='block_1_121' title="bbox 2032 5691 3671 5771">
    <p class='ocr_par' dir='ltr' id='par_1_121' title="bbox 2032 5691 3671 5771">
     <span class='ocr_line' id='line_1_121' title="bbox 2032 5691 3671 5771; baseline 0.002 -19"><span class='ocrx_word' id='word_1_835' title='bbox 2032 5693 2241 5752; x_wconf 87' lang='lat' dir='ltr'><strong>saltem</strong></span> <span class='ocrx_word' id='word_1_836' title='bbox 2291 5693 2516 5749; x_wconf 90' lang='lat' dir='ltr'><strong>ratione</strong></span> <span class='ocrx_word' id='word_1_837' title='bbox 2556 5691 2893 5749; x_wconf 84' lang='lat' dir='ltr'><strong>conﬁrmari</strong></span> <span class='ocrx_word' id='word_1_838' title='bbox 2952 5691 3262 5752; x_wconf 85' lang='lat' dir='ltr'><strong>debebant.</strong></span> <span class='ocrx_word' id='word_1_839' title='bbox 3323 5693 3433 5752; x_wconf 85' lang='lat' dir='ltr'><strong>Alii</strong></span> <span class='ocrx_word' id='word_1_840' title='bbox 3497 5700 3671 5771; x_wconf 85' lang='lat' dir='ltr'><strong>porro</strong></span> 
     </span>
    </p>
   </div>
  </div>
