4158 6336
471 317 588 376 975

987 302 1511 371 TERTULLIANI
1558 301 1878 364 OPERUM
1925 297 2120 359 PARS
2167 299 2204 358 I.
2246 328 2323 339 —
2353 292 2624 355 SERIES
2667 293 2715 365 Ι,
2761 291 3322 354 APOLOGE’I‘ICA.

3757 293 3883 354 9'16

473 444 787 514 epinantur
816 438 928 494 tria
954 436 1054 492 illa
1082 450 1211 490 esse
1243 431 1480 488 nomina
1510 428 1844 495 herbarum,
1896 427 2109 498 quibus
2142 434 2193 498 Α
2221 423 2450 478 tulliani
2481 421 2694 489 locum,
2729 421 2890 476 nulla
2921 428 3056 476 nota
3086 421 3242 476 varia
3270 421 3878 492 lectione,emendare

475 513 663 586 morbi
695 525 904 600 depelli
934 525 1222 597 poterant.
1273 518 1499 575 Plinius
1548 517 1705 573 enim
1754 515 1910 570 inter
1951 513 2113 569 varia

477 619 739 674 antidota
797 618 1056 671 recenset
1085 610 1384 676 scordotin,
1427 607 1511 662 uti
1542 605 1639 661 ille
1669 606 1770 672 ait,
1817 604 1936 659 sive
1963 619 2110 658 scor-

472 707 622 763 dion.
659 703 924 775 (Plinius,
949 701 1052 756 lib.
1084 717 1126 755 ιι
1157 701 1352 755 Natur.
1387 699 1514 751 hist.
1548 711 1673 765 cap.
1705 694 1760 760 6,
1787 708 1916 764 pag.
1960 692 2106 758 395).

468 795 619 852 Alibi
649 810 781 849 vero
811 791 1016 847 scribit
1045 788 1195 843 hanc
1224 786 1465 840 herbam
1497 783 1568 838 ad
1600 779 1926 851 complures
1959 795 2108 834 mor-

470 884 575 940 bos
605 880 985 940 removendos
1014 892 1142 934 esse
1173 873 1374 930 utilem
1405 873 1610 943 (Idem,
1641 869 1742 924 lib.
1774 885 1928 934 xxvr,
1977 883 2103 938 cap.

464 973 522 1042 7,
552 987 686 1044 pag.
719 970 808 1037 41,
842 972 898 1024 et
923 983 1049 1038 cap.
1101 968 1154 1031 8,
1187 978 1318 1034 pag.
1356 962 1479 1026 471,
1542 964 1599 1015 et
1628 975 1754 1030 cap.
1820 957 1906 1023 10,
1969 971 2101 1026 pag.

465 1059 688 1130 475).Αι
715 1055 860 1110 illud
892 1051 1083 1109 omitti
1106 1049 1306 1122 procul
1338 1048 1515 1102 dubio
1537 1063 1650 1101 non
1673 1044 2103 1114 debebat,quod

463 1146 603 1204 alibi
636 1145 828 1202 adhuc
865 1142 1058 1199 dixit:
1094 1160 1120 1192 α
1184 1139 1395 1194 Contra
1454 1135 1574 1190 haec
1634 1133 1832 1189 omnia
1883 1148 2104 1187 venena

464 1235 836 1306 magicaeque
869 1237 1023 1286 artes
1070 1229 1180 1282 erit
1230 1225 1486 1298 primum
1536 1222 1680 1277 illud
1733 1221 2100 1275 Homericum

462 1324 637 1396 moly,
671 1322 882 1378 deinde
914 1315 1338 1379 mithridation,
1372 1319 1429 1368 et
1459 1310 1831 1376 scordotis,et
1859 1313 2101 1364 centau-

463 1415 589 1471 rion
622 1438 642 1465 ι
678 1412 882 1484 (Idem,
916 1409 1016 1462 lib.
1044 1422 1178 1474 xxv,
1209 1421 1336 1474 cap.
1373 1403 1456 1470 10,
1489 1416 1620 1472 pag.
1654 1400 1796 1468 412).

532 1518 890 1585 Quibusdam
922 1519 1118 1572 autem
1149 1511 1344 1567 visum
1374 1514 1462 1566 est
1487 1505 1838 1578 Asclepiodoti
1867 1504 2102 1559 nomine

462 1607 710 1666 indicari
759 1625 794 1663 a
836 1601 1190 1661 Tertulliano
1249 1596 1580 1668 Asclepion,
1637 1595 1707 1649 de
1763 1610 1877 1664 quo
1916 1592 2037 1647 haec
2069 1609 2102 1646 a

465 1698 651 1756 Plinio
709 1694 944 1767 scriptis
986 1691 1204 1748 tradita
1250 1687 1548 1759 legimus:
1593 1706 1620 1734 «
1670 1683 1924 1738 Panaces
1971 1682 2099 1752 ipso

466 1789 704 1844 nomine
751 1783 1014 1841 omnium
1074 1777 1410 1834 morborum
1468 1772 1723 1828 remedia
1796 1767 2098 1842 promittit,
2132 1805 2179 1869 Β

464 1889 847 1932 numerosum
869 1876 926 1927 et
947 1868 1059 1925 diis
1075 1863 1652 1935 adscriptum.Uuum
1676 1859 1888 1931 quippe
1913 1857 2103 1912 Ascle-

464 1964 602 2038 pion
634 1961 1080 2035 cognominatur
1115 1979 1135 2005 ι
1179 1955 1383 2024 (Idem,
1414 1950 1548 2007 Ibid.
1583 1949 1935 2038 cap.‘4,pag.
1952 1946 2099 2017 382),

464 2036 611 2110 887
649 2053 720 2108 ab
750 2046 1076 2118 [Esculapio
1094 2043 1364 2099 videlicet
1392 2039 1538 2095 falso
1576 2036 1936 2094 ethnicorum
1971 2036 2098 2101 deo,

461 2142 623 2198 illius
679 2140 1163 2203 demonstratore,
1223 2136 1323 2186 aut
1381 2130 1453 2185 ob
1504 2128 1634 2198 ejus
1695 2127 1968 2181 virtutem
2022 2124 2104 2178 ita

462 2230 772 2305 appellato.

532 2303 804 2392 Superest
825 2316 1062 2372 tertium
1095 2309 1394 2376 nomen,in
1419 2325 1533 2380 quo
1565 2305 1903 2378 explicando
1928 2303 2105 2358 haeret

465 2409 739 2467 omnibus
772 2423 940 2478 aqua.
975 2403 1078 2470 Qui
1105 2401 1261 2456 enim
1294 2400 1522 2454 Denalio
1539 2396 1760 2466 legunt,
1793 2395 2104 2450 autumant

465 2497 687 2571 aliquid
717 2493 998 2564 denotari,
1029 2491 1184 2563 quod
1207 2490 1332 2560 jam
1367 2486 1670 2542 morituris
1693 2482 1931 2555 praaberi
1955 2480 2102 2536 sole-

466 2589 586 2645 bat.
621 2586 730 2652 Qui
756 2601 888 2640 vero
920 2582 1109 2655 legere
1141 2577 1368 2634 malunt
1405 2575 1677 2642 Thenalio,
1728 2571 2106 2642 suspicantur

467 2680 627 2736 aliud
658 2675 992 2750 significari,
1026 2688 1141 2745 quo
1173 2670 1444 2742 spiritum
1479 2669 1715 2738 agentes
1755 2661 2022 2726 recreari,
2047 2666 2104 2717 et

463 2772 746 2839 tanquam
779 2782 812 2821 ο.
840 2768 1028 2820 morte
1056 2763 1128 2816 ad
1157 2760 1333 2814 vitam
1366 2755 1618 2813 revocari
1650 2755 1936 2825 poterant.
1987 2750 2098 2806 Sed

463 2855 552 2912 has
584 2871 754 2911 merae
786 2857 925 2910 sunt
967 2851 1334 2921 conjecturae,
1365 2862 1488 2917 qua:
1537 2841 1700 2898 nulla
1729 2856 1971 2914 prorsus
2005 2856 2097 2894 ra-

459 2945 616 3000 tione
649 2944 980 2999 firmantur.

529 3031 706 3090 Paulo
736 3033 929 3102 itaque
962 3028 1239 3084 attentius
1271 3023 1549 3096 expende,
1582 3036 1798 3092 quaeso,
1832 3034 1904 3073 an
1936 3021 2098 3072 tene-

459 3123 687 3178 bricoso
718 3120 854 3176 huic
885 3117 1142 3174 auctoris
1171 3113 1353 3170 nostri
1396 3112 1519 3166 loco
1551 3108 1819 3165 nonnihil
1853 3105 2096 3162 luminis

460 3214 598 3269 dare
630 3214 872 3284 possent
900 3204 1180 3264 haicJulii
1217 3200 1446 3258 Firmici
1478 3199 1676 3254 Mater.
1707 3199 1843 3254 Jun.
1877 3197 2051 3251 verba
2083 3211 2095 3249 :

463 3324 491 3352 «
523 3300 844 3358 Mercurius
876 3312 1009 3352 cum
1041 3295 1164 3351 sole
1189 3292 1262 3347 ab
1306 3291 1625 3359 horoscopo
1675 3285 1936 3359 pariliter
1960 3301 2100 3340 con-

462 3391 727 3456 stitutus,
763 3387 936 3443 faciet
964 3381 1278 3440 exorcistas
1311 3383 1368 3434 et
1399 3378 1499 3450 qui
1529 3378 1858 3432 laborantes
1889 3375 2100 3429 daemo-

467 3494 608 3534 num
639 3476 975 3532 incursione
1006 3471 1275 3528 homines
1327 3467 1479 3539 aptis
1525 3464 1799 3520 remediis
1831 3463 2099 3528 liberent,

471 3567 628 3622 unde
658 3582 727 3620 ex
753 3563 872 3618 illis
902 3561 1126 3618 artibus
1156 3556 1410 3612 maxime
1458 3553 1575 3609 illis
1606 3551 1937 3608 substantia
1967 3567 2102 3606 con-

467 3658 692 3714 feratur
724 3675 751 3702 »
785 3649 922 3721 (Jul.
978 3648 1152 3704 Firm.
1209 3645 1313 3700 lib.
1373 3660 1457 3711 xu,
1518 3641 1828 3708 Matheseos,
1861 3656 1986 3711 cap.
2027 3640 2100 3709 9).

468 3746 654 3804 Audis
682 3759 824 3798 sane
853 3755 987 3796 eum
1022 3735 1178 3808 loqui
1207 3734 1276 3789 de
1319 3731 1622 3798 Mercurio,
1683 3729 1782 3800 qui
1835 3728 2103 3784 homines

471 3836 802 3891 demonum
835 3825 1170 3883 incursione
1218 3822 1566 3885 laborantes,
1625 3818 1778 3890 aptis
1831 3817 2104 3872 remediis

468 3938 677 3982 curare
705 3918 1068 3976 credebatur.
1099 3913 1302 3968 Nonne
1347 3925 1483 3982 ergo
1525 3908 1660 3962 inde
1691 3905 1885 3978 colligi
1915 3909 2107 3978 potest

464 4014 588 4070 haec
619 4007 879 4066 remedia
901 4022 934 4061 a
961 4000 1314 4059 Tertulliano
1345 3999 1468 4054 suis
1517 3995 1875 4065 nominibus,
1909 3995 2009 4050 sed
2043 3994 2101 4048 in

463 4105 624 4158 textu
655 4098 783 4169 ejus
813 4093 1102 4165 corruptis
1134 4087 1433 4162 appellari,
1455 4103 1579 4158 qum
1612 4084 1897 4139 Firmicus
1927 4099 2103 4155 gene-

465 4191 641 4246 ratim
669 4189 897 4243 tantum
931 4186 1096 4238 vocat
1124 4177 1390 4244 remedia,
1453 4176 1667 4247 quibus
1715 4173 2009 4228 exoreistaa
2069 4188 2102 4227 a

464 4276 747 4334 Mercurio
780 4274 936 4344 facti,
968 4273 1298 4326 daemonum
1337 4266 1666 4320 incursione
1699 4265 1929 4318 vexatos
1961 4261 2099 4316 libe—

465 4363 720 4425 rabant?
751 4363 984 4418 Certum
1017 4361 1234 4432 quippe
1290 4361 1378 4412 est
1426 4355 1621 4426 ipsum
1677 4349 2098 4407 Tertullianum

462 4461 585 4513 toto
615 4454 725 4510 hoc
756 4453 814 4507 in
861 4451 987 4506 loco
1037 4450 1106 4503 de
1153 4446 1224 4502 iis
1271 4459 1599 4500 sermonem
1652 4442 1857 4508 facere,
1890 4455 2033 4510 quos
2067 4455 2100 4493 a

462 4546 725 4602 daemone
755 4548 915 4596 actos
946 4536 1184 4610 quidam
1227 4534 1452 4606 magica
1481 4535 1604 4586 arte
1647 4545 1853 4585 curare
1883 4529 2100 4583 frustra
2128 4529 2174 4592 D
2211 4529 2440 4597 ”“f““°’
2475 4529 2702 4610 “"‘f'mj

1657 4634 1691 4672 α
1755 4615 2100 4671 Christianis
2207 4587 2382 4657 guine
2450 4587 3024 4654 contaminabantur,
3075 4594 3176 4644 aut
3232 4591 3331 4661 qui
3375 4592 3855 4658 Christianorum

461 4633 820 4688 nitebantur.
879 4627 991 4682 Sed
1047 4625 1099 4680 is
1160 4625 1282 4696 ipse
1356 4621 1581 4676 daemon

458 4722 784 4791 adjuratus,
845 4713 1152 4771 confestim
1211 4708 1624 4782 expellebatur,
1673 4705 2100 4776 cogebaturque

460 4825 672 4867 nomen
707 4822 880 4862 suum
908 4805 1162 4872 edere,et
1192 4817 1385 4856 verum
1417 4795 1879 4853 Christianorum
1912 4794 2095 4849 Deum

458 4896 741 4956 confiteri.
775 4894 829 4948 Si
865 4893 997 4963 quis
1028 4896 1222 4945 tamen
1280 4886 1521 4942 meliora
1562 4883 1731 4938 nobis
1783 4898 2095 4954 suggesse-

457 4989 556 5056 rit,
581 4984 716 5041 huic
749 4983 919 5056 plane
951 4999 1063 5036 non
1099 4976 1533 5033 reluctabimur.

526 5092 720 5164 Pergit
744 5098 935 5146 autem
957 5085 1372 5151 Tertullianus,
1405 5086 1460 5136 et
1498 5083 1831 5134 constanter
1861 5092 2089 5132 asseve-

452 5190 546 5242 rat
577 5179 723 5238 nihil
755 5179 862 5234 hoc
893 5176 1357 5231 Christianorum
1399 5185 1594 5240 opere,
1625 5173 1798 5238 atque
1844 5167 2092 5220 deducta

452 5275 589 5330 inde
620 5266 1125 5342 argumentatione
1155 5260 1482 5333 simplicius
1515 5264 1570 5313 et
1602 5256 1854 5311 ﬁdelius.
1890 5259 1948 5306 In
1993 5252 2089 5308 illo

454 5363 670 5436 quippe
701 5379 728 5407 ‹‹
760 5355 935 5425 Nihil,
968 5353 1179 5424 inquit,
1213 5346 1499 5421 suspicari
1535 5343 1961 5423 licebit..Magia
1994 5346 2091 5396 aut

453 5430 652 5523 aliqua
677 5443 966 5518 ejusmodi
1001 5440 1236 5497 fullacia
1267 5440 1391 5493 fieri
1425 5432 1703 5500 dicetis,si
1728 5431 1879 5487 oculi
1913 5430 2087 5486 vestri

452 5547 511 5597 et
541 5519 710 5594 aures
757 5531 1129 5606 permiserint
1185 5524 1452 5584 vobis?»
1505 5519 1748 5578 Tertull.
1808 5519 2082 5590 Apologet.

454 5647 582 5703 cap.
613 5625 704 5698 23,
735 5622 843 5680 uol.
879 5621 1026 5694 410.)
1067 5623 1255 5690 Atque
1297 5616 1379 5670 ita
1426 5609 1712 5686 Rigaltius
1759 5609 1913 5664 hunc
1944 5609 2080 5663 Ter-

2221 528 2336 567 non
2365 512 2672 567 haesitavit.
2707 512 2766 567 In
2800 510 3058 583 antiquis
3099 518 3295 567 tamen
3353 511 3738 580 editionibus,
3789 512 3877 567 le-

2218 603 2482 672 gebatur,
2518 621 2539 647 ‹‹
2573 599 2799 656 Nihil...
2835 602 2978 655 fieri.
3013 601 3198 656 Dictis
3229 618 3341 657 non
3376 603 3624 668 statis,si
3649 602 3873 668 oeuli;»

2217 689 2274 744 in
2334 689 2564 745 duobus
2616 705 2749 744 vero
2807 689 3023 744 nostris
3077 690 3376 745 codicibus
3439 690 3876 746 vetustioribus

2219 800 2247 829 «
2283 777 2501 833 Nihil...
2534 778 2657 832 ﬁeri
2689 778 2944 834 dicitis.»
2975 783 3134 834 Tune
3165 779 3373 834 deinde
3403 779 3462 834 in
3497 778 3630 834 aliis
3662 778 3873 848 simul,

2216 887 2243 914 ‹‹
2276 865 2398 920 Non
2430 865 2636 921 dicetis
2690 865 2740 920 si
2797 865 2971 933 oeuli,
3005 888 3033 917 ››
3081 871 3192 921 etc.
3228 867 3339 922 Sed
3373 867 3423 922 si
3480 883 3607 937 quae
3670 867 3751 921 sit
3809 867 3874 922 in

2215 953 2598 1008 discernenda
2628 954 2885 1025 genuina
2929 954 3174 1010 lectione
3232 955 3577 1024 difﬁcultas,
3637 961 3873 1011 constat

2213 1046 2410 1097 tamen
2443 1047 2707 1112 apertum
2739 1059 2868 1098 esse
2908 1044 3164 1100 auctoris
3198 1045 3383 1100 nostri
3411 1060 3678 1100 sensum.
3715 1046 3873 1101 Dicit

2214 1130 2426 1185 etenim
2457 1131 2720 1186 ethnicos
2751 1148 2868 1186 non
2901 1148 3074 1202 posse
3105 1137 3206 1188 aut
3239 1133 3550 1205 suspicari,
3584 1140 3688 1189 aut
3717 1135 3871 1206 obji-

2213 1233 2339 1273 cere
2379 1219 2435 1272 in
2475 1219 2574 1274 illo
2633 1219 3092 1276 Christianorum
3127 1238 3299 1292 opere
3358 1222 3582 1294 aliquid
3641 1224 3867 1290 inesse,

2211 1312 2312 1361 aut
2345 1308 2658 1378 magicum,
2693 1312 2794 1363 aut
2828 1308 3200 1376 fallax,modo
3231 1311 3407 1365 iidem
3441 1313 3658 1368 ethnici
3693 1315 3866 1368 inde-

2212 1396 2356 1450 mita
2386 1395 2779 1451 obstinatione
2811 1413 2913 1451 nec
2945 1398 3075 1453 ε)ωοὶ
3111 1399 3251 1463 sint,
3286 1416 3391 1454 nec
3423 1402 3611 1456 surdi.
3650 1404 3868 1458 Videre

2211 1481 2498 1553 siquidem
2526 1483 2691 1538 facile
2724 1489 2988 1556 poterant
3010 1503 3184 1557 quam
3209 1487 3462 1559 simplici
3497 1491 3671 1545 modo
3693 1491 3866 1547 Chri-

2209 1571 2385 1626 stiani
2417 1577 2673 1643 agerent,
2715 1570 2890 1644 atque
2919 1575 3090 1629 etiam
3153 1576 3447 1634 dzemones
3478 1579 3684 1636 audire
3718 1598 3857 1637 eon-

2208 1660 2438 1715 ﬁtentes
2488 1677 2548 1715 se
2607 1661 2744 1716 deos
2792 1679 2989 1718 revera
3019 1681 3132 1719 non
3165 1681 3312 1735 esse,
3361 1668 3462 1721 sed
3515 1668 3865 1728 immundos

2209 1748 2474 1820 spiritus,
2530 1749 2604 1804 ob
2661 1749 2942 1806 malitiam
3012 1754 3440 1824 praedamnatos
3529 1758 3587 1813 in
3642 1761 3867 1830 judicii

2210 1837 2362 1892 diem
2397 1853 2526 1893 cum
2559 1839 2834 1896 omnibus
2855 1840 3172 1896 cultoribus
3187 1848 3242 1897 et
3266 1846 3673 1915 Operatoribus
3695 1849 3862 1904 suis»

2213 1926 2419 1996 (Ibid).
2447 1927 2594 1990 Quin
2653 1927 2828 1981 etiam
2879 1928 2990 1999 ipsi
3045 1930 3333 1987 daemones
3392 1949 3504 1988 non
3559 1940 3865 2010 poterant,

2212 2013 2584 2068 audientibus
2617 2015 2888 2085 ipsismet
2915 2017 3182 2085 ethnicis,
3220 2042 3247 2069 «
3283 2037 3405 2076 sua;
3436 2022 3647 2080 saltem
3681 2026 3864 2098 igno-

2212 2102 2406 2156 miniaa
2437 2107 2493 2158 et
2511 2102 2906 2158 damnationis
2931 2110 3124 2160 notam
3159 2109 3470 2178 refutare,»
3498 2128 3603 2167 seu
3636 2119 3859 2186 tegere,

2210 2191 2452 2255 diluere,
2503 2190 2773 2246 inficiari.
2816 2195 3202 2256 Quamobrem
3237 2197 3370 2253 illos
3400 2198 3555 2256 888
3606 2204 3679 2258 ad
3713 2205 3772 2259 id
3807 2206 3864 2260 si

2212 2296 2469 2351 unquam
2500 2280 2807 2350 quiverint,
2842 2281 3156 2352 aliquando
3207 2288 3540 2357 negandum
3574 2294 3863 2350 audacter

2212 2373 2506 2440 provocat,
2566 2369 2833 2439 (tenuant,
2910 2370 3124 2441 inquit,
3175 2377 3562 2449 manuscripti
3623 2383 3862 2440 codices

2213 2456 2396 2512 nostri
2425 2458 2788 2523 Renuntiarit,
2820 2459 3033 2515 melius
3080 2462 3331 2533 antiquas
3377 2466 3691 2533 editiones,
3757 2472 3859 2526 Re-

2209 2549 2488 2611 nuntienl,
2520 2545 2628 2600 hoc
2658 2553 2765 2614 est,
2803 2549 2901 2602 sed
2963 2549 3280 2622 imprOprio
3339 2552 3618 2624 loquendi
3677 2561 3860 2616 modo

2211 2639 2443 2705 negent,
2475 2633 2817 2705 abnuant,et
2845 2637 3206 2693 difﬁteantur
3235 2656 3296 2695 se
3328 2656 3457 2698 esse
3488 2647 3863 2716 praedamna-

2208 2726 2320 2776 tos.
2351 2725 2423 2777 At
2452 2721 2508 2776 id
2544 2722 2740 2794 procul
2773 2724 2950 2779 dubio
2984 2742 3193 2798 negare
3223 2733 3347 2783 tum
3388 2747 3502 2786 non
3554 2740 3856 2807 poterant,

2209 2826 2341 2866 cum
2375 2827 2409 2866 a
2438 2811 2786 2868 Christianis
2813 2812 3174 2887 interrogati,
3205 2822 3262 2872 et
3287 2818 3564 2891 adjurati,
3600 2838 3860 2896 respon-

2208 2900 2342 2955 dere
2370 2900 2746 2971 cogebantur.

2277 2989 2578 3052 Quomodo
2608 2990 2762 3044 enim
2795 2989 3036 3046 inficiari
3061 2993 3392 3063 potuissent
3414 3013 3475 3052 se
3508 2997 3861 3060 immundos

2208 3094 2335 3133 esse
2367 3079 2634 3150 spiritus,
2693 3080 2870 3150 quod,
2913 3097 3044 3136 «ex
3101 3083 3334 3154 pabulis
3393 3103 3617 3161 eorum,
3654 3097 3721 3147 ut
3773 3095 3862 3150 ait

2131 3156 2173 3222 C
2212 3165 2631 3232 Tertullianus,
2679 3167 2982 3238 sanguine,
3015 3173 3071 3224 et
3113 3171 3297 3241 fumo,
3329 3179 3386 3228 et
3438 3156 3663 3247 putidis
3696 3183 3861 3254 rogis

2210 3260 2569 3325 pecorum,et
2598 3255 3079 3326 impuratissimis
3106 3258 3324 3331 linguis
3355 3263 3619 3333 ipsorum
3653 3279 3858 3327 vatum

2210 3343 2453 3414 intelligi
2487 3343 2734 3398 debuit?
2763 3365 2791 3392 »
2821 3345 3008 3416 (Ῑὺίά.)
3028 3346 3212 3414 Adi,si
3237 3347 3832 3426 lubet,Augustinum

2212 3437 2268 3485 et
2305 3448 2370 3486 ea
2429 3431 2574 3503 lege,
2632 3432 2680 3487 si
2736 3404 2920 3500 vacat,
2979 3404 3100 3502 quis
3145 3404 3254 3491 [ille

2212 3521 2566 3576 Anebontem
2593 3520 2840 3591 epistola
2870 3522 3067 3577 retulit
3096 3524 3165 3578 de
3197 3524 3396 3598 impiis
3426 3535 3483 3584 et
3514 3533 3860 3591 fraudulen-

2209 3609 2284 3664 tis
2315 3611 2642 3663 daemonum
2658 3625 2723 3664 ac
2755 3609 3046 3666 fallacium
3064 3612 3379 3684 spirituum
3399 3619 3628 3677 artibus
3652 3625 3858 3694 (8.Αο-

2210 3703 2368 3786 gust.
2405 3697 2503 3752 lib.
2535 3714 2570 3752 x
2597 3697 2664 3752 de
2695 3697 2852 3753 Civil.
2905 3715 3032 3770 cap.
3097 3701 3179 3769 ll,
3213 3719 3345 3776 pag.
3378 3706 3486 3760 247
3545 3715 3603 3765 et
3633 3717 3854 3786 seqq.).

2211 3785 2291 3885 Ibi
2325 3786 2540 3884 quippe
2565 3786 2925 3885 scribitillos
2955 3791 3210 3859 gaudere
3233 3792 3561 3866 nidoribus,
3594 3816 3662 3855 ac
3690 3785 3867 3858 vieti-

2212 3875 2346 3939 mis,
2402 3875 2521 3930 sive
2560 3875 2829 3931 mactatis
2883 3878 3190 3947 pecoribus
3248 3881 3424 3950 allici,
3485 3888 3736 3959 cogique
3793 3908 3867 3947 ea

2212 3965 2423 4032 facere,
2473 3981 2598 4034 qua:
2651 3963 2855 4019 volunt
2897 3964 3189 4023 homines.
3240 3969 3368 4026 Alia
3413 3973 3592 4030 etiam
3634 3978 3863 4036 ibidem

2211 4053 2659 4118 animadvertes,
2734 4053 2951 4124 quibus
3009 4054 3198 4126 plura,
3252 4075 3379 4130 quas
3436 4061 3728 4122 hactenus
3788 4071 3864 4127 de

2209 4142 2542 4196 eorumdem
2564 4142 2894 4196 dmmonum
2930 4145 3238 4216 praestigiis
3258 4149 3691 4220 disputavimus
3725 4175 3862 4213 con-

2210 4230 2427 4284 firmari
2460 4234 2517 4284 et
2548 4229 2828 4284 illustrari
2860 4239 3124 4302 possunt.
3175 4235 3401 4306 Adjecit
3451 4241 3860 4304 Tertullianus

2209 4318 2340 4373 illos
2387 4318 2722 4372 immundos
2779 4319 3022 4389 spiritus
3055 4321 3335 4379 declarari
3396 4328 3863 4399 impuratissimis

2210 4407 2418 4476 linguis
2445 4413 2628 4461 vatum
2657 4409 2916 4477 ipsorum,
2951 4414 3052 4463 aut
3083 4411 3182 4480 qui
3215 4413 3358 4480 aris,
3396 4421 3461 4470 ut
3490 4424 3665 4475 antea
3694 4423 3860 4479 dice-

2210 4496 2440 4560 bamus,
2474 4493 2837 4562 inhalabant,
2869 4501 2924 4551 et
2962 4497 3121 4554 fumo
3162 4516 3228 4554 ac
3284 4501 3657 4563 victimarum
3719 4527 3860 4568 sau-

2209 4673 2569 4746 adjuratione
2609 4674 2771 4728 fateri
2804 4675 3306 4746 compellebantur
3333 4680 3501 4751 illud,
3532 4688 3688 4756 quod
3714 4704 3857 4744 con-

2207 4767 2500 4835 ceperant,
2534 4779 2750 4817 numen
2786 4780 2898 4818 non
2932 4765 3105 4819 deum
3157 4783 3308 4837 esse,
3355 4772 3454 4826 sed
3495 4773 3853 4834 daemonem.

2206 4853 2495 4910 Minucius
2526 4855 2724 4908 autem
2769 4852 2924 4908 Felix
2956 4872 3101 4911 usus
3133 4862 3222 4913 est
3277 4863 3511 4920 nomine
3570 4867 3855 4938 impurato

2206 4943 2302 4998 ubi
2336 4944 2408 4997 de
2439 4941 2565 4995 falsi
2598 4941 2913 5010 cuiuslibet
2933 4944 3023 4999 dei
3057 4949 3253 5002 statua
3284 4966 3296 5003 :
3335 4951 3469 5006 «Ab
3517 4953 3822 5025 impurato

2202 5032 2413 5102 inquit,
2447 5003 2686 5085 homine
2712 5030 3015 5103 lsevigatur
3047 5003 3493 5102 »(Minuc.0ctoii.

2201 5124 2268 5174 Et
2293 5119 2637 5173 Prudentius
2668 5124 2869 5190 postea
2899 5121 2970 5177 de
2998 5123 3265 5194 Apolline
3294 5127 3508 5184 cecinit
3539 5146 3552 5185 :

2356 5235 2470 5308 Mox
2500 5233 2644 5282 ﬂevit
2672 5235 3236 5308 impuratusuoccisum
3267 5244 3418 5304 pravi

2354 5297 2526 5345 Disco.
2618 5329 2622 5332 -
2687 5297 2846 5346 Prud.
2878 5299 2932 5348 in
2968 5301 3155 5363 llymu.
3186 5304 3240 5353 S.
3267 5297 3413 5355 'Rom.
3437 5321 3490 5358 ν.
3519 5309 3630 5359 205.

2787 5440 3097 5483 ARTICULUS
3134 5445 3234 5485 VII.

2193 5538 2377 5616 Quae:
2406 5528 3096 5616 pr'wglare‘Tertuflilanus
3142 5540 3402 5616 superius
3444 5552 3844 5613 argumentum

2262 5603 2388 5660 inde
2415 5601 2714 5672 conﬁrmet,
2749 5603 2896 5675 quod
2921 5605 3195 5666 daemones
3211 5601 3294 5668 ἀὑ
3325 5612 3415 5686 iis,
3470 5601 3594 5686 qius:
3621 5615 3849 5676 obside-
