4158 6328
228 451 342 510 977

1150 450 1219 507 D.
1271 450 1366 509 LE
1411 448 1736 509 NOUHRY
1784 441 2434 505 OBSERVATIONES
2482 437 2742 500 ΝονιΕ.

3533 431 3653 493 9'18

306 582 452 651 bant,
478 582 764 637 hominum
790 583 1102 653 corporibus
1150 584 1310 637 vario
1358 580 1518 638 modo
1556 582 1885 652 ejicerentur
1916 577 1966 643 Α
1997 573 2338 629 dubitanter
2383 571 2639 627 affirmat
2695 571 2918 624 tantam
2967 564 3150 622 fuisse
3206 562 3647 653 multitudinem

302 655 385 709 vel
408 655 473 707 ab
504 656 819 724 exorcistis,
853 656 933 711 vel
965 655 1102 709 aliis
1127 653 1486 719 Christianis,
1522 669 1652 724 quos
1682 654 1881 706 timen-

303 735 377 781 tes
420 725 542 780 odio
594 725 889 790 habebant,
944 728 1185 798 ipsisque
1233 730 1388 779 erant.
1444 726 1711 796 subjecti:
1771 738 1881 798 quo

300 813 464 851 sensu
493 798 788 868 desperata
837 794 1045 853 dicitur
1092 794 1323 853 illorum
1379 794 1661 853 conditio:
1714 794 1881 849 aede

297 884 470 937 paenae
524 886 701 942 mora,
744 887 852 941 qua
898 872 1152 926 solatium
1202 870 1455 942 fruenda:
1499 868 1878 937 malignitatis

297 942 497 996 habere
522 940 804 1013 feruntur.

292 1030 570 1085 Ethnicos
632 1032 913 1086 acerrime
976 1031 1169 1086 adhuc
1230 1034 1398 1101 urget
1448 1028 1869 1087 'I‘ertullianus,

222 1120 537 1190 palamque
568 1122 846 1177 omnibus
878 1121 1011 1177 facit
1042 1126 1261 1191 quanta
1293 1122 1467 1175 fuerit
1515 1118 1871 1173 Christiano-

223 1223 353 1260 rum
386 1208 455 1261 ad
488 1207 782 1279 fugandos
818 1210 1133 1275 daemones,
1165 1225 1382 1279 eosque
1404 1225 1469 1263 ex
1493 1208 1869 1263 obsessorum

220 1296 529 1352 hominum
554 1299 900 1370 corporibus
921 1300 1220 1369 pellendos
1246 1304 1524 1370 potestas,
1552 1301 1868 1369 quantum-

221 1402 332 1455 que
364 1385 420 1440 in
458 1385 591 1441 illos
644 1388 1005 1458 imperium:
1055 1388 1261 1443 «Nam
1314 1389 1385 1442 de
1435 1390 1724 1449 contactu,
1780 1383 1868 1437 in-

221 1473 364 1544 quit,
400 1476 591 1547 deque
622 1478 821 1532 alflatu
860 1487 1079 1544 nostro,
1134 1477 1628 1548 contemplatione
1677 1479 1733 1527 et
1781 1488 1865 1526 re-

220 1564 669 1633 prmeentatione
741 1566 894 1638 ignis
964 1566 1125 1621 illius
1200 1566 1471 1637 correpti,
1550 1564 1728 1619 etiam
1797 1561 1867 1615 de

218 1654 562 1723 corporibus
621 1661 819 1712 nostro
878 1658 1121 1727 imperio
1188 1657 1474 1712 excedunt
1540 1656 1728 1723 inviti,
1811 1658 1867 1708 et

218 1740 503 1809 dolentes,
561 1749 617 1798 et
687 1746 850 1800 vobis
929 1746 1318 1818 praesentibus
1395 1746 1863 1799 erubescentes»

217 1830 272 1897 (Ἰ
288 1830 481 1886 ertull.
515 1835 788 1905 Apologet.
821 1852 945 1906 cap.
980 1838 1070 1905 23,
1104 1835 1213 1889 col.
1248 1836 1389 1905 410).
1431 1833 1657 1888 Ethnici
1688 1832 1867 1903 igitur

216 1916 378 1972 nulla
410 1921 667 1991 profecto
700 1924 942 1994 ratione,
976 1941 1081 1978 nec
1115 1924 1227 1979 nisi
1260 1924 1569 1977 oblirmata
1600 1937 1861 1992 prorsus,
1898 1952 1941 2015 Β

214 2022 319 2060 nec
426 2025 688 2081 unquam
784 2012 1068 2068 vincenda
1156 2012 1549 2067 obstinatione
1654 2024 1865 2081 negare

228 2100 499 2165 poterant
530 2105 587 2154 et
626 2102 959 2157 dmmonum
1013 2102 1499 2168 imbecillitatem,
1551 2104 1607 2155 et
1656 2098 1863 2153 miram

226 2182 693 2246 Christianorum
751 2192 812 2246 in
862 2210 961 2248 eos
1011 2192 1354 2263 potentiam,
1403 2207 1520 2260 qua
1569 2188 1867 2259 religionis

225 2289 344 2328 suae
375 2276 678 2335 veritatem
715 2282 1037 2338 meridiano
1070 2281 1200 2337 Sole
1251 2280 1464 2336 clarius
1504 2278 1869 2334 demonstra-

222 2361 381 2420 bant.

292 2456 364 2510 At
395 2458 625 2528 rogabit
641 2461 885 2516 forsitan
906 2461 1123 2532 aliquis
1145 2466 1343 2516 utrum
1364 2458 1446 2515 ibi
1466 2459 1864 2515 Tertullianus

219 2543 290 2598 de
317 2547 533 2602 nostris
556 2552 784 2604 tantum
811 2550 1113 2606 exorcistis
1135 2549 1432 2621 loquatur.
1462 2549 1607 2603 Nam
1631 2550 1863 2620 Cypria-

219 2648 331 2686 nus
356 2635 451 2687 ιιιιὶ
477 2636 547 2690 de
570 2636 682 2706 his,
706 2656 834 2710 quas
888 2644 1149 2711 tempore
1184 2656 1290 2694 suo
1314 2638 1436 2693 lieri
1472 2637 1757 2705 solebant,
1792 2640 1863 2694 ad

219 2725 371 2781 889
406 2729 680 2801 Magnum
716 2733 939 2804 scribit,
971 2733 1050 2787 ibi
1085 2733 1375 2787 daemones
1425 2734 1496 2787 ab
1547 2733 1864 2787 Exercistis

218 2820 567 2877 nominatim
604 2824 833 2894 fugatos
865 2824 947 2877 sic
977 2824 1181 2895 utique
1203 2823 1585 2878 testificatur:
1639 2846 1665 2872 ‹‹
1700 2825 1861 2889 Quod

220 2905 391 2963 hodie
424 2910 600 2965 etiam
633 2912 857 2980 geritur
882 2919 945 2967 ut
968 2929 1068 2985 per
1084 2912 1401 2967 exorcistas
1417 2927 1557 2966 voce
1579 2910 1861 2978 humana,

217 2999 274 3051 et
308 3002 588 3068 potestate
620 3002 816 3058 divina
848 3002 1191 3074 ﬂagellatur,
1252 3006 1307 3057 et
1362 3006 1584 3068 uratur,
1637 3006 1692 3056 et
1744 3008 1858 3057 lor-

216 3092 466 3155 queatur
496 3089 764 3146 diabolus
798 3115 824 3140 ››
861 3089 1347 3164 (Cyprian.'epist.
1380 3091 1449 3143 69
1477 3090 1546 3144 ad
1572 3094 1858 3160 Magnum,

217 3192 349 3247 pag.
387 3178 532 3247 187).
567 3180 769 3235 Nonne
800 3182 999 3250 etiam,
1034 3180 1261 3253 inquiet
1309 3179 1480 3247 alius,
1532 3180 1602 3234 de
1650 3181 1856 3237 iisdem

214 3267 793 3340 rxorcistisipsemet
822 3270 1220 3325 Tertullianus
1277 3269 1389 3324 alio
1438 3271 1495 3322 in
1545 3268 1693 3324 libro
1737 3269 1857 3326 haec

1995 663 2326 735 gentilium,
2389 678 2539 734 quos
2595 656 2911 713 Christiani
2975 673 3006 711 a
3056 655 3389 710 daemonum
3448 652 3646 707 incur-

1991 752 2258 807 sionibus
2292 750 2639 817 liberabant,
2677 752 2737 802 ut
2776 746 2857 815 hi,
2895 743 3128 800 sublato
3187 742 3469 798 beneﬁcio
3518 740 3641 809 illo,

1989 856 2117 895 sese
2167 839 2311 895 satis
2344 853 2635 909 superque
2666 837 2736 891 ab
2768 833 3017 889 immani
3065 830 3406 887 eorumdem
3457 828 3642 901 genti-

1990 928 2132 983 lium
2166 928 2512 984 credulitate
2539 926 2959 980 vindicassent.
2996 923 3075 977 En
3109 921 3239 993 ipsa
3269 920 3397 991 ejus
3422 918 3635 974 verba:

1995 1039 2017 1066 ι
2065 1020 2204 1083 Quis
2264 1037 2365 1075 vos
2423 1020 2495 1072 ab
2572 1016 2688 1071 illis
2773 1013 3038 1079 occultis,
3099 1016 3156 1068 et
3212 1026 3638 1082 usquequaque

1983 1110 2355 1164 vastantibus
2389 1112 2612 1162 mentes
2642 1109 2698 1161 et
2728 1102 3095 1159 valetudines
3122 1105 3343 1157 vestras
3364 1098 3636 1155 hostibus
3672 1110 3681 1115 ·

1983 1202 2231 1268 raperet,
2266 1215 2298 1252 a
2328 1196 2748 1251 daamoniorum
2782 1192 3117 1247 incursibus
3170 1190 3322 1256 dico,
3372 1205 3502 1259 quas
3563 1188 3632 1242 de

1979 1286 2143 1341 vobis
2201 1286 2327 1341 sine
2388 1284 2645 1356 prremio,
2707 1282 2833 1337 sine
2900 1280 3166 1335 mercede
3232 1275 3632 1349 depellimus?

1980 1375 2317 1429 Suﬂecisset
2350 1374 2454 1429 hoc
2485 1372 2675 1429 solum
2708 1376 2919 1426 DOSU'EB
2952 1368 3183 1437 ultioni,
3244 1367 3399 1437 quod
3449 1382 3630 1420 vacua

1980 1464 2185 1519 exinde
2246 1463 2543 1537 possessio
2594 1460 2921 1517 immundis
2979 1458 3285 1531 spiritibus
3344 1458 3619 1533 pateret:

1977 1552 2236 1622 (Tertull.
2270 1552 2551 1624 Apologet.
2587 1566 2713 1621 cap.
2759 1550 2852 1613 37,
2902 1544 3213 1617 col._460).
3263 1544 3348 1599 Ad
3402 1547 3623 1615 Scapu-

1976 1640 2092 1695 lam
2127 1649 2405 1713 praeterea
2456 1641 2612 1695 huric
2642 1638 2738 1693 ille
2769 1636 3006 1708 scripsit
3036 1635 3095 1689 in
3153 1633 3431 1688 modum:
3495 1654 3523 1681 «
3559 1631 3625 1685 Et

1978 1732 2179 1801 quanti
2196 1730 2424 1785 honesti
2449 1730 2552 1783 viri
2576 1726 3022 1799 (devulgaribus
3043 1722 3199 1778 enim
3217 1740 3331 1778 non
3346 1721 3621 1788 dicimus)

1975 1824 2075 1873 aut
2106 1836 2138 1873 a
2169 1819 2474 1874 daemoniis
2500 1823 2601 1874 aut
2623 1815 3060 1872 valetudinibus
3091 1810 3391 1868 remediati
3424 1812 3618 1865 sunt»

1976 1906 2181 1976 (Idem,
2215 1908 2284 1961 ad
2314 1907 2533 1978 Scapul.
2569 1922 2695 1977 cap.
2751 1905 2825 1975 4).
2884 1904 3026 1967 Quis
3076 1906 3270 1956 autem
3328 1899 3450 1953 haec
3499 1913 3617 1952 non

1977 1996 2167 2050 solum
2202 1998 2273 2051 ab
2306 1995 2632 2060 exorcistis,
2668 1993 2769 2049 sed
2827 1993 2899 2048 ab
2946 1990 3222 2047 omnibus
3268 1985 3618 2042 Christianis

1978 2084 2131 2139 facta
2161 2086 2343 2141 fuisse
2399 2083 2790 2140 difﬁtebitur‘?
2836 2081 3027 2135 Minor
3090 2078 3240 2135 enim
3295 2082 3421 2133 erat
3475 2080 3616 2129 tunc

1976 2174 2397 2229 exorcistarum
2431 2189 2736 2239 numerus,
2779 2186 2957 2242 quam
3017 2174 3083 2223 ut
3138 2167 3176 2221 ii
3228 2164 3337 2222 soli
3395 2168 3622 2220 tantam

1976 2259 2283 2315 hominum
2336 2260 2773 2316 multitudinem
2808 2275 2841 2312 a
2887 2258 3221 2312 daemonum
3282 2252 3623 2308 incursibus

1976 2347 2310 2406 liberarent.

2047 2460 2435 2525 Quamobrem
2468 2474 2600 2513 cum
2633 2455 2851 2513 ethnici
2894 2454 3215 2525 objicerent
3260 2448 3619 2506 Christianos

1977 2548 2310 2618 reipublicae
2346 2565 2588 2619 prorsus
2636 2561 2765 2602 esse
2816 2542 3078 2609 inutiles,
3128 2540 3256 2597 illos
3308 2540 3394 2594 sic
3454 2537 3624 2592 refel-

1975 2637 2081 2692 lit:
2112 2658 2139 2690 ιι
2168 2639 2377 2703 Quanti
2409 2637 2659 2701 habetis,
2692 2636 2789 2707 qui
2820 2636 2943 2705 jam
2977 2634 3047 2687 de
3112 2631 3279 2685 vobis
3329 2625 3621 2683 daemonia

1974 2728 2382 2782 excutiant?»
2425 2726 2585 2797 (Ibid.
2646 2743 2774 2796 cap.
2825 2722 2941 2793 43.)
2994 2724 3182 2792 Atque
3239 2721 3323 2775 ita
3379 2717 3617 2789 quidem

1973 2814 2031 2870 in
2065 2818 2316 2871 nosstris
2347 2816 2650 2871 codicibus
2681 2811 3124 2882 manuscriptis.
3156 2810 3274 2865 Nos
3298 2808 3488 2862 minus
3515 2822 3619 2861 au-

1972 2908 2085 2958 tem
2121 2905 2267 2959 bene
2296 2904 2352 2958 in
2391 2903 2654 2975 antiquis
2699 2901 3072 2958 editionibus.
3127 2900 3410 2967 Quantas;
3452 2899 3508 2950 et
3556 2893 3617 2948 in

1973 2991 2237 3046 Lacerdae
2265 2992 2537 3060 editione,
2575 2990 2826 3058 Quando.
2855 2987 3197 3044 Tertulliani
3220 2985 3373 3040 enim
3405 2998 3618 3038 sensus

1970 3087 2090 3135 est:
2121 3082 2175 3134 Si
2211 3081 2524 3136 Christiani
2580 3081 2733 3135 890
2786 3078 3119 3151 reipublicae
3167 3073 3405 3130 inutiles
3448 3077 3609 3140 sunt,

1970 3171 2173 3241 quanti
2200 3188 2336 3242 ergo
2371 3171 2696 3237 aestimatis,
2732 3185 2918 3241 quove
2951 3168 3007 3221 in
3070 3165 3252 3237 pretio
3290 3180 3388 3218 eos
3438 3160 3612 3216 habe-

1968 3260 2065 3329 tis,
2100 3259 2201 3331 qui
2230 3265 2317 3315 tot
2346 3260 2654 3329 daemonia,
2682 3263 2922 3329 tamque
2954 3272 3104 3327 saepe
3135 3271 3203 3309 ex
3231 3252 3394 3307 vobis
3416 3247 3611 3321 depel-

212 3355 348 3411 fecit
379 3322 1417 3432 totidemque—verbaliaExemplum
1471 3322 1701 3426 accidit,
1888 3322 1929 3387 Ο
1967 3322 2141 3406 Ῐυῐίῐῖἶ

212 3447 371 3503 mino
401 3454 547 3506 teste
578 3452 706 3521 ejus
738 3452 1027 3521 mulieris,
1060 3470 1187 3525 quae
1232 3452 1528 3507 theatrum
1591 3453 1756 3523 adiit,
1798 3458 1855 3509 et

207 3537 344 3592 inde
377 3556 511 3594 cum
562 3542 851 3597 daemonio
905 3543 1094 3597 rediit.
1149 3543 1352 3614 Itaque
1410 3540 1469 3595 in
1530 3544 1851 3598 exorcismo

207 3645 341 3683 cum
388 3638 728 3686 oneraretur
784 3632 1026 3705 spiritus
1073 3632 1417 3687 immundus
1467 3633 1619 3702 quod
1668 3651 1851 3691 ausus

206 3726 363 3771 esset
394 3716 623 3774 ﬁdelem
658 3721 933 3792 aggredi:
996 3723 1359 3785 Constanter,
1403 3724 1459 3775 et
1497 3720 1847 3793 justissime,

206 3804 419 3875 inquit,
455 3806 583 3873 feci,
615 3806 674 3861 in
706 3824 835 3863 meo
866 3825 995 3863 eam
1026 3808 1218 3863 inveni
1253 3829 1280 3857 ››
1313 3808 1575 3877 (Tertull.
1607 3809 1672 3864 de
1717 3810 1849 3883 δρα·

203 3903 337 3951 rtac.
374 3913 503 3969 cap.
537 3900 649 3969 26).
683 3900 886 3954 Nonne
935 3900 1111 3954 etiam
1169 3916 1374 3953 rursus
1432 3898 1565 3954 alibi
1600 3917 1611 3953 :
1664 3924 1691 3949 ‹‹
1724 3902 1846 3964 Quo

205 4001 303 4039 ore
336 3984 702 4042 Christianus
736 3986 1033 4043 lhurarius
1064 3986 1144 4059 [id
1194 3991 1302 4051 est,
1338 3986 1435 4058 qui
1489 3987 1625 4043 thus
1676 3990 1845 4047 idolis

203 4074 483 4147 incendit]
520 4076 567 4132 si
600 4094 704 4148 per
760 4077 979 4149 templa
1028 4076 1322 4147 transibit,
1371 4079 1667 4135 fumantes
1713 4099 1844 4139 aras

201 4166 466 4239 despuet,
491 4173 548 4223 et
575 4168 928 4236 exsulﬂabit,
963 4167 1179 4240 quibus
1198 4168 1321 4239 ipse
1344 4170 1689 4240 prospexit?
1720 4174 1843 4238 Qua

198 4257 528 4312 constantia
558 4256 907 4312 exorcisabit
936 4257 1205 4313 alumnos
1239 4274 1376 4311 suos
1403 4257 1534 4325 [hoc
1561 4264 1668 4325 est,
1728 4261 1840 4316 da:-

197 4347 443 4417 mones],
477 4347 694 4418 quibus
726 4348 963 4402 domum
996 4364 1163 4402 suam
1223 4346 1518 4403 cellarium
1560 4355 1841 4420 praestat?

196 4435 300 4492 Ille
331 4437 569 4508 quidem
604 4437 651 4491 si
683 4437 991 4494 excluserit
1022 4437 1399 4503 daemonium,
1426 4455 1540 4493 non
1566 4440 1676 4495 sibi
1722 4442 1839 4514 pla-

193 4529 321 4581 ceat
350 4525 421 4582 de
452 4525 583 4581 ﬁde.
618 4530 817 4599 Neque
842 4525 997 4582 enim
1028 4525 1336 4581 inimicum
1364 4526 1625 4583 exclusit.
1652 4531 1839 4587 Facile

194 4613 395 4670 debuit
426 4615 496 4669 de
526 4631 592 4671 eo
650 4614 984 4687 impetrare,
1036 4631 1210 4686 quem
1262 4616 1521 4687 quotidie
1573 4620 1832 4689 pascit.»

191 4704 399 4772 (Idem,
432 4702 533 4760 lib.
566 4703 631 4759 de
659 4705 846 4761 Idolol.
881 4721 1006 4776 cap.
1040 4705 1111 4773 2).

266 4793 641 4865 Respondere
667 4795 902 4866 quidem
929 4793 1145 4867 aliquis
1169 4798 1366 4866 posset
1388 4794 1444 4849 in
1472 4800 1717 4870 utroque
1736 4800 1835 4857 illo

193 4882 541 4937 Tertulliani
567 4882 692 4940 loco
720 4901 833 4939 non
867 4884 1183 4939 exorcistas
1210 4885 1523 4955 nominari,
1558 4889 1653 4942 sed
1681 4906 1838 4945 exor-

194 4970 432 5039 cismos,
467 4973 586 5027 sive
619 4974 1042 5044 adjurationes,
1076 4992 1201 5046 quas
1253 4975 1325 5030 ab
1378 4976 1652 5033 omnibus
1702 4997 1833 5052 pro-

192 5058 496 5114 culdubio
547 5061 893 5117 Christianis
950 5063 1212 5119 adhiberi
1274 5070 1557 5135 poterant.
1619 5068 1833 5125 Verum

193 5166 363 5204 nemo
396 5166 606 5221 negare
642 5156 834 5222 potest
864 5154 937 5207 ab
970 5155 1274 5210 exorcistis
1317 5156 1631 5227 imprimis,
1684 5160 1837 5216 sicut

192 5238 271 5292 ait
302 5237 650 5309 Cyprianus,
683 5240 956 5310 expulsos
1014 5257 1081 5295 ex
1130 5241 1437 5297 hominum
1490 5247 1833 5317 corporibus

189 5329 507 5397 daemonas,
544 5332 717 5399 atque
753 5328 807 5381 id
843 5328 985 5383 satis
1014 5330 1250 5384 Auctori
1285 5338 1482 5386 nostro
1529 5333 1710 5391 fuisse
1760 5338 1831 5392 ad

187 5417 553 5490 probandam
604 5415 1072 5472 Christianorum
1133 5419 1189 5473 in
1248 5421 1482 5475 eosdem
1538 5422 1833 5481 dmmonas

189 5510 557 5576 potestatem.

255 5596 363 5650 Sed
398 5595 642 5652 ulterius
672 5594 768 5649 ille
810 5594 1202 5667 progreditur,
1253 5602 1310 5652 et
1359 5596 1416 5651 in
1471 5598 1644 5656 citato
1688 5602 1828 5674 Apo-

186 5685 401 5753 logetici
430 5684 555 5740 loco
587 5685 657 5740 de
689 5685 963 5740 omnibus
995 5683 1256 5756 loquitur
1284 5688 1604 5759 generatim
1662 5693 1827 5749 Chri-

185 5774 397 5833 stianis
457 5776 749 5835 daemones
808 5776 1194 5851 ejicientibus.
1277 5779 1424 5836 Nam
1503 5780 1598 5840 ille
1670 5785 1826 5845 haud

2038 3463 2254 3515 Verum
2290 3460 2426 3531 quid
2462 3458 2967 3531 argumentatione
3024 3472 3171 3527 opus
3227 3454 3360 3508 est?
3408 3452 3611 3507 Nonne

1963 3548 2087 3619 ipse
2117 3548 2525 3604 disertissimis
2583 3546 2774 3603 verbis
2814 3544 3034 3601 edixit?
3057 3566 3083 3594 «
3116 3545 3326 3599 Iussus
3358 3560 3391 3597 a
3422 3540 3608 3614 quoli-

1960 3638 2057 3692 bet
2087 3638 2417 3692 Christiano
2443 3636 2599 3708 loqui
2636 3635 2879 3708 spiritus
2908 3632 3163 3703 ille,tam
3196 3648 3257 3688 se
3279 3632 3605 3686 daemonem

1960 3728 2332 3781 conﬁtebitur
2375 3728 2446 3782 de
2494 3743 2647 3793 vero,
2696 3741 2873 3796 quam
2919 3722 3056 3779 alibi
3089 3723 3260 3777 deum
3310 3722 3380 3777 de
3431 3720 3597 3776 falso.

1960 3816 2119 3884 (Ibid.
2152 3814 2277 3886 ca‘b.
2312 3817 2424 3887 23).
2459 3816 2661 3870 Nonne
2717 3814 2890 3869 etiam
2939 3814 3007 3867 ad
3058 3811 3330 3867 eumdem
3379 3815 3599 3882 Scapu-

1954 3903 2071 3957 lam
2132 3904 2340 3959 iterum
2402 3904 2683 3976 scripsit?
2746 3904 3102 3957 aDremoncs
3162 3917 3275 3955 non
3368 3904 3599 3956 tantum

1956 3994 2313 4065 respuimus,
2373 4010 2572 4049 verum
2635 3999 2691 4047 et
2761 3991 3137 4057 revincimus,
3205 3995 3261 4044 et
3334 3990 3599 4059 quotidie

1954 4081 2345 4148 traducimus,
2406 4085 2461 4136 et
2500 4083 2570 4135 de
2626 4079 2966 4134 hominibus
3022 4076 3389 4149 expellimus,
3445 4078 3600 4133 sicut

1953 4169 2225 4240 plurimis
2271 4174 2472 4223 notum
2534 4175 2621 4222 est
2656 4192 2682 4217 ››
2724 4170 2928 4233 (Idem,
2984 4167 3055 4221 ad
3100 4167 3321 4237 Scapul.
3377 4184 3502 4238 cap.
3537 4167 3591 4223 3.

1952 4258 2026 4329 4).
2060 4261 2127 4312 At
2187 4260 2319 4329 quis
2379 4275 2494 4313 non
2557 4259 2747 4313 videat
2807 4258 2927 4311 hmo
2986 4274 3100 4311 non
3162 4257 3233 4311 de
3290 4260 3595 4313 exoroistis

1947 4351 2198 4413 tantum,
2234 4349 2331 4402 sed
2368 4350 2438 4403 de
2468 4348 2742 4403 omnibus
2774 4348 2928 4401 dicta
2959 4347 3140 4401 fuisse
3197 4346 3546 4404 Christianis
3567 4349 3596 4403 ?

1946 4437 2199 4493 Maxima
2230 4454 2365 4509 ergo
2392 4442 2516 4492 erat
2573 4454 2685 4492 non
2748 4437 2920 4491 modo
2979 4437 3427 4502 exorcistarum,
3486 4437 3587 4492 sed

1947 4524 2211 4580 omnium
2268 4526 2731 4581 Christianorum
2781 4525 2839 4579 in
2929 4526 3223 4580 daemones
3309 4529 3587 4597 potestas

1950 4631 2066 4685 qua
2121 4615 2255 4671 illos
2311 4632 2379 4671 ex
2436 4615 2801 4672 ethnicorum
2870 4615 3215 4687 corporibus
3268 4616 3590 4689 saepissime

1866 4688 1913 4751 D
1946 4704 2320 4775 objiciebant.

2018 4813 2073 4866 Si
2110 4812 2243 4883 quis
2275 4816 2467 4868 autem
2504 4812 2763 4885 inquirat
2794 4812 2969 4881 unde,
3030 4817 3129 4867 aut
3180 4829 3296 4885 quo
3354 4815 3593 4872 nomine

1945 4917 2074 4956 eam
2128 4902 2433 4969 haberent,
2491 4902 2630 4957 huic
2698 4901 3075 4974 respondebit
3155 4902 3587 4963 Tertullianus:

1947 5012 1974 5039 ‹‹
2008 4989 2211 5045 Omnis
2244 4996 2462 5059 nostra,
2499 4992 2603 5047 hoc
2662 4996 2769 5056 est,
2823 4990 3290 5048 Christianorum
3338 4992 3398 5048 in
3456 4993 3589 5050 illos

1946 5079 2241 5135 dmmones
2274 5080 2616 5147 dominatio,
2667 5085 2723 5135 et
2764 5085 3022 5152 potestas
3072 5081 3142 5135 de
3190 5081 3588 5139 nominatione

1943 5167 2181 5236 Christi,
2215 5168 2333 5224 sive
2365 5170 2611 5241 prolato,
2645 5170 2879 5241 quando
2902 5170 3192 5226 daemones
3214 5171 3585 5241 adjurabant,

1945 5256 2153 5312 Christi
2216 5259 2455 5313 nomine
2520 5260 2693 5327 valet,
2768 5263 2825 5315 et
2889 5260 2959 5314 de
3033 5258 3585 5316 commemoratione

1942 5363 2164 5417 eorum,
2210 5365 2333 5419 quae
2395 5349 2571 5404 sibia
2609 5351 2716 5404 Deo
2775 5365 2876 5421 per
2941 5347 3226 5403 arbitrum
3287 5347 3583 5404 Christum

1943 5433 2314 5491 imminentia
2342 5443 2680 5509 exspectant
2711 5460 2738 5487 ››
2772 5437 2973 5509 (Idem,
3004 5436 3278 5507 Apologet.
3321 5453 3445 5508 cap.
3493 5439 3581 5510 23,

1941 5538 2073 5595 pag.
2111 5525 2255 5595 410).
2302 5525 2579 5581 Nonnulli
2637 5542 2790 5594 vero,
2851 5523 3073 5579 nullius
3129 5528 3327 5580 tamen
3386 5542 3584 5584 manu-

1939 5611 2141 5683 scripti
2176 5615 2390 5670 codicis
2428 5616 2771 5670 auctoritate
2807 5612 2959 5679 fulti,
2991 5612 3301 5684 legendum
3345 5622 3585 5674 censent

1936 5705 2383 5770 comminatione,
2418 5704 2571 5759 haud
2597 5702 2771 5758 dubie
2794 5701 2931 5773 quia
2950 5703 3244 5760 daemones
3270 5720 3373 5777 per
3393 5705 3579 5765 Deum
3636 5729 3659 5772 ·,

1937 5792 2156 5863 vivum,
2217 5792 2315 5864 qui
2365 5792 2743 5864 judicaturus
2800 5795 2891 5849 est
2938 5792 3099 5851 vivos
3158 5798 3213 5852 et
3292 5802 3578 5870 mortuos,
