4158 6334
454 379 575 440 979

977 381 1502 442 TERTULLIANI
1549 381 1874 444 OPEltUM
1919 383 2122 442 PARS
2167 382 2212 440 ι.
2243 414 2317 425 -
2345 381 2617 442 SEBIES
2662 382 2710 452 Ι,
2757 381 3319 443 APOLOGETICA.

3743 381 3872 442 980

461 511 904 584 adjurabantur.
936 517 1009 568 At
1052 514 1198 570 satis
1251 515 1496 571 fortasse
1554 533 1669 572 non
1730 516 2096 571 animadver-
2128 520 2184 584 A
2219 515 2436 588 posuit:
2479 538 2499 566 ιι
2536 516 2811 571 Peccasse
2843 516 3126 586 quosdam
3158 515 3414 587 angelos,
3449 515 3666 587 inquit,
3701 518 3760 571 et
3796 515 3863 570 in

461 605 661 658 terunt
690 601 745 656 in
796 605 955 657 textu
1010 601 1350 658 Tertulliani
1413 605 1587 676 paulo
1646 609 1776 677 post
1815 604 2098 676 scriptum

463 690 530 747 de
549 692 1054 762 repraesentatione,
1096 692 1250 764 quod
1305 693 1459 749 idem
1511 698 1618 765 est,
1665 711 1728 749 ac
1774 710 2098 749 commemo-

463 781 698 845 ratione,
759 781 907 848 ignis
963 781 1120 835 illius
1181 783 1394 850 a’terni,
1435 799 1550 853 quo
1609 783 1886 853 puniendi
1965 787 2104 837 sunt

464 868 778 924 daamones.
803 867 1034 924 Videsis
1065 870 1379 926 Eusebium
1413 871 1534 926 haec
1565 870 1624 925 in
1685 888 1792 926 sua
1841 873 1911 926 de
1959 873 2103 927 Con-

463 957 709 1014 stantini
742 958 935 1030 Magni
959 958 1231 1014 laudibus
1258 960 1517 1016 oratione
1538 961 2104 1028 enarrantem,alios-

467 1061 581 1118 que
611 1047 844 1102 anobis
875 1045 1013 1102 alibi
1065 1047 1272 1102 citatos
1319 1048 1552 1120 (Euseb.
1610 1051 1775 1107 Orat.
1835 1049 1898 1105 de
1958 1051 2100 1106 Con-

464 1139 615 1191 stant
657 1137 836 1205 Magn.
872 1134 1024 1191 laud.
1057 1153 1184 1208 cap.
1221 1138 1305 1207 16,
1338 1153 1471 1210 pag.
1503 1139 1629 1207 658,
1675 1143 1732 1194 et
1779 1155 1942 1210 seqq.
1994 1138 2100 1194 loc.

469 1225 606 1283 intr.
641 1225 788 1296 cit.).

539 1335 711 1388 Recte
750 1348 887 1405 ergo
946 1332 1082 1388 inde
1138 1332 1438 1389 concludit
1485 1334 1921 1391 Tertullianus:
1984 1339 2106 1390 Das-

471 1437 676 1477 mones
709 1444 737 1472 ‹‹
771 1420 1070 1476 Christum
1101 1421 1375 1478 timentes
1406 1422 1464 1476 in
1513 1423 1649 1490 Deo,
1706 1426 1762 1478 et
1818 1425 1998 1479 Deum
2048 1424 2105 1478 in

469 1509 721 1579 Christo,
765 1509 1164 1582 subjiciuntur
1193 1511 1374 1567 servis
1406 1511 1498 1566 Dei
1541 1515 1597 1567 et
1626 1511 1839 1568 Christi
1872 1535 1900 1562 »
1943 1513 2108 1582 (Ter-

471 1597 602 1656 tull.
634 1600 912 1671 Apotoget.
945 1615 1071 1671 cap.
1102 1599 1192 1667 23,
1226 1615 1358 1672 pag.
1394 1600 1537 1671 410).
1571 1601 1677 1656 Sed
1701 1602 1991 1673 quomodo
2013 1618 2112 1657 eos

474 1687 812 1744 timebant?
842 1692 900 1743 ut
927 1704 1186 1761 nequam,
1210 1688 1421 1760 inquit,
1457 1691 1603 1745 servi
1622 1695 1767 1745 metu
1796 1691 1957 1762 (Ibid.
1983 1707 2108 1762 cap.

472 1777 565 1848 27,
599 1792 730 1848 pag.
793 1776 959 1848 332);
1027 1777 1522 1847 quemadmodum
1577 1777 1635 1834 in
1695 1777 2112 1851 manuscriptis

477 1865 695 1922 nostris
725 1865 1022 1921 codicibus
1075 1865 1346 1937 legimus.
1406 1866 1610 1923 Servili
1669 1867 1850 1940 igitur
1905 1868 2113 1923 timore

479 1953 776 2009 Christum
799 1954 1376 2026 ejusquediscipulos
1392 1957 1785 2013 metuebantm
1806 1958 1876 2012 Et
1891 1957 2114 2025 odium,

484 2042 673 2114 pergit
699 2041 821 2110 ille,
850 2043 1028 2099 timor
1056 2043 1261 2114 spirat,
1294 2066 1321 2094 »
1363 2043 1506 2115 sive,
1537 2050 1602 2100 ut
1651 2046 1734 2101 ait
1780 2046 2070 2102 Minucius
2098 2063 2111 2100 :

482 2131 757 2187 «Odium
816 2131 999 2187 nostri
1057 2136 1263 2188 serunt
1320 2131 1544 2188 occulte
1603 2149 1705 2205 per
1757 2135 2026 2191 timorem
2087 2157 2114 2183 »

479 2219 716 2292 (Minue.
775 2219 968 2276 Octav.
1033 2237 1160 2292 pag.
1222 2222 1368 2290 255).
1434 2227 1728 2279 Daemones
1785 2224 1984 2296 itaque
2059 2228 2118 2281 et

478 2308 728 2380 subjecti
761 2317 922 2364 erant
951 2308 1322 2378 Christianis,
1355 2315 1412 2366 et
1443 2327 1540 2368 eos
1571 2312 1746 2367 etiam
1805 2313 2114 2380 timebant,

476 2401 651 2470 atque
681 2397 892 2453 idcirco
926 2397 1186 2454 oderant.
1220 2399 1432 2464 Quidni
1483 2399 1802 2457 timerent?
1852 2404 2112 2474 quando-

474 2486 713 2558 quidem
745 2487 817 2542 ab
851 2485 972 2542 illis
999 2487 1368 2556 subiguntur.
1400 2489 1480 2544 ait
1512 2490 1704 2545 adhuc
1763 2503 1964 2547 auctor
2013 2509 2115 2548 no-

475 2578 613 2646 ster,
646 2597 674 2626 «
709 2579 766 2630 et
806 2575 1124 2631 conditioni
1183 2593 1302 2632 suae
1353 2578 1685 2648 succidunt,
1727 2585 1784 2634 et
1841 2597 1987 2652 quos
2044 2582 2116 2636 de

474 2663 797 2736 longinquo
855 2669 1199 2736 oppugnant
1276 2666 1347 2722 de
1399 2668 1660 2738 proximo
1749 2670 2113 2724 obsecrant»

479 2752 722 2808 Tertull.
783 2753 917 2808 ibid.
980 2770 1104 2826 cap.
1162 2756 1256 2822 27,
1316 2756 1425 2811 col.
1486 2757 1630 2829 432).
1690 2759 1858 2829 Atqui
1910 2760 1958 2814 si
2016 2776 2114 2816 eos

481 2841 802 2912 obsecrant,
835 2841 1064 2906 timent,
1123 2843 1391 2907 oderunt,
1453 2843 1641 2915 iisque
1698 2845 2113 2917 subjiciuntur,

479 2945 614 3000 ergo
645 2929 716 2985 ab
748 2929 867 2986 illis
897 2931 1174 3002 adjurati,
1200 2948 1314 2986 non
1351 2934 1785 2990 mentiebantur
1835 2938 2113 3006 profecto,

480 3018 582 3074 sed
642 3021 768 3072 tum
826 3035 977 3088 vere,
1037 3018 1190 3075 sicut
1238 3021 1362 3091 jam
1439 3021 1712 3090 diximus,
1783 3024 2117 3080 fatebantur

480 3122 544 3162 se
574 3123 774 3163 revera
794 3122 922 3163 esse
979 3107 1288 3174 daemones,
1337 3113 1393 3164 et
1443 3112 1781 3183 neutiquam
1832 3113 1990 3184 deos,
2049 3130 2114 3168 ac

475 3213 660 3252 unum
689 3197 973 3253 duntaxat
1001 3213 1130 3253 esse
1159 3197 1364 3254 Deum.
1417 3199 1560 3254 Tam
1614 3217 1746 3256 vera
1798 3218 1965 3272 porro
2015 3201 2116 3257 illa

473 3285 785 3346 confessio.
817 3290 936 3341 tam
988 3285 1305 3357 publicum,
1367 3288 1562 3360 inquit
1619 3294 1836 3344 Auctor
1891 3297 2110 3358 noster,

472 3373 875 3429 testimonium
909 3373 1272 3432 Christianos
1305 3377 1490 3433 facere
1543 3377 1788 3450 solebat,
1838 3395 1904 3435 ac
1952 3379 2110 3435 Chri-

475 3461 678 3518 stianas
711 3461 1012 3535 religionis
1066 3465 1327 3521 stabilire
1385 3469 1441 3520 et
1499 3468 1847 3523 conﬁrmare
1901 3468 2110 3524 verita—

475 3553 593 3606 tem
628 3550 785 3617 (Ibid.
821 3551 972 3606 sos
1028 3570 1154 3624 cap.
1216 3554 1306 3622 23,
1363 3571 1495 3627 pag.
1553 3556 1664 3626 26).
1720 3557 1831 3611 Sed
1891 3558 1962 3612 de
2021 3557 2114 3613 his

476 3638 707 3711 egimus
738 3639 797 3694 in
831 3640 888 3695 in
920 3643 1323 3712 superioribus
1354 3643 1570 3699 nostris
1601 3645 2114 3702 dissertationibus

477 3729 758 3784 Dissertat.
793 3730 854 3783 in
874 3730 1086 3786 Minue.
1119 3746 1246 3802 cap.
1286 3733 1376 3798 20,
1408 3737 1516 3788 art.
1551 3734 1604 3803 3,
1637 3735 1694 3787 in
1727 3735 1922 3790 Arnob.
1986 3751 2109 3806 cap.

478 3816 535 3887 3,
565 3820 674 3872 art.
706 3834 747 3888 ι,
779 3818 836 3872 in
869 3819 1120 3873 Lactant.
1154 3835 1282 3892 cap.
1313 3822 1368 3886 9,
1403 3824 1511 3877 art.
1542 3823 1597 3889 2,
1622 3838 1750 3893 cap.
1785 3823 1871 3888 l6,
1918 3829 2030 3882 art.
2072 3841 2110 3894 ι,

479 3921 585 3978 cap
642 3907 731 3978 2o,
765 3911 875 3963 art.
907 3908 960 3978 7,
991 3925 1119 3980 cap.
1148 3909 1238 3977 33,
1272 3915 1380 3965 art.
1416 3911 1494 3982 4).

546 4016 620 4069 At
650 4031 756 4070 nos
779 4015 905 4086 jam
936 4016 1007 4071 ad
1038 4016 1151 4072 alia
1183 4017 1353 4072 solito
1386 4017 1942 4089 moregexplananda
1981 4038 2114 4092 pro-

474 4108 748 4174 perantes
780 4104 994 4176 aliquis
1053 4106 1296 4161 forsitan
1351 4109 1691 4177 retardabit,
1739 4113 1795 4164 et
1853 4127 1886 4164 a
1942 4111 2112 4166 nobis

472 4191 874 4248 sciscitabitur
902 4211 1006 4249 cur
1052 4197 1262 4250 Auctor
1301 4201 1499 4251 noster
1545 4197 1776 4264 dixerit,
1827 4221 1854 4248 ‹‹
1891 4199 2112 4254 Daemo-

473 4295 578 4334 nes
608 4282 680 4336 ob
714 4282 995 4338 malitiam
1050 4284 1500 4355 praedamnatos,
1536 4306 1560 4336 »
1604 4291 1661 4340 et
1708 4292 1910 4358 postea
1953 4288 2110 4358 adje-

471 4367 636 4436 eerit,
669 4392 698 4419 «
731 4369 1048 4442 Desperata
1079 4372 1335 4427 conditio
1393 4389 1590 4428 eorum
1643 4390 1712 4429 ex
1750 4376 2110 4447 praedamna-

468 4455 629 4512 tione
649 4457 924 4514 solatium
953 4465 1182 4530 reputat
1201 4461 1456 4516 fruendaa
1480 4463 1711 4518 interim
1727 4463 2111 4536 malignitatis

472 4543 544 4600 de
574 4561 755 4616 pmnaa
789 4564 953 4603 mora
980 4571 1006 4596 ››
1034 4549 1295 4618 (Tertull.
1319 4551 1589 4621 Apologet.
1615 4569 1741 4624 cap.
1764 4553 1856 4617 22,
1893 4571 1945 4623 p.
1972 4554 2106 4618 404;

2209 604 2390 677 hujus
2423 604 2628 660 mundi
2664 605 2784 660 ima
2831 606 3122 666 detrusos.
3171 604 3270 676 qui
3322 604 3409 660 eis
3454 603 3612 658 velut
3660 621 3863 660 carcer

2209 699 2317 760 est,
2346 695 2534 764 iisque
2567 695 2636 749 ad
2672 695 2926 748 futuram
2962 693 3020 748 in
3055 694 3146 748 die
3169 692 3378 764 judicii
3402 691 3674 748 ultimam
3699 693 3868 748 dam-

2214 783 2506 837 nationem
2553 782 2853 854 apostolus
2905 786 3110 838 Petrus
3158 781 3529 854 apertissime
3577 783 3862 852 ostendit,

2211 871 2412 928 dicens
2443 871 2597 942 quod
2624 871 2776 926 Deus
2808 871 3032 943 angelis
3068 871 3472 942 peccatoribus
3505 886 3619 924 non
3653 885 3863 942 peper-

2213 960 2376 1023 cerit,
2410 959 2512 1014 sed
2571 959 2902 1014 carceribus
2943 958 3213 1030 caliginis
3257 959 3469 1013 inferni
3526 959 3863 1028 retrudens,

2213 1047 2522 1103 tradiderit
2552 1048 2609 1102 in
2634 1047 2858 1118 judicio
2893 1047 3220 1119 puniendos
3244 1047 3547 1102 reservari.
3577 1069 3602 1095 »
3635 1046 3716 1118 (S.
3750 1049 3865 1101 Au-

2214 1140 2370 1208 gust.
2395 1135 2496 1191 lib.
2529 1153 2585 1206 x,
2619 1137 2691 1191 De
2727 1137 2876 1191 civit.
2921 1153 3049 1207 cap.
3099 1136 3188 1204 33,
3242 1153 3371 1208 pag.
3423 1135 3564 1203 293;
3627 1138 3866 1200 Petrus,

2213 1229 2382 1300 epist.
2417 1227 2493 1294 Il,
2524 1243 2654 1297 cap.
2694 1229 2747 1293 2,
2783 1227 2837 1295 ᾖ,
2869 1227 2941 1296 4).
2978 1228 3041 1280 At
3072 1225 3190 1280 hinc
3221 1223 3528 1280 infernalis
3565 1223 3866 1304 caliginis,

2217 1315 2480 1389 ignisque
2518 1315 2793 1369 reservati
2851 1331 3014 1369 mora
3071 1331 3136 1368 ac
3194 1313 3396 1368 dilatio
3453 1313 3871 1385 qualecunque

2216 1404 2364 1477 ipsis
2394 1407 2519 1460 erat
2551 1403 3063 1475 praedamnationis
3096 1419 3161 1457 ac
3191 1402 3546 1457 conditionis
3575 1402 3868 1473 despera-

2216 1497 2284 1549 tae
2333 1493 2630 1548 solatium.
2685 1498 2799 1547 Sua
2858 1491 3151 1546 enimvero
3205 1491 3552 1546 fruebantur
3613 1491 3861 1546 interim

2219 1583 2605 1655 malignitate,
2638 1598 2754 1654 qua
2779 1581 3138 1636 Christianos
3170 1581 3238 1635 ad
3273 1580 3387 1646 sui,
3421 1580 3543 1634 sive
3576 1577 3866 1635 falsorum

2219 1673 2484 1741 deorum,
2515 1659 2739 1726 cultum
2774 1670 2862 1725 vel
2892 1670 3265 1738 inducebant,
3296 1669 3385 1724 vel
3416 1668 3755 1724 efficiebant
3797 1673 3867 1723 ut

2221 1763 2534 1816 renuentes
2563 1758 2992 1814 crudelissimis
3024 1759 3096 1813 ad
3131 1761 3378 1814 mortem
3415 1774 3601 1829 usque
3635 1757 3867 1829 suppli-

2222 1848 2328 1904 ciis
2358 1847 2928 1903 excarniﬁcarentur.
2962 1849 3033 1901 At
3063 1848 3134 1902 de
3167 1846 3275 1902 hoc
3305 1862 3508 1902 eorum
3541 1845 3753 1902 solatio
3785 1847 3873 1901 di-

2223 1936 2459 2008 latoque
2508 1935 2798 2006 supplicio
2843 1934 2982 1990 alibi
3030 1935 3461 2006 disputavimus
3511 1935 3760 2005 (Dissert.
3806 1935 3868 1989 in

2224 2028 2466 2082 Lactant.
2499 2040 2627 2096 cap.
2649 2025 2741 2094 20,
2768 2029 2880 2079 art.
2919 2025 2994 2093 5).

2859 2165 3229 2237 CAPUTQXL

2224 2257 2299 2311 De
2327 2259 2668 2310 mortuorum
2697 2253 2981 2309 hominum
3000 2253 3070 2308 ad
3089 2255 3259 2310 vitam
3275 2254 3641 2316 revocatione,
3684 2258 3874 2306 extre-

2295 2343 2379 2381 mo
2412 2329 2510 2381 Dei
2524 2326 2990 2396 judiciowternis
3013 2327 3312 2396 impiorum
3331 2326 3597 2395 pa’nis,ac
3612 2325 3869 2396 praemiis

2284 2395 2586 2469 justorum,
2620 2402 2784 2468 atque
2840 2395 3158 2453 animarum
3209 2406 3332 2454 ante
3393 2398 3659 2451 ultimum
3707 2395 3871 2466 judi-

2294 2472 2441 2525 cium
2471 2470 2844 2540 receptaculis.

2744 2628 2948 2667 ARTICU
2961 2627 3064 2667 ωε
3105 2627 3323 2666 PRIMUS
3335 2651 3346 2664 .

2225 2712 2429 2782 Quibus
2446 2711 2784 2781 argumentis
2802 2709 2979 2782 Tertut
2989 2708 3173 2764 [ianus
3181 2707 3715 2782 probaveritomness
3727 2723 3873 2761 mor-

2295 2789 2413 2839 tuos
2443 2783 2687 2837 nomine:
2717 2797 2868 2852 posse
2901 2781 2972 2836 ad
3030 2783 3204 2835 vitam
3258 2781 3523 2845 revocari,
3570 2795 3633 2833 ac
3680 2795 3871 2834 revera

2297 2855 2661 2910 revocandos:
2705 2857 2888 2906 utrmn
2946 2855 3149 2907 anima’
3195 2852 3510 2921 corporibus
3556 2853 3755 2916 exuta,
3815 2855 3870 2905 et

2291 2931 2411 2981 sine
2429 2927 2654 2980 illorum
2683 2925 2993 2980 ministerio
3019 2924 3228 2996 possint
3253 2923 3465 2996 aliquid
3495 2938 3678 2991 agere,
3707 2924 3852 2993 pati,

2293 3015 2356 3054 ac
2385 2998 2587 3064 dolere,
2618 3004 2672 3051 et
2703 2997 2901 3051 trctari.

2293 3133 2376 3188 Ad
2408 3132 2519 3187 alia
2552 3147 2706 3186 nunc
2728 3129 3153 3185 transeundum
3177 3131 3267 3183 est
3287 3126 3619 3182 christiana?
3635 3124 3869 3195 religio-

2143 3254 2186 3320 Ο
2224 3221 2315 3276 nis
2347 3222 2640 3310 dogmata,
2675 3235 2802 3288 qua:
2831 3216 3229 3320 Tertullia'nus
3252 3217 3377 3272 suis
3400 3215 3456 3270 in
3479 3214 3871 3313 libriscontra

2224 3309 2485 3366 ethnicos
2515 3306 2727 3363 asserit
2756 3324 2822 3362 ac
2855 3311 3072 3361 tuetur.
3108 3305 3299 3361 Unum
3331 3311 3527 3359 autem
3561 3320 3630 3359 ex
3658 3303 3730 3356 iis
3765 3319 3869 3358 no-

2221 3404 2454 3468 straque
2469 3394 3224 3466 animadversionedignum
3244 3393 3513 3464 est,quod
3531 3397 3869 3448 constanter

2219 3486 2717 3558 tradit,variisque
2749 3485 3042 3539 rationum
3075 3483 3392 3539 momentis
3425 3481 3630 3554 probat
3658 3497 3865 3537 omnes

2223 3578 2458 3634 omnino
2490 3581 2751 3631 mortuos
2782 3573 3052 3629 homines
3083 3577 3139 3628 in
3173 3574 3288 3628 ﬁne
3321 3573 3526 3628 mundi
3559 3573 3630 3626 ad
3681 3571 3862 3626 vitam

2223 3665 2597 3722 revocandos.
2632 3664 2783 3719 892
2816 3663 3076 3717 Primum
3108 3666 3301 3717 autem
3361 3660 3620 3717 desumit
3664 3677 3734 3716 ex
3782 3660 3868 3715 in-

2224 3755 2388 3810 ﬁnita
2420 3753 2675 3825 potentia
2692 3753 2786 3807 Dei
2813 3768 2825 3806 :
2858 3773 2885 3804 ιι
2905 3751 3009 3814 Qui
3042 3755 3297 3816 tantum,
3321 3750 3534 3820 inquit,
3558 3749 3668 3804 hoc
3692 3765 3861 3803 mun-

2222 3843 2280 3898 di
2312 3859 2522 3914 corpus
2551 3843 2619 3896 de
2643 3857 2730 3910 eo,
2755 3840 2909 3910 quod
2934 3856 3048 3894 non
3073 3839 3265 3894 fuerat
3306 3838 3385 3910 [id
3411 3842 3519 3902 est,
3538 3855 3606 3893 ex
3638 3835 3863 3906 nihilo],

2221 3930 2604 4000 composuit»
2640 3926 2902 3998 (Tertull.
2935 3927 3216 3998 Apotoget.
3251 3943 3376 3998 cap.
3411 3926 3500 3992 48,
3547 3924 3657 3981 col.
3715 3924 3866 3994 520),

2222 4019 2342 4074 sive
2397 4021 2460 4072 ut
2516 4016 2700 4071 nostri
2756 4020 2812 4070 et
2868 4020 3000 4070 ante
3059 4014 3380 4087 Rigaltium
3441 4013 3580 4068 editi
3639 4012 3868 4068 codices

2221 4107 2454 4172 habent,
2492 4108 2769 4177 imposuit,
2804 4121 2907 4160 seu
2939 4104 3176 4170 creavit,
3212 4103 3262 4158 is
3295 4107 3450 4159 certe
3495 4102 3621 4174 ipse
3679 4103 3868 4173 potest

2221 4196 2488 4252 homines
2518 4196 2584 4250 de
2612 4203 2783 4250 morte
2811 4195 3112 4249 vacationis
3142 4203 3192 4248 et
3227 4195 3536 4257 inanitatis,
3598 4191 3708 4246 hoc
3755 4194 3865 4255 est,

2221 4285 2293 4340 ab
2328 4291 2532 4348 morte,
2567 4283 2688 4338 sive
2720 4282 3020 4351 inanitate,
3054 4297 3120 4338 ac
3151 4281 3471 4353 privatione
3501 4279 3629 4335 vita!
3663 4279 3734 4333 ad
3775 4294 3863 4334 se-

2220 4375 2472 4430 cundam
2507 4372 2680 4428 vitam
2703 4372 2976 4427 excitare.
3001 4370 3147 4426 Nam
3169 4370 3228 4424 hi
3254 4386 3431 4424 unam
3451 4368 3864 4426 tantummodo

2218 4463 2479 4518 efﬁciunt
2497 4466 2718 4532 partem
2735 4458 3000 4530 mundi,q
3013 4474 3142 4514 uem
3158 4463 3527 4514 constatesse
3539 4457 3863 4512 animatum

2217 4554 2419 4623 spiritu
2448 4552 2694 4606 omnium
2725 4551 3048 4603 animatore.
3087 4549 3150 4602 Et
3182 4547 3264 4602 ita
3295 4547 3534 4618 quidem
3553 4545 3861 4617 Rigaltius,

474 4609 617 4686 ibici.
651 4649 700 4686 c.
727 4634 818 4702 27,
852 4652 908 4706 p.
939 4609 1083 4705 432).
1119 4609 1394 4701 Quaenam
1427 4609 1537 4701 est,
1569 4609 1795 4711 inquiet
1826 4609 1941 4704 ille,
1993 4609 2110 4694 hinc
2142 4609 2190 4671 Β
2220 4609 2279 4694 et
2312 4641 2410 4694 alii
2443 4639 2717 4708 deinceps
2746 4636 2902 4690 hunc
2932 4635 3208 4690 exhibent
3238 4609 3579 4690 Tertulliani
3613 4609 3860 4689 textum;

475 4717 806 4776 dmmonum
841 4723 1259 4793 prwdamnatio
1289 4729 1347 4780 et
1378 4742 1554 4795 paena:
1589 4745 1772 4795 mora,
1810 4745 1875 4782 ac
1925 4728 2106 4798 quod-

475 4821 612 4861 nam
645 4808 899 4865 fruendaa
953 4810 1336 4882 malignitatis
1385 4814 1701 4871 solatium?
1756 4817 1900 4872 Nam
1951 4817 2106 4871 idem

471 4895 599 4965 ipse
626 4896 1027 4956 Tertullianus
1060 4916 1174 4955 non
1197 4901 1394 4958 minus
1426 4905 1750 4976 perspicue,
1774 4905 1860 4961 uti
1883 4905 2108 4961 monui-

471 4999 626 5055 mus,
654 4986 877 5044 dixerat
899 5007 966 5044 ex
997 4990 1180 5045 sacris
1207 4991 1525 5062 Scripturis
1556 4994 1742 5068 colligi
1777 4995 2105 5050 daemonum

467 5078 699 5144 gentem
721 5093 855 5133 cum
875 5079 966 5134 sui
989 5078 1218 5149 generis
1240 5081 1671 5149 auctoribus,ac
1697 5084 1957 5154 principe
1979 5098 2108 5137 esse

465 5178 578 5218 non
599 5164 838 5236 quidem
861 5168 1442 5238 predamnatam,sed
1466 5171 2103 5227 absolutedamnatam.

465 5252 534 5304 At
563 5256 833 5324 quamvis
865 5261 1023 5312 certa
1052 5257 1129 5311 sit
1158 5255 1488 5312 daemonum
1525 5261 1844 5328 damnatio,
1879 5276 1992 5314 non
2046 5259 2101 5312 bi

464 5343 661 5397 tamen
686 5343 913 5401 debitas
946 5363 1149 5402 omnes
1179 5343 1498 5404 sceleribus
1529 5351 1652 5405 suis
1684 5366 1886 5420 poenas
1910 5348 2100 5402 luunt.

466 5428 690 5488 Etenim
724 5433 780 5488 in
841 5437 988 5507 ipsis
1045 5438 1221 5493 etiam
1281 5437 1462 5494 sacris
1512 5439 1827 5511 Scripturis
1876 5437 2102 5492 Christo

470 5521 710 5576 Domino
760 5527 1142 5594 exprobrasse
1193 5529 1505 5584 dicuntur:
1557 5529 1756 5583 Venisti
1813 5529 1915 5581 huc
1979 5530 2104 5582 ante

463 5611 674 5677 tempus
722 5620 972 5684 torquere
1019 5631 1117 5671 nos
1165 5617 1370 5686 (Matth.
1431 5633 1554 5687 νιιι,
1612 5617 1740 5686 29.)
1794 5616 1899 5670 Sed
1981 5613 2102 5669 haec

462 5693 830 5766 Augustinus
860 5720 928 5758 ex
959 5705 1109 5762 Petri
1146 5707 1395 5777 apostoli
1447 5706 1703 5780 Epistola
1746 5705 1960 5763 clarius
2004 5721 2100 5760 ex-

2221 4729 2427 4784 Melius
2459 4745 2587 4782 vero
2621 4725 2804 4781 nostri
2835 4725 3315 4796 antiquioresque
3363 4724 3558 4780 excusi
3608 4723 3861 4792 codices,

2209 4819 2534 4873 animatum
2591 4816 2794 4886 spiritu
2842 4816 3091 4869 omnium
3161 4814 3476 4869 animarum
3531 4813 3859 4869 animatore.

2218 4907 2413 4963 Nostri
2445 4905 2736 4977 siquidem
2768 4904 3034 4958 Auctoris
3066 4903 3499 4975 argumentatio
3558 4901 3798 4957 ducitur
3826 4917 3860 4956 a

2219 4997 2448 5066 majori,
2473 4993 2736 5063 utaiunt,
2757 4992 2825 5048 ad
2852 4992 3070 5060 minus,
3094 4993 3213 5048 sive
3237 5010 3268 5048 a
3297 4998 3438 5058 toto,
3458 4991 3609 5063 quod
3633 4991 3852 5046 factum

2217 5086 2344 5152 fuit,
2381 5088 2448 5141 ad
2482 5090 2703 5157 partem
2737 5100 2861 5155 quae
2911 5083 3036 5138 ﬁeri
3089 5083 3304 5138 idcirco
3355 5081 3851 5155 potest-Mundus,

2215 5176 2428 5247 inquit,
2462 5175 2779 5240 animatus,
2832 5171 2954 5226 sive
3011 5178 3242 5226 creatus
3292 5179 3379 5227 est
3409 5190 3441 5227 a
3474 5171 3571 5226 Dei
3618 5169 3855 5242 spiritu,

2215 5265 2477 5319 omnium
2507 5262 2838 5317 animarum
2864 5259 3219 5321 animatore;
3253 5277 3390 5332 ergo
3425 5261 3576 5315 idem
3604 5259 3728 5330 ipse
3755 5257 3855 5313 Dei

2214 5353 2455 5424 spiritus
2487 5354 2676 5422 potest
2705 5348 2974 5404 homines
3007 5365 3122 5402 non
3150 5349 3435 5419 omnium,
3471 5349 3570 5404 sed
3605 5363 3711 5403 suo
3737 5351 3856 5401 tan-

2212 5445 2360 5508 tum,
2394 5441 2604 5513 spiritu
2647 5438 2935 5493 animatos
2970 5442 3097 5505 post
3126 5454 3325 5492 eorum
3361 5442 3605 5492 mortem
3639 5437 3854 5490 iterum

2211 5532 2494 5597 animare,
2527 5535 2583 5582 et
2605 5543 2811 5582 rursus
2843 5542 2956 5578 non
2989 5542 3056 5578 ex
3088 5525 3290 5593 nihilo,
3326 5526 3408 5580 uti
3437 5526 3618 5598 prius,
3655 5523 3754 5580 sed
3779 5523 3852 5577 ab

2210 5617 2471 5683 interitu,
2505 5621 2562 5672 et
2612 5617 2729 5671 vita
2787 5618 2958 5668 antea
3013 5614 3336 5686 deperdita,
3394 5615 3465 5671 ad
3525 5613 3849 5670 secundam

2211 5707 2594 5777 eamdemque
2624 5717 2910 5761 revocare.
