4158 6324
289 391 409 453 981

1222 390 1293 448 D.
1343 388 1438 449 LE
1483 388 1809 449 NOURBY
1855 388 2501 449 OBSERVATIONES
2548 388 2805 448 NOVIE.

3592 386 3710 447 983

362 524 509 589 Quid
541 538 698 590 vero,
731 522 887 594 quod
937 521 1059 577 haec
1108 521 1237 593 ipsa
1267 521 1369 578 Dei
1418 522 1488 577 ad
1532 525 1796 579 mortuos
1840 521 1944 577 bo-
1973 521 2027 588 Α
2062 523 2391 594 praesideat,
2420 527 2541 578 tam
2576 522 2783 579 animas
2814 538 2992 594 quam
3024 522 3185 578 carni
3212 543 3242 572 »
3274 522 3482 589 (Idem,
3511 520 3614 577 lib.
3646 521 3713 578 de

294 614 485 668 mines
516 611 962 668 exsuscitandos
1015 612 1273 684 potentia
1324 628 1438 666 non
1488 610 1668 667 totius
1717 614 1946 666 tantum

294 701 523 767 mundi,
558 700 660 757 sed
710 701 839 770 ipsa
882 701 1059 755 etiam
1111 700 1236 756 sola
1286 700 1540 756 hominis
1592 699 1883 755 creatione
1916 718 1949 755 a

289 790 648 846 Tertulliano
708 788 1036 845 luculenter
1082 791 1543 846 demonstratur.
1596 790 1778 844 Homo
1828 793 1945 845 ete-

291 880 415 935 nim
474 884 789 950 antequam
840 883 1158 949 crearetur,
1194 878 1337 934 nihil
1390 882 1537 945 erat,
1572 877 1832 949 alioquin
1884 894 1946 933 se

291 970 479 1025 fuisse
538 968 747 1024 saltem
808 967 1125 1040 aliquando
1178 967 1563 1023 meminisset.
1601 967 1775 1038 Atqui
1820 967 1867 1022 si
1916 984 1949 1021 a

290 1058 406 1113 Deo
438 1060 670 1112 creatus
722 1061 811 1112 est
862 1074 928 1112 ex
990 1057 1197 1125 nihilo,
1230 1063 1424 1129 potest
1483 1056 1685 1128 utique
1743 1057 1942 1111 eadem

290 1146 393 1201 Dei
430 1146 692 1217 potentia
723 1151 779 1201 et
808 1145 1110 1202 voluntate
1141 1163 1173 1201 a
1204 1151 1386 1201 morte
1441 1145 1695 1201 revocari
1733 1146 1943 1216 (Ibid.).

290 1233 417 1290 Non
448 1235 605 1291 enim
640 1236 827 1305 major
857 1236 928 1290 ad
962 1235 1212 1307 primam
1246 1235 1620 1305 creationem,
1645 1251 1818 1306 quam
1854 1234 1946 1288 in-

291 1324 713 1380 staurationem
743 1329 800 1379 et
830 1324 1257 1381 restitutionem
1301 1323 1616 1396 requiritur
1664 1328 1941 1394 potestas.

289 1409 406 1465 Nec
464 1410 757 1466 curiosius
812 1410 1049 1482 quidem
1114 1411 1630 1483 importuniusque
1679 1410 1946 1481 requiras

290 1500 585 1571 quomodo
639 1500 693 1554 id
749 1500 873 1555 fieri
921 1504 1139 1571 queat:
1174 1522 1200 1553 α
1234 1501 1378 1555 Nam
1431 1502 1607 1556 redde
1657 1500 1705 1555 si
1759 1506 1946 1571 potes,

288 1588 486 1659 inquit
544 1588 967 1656 Tertullianus,
1020 1590 1329 1657 rationem,
1374 1606 1490 1660 qua
1538 1592 1728 1644 factus
1776 1604 1858 1657 es,
1892 1591 1948 1642 et

288 1683 429 1732 tunc
464 1677 696 1748 require
727 1695 843 1750 qua
869 1680 974 1734 ﬁes
1005 1702 1024 1729 ι
1054 1680 1255 1747 (Idem,
1286 1678 1470 1749 ibid.)
1496 1682 1621 1745 Qua
1651 1677 1945 1732 enimvero

294 1767 557 1838 potentia
615 1767 871 1840 primum
934 1770 1121 1823 factus
1172 1785 1255 1835 es,
1288 1769 1490 1823 eadem
1552 1772 1751 1839 postea
1810 1766 1945 1820 reti-

2059 616 2345 667 resurrcct.
2381 630 2534 667 «tam.
2569 629 2694 685 cap.
2730 613 2838 684 14).
2864 611 3047 667 Homo
3079 611 3233 666 enim
3269 628 3382 666 non
3416 609 3541 667 sola
3572 626 3709 683 pro-

2057 700 2207 756 fecto
2249 703 2470 765 anima,
2501 703 2601 757 sed
2634 718 2740 757 suo
2773 702 2946 756 etiam
2981 716 3220 772 corpore
3248 700 3395 756 bene
3426 705 3527 756 aut
3557 699 3711 756 male

2058 791 2195 861 agit.
2234 792 2310 845 Ea
2342 808 2597 863 namque
2628 795 2717 846 est
2754 790 2961 845 anima:
2994 806 3127 845 cum
3162 805 3403 861 corpore
3433 788 3707 857 societas,

2059 903 2085 929 «
2122 879 2191 934 Ut
2223 880 2278 934 in
2314 896 2505 951 carne,
2530 884 2587 934 et
2616 897 2750 935 cum
2790 896 2963 935 carne
2996 883 3052 933 et
3083 895 3184 947 per
3214 895 3448 934 carnem
3478 882 3709 950 agatur,

2058 970 2209 1040 quod
2240 970 2435 1041 agitur
2460 968 2517 1023 in
2542 970 2712 1024 corde
2738 992 2764 1017 ››
2788 969 2953 1039 (Ibid.
2981 984 3107 1039 cap.
3139 969 3249 1039 15),
3274 968 3331 1022 id
3357 972 3466 1038 est,
3489 968 3711 1022 anima.

2056 1058 2202 1120 Quin
2236 1058 2412 1112 etiam
2455 1057 2503 1113 si
2555 1057 2871 1129 aliquando
2905 1056 3099 1113 anima
3148 1056 3274 1112 sola
3320 1056 3555 1128 cogitet,
3588 1055 3709 1111 haec

2057 1146 2218 1201 illius
2259 1146 2532 1217 cogitatio
2566 1146 2660 1201 vix
2712 1163 2973 1217 unquam
3023 1145 3150 1201 sine
3194 1144 3392 1217 aliquo
3445 1144 3709 1216 corporis

2055 1236 2403 1291 commercio
2438 1235 2685 1291 habetur
2718 1252 2731 1291 :
2761 1257 2783 1286 ι
2818 1235 2962 1290 Nam
2997 1235 3045 1290 si
3076 1234 3299 1291 volutet
3328 1234 3467 1305 quid
3484 1233 3704 1301 anima,

2056 1324 2136 1380 ait
2164 1324 2582 1392 Tertullianus,
2614 1324 2814 1379 vultus
2863 1331 3138 1395 operatur
3186 1323 3495 1391 indicium,
3528 1322 3707 1379 facies

2054 1413 2447 1469 intentionum
2480 1412 2743 1469 omnium
2777 1412 3082 1484 speculum
3114 1416 3203 1467 est
3226 1434 3253 1461 ››
3286 1410 3491 1483 (Ibid.).

2124 1522 2255 1576 Jam
2296 1538 2431 1577 vero
2464 1520 2849 1590 investigandi
2882 1536 2998 1574 non
3037 1524 3129 1575 est
3154 1519 3319 1575 locus
3362 1523 3563 1574 utrum
3608 1518 3707 1573 ille

2056 1626 2255 1665 revera
2286 1610 2562 1683 opinatus
2605 1611 2683 1665 sit
2736 1608 2879 1664 nihil
2916 1626 3157 1680 prorsus
3214 1624 3385 1680 posse
3443 1608 3705 1663 animam

2056 1714 2224 1769 agere
2254 1698 2381 1753 sine
2426 1698 2685 1769 corporis
2729 1697 3102 1761 commercio,
3135 1700 3193 1751 et
3221 1696 3347 1751 sine
3377 1694 3540 1750 illius
3570 1711 3703 1751 sen-

2055 1788 2240 1843 sibus.
2275 1788 2355 1842 De
2386 1788 2495 1843 hac
2527 1786 2683 1842 enim
2714 1786 2987 1856 opinione
3028 1785 3246 1856 aliquid
3282 1784 3700 1857 prmmisimus,

296 1854 488 1911 cieris.
524 1857 910 1923 Quamobrem
959 1874 1008 1911 e1
1060 1858 1131 1913 de
1185 1857 1372 1929 prima
1422 1873 1533 1911 non
1582 1855 1839 1923 dubitas,
1874 1855 1944 1909 de

2054 1882 2111 1932 et
2142 1877 2403 1948 proxime
2434 1877 2504 1932 de
2534 1893 2601 1932 ea
2631 1854 2959 1931 disserendi
2989 1854 3226 1931 dabitur
3254 1854 3500 1930 occasio.
3532 1873 3699 1929 Nune

295 1946 554 1999 secunda
611 1946 797 2001 multo
855 1946 1054 2000 minus
1112 1946 1383 2001 dubitare
1442 1946 1672 2001 debes:
1726 1945 1944 1998 Etenim

292 2034 522 2103 facilius
578 2037 794 2106 utique,
847 2036 932 2090 uti
990 2034 1085 2090 ille
1142 2036 1335 2090 adhuc
1392 2034 1495 2098 ait,
1535 2058 1561 2083 ‹‹
1614 2034 1739 2098 lies,
1785 2032 1940 2102 quod

294 2121 461 2177 fuisti
491 2123 828 2195 aliquando,
857 2125 995 2197 quia
1023 2141 1188 2196 aeque
1220 2141 1335 2180 non
1368 2122 1606 2178 difficile
1636 2124 1824 2177 factus
1855 2138 1941 2188 es,

293 2212 447 2284 quod
482 2229 597 2267 non
646 2212 806 2267 fuisti
860 2212 1175 2284 aliquando
1210 2235 1236 2261 ››
1271 2213 1475 2283 (Ibid)
1506 2211 1696 2266 Simili
1745 2215 1940 2265 autem

293 2301 468 2356 modo
527 2301 848 2357 Minucium
905 2302 1184 2369 Felicem,
1236 2302 1634 2365 Lactantium,
1693 2304 1749 2355 et
1794 2299 1940 2354 alios

288 2388 659 2460 disputantes
701 2391 758 2445 in
791 2392 1192 2462 superioribus
1223 2390 1739 2446 dissertationibus
1772 2390 1940 2444 audi-

285 2477 481 2534 vimus
523 2480 827 2551 (Dissertat.
878 2484 936 2536 in
985 2481 1186 2536 Minue.
1237 2497 1363 2552 cap.
1413 2482 1467 2547 7,
1518 2484 1630 2534 art.
1674 2480 1739 2543 2;
1775 2484 1831 2534 et
1876 2480 1938 2533 in

285 2568 545 2623 Lactant.
579 2586 707 2641 cap.
737 2569 829 2635 29,
862 2574 972 2625 art.
1006 2570 1083 2639 4.)

358 2677 431 2729 At
460 2674 507 2729 si
542 2675 650 2730 hoc
682 2675 739 2729 in
775 2675 876 2730 Dei
920 2679 1207 2746 potestate
1240 2680 1329 2731 est
1359 2676 1599 2730 omnino
1654 2674 1935 2746 positum,

285 2760 436 2817 nihil
471 2762 628 2817 aliud
680 2764 1051 2835 probandum
1098 2768 1386 2836 superest,
1421 2781 1594 2835 quam
1631 2768 1695 2819 ut
1733 2764 1788 2818 id
1840 2764 1937 2819 ille

286 2850 449 2919 velit,
482 2869 657 2923 seque
686 2853 941 2909 voluisse
989 2870 1187 2909 revera
1234 2853 1593 2922 signiﬁcarit.
1621 2853 1795 2924 Atqui
1830 2854 1937 2909 hoc

285 2938 434 3011 ipse,
464 2942 962 3011 quemadmodum
997 2945 1215 2998 Auctor
1245 2947 1441 2998 noster
1469 2942 1751 3013 loquitur,
1776 2942 1939 2997 desti-

280 3030 435 3085 navit
492 3034 546 3086 et
599 3031 922 3102 praedicavit
953 3032 1315 3104 (Tertullian.
1359 3031 1539 3101 ibid.),
1592 3047 1695 3085 nec
1753 3030 1933 3086 semel

283 3118 544 3190 quidem,
570 3121 669 3176 sed
704 3122 918 3193 Impius
948 3121 1007 3177 in
1041 3122 1224 3177 sacris
1253 3121 1486 3184 veteris,
1513 3137 1579 3175 ac
1611 3121 1933 3191 praesertim

280 3208 412 3264 novi
446 3210 805 3266 Testamenti
836 3211 1172 3281 Scripturis.
1197 3210 1394 3280 Neque
1424 3210 1537 3264 huc
1562 3210 1931 3281 congerenda

277 3303 419 3354 sunt
448 3313 648 3354 eorum
677 3300 1038 3367 testimonia,
1067 3317 1195 3371 qua:
1219 3300 1493 3354 omnibus
1521 3299 1738 3370 passim
1763 3298 1931 3354 obvia
1961 3268 2003 3335 Ο

277 3395 436 3457 sunt,
472 3404 578 3444 nec
624 3389 782 3445 ullus
827 3389 1019 3462 plane,
1053 3389 1154 3460 qui
1185 3406 1282 3445 eas
1311 3388 1401 3444 vel
1451 3387 1745 3443 levissime
1794 3388 1930 3442 atti-

272 3476 443 3548 gerit,
477 3476 747 3549 ignorare
794 3483 1001 3549 potest.
1038 3478 1379 3534 Certissima
1409 3482 1604 3532 autem
1638 3482 1748 3543 est,
1781 3478 1934 3532 sicut

272 3582 451 3638 supra
499 3568 889 3634 ostendimus,
942 3568 1178 3623 illorum
1234 3568 1551 3623 auctoritas
1581 3567 1768 3638 (supr.
1802 3584 1927 3637 cap.

269 3654 327 3721 6,
359 3660 468 3711 art.
502 3657 536 3711 3
586 3661 645 3712 et
694 3658 901 3729 scqq.).
936 3657 1177 3712 Constat
1207 3673 1341 3725 ergo
1387 3656 1571 3712 Deum
1632 3659 1686 3710 et
1736 3672 1928 3728 posse,

272 3748 329 3797 et
358 3744 525 3813 velle,
559 3750 623 3801 ut
654 3762 859 3802 omnes
890 3746 1131 3802 omnino
1166 3746 1379 3801 mortui
1416 3745 1685 3800 homines
1716 3745 1774 3799 in
1809 3745 1927 3816 pri-

272 3832 489 3889 stinam
550 3835 678 3891 vitae
747 3853 865 3892 sua;
933 3836 1329 3892 conditionem
1395 3834 1800 3905 restituantur,
1863 3852 1929 3889 ac

275 3922 521 3993 proinde
572 3925 829 3981 futuram
863 3925 1015 3981 898
1057 3925 1314 3996 profecto
1362 3940 1490 3980 esse
1536 3923 1772 3979 illorum
1804 3940 1928 3979 om-

275 4011 439 4067 nium
475 4014 547 4068 ad
578 4014 757 4070 vitam
788 4014 1202 4070 reversionem.

340 4100 527 4158 Instat
550 4102 743 4159 adhuc
764 4101 1184 4171 Tertullianus,
1206 4101 1437 4173 alioque
1460 4106 1807 4173 argumento
1832 4104 1927 4159 de'

268 4195 561 4248 monstrat
609 4209 851 4264 prorsus
892 4191 1286 4248 necessarium
1319 4208 1470 4258 esse,
1492 4197 1556 4247 ut
1587 4208 1791 4247 omnes
1821 4193 1922 4249 ho-

268 4280 458 4337 mines
492 4281 706 4337 mortui
738 4283 809 4337 ad
842 4282 1019 4336 vitam
1070 4282 1383 4352 aliquando
1418 4282 1676 4336 redeant.
1710 4283 1919 4337 Totum

267 4374 462 4427 autem
484 4370 628 4426 illud
650 4375 1064 4444 argumentum
1090 4370 1252 4425 hisce
1272 4369 1459 4425 verbis
1476 4370 1917 4440 complectitur:

272 4480 301 4513 ι
329 4460 492 4516 Certe
520 4460 657 4533 quia
707 4461 853 4517 ratio
898 4460 1289 4515 restitutionis
1344 4460 1655 4514 destinatio
1707 4455 1920 4531 judicii

265 4554 373 4619 est,
405 4551 735 4606 necessario
789 4549 943 4605 idem
978 4549 1075 4621 qui
1112 4550 1301 4605 fuerat
1328 4548 1654 4610 exhibetur,
1692 4554 1755 4604 ut
1788 4550 1922 4604 boni

2052 1966 2249 2037 itaque
2289 1966 2545 2021 sufﬁciat
2592 1966 2907 2021 adnotasse
2963 1964 3272 2036 plurimos,
3306 1962 3479 2020 sicuti
3528 1978 3699 2019 nemo

2052 2060 2244 2127 negat,
2271 2055 2479 2110 animae
2511 2060 2679 2110 actus
2711 2071 2825 2109 non
2849 2054 2977 2109 sine
3002 2054 3261 2125 corporis
3293 2068 3697 2123 sensuumque

2051 2143 2379 2199 ministerio
2420 2144 2638 2214 perﬁci.
2672 2142 2938 2198 Hominis
2969 2142 3186 2214 quippe
3214 2158 3429 2212 corpus
3459 2142 3541 2197 ita
3568 2141 3695 2197 ani-

2052 2249 2159 2287 mai
2190 2233 2566 2303 conjunctum
2598 2242 2703 2297 est,
2728 2236 2793 2286 ut
2822 2230 3145 2301 plurimum
3178 2230 3387 2286 saltem
3417 2231 3566 2285 bene
3598 2234 3700 2285 aut

2051 2322 2201 2378 male
2232 2322 2574 2377 meritorum
2607 2323 2685 2377 sit
2714 2320 2915 2391 utique
2954 2320 3265 2391 particeps.
3290 2320 3471 2375 Totus
3518 2319 3701 2391 igitur

2048 2413 2244 2479 homo,
2277 2413 2385 2467 hoc
2433 2417 2542 2477 est,
2573 2428 2786 2483 corpus
2844 2411 2972 2480 ejus
3033 2414 3091 2466 et
3147 2411 3345 2466 anima
3401 2409 3610 2464 ultimo
3642 2412 3700 2464 et

2048 2503 2383 2574 aequissimo
2440 2501 2537 2557 Dei
2588 2501 2813 2573 judicio
2869 2499 3270 2571 repraesentari
3329 2499 3578 2566 debent;
3634 2502 3701 2554 ut

2046 2595 2393 2647 cunctorum
2426 2590 2486 2644 in
2508 2589 2616 2645 hac
2641 2588 2871 2645 mortali
2891 2590 3014 2645 vita
3036 2593 3299 2645 actorum
3332 2592 3433 2643 aut
3463 2603 3695 2660 pmnam

2046 2679 2331 2751 recipiant
2361 2684 2463 2735 aut
2492 2679 2819 2751 praemium.

2116 2770 2314 2840 Neque
2336 2768 2444 2823 sibi
2468 2770 2682 2823 Auctor
2708 2771 2906 2823 noster
2926 2767 3100 2838 objici
3132 2767 3351 2837 patitur
3371 2766 3558 2823 solam
3590 2766 3696 2823 ho-

2046 2858 2223 2913 minis
2245 2858 2504 2913 animam
2538 2856 2720 2912 libero
2747 2858 2833 2911 uti
2854 2855 3172 2912 voluntatis
3198 2856 3460 2923 arbitrio,
3483 2860 3542 2911 et
3563 2871 3693 2912 cor-

2047 2965 2156 3018 pus
2177 2952 2459 3018 tanquam
2495 2947 2954 3001 instrumentum
2987 2946 3044 3000 in
3074 2944 3272 3000 omnia
3302 2944 3544 3015 impelli.
3567 2946 3693 3001 Non

2043 3037 2198 3091 enim
2246 3036 2390 3090 illud
2423 3040 2762 3090 extraneum
2813 3034 3022 3090 animus
3070 3035 3529 3089 instrumentum
3580 3039 3690 3105 est,

2044 3127 2142 3181 sed
2177 3126 2319 3180 adeo
2343 3124 2550 3179 animae
2578 3125 2689 3179 adu
2702 3130 2928 3189 natum,
2953 3129 3018 3178 ut
3040 3124 3192 3179 sicut
3213 3122 3513 3178 actionum
3536 3124 3692 3193 ejus,

2041 3214 2127 3269 ita
2155 3218 2212 3269 et
2242 3212 2586 3268 meritorum
2620 3212 2695 3268 sit
2726 3213 3036 3283 particeps.
3060 3212 3198 3267 Post
3232 3212 3437 3266 mundi
3464 3226 3600 3282 ergo
3624 3212 3691 3265 ti-

2042 3319 2176 3358 nem
2212 3303 2281 3358 ad
2314 3302 2491 3356 vitam
2526 3302 2696 3356 debet
2747 3301 3027 3367 revocari,
3059 3304 3122 3354 ut
3144 3300 3310 3370 justo
3342 3299 3442 3355 Dei
3465 3300 3691 3371 judicio

2041 3408 2143 3463 pro
2177 3391 2401 3447 meritis
2435 3391 2712 3460 puniatur
2741 3394 2844 3445 aut
2874 3394 3301 3446 remuneretur.

2112 3500 2410 3571 Tertiumﬁ
2447 3517 2562 3573 quo
2590 3498 2987 3555 Tertullianus
3017 3499 3277 3554 futuram
3310 3498 3569 3554 hominis
3600 3515 3690 3555 re-

2041 3590 2460 3645 surrectionem
2495 3590 2741 3661 probare
2766 3589 2991 3655 nititur,
3016 3594 3428 3661 argumentum
3454 3606 3563 3644 sua
3583 3588 3690 3644 dif-

2040 3678 2298 3734 ficultate
2328 3696 2441 3734 non
2488 3683 2663 3745 caret,
2699 3677 3079 3750 pluribusque
3128 3677 3339 3733 falsum
3371 3677 3684 3735 videbitur.

2039 3768 2203 3823 Hunc
2235 3768 2388 3822 enim
2431 3767 2527 3823 ille
2559 3769 3083 3839 argumentabatur
3113 3768 3171 3822 in
3207 3768 3445 3823 modum
3476 3767 3682 3839 (Idem,

2039 3856 2311 3928 Apologet.
2366 3874 2492 3929 cap.
2547 3859 2637 3922 48,
2687 3873 2819 3929 pag.
2850 3858 2977 3929 520)
3013 3874 3026 3913 :
3057 3879 3083 3907 ‹‹
3120 3857 3252 3912 Ideo
3298 3861 3683 3929 representa-

2038 3947 2263 4002 buntur
2292 3946 2498 4002 anima:
2531 3949 2588 4002 et
2617 3962 2889 4018 corpora;
2935 3946 3073 4018 quia
3122 3961 3311 4016 neque
3358 3946 3473 4017 pali
3507 3945 3679 4016 quid-

2038 4052 2216 4107 quam
2240 4040 2427 4108 potest
2447 4035 2646 4090 anima
2674 4034 2798 4090 sola
2823 4038 2950 4091 sine
2970 4034 3213 4091 materia
3234 4034 3455 4105 stabili,
3483 4034 3540 4090 id
3562 4037 3675 4105 est,

2036 4141 2227 4181 carne.
2256 4148 2284 4175 ››
2308 4125 2601 4196 Numquid
2654 4141 2790 4197 ergo
2839 4125 3038 4179 anima
3075 4124 3230 4179 894
3262 4123 3407 4180 nihil
3440 4140 3682 4197 prorsus

2034 4214 2356 4287 quidquam
2392 4214 2515 4269 sine
2546 4231 2717 4269 carne
2748 4214 2865 4285 pati
2897 4214 3125 4285 potest?
3156 4215 3241 4269 Ita
3272 4229 3434 4281 sane,
3459 4213 3685 4285 inquiet

2032 4303 2269 4374 aliquis,
2289 4304 2641 4374 opinabatur
2666 4301 3082 4357 Tertullianus.
3113 4303 3256 4359 Nam
3282 4302 3395 4358 alio
3418 4302 3514 4359 ille
3535 4303 3594 4358 in
3618 4302 3680 4358 li-

2033 4394 2134 4448 bro
2157 4393 2411 4447 animam
2436 4392 2529 4447 his
2546 4393 2907 4461 totidemque
2930 4390 3241 4462 compellat
3260 4392 3454 4448 verbis
3473 4392 3678 4463 (Idem,

2029 4481 2094 4537 de
2127 4484 2337 4537 Testim.
2369 4484 2542 4536 anim.
2577 4498 2703 4553 cap.
2739 4482 2827 4553 4):
2862 4503 2886 4533 α
2916 4481 3292 4537 Afﬁrmamus
3339 4486 3395 4536 te
3440 4496 3677 4539 manere

2028 4576 2160 4644 post
2190 4572 2313 4626 vitae
2344 4571 2838 4642 dispunctionem,
2871 4575 2928 4625 et
2966 4575 3300 4642 exspectare
3330 4571 3483 4627 diem
3509 4570 3675 4643 judi-

264 4655 398 4734 5,eu_
424 4640 700 4696 contrarii
737 4639 951 4734 ﬁniri“
995 4639 1285 4734 ξῗιξᾷίθίυῐη
1334 4640 1477 4734 ffrat
1502 4662 1528 4687 ”
1552 4639 1918 4710 (Τθνίυηίδθο
1948 4648 1996 4711 Ι)
2028 4639 2357 4734 cii,proque
2386 4639 2594 4715 merito
2620 4664 2720 4715 aut
2747 4639 3104 4716 excruciatui
3137 4639 3559 4728 destinari,aut
3587 4677 3674 4717 re-

263 4729 542 4799 Apologet.
569 4746 696 4802 cap.
724 4730 1017 4801 48).Docet
1042 4728 1238 4800 itaque
1266 4727 1489 4783 nullum
1524 4745 1766 4800 prorsus
1786 4746 1915 4785 esse

264 4818 575 4873 dubitandi
611 4816 829 4886 locum,
851 4819 991 4889 quin
1019 4834 1224 4873 omnes
1246 4818 1514 4873 homines
1536 4825 1791 4874 extremo
1814 4819 1911 4875 Dei

256 4905 483 4975 judicio
510 4906 569 4960 in
594 4906 799 4962 mundi
824 4908 939 4961 fine
962 4907 1169 4962 sistere
1192 4924 1253 4963 se
1275 4907 1692 4963 debeant.Fieri
1720 4912 1910 4963 autem

262 4991 321 5048 id
344 5010 457 5048 non
480 4998 689 5065 potest,
708 4996 823 5051 nisi
842 4996 913 5051 ad
926 4996 1103 5051 vitam
1124 5000 1508 5067 revertantur,
1524 5001 1696 5068 atque
1716 5014 1913 5069 supre-

265 5097 421 5136 mam
448 5084 772 5138 secundum
793 5100 900 5138 sua
915 5084 1000 5139 vel
1025 5084 1275 5140 bonavel
1297 5086 1449 5141 mala
1472 5087 1914 5142 meritasenlen-

264 5170 427 5240 tiam,
456 5175 630 5240 atque
663 5171 969 5243 praemium
998 5178 1099 5228 aut
1128 5191 1355 5245 pmnam
1390 5191 1423 5228 a
1456 5180 1567 5230 Deo
1599 5175 1909 5247 accipiant.

333 5277 443 5332 Sed
478 5276 587 5331 hoc
610 5282 1025 5349 argumentum
1051 5280 1264 5334 Auctor
1296 5284 1492 5334 uoster
1522 5279 1692 5352 longe
1721 5282 1911 5338 fusius

264 5371 429 5439 urget
462 5367 518 5421 in
552 5383 658 5422 suo
689 5366 755 5420 dc
797 5366 1203 5421 Resurrectione
1247 5367 1431 5422 carnis
1477 5368 1647 5433 libro,
1680 5369 1778 5424 ubi
1827 5371 1909 5425 sic

259 5457 525 5528 disputat
551 5474 562 5512 :
588 5478 615 5506 ››
646 5457 774 5511 Haec
804 5455 911 5509 erit
943 5459 1063 5510 tota
1094 5471 1293 5524 causa,
1326 5456 1443 5510 imo
1476 5457 1796 5512 necessitas
1826 5476 1909 5513 re-

261 5547 665 5611 surrectionis,
691 5542 1224 5617 congruentissima
1258 5543 1478 5599 scilicet
1498 5544 1614 5600 Deo
1646 5546 1903 5601 destina-

259 5638 360 5709 tio,
380 5637 609 5709 judicii,
626 5639 695 5693 de
716 5636 885 5707 cujus
904 5632 1287 5706 dispositione
1310 5635 1588 5707 dispicias
1612 5654 1683 5693 an
1710 5636 1908 5708 utique

262 5728 605 5786 substantia:
660 5727 927 5783 humana:
978 5724 1368 5796 diiudicanda:
1420 5742 1666 5783 censura
1716 5728 1909 5784 divina

2027 4752 2281 4824 frigerio,
2321 4755 2571 4821 utroque
2629 4749 3007 4820 sempiterno.
3032 4750 3256 4813 Quibus
3308 4751 3671 4807 sustinendis

2026 4840 2355 4897 necessario
2378 4839 2481 4894 tibi
2510 4839 2907 4895 substantiam
2934 4838 3266 4910 pristinam,
3287 4839 3673 4912 ejusdemque

2023 4930 2282 4987 heminis
2314 4928 2620 4985 materiam
2652 4933 2707 4983 et
2737 4929 3080 4984 memoriam
3113 4929 3670 5000 reversuram,quod

2023 5027 2080 5076 et
2100 5019 2242 5074 nihil
2268 5018 2405 5074 mali
2429 5035 2494 5073 ac
2518 5018 2651 5072 boni
2685 5017 2900 5073 sentire
2932 5017 3143 5089 possis,
3165 5017 3295 5073 sine
3314 5017 3505 5074 carnis
3534 5034 3671 5089 pas-

2024 5108 2267 5165 sionalis
2291 5107 2647 5178 facultate,et
2669 5106 2829 5162 nulla
2847 5108 2925 5163 sit
2944 5106 3090 5162 ratio
3109 5107 3319 5177 judicii
3337 5106 3463 5162 sine
3482 5106 3671 5178 ipsius

2022 5197 2396 5263 exhibitione,
2422 5196 2521 5267 qui
2548 5196 2765 5252 meruit
2782 5195 2993 5267 judicii
3016 5195 3369 5268 passionem.
3397 5216 3426 5244 ››
3448 5194 3564 5250 Nec
3583 5210 3671 5250 se-

2025 5286 2138 5342 mel
2186 5287 2384 5358 igitur,
2410 5302 2515 5340 nec
2546 5285 2903 5354 dubitanter,
2932 5285 3031 5340 sed
3065 5287 3468 5339 aeseveranter
3509 5282 3666 5339 afﬁr-

2023 5385 2163 5443 mal,
2186 5380 2243 5430 et
2274 5375 2485 5447 repetit
2514 5374 2770 5429 animam
2807 5373 2950 5428 nihil
2980 5389 3149 5445 posse
3180 5372 3419 5427 omnino
3450 5371 3670 5427 sentire

2022 5466 2149 5520 sine
2183 5465 2273 5520 sui
2324 5464 2596 5519 societate
2638 5463 2918 5535 corporis.
2953 5463 3094 5518 Tam
3126 5477 3327 5516 verum
3379 5464 3574 5516 autem
3607 5461 3665 5517 id

2020 5570 2147 5610 esse
2180 5554 2499 5609 arbitralus
2531 5557 2637 5622 est,
2660 5557 2723 5607 ut
2752 5551 2885 5605 inde
2909 5550 3220 5606 concludat
3244 5549 3371 5605 ideo
3398 5549 3667 5605 futurum

2018 5660 2145 5698 esse
2179 5642 2389 5699 mortui
2427 5641 2667 5697 humani
2692 5639 2948 5711 corporis
2980 5639 3053 5693 ad
3093 5637 3269 5694 vitam
3301 5654 3663 5713 regressum,

2017 5733 2153 5805 quia
2173 5731 2369 5787 anima
2390 5730 2517 5786 sine
2548 5729 2644 5785 illo
2668 5728 2813 5785 nihil
2846 5728 2982 5785 boni
3003 5731 3107 5786 aut
3131 5726 3271 5787 mali
3299 5743 3467 5802 agere
3486 5728 3660 5788 valet.
