4158 6334
443 343 562 404 983

962 343 1492 405 TERTULLIANI
1537 339 1860 403 OPEHUM
1903 337 2101 398 PARS
2146 337 2194 396 Ι.
2227 369 2302 379 -
2342 335 2615 396 SERIES
2657 335 2706 405 l,
2752 331 3312 392 APOLOGETIGA.

3730 331 3862 394 984

521 475 631 531 Sed
664 477 854 541 tuum,
879 437 926 530 si
969 475 1180 546 possis,
1216 491 1524 530 assensum
1559 473 1855 546 paulisper
1886 471 2088 526 retine.
2122 469 2175 535 Α
2206 467 2544 523 voluntatis.
2580 467 2752 521 Porro
2780 463 2828 519 si
2859 463 2980 518 hinc
3019 462 3163 519 satis
3194 467 3392 518 essent
3421 463 3491 518 ad
3526 463 3858 535 plenitudi-

452 563 727 620 Animum
778 566 969 619 autem
1012 566 1182 617 antea
1209 562 1381 617 velim
1414 563 1482 617 ad
1533 579 1600 618 ea
1644 563 1932 626 advertas,
1970 576 2096 631 qum

455 654 528 709 ab
559 654 761 708 eodem
792 651 1146 706 Tertulliano
1179 651 1232 706 in
1273 651 1439 706 libris
1467 653 1534 706 de
1564 653 1784 719 Anima,
1816 653 1872 704 et
1905 651 2098 704 Resur-

456 744 696 799 rectione
725 742 909 796 carnis
937 741 1236 811 disputata
1265 745 1422 810 sunt,
1447 745 1501 795 et
1532 740 1627 795 ubi
1663 741 1797 794 data
1828 755 1999 807 opera
2030 739 2100 791 de

457 830 672 888 mortui
707 830 965 902 corporis
988 831 1056 884 ad
1082 829 1258 883 vitam
1292 828 1504 898 reditu,
1527 833 1583 884 et
1608 828 1811 884 animas
1837 829 1906 882 ad
1930 843 2102 897 agen-

455 921 594 976 dum
627 922 684 974 et
715 917 1054 990 patiendum
1087 916 1360 972 facultate
1392 917 1631 972 uberius
1661 917 1914 972 disserit.
1940 919 2010 970 At
2039 915 2098 970 in

454 1007 646 1082 priore
692 1005 839 1062 libro
871 1005 1258 1062 disertissime
1305 1023 1370 1060 ac
1418 1005 1755 1060 firmissime
1805 1007 2100 1060 asseverat

454 1097 738 1161 animam,
771 1111 803 1150 a
842 1111 1081 1166 corpore
1133 1098 1483 1166 separatam,
1515 1094 1601 1149 vel
1649 1093 1768 1165 pati
1817 1092 2097 1162 dolorem,

452 1185 541 1241 vel
593 1184 808 1258 gaudio
859 1183 1148 1256 perfundi.
1182 1182 1394 1239 Omnes
1443 1183 1738 1254 siquidem
1791 1181 2097 1238 hominum

457 1273 665 1331 animas
697 1276 828 1345 post
858 1288 1059 1328 eorum
1086 1276 1332 1328 mortem
1355 1272 1508 1343 apud
1536 1271 1753 1326 inferos
1779 1273 2102 1339 manent,et

457 1363 608 1431 velis,
640 1361 851 1432 inquit,
881 1377 946 1416 ac
973 1361 1134 1430 nolis,
1167 1367 1222 1416 et
1245 1361 1515 1432 supplicia
1539 1364 1679 1432 jam
1709 1360 1828 1414 illic
1854 1363 1904 1414 el
1933 1359 2098 1428 refri-

455 1453 632 1524 geria.
655 1451 804 1504 Tum
838 1448 1047 1504 deinde
1072 1448 1366 1519 objicienti
1395 1449 1505 1503 sibi
1528 1447 1942 1519 opperiendam
1973 1464 2101 1503 esse

460 1537 690 1605 animas,
713 1541 780 1591 ut
809 1535 1002 1591 doleat
1025 1539 1127 1590 aut
1155 1535 1425 1606 gaudeat,
1452 1534 1667 1599 carnis,
1691 1550 1930 1605 operum
1963 1549 2099 1588 con-

461 1625 663 1692 sortis,
686 1625 1192 1690 resurrectionem,
1223 1623 1373 1677 baud
1405 1622 1742 1678 dubitanter
1788 1622 2102 1693 respondet

459 1715 521 1770 id
555 1730 668 1769 non
700 1728 829 1769 esse
860 1713 1274 1768 necessarium.
1298 1711 1441 1766 Nam
1464 1711 1538 1766 de
1559 1728 1678 1776 suo,
1701 1715 1766 1766 ut
1795 1710 1891 1766 ille
1910 1711 2100 1782 loqui-

460 1806 578 1872 tur,
599 1802 808 1873 su/ﬁcit
846 1801 916 1856 ad
959 1806 1247 1871 utrumque
1275 1801 1500 1854 titulum
1529 1802 1826 1869 passionis.
1851 1804 1919 1854 Et
1948 1803 2101 1854 certe
2133 1833 2181 1898 Β

461 1891 593 1962 ipsa
621 1889 745 1945 sola
788 1889 913 1945 sine
942 1890 1201 1960 corporis
1240 1889 1564 1943 ministerio
1595 1888 1680 1943 vel
1714 1889 1819 1957 ira,
1851 1888 1937 1943 vel
1971 1888 2102 1943 odio

463 1977 780 2049 aliquando
815 1981 1139 2048 torquetur,
1175 1976 1491 2048 aliquando
1523 1977 1697 2032 etiam
1729 1977 1944 2032 afﬂicto
1974 1994 2105 2032 cor-

463 2083 626 2140 pore,
647 2065 734 2122 uti
758 2066 944 2133 Mutii,
968 2066 1236 2130 Zenonis,
1258 2070 1317 2121 et
1343 2065 1589 2121 aliorum
1612 2065 1874 2137 exemplo
1895 2067 2104 2121 confir-

465 2157 608 2220 mat,
639 2157 910 2225 furtivum
936 2155 1042 2209 sibi
1087 2155 1352 2224 gaudium
1393 2156 1634 2226 exquirit
1662 2156 1872 2226 (Ibid.).
1895 2155 2108 2210 Contra

463 2259 598 2299 vero
629 2258 1075 2314 nonnunquam,
1105 2242 1285 2297 illazso
1316 2259 1575 2313 corpore,
1599 2243 1774 2312 dolet,
1799 2243 2107 2314 premitur,

469 2336 529 2388 et
556 2331 940 2387 excruciatur.
966 2332 1135 2402 Atqui
1167 2331 1214 2386 si
1261 2331 1319 2385 in
1352 2331 1460 2385 hac
1491 2331 1606 2386 vita
1637 2336 1694 2386 et
1722 2332 1946 2404 corpori
1980 2331 2108 2387 alli-

471 2425 607 2493 gata
635 2419 848 2492 gaudio
877 2424 980 2476 aut
1008 2436 1253 2475 mmrore
1286 2419 1407 2475 sola
1438 2421 1708 2490 afficitur,
1737 2424 1955 2492 quanto
1990 2437 2109 2474 ma-

471 2508 561 2582 gis
594 2509 828 2580 quando
856 2512 988 2581 post
1018 2511 1262 2563 mortem
1294 2509 1365 2562 ab
1405 2525 1472 2563 eo
1514 2509 1800 2579 sejuncta,
1834 2508 2108 2564 ultimum

466 2596 758 2668 judicium
791 2601 1104 2668 exspectat.
1130 2596 1388 2667 Denique
1417 2597 1652 2666 quidam
1673 2598 1802 2667 ejus
1832 2597 1959 2652 sine
1987 2613 2111 2651 car-

476 2685 570 2741 nis
618 2684 967 2740 commercio
1015 2688 1156 2739 sunt
1214 2688 1402 2749 actus,
1434 2685 1516 2738 uti
1567 2684 1674 2740 soli
1725 2686 2032 2757 cogitatus,
2057 2690 2114 2738 et

475 2775 648 2830 nudas
691 2773 1042 2843 voluntates,
1075 2789 1202 2845 quae
1230 2789 1468 2829 censura
1517 2773 1718 2829 divina
1764 2776 2114 2844 prosequitur

476 2863 684 2933 (Idem,
708 2863 780 2918 de
809 2863 990 2917 Anim.
1023 2878 1150 2934 cap.
1186 2863 1293 2933 17).
1327 2863 1407 2916 Ex
1438 2863 1654 2932 quibus
1692 2862 1786 2917 ille
1826 2863 1975 2918 hanc
2005 2862 2112 2917 eli-

474 2950 552 3006 cit
604 2949 1032 3006 conclusionem
1068 2966 1080 3004 :
1115 2972 1142 2999 ‹‹
1177 2951 1323 3021 Ergo
1373 2955 1608 3022 propter
1653 2951 2112 3022 congruentissi-

470 3056 635 3095 mum
667 3042 756 3094 est
785 3039 1066 3107 animam,
1099 3039 1234 3094 licet
1264 3056 1378 3093 non
1421 3044 1748 3110 exspectata
1780 3056 1971 3106 carne,
2006 3058 2112 3112 pu-

474 3127 610 3194 niri,
633 3127 785 3198 quod
835 3144 947 3182 non
1000 3127 1220 3184 sociata
1251 3143 1423 3182 carne
1454 3128 1748 3182 commisit
1783 3144 1795 3182 :
1832 3127 1915 3182 sic
1957 3133 2013 3184 et
2041 3129 2113 3183 ob

2209 572 2340 610 nem
2373 555 2740 622 meritorum,
2781 557 2846 608 ut
2905 568 3016 606 non
3076 551 3513 622 requirerentur
3567 557 3626 606 et
3679 553 3859 621 facta,

2210 646 2501 700 sufficeret
2548 644 2604 698 in
2655 648 2842 698 totum
2891 641 3088 696 anima
3119 641 3187 694 ad
3235 640 3649 711 perfectionem
3692 642 3860 712 judi-

2210 733 2302 798 cii,
2336 734 2405 788 de
2434 733 2526 787 his
2563 731 2906 803 judicanda,
2939 730 2995 782 in
3045 745 3167 800 quae
3201 729 3424 800 agenda
3453 728 3579 784 sola
3610 730 3859 784 suffece-

2210 826 2320 877 rat.
2347 825 2489 877 Cum
2518 837 2650 876 vero
2700 820 2876 875 etiam
2930 819 3078 872 facta
3125 817 3388 872 devincta
3437 817 3554 872 sint
3603 818 3855 887 meritis,

2203 908 2361 964 facta
2390 914 2582 964 autem
2633 925 2734 980 per
2776 923 3008 962 carnem
3043 906 3548 975 administrentur,
3575 907 3702 976 jam
3737 924 3856 962 non

2210 999 2429 1054 sufficit
2482 999 2739 1053 animam
2799 997 2925 1052 sine
2983 1011 3152 1049 carne
3193 995 3391 1063 foveri,
3430 995 3548 1050 sive
3605 995 3858 1050 cruciari

2210 1104 2311 1158 pro
2369 1086 2642 1158 operibus
2697 1085 2920 1152 carnis,
2983 1085 3090 1138 etsi
3151 1083 3319 1137 habet
3380 1084 3663 1151 membra,
3725 1101 3855 1155 qua:

2210 1176 2452 1248 proinde
2483 1174 2564 1229 illi
2625 1192 2735 1229 non
2792 1173 3095 1229 sufficiunt
3125 1173 3194 1226 ad
3230 1172 3600 1228 sentiendum
3665 1173 3859 1244 plene,

2209 1264 2704 1334 quemadmodum
2741 1279 2844 1318 nec
2884 1262 2953 1316 ad
3006 1261 3294 1332 agendum
3327 1261 3598 1331 perfecte.
3634 1261 3857 1317 Idcirco

2210 1369 2311 1424 pro
2343 1369 2576 1424 quoquo
2613 1353 2784 1406 modo
2810 1351 2949 1421 egit,
2981 1366 3084 1421 pro
3115 1366 3180 1403 eo
3220 1353 3276 1402 et
3323 1349 3544 1419 patitur
3574 1349 3727 1420 apud
3762 1350 3858 1404 in-

2209 1441 2380 1510 feros,
2435 1441 2592 1511 prior
2637 1441 2959 1510 degustans
3008 1437 3325 1508 judicium,
3359 1437 3511 1492 sicut
3561 1438 3720 1509 prior
3768 1439 3860 1492 in-

2209 1529 2374 1584 duxit
2403 1530 2763 1596 admissum;
2798 1532 3142 1598 exspectans
3184 1530 3380 1580 tamen
3413 1530 3470 1580 et
3501 1542 3758 1594 carnem,
3795 1531 3860 1582 ut

2209 1634 2312 1690 per
2342 1617 2503 1673 illam
2537 1618 2709 1672 etiam
2745 1618 2895 1672 facta
2917 1617 3270 1687 compenset,
3295 1614 3386 1668 cui
3410 1615 3665 1686 cogitata
3697 1632 3865 1671 man-

2209 1706 2385 1762 davit.
2413 1729 2440 1756 »
2471 1707 2675 1762 Totam
2734 1706 2885 1761 hanc
2932 1703 3198 1760 Auctoris
3247 1703 3431 1758 nostri
3478 1710 3859 1775 argumenta-

2211 1795 2428 1850 tionem
2460 1801 2515 1850 et
2548 1795 3010 1866 responsionem,
3042 1791 3276 1848 tametsi
3308 1791 3480 1864 paulo
3508 1790 3858 1864 longiorem,

2213 1883 2713 1956 transcripsimus,
2773 1881 3247 1953 quandoquidem
3316 1897 3384 1934 ea
3450 1897 3564 1935 non
3625 1885 3857 1937 tantum

2214 1973 2522 2046 proposita:
2554 1972 2722 2027 nobis
2753 1971 3119 2026 difficultatis
3164 1969 3352 2024 nodus
3384 1968 3556 2041 plane
3588 1969 3856 2038 solvitur,

2213 2063 2312 2119 sed
2347 2059 2631 2116 nonnulla
2651 2075 2882 2131 quoqueI
2909 2060 2979 2113 de
3011 2057 3221 2113 animae
3246 2062 3457 2112 natura
3485 2057 3621 2114 inde
3642 2075 3860 2114 eruun-

2215 2156 2332 2219 tur,
2365 2167 2490 2222 quae
2536 2151 2656 2206 sine
2707 2149 2904 2220 aliqua
2932 2147 3333 2203 observatione
3363 2147 3860 2217 praetermittenda

2217 2255 2331 2294 non
2363 2244 2520 2293 sunt.

2288 2345 2463 2399 Docet
2503 2344 2701 2416 itaque
2732 2344 2989 2398 animam
3024 2342 3240 2396 nudam
3295 2358 3360 2396 ac
3418 2341 3543 2397 sine
3601 2343 3861 2414 corporis

2219 2433 2510 2488 consortio
2541 2433 2693 2504 apud
2729 2432 2943 2487 inferos
2978 2447 3172 2486 revera
3202 2435 3302 2486 aut
3342 2431 3622 2502 torqueri,
3646 2436 3748 2486 aut
3778 2433 3862 2487 fo-

2217 2522 2524 2584 veri.Quia
2553 2539 2684 2577 vero
2743 2521 2876 2576 hinc
2921 2520 3093 2591 objici
3143 2519 3255 2590 ipsi
3309 2525 3530 2590 poterat
3561 2537 3689 2576 eam
3747 2537 3862 2576 non

2219 2628 2348 2667 esse
2379 2610 2772 2665 substantiam
2808 2625 2964 2664 mere
2995 2609 3342 2679 spiritalem,
3365 2610 3465 2665 sed
3500 2626 3860 2682 corpoream,

2221 2705 2340 2769 aut,
2361 2704 2424 2752 ut
2448 2699 2570 2769 ipse
2593 2699 2691 2768 ait,
2718 2699 3121 2768 corpulentiam
3144 2698 3454 2768 propriam,
3477 2697 3667 2752 noluit
3688 2698 3862 2764 hanc,

2221 2805 2346 2859 quae
2380 2787 2726 2842 difiicilioris
2757 2803 2942 2856 opera:
2974 2791 3119 2852 erat,
3159 2791 3426 2840 excutere
3457 2786 3861 2856 quaestionem,

2221 2892 2291 2930 ne
2325 2875 2549 2931 diutius
2580 2893 2612 2930 a
2637 2875 2932 2947 pr0posilo
2960 2875 3276 2930 aberraret.
3313 2874 3549 2928 Interim
3583 2874 3862 2945 concidit,

2223 2981 2326 3019 nec
2359 2969 2550 3019 tamen
2595 2964 2826 3032 fatetur,
2859 2963 3094 3034 aliquod
3127 2979 3255 3018 esse
3285 2963 3492 3018 anima:
3542 2979 3779 3035 corpus,
3807 2968 3865 3019 et

2223 3053 2457 3125 propria
2488 3054 2750 3123 quaedam
2786 3052 3014 3123 generis
3045 3052 3133 3106 sui
3183 3051 3462 3106 membra.
3497 3053 3571 3107 At
3599 3051 3864 3107 disertis-

2222 3142 2368 3198 sime
2397 3147 2690 3196 asseverat
2720 3141 2984 3212 proprios
3004 3157 3129 3196 esse
3161 3140 3367 3195 animae
3395 3144 3580 3205 actus,
3606 3158 3638 3194 a
3669 3157 3867 3213 corpo-

470 3215 760 3288 cogitatus
788 3216 917 3288 pios
962 3220 1020 3271 et
1062 3215 1392 3284 benevolos,
1427 3217 1484 3270 in
1529 3216 1745 3288 quibus
1793 3233 1965 3273 carne
1999 3234 2108 3272 non

2225 3246 2286 3285 re
2316 3230 2557 3284 minime
2587 3230 3004 3301 dependentes,
3029 3229 3234 3300 quales
3257 3234 3399 3283 sunt
3417 3228 3728 3300 cogitatus,
3762 3246 3861 3283 vo-

474 3305 654 3372 eguit,
704 3304 831 3360 sine
886 3319 1060 3360 carne
1118 3305 1492 3360 recreabitur.
1525 3327 1552 3354 »
1586 3306 1796 3360 Eadem
1852 3323 2009 3372 vero,
2059 3312 2116 3362 et

475 3393 647 3465 plura
677 3393 791 3448 alia
833 3393 890 3446 in
923 3392 1072 3448 libro
1101 3393 1166 3448 de
1195 3395 1598 3448 Resurreclione
1627 3395 1812 3448 carnis
1851 3395 2114 3461 tradidit,

477 3481 580 3537 ubi
622 3495 692 3536 ex
737 3482 997 3551 professo
1046 3481 1410 3536 demonstrat
1436 3482 1507 3536 ad
1540 3482 1717 3537 vitam
1763 3485 2116 3538 revocandos

479 3584 610 3626 esse
639 3570 876 3625 omnino
905 3569 1196 3625 homines.

551 3691 698 3760 Quid
732 3692 906 3764 ergo?
952 3692 1205 3763 inquies,
1240 3693 1525 3765 numquid
1556 3693 1950 3751 Tertullianus
1996 3698 2113 3750 tam

477 3781 730 3839 absurde
762 3781 874 3837 sibi
905 3781 1290 3837 contradixit?
1323 3782 1433 3838 Sed
1465 3782 1513 3838 si
1543 3800 1891 3854 suspensum
1925 3783 2115 3840 adhuc

476 3870 742 3927 animum
793 3871 1006 3926 habere
1052 3871 1218 3937 velis,
1252 3870 1543 3927 sublatam
1594 3872 1666 3927 ab
1714 3872 1841 3944 ipso
1891 3873 2114 3929 videbis

475 3959 626 4016 hanc
640 3959 875 4016 tametsi
894 3977 1006 4015 non
1028 3958 1329 4014 minimam
1346 3960 1821 4017 contradictionis
1837 3963 2110 4034 speciem.

473 4047 615 4104 Nam
647 4049 704 4103 in
731 4049 932 4104 eodem
954 4049 1020 4102 de
1051 4049 1460 4104 Resurreclione
1482 4048 1629 4105 libro
1656 4067 1722 4105 ea
1746 4051 2113 4122 repetit,quae

473 4137 715 4208 dixerat,
739 4138 888 4194 895
924 4137 1152 4192 animas
1195 4154 1340 4193 nunc
1379 4141 1624 4209 torqueri
1651 4141 1929 4210 foverique
1951 4155 2116 4210 penes

473 4227 699 4298 inferos,
724 4226 849 4282 licet
878 4225 1074 4293 nudas,
1105 4227 1226 4282 licet
1256 4227 1434 4282 adhuc
1460 4228 1672 4283 exsules
1700 4230 1886 4284 carnis
1909 4229 2111 4299 (ldem,

473 4313 538 4371 de
565 4315 867 4371 Resurrect.
898 4332 1052 4370 cam.
1104 4332 1230 4387 cap.
1283 4316 1390 4386 17).
1434 4315 1578 4380 Quia
1633 4331 1766 4372 vero
1823 4332 2114 4388 opponere

469 4409 675 4460 contra
702 4404 942 4475 quidam
969 4408 1237 4475 poterant
1269 4404 1403 4459 inde
1425 4406 1631 4460 confici
1665 4422 1836 4477 posse
1855 4406 2110 4460 animam

469 4492 581 4548 sibi
613 4493 700 4548 sic
731 4493 998 4548 sufficere
1027 4492 1096 4547 ad
1123 4493 1463 4563 facultatem,
1499 4494 1650 4549 sicut
1679 4494 1804 4564 ipse
1832 4493 2110 4566 loquitur,

2224 3319 2502 3385 luntates,
2534 3323 2589 3373 et
2621 3318 3124 3388 concupiscentiae.
3160 3316 3226 3371 lii
3269 3321 3460 3372 autem
3494 3322 3680 3387 actus,
3714 3323 3775 3372 ut
3804 3318 3861 3372 id

2223 3407 2411 3462 obiter
2440 3407 2727 3474 dicamus,
2761 3407 2807 3461 si
2846 3406 3084 3462 omnino
3114 3405 3450 3476 spirituales
3481 3411 3640 3473 sunt,
3674 3407 3863 3478 ipsam

2227 3495 2408 3551 multo
2441 3495 2628 3568 magis
2659 3495 2916 3550 animam
2949 3494 3314 3567 spiritualem
3343 3511 3472 3551 esse
3507 3511 3718 3568 negare
3750 3513 3864 3551 non

2225 3589 2468 3656 poterat.

2295 3683 2489 3738 Solius
2522 3699 2690 3754 porro
2723 3681 2928 3736 animas
2960 3697 3091 3735 cum
3127 3679 3183 3735 hi
3214 3680 3333 3736 sint
3371 3685 3558 3747 actus,
3590 3681 3765 3736 habet
3794 3681 3864 3737 de

2226 3789 2332 3826 suo
2361 3770 2695 3827 non'solum
2730 3770 2882 3842 quod
2909 3775 3062 3842 agat,
3087 3774 3143 3824 et
3175 3771 3448 3841 patiatur,
3473 3772 3572 3826 sed
3598 3787 3714 3842 quo
3739 3788 3864 3842 pos-

2225 3860 2303 3914 sit
2332 3865 2433 3915 aut
2467 3859 2769 3930 praemium
2805 3858 3011 3913 mereri
3045 3863 3144 3913 aut
3183 3874 3434 3929 poenam.
3470 3859 3720 3930 Corpore
3752 3859 3861 3931 igi-

2222 3953 2320 4003 tur
2340 3948 2531 4003 soluta
2564 3953 2752 4019 potest
2773 3951 2828 4002 et
2849 3947 3019 4002 debet
3051 3964 3153 4018 pro
3187 3946 3407 4002 meritis
3434 3951 3536 4002 aut
3567 3965 3736 4019 pcsna
3763 3954 3866 4003 aut

2225 4037 2460 4108 pramio
2511 4037 2683 4091 affici.
2709 4036 2978 4099 Quandiu
3009 4037 3302 4091 enimvero
3333 4037 3555 4106 corpori
3609 4037 3866 4092 adunata

2222 4131 2328 4191 est,
2363 4126 2522 4197 prior
2573 4140 2806 4196 semper
2855 4128 2954 4178 aut
3007 4128 3226 4195 peccat,
3261 4128 3362 4180 aut
3419 4129 3694 4180 meretur.
3728 4129 3867 4181 Post

2224 4219 2468 4269 mortem
2502 4213 2681 4286 igitur
2709 4212 2922 4268 debitis
2959 4211 3266 4284 suppliciis
3310 4217 3409 4267 aut
3457 4214 3714 4284 praemiis
3745 4213 3868 4270 sola

2223 4309 2280 4357 et
2301 4307 2434 4356 ante
2458 4301 2719 4372 corporis
2741 4301 2989 4355 reditum
3015 4301 3324 4367 afﬁciatur,
3349 4317 3586 4357 necesse
3605 4307 3712 4357 est.
3739 4301 3870 4358 Per-

2223 4408 2464 4446 suasum
2498 4392 2694 4461 itaque
2715 4388 3112 4445 Tertullianus
3143 4389 3346 4444 habuit
3368 4389 3651 4457 animam,
3676 4391 3868 4461 ruptis

2223 4481 2376 4534 890
2401 4481 2658 4550 corporis
2692 4477 2957 4546 vinculis,
2983 4479 3126 4549 pati,
3152 4479 3426 4549 torqueri,
3455 4479 3722 4534 cruciari.
3758 4481 3863 4534 Ve-

463 4583 742 4654 passiom's
800 4585 851 4636 et
896 4595 1108 4648 sensus,
1142 4590 1200 4636 ut
1255 4597 1363 4636 non
1419 4590 1572 4653 egeat
1626 4585 2113 4654 reprwsentatione
2142 4569 2190 4630 D
2221 4587 2350 4624 “1m
2386 4570 2523 4642 (ἶυίθ
2546 4571 2720 4624 etiam
2755 4569 2811 4623 ίη
2840 4568 2948 4623 hac
2979 4569 3097 4623 Vita
3119 4587 3225 4624 sua
3249 4585 3381 4624 σθω
3409 4585 3648 4641 corpore
3681 4568 3867 4624 ωυιία

467 4670 676 4736 carnis,
738 4668 831 4725 his
892 4668 985 4723 ille
1039 4669 1351 4740 respondet
1386 4670 1660 4742 (lbid.):«
1694 4671 1815 4726 Imo
1871 4681 2112 4726 eatenus

469 4757 664 4828 egebit
691 4773 805 4812 non
840 4774 955 4829 qua
981 4758 1195 4812 sentire
1225 4757 1364 4828 quid
1399 4759 1523 4814 sine
1553 4775 1728 4814 carne
1761 4776 1870 4813 non
1904 4759 2106 4829 possit,

471 4845 573 4901 sed
607 4862 722 4917 qua
753 4861 990 4901 necesse
1014 4850 1102 4901 est
1131 4846 1291 4901 illam
1323 4847 1495 4902 etiam
1523 4864 1656 4902 cum
1679 4864 1850 4903 carne
1872 4850 2107 4904 sentire.

471 4937 766 5000 Quantum
789 4934 941 4990 enim
975 4935 1042 4991 ad
1077 4936 1366 5006 agendum
1387 4936 1457 4990 de
1482 4953 1587 4992 suo
1619 4937 1858 5001 sufﬁcit,
1882 4941 2109 4993 tantum

471 5023 542 5079 ad
577 5023 939 5095 patiendum.
989 5024 1070 5078 Ad
1125 5025 1413 5094 agendum
1465 5026 1617 5079 enim
1676 5025 1872 5080 minus
1905 5025 1973 5080 de
2003 5042 2109 5080 suo
2148 5040 2150 5043 '

471 5113 707 5168 sufficit.
742 5113 925 5169 Habet
953 5114 1106 5168 enim
1158 5113 1228 5167 de
1282 5130 1387 5168 suo
1436 5113 1804 5169 solummodo
1834 5113 2107 5183 cogitare,

466 5200 634 5268 velle,
678 5217 908 5273 cupere,
943 5203 1272 5273 disponere,
1323 5203 1391 5255 ad
1448 5203 1863 5272 perliciendum
1914 5206 2108 5257 autem

468 5304 702 5362 operam
735 5292 923 5345 carnis
955 5293 1267 5361 exspectat.
1305 5290 1398 5345 Sic
1427 5290 1627 5362 itaque
1663 5293 1731 5348 ad
1768 5291 2108 5362 patiendum

471 5395 708 5449 operam
741 5379 934 5434 carnis
963 5377 1296 5450 expostulat
1323 5396 1335 5445 ;
1389 5383 1452 5434 ut
1481 5384 1599 5434 tam
1655 5381 1820 5452 plene
1851 5396 1951 5450 per
1980 5394 2108 5434 eam

475 5466 591 5538 pati
624 5469 826 5538 possit,
859 5484 1036 5539 quam
1084 5467 1208 5523 sine
1239 5484 1306 5522 ea
1336 5468 1502 5539 plene
1533 5485 1702 5540 agere
1732 5486 1845 5524 non
1896 5467 2104 5539 potuit.

473 5555 542 5609 Et
573 5556 702 5612 ideo
731 5556 788 5611 in
821 5574 946 5628 quis
978 5557 1048 5612 de
1079 5573 1184 5611 suo
1216 5558 1454 5624 sufﬁcit,
1486 5574 1685 5613 eorum
1718 5558 1952 5612 interim
1982 5572 2110 5611 sen-

475 5644 720 5700 tentiam
781 5647 978 5718 pendit
1033 5646 1532 5717 concupiscentiae,
1582 5652 1639 5702 et
1694 5646 2000 5718 cogitatus,
2053 5653 2110 5702 et

2220 4661 2493 4730 peccavit,
2528 4659 2740 4713 idcirco
2776 4662 2837 4712 ut
2869 4674 2969 4728 pro
3003 4657 3224 4712 meritis
3259 4657 3536 4729 puniatur
3563 4663 3618 4713 et
3648 4659 3865 4712 crucie-

2218 4756 2336 4818 tur,
2367 4768 2473 4805 suo
2524 4747 2860 4818 corpori,ad
2893 4747 3068 4801 vitam
3111 4754 3393 4816 revocato,
3427 4748 3600 4804 debet
3646 4747 3862 4803 iterum

2217 4840 2514 4910 conjungi.
2868 4838 2873 4843 ’

2288 4937 2390 4991 His
2421 4940 2613 4990 autem
2661 4934 2744 4990 sic
2790 4933 3111 5006 explicatis,
3145 4933 3438 4990 evanescit
3467 4934 3693 5005 objecta
3722 4935 3860 4989 Ter-

2217 5025 2447 5080 tulliani
2479 5023 2877 5078 contradictio.
2901 5025 3067 5079 Recte
3091 5025 3245 5078 enim
3273 5023 3421 5078 dixit
3449 5024 3706 5078 animam
3736 5024 3864 5078 sine

2217 5131 2457 5186 Corpore
2481 5113 2694 5183 aliquid
2726 5130 2921 5168 revera
2948 5113 3085 5184 pati,
3111 5120 3166 5167 et
3198 5113 3341 5168 nihil
3376 5113 3493 5184 pati
3528 5129 3717 5184 posse.
3754 5112 3860 5167 Ubi

2217 5204 2429 5274 quippe
2455 5204 2528 5257 ait
2557 5203 2695 5256 nihil
2733 5218 2899 5273 posse
2925 5201 3062 5272 pati,
3087 5202 3162 5255 ibi
3191 5201 3747 5273 subintelligendum
3773 5206 3864 5255 est

2215 5291 2372 5362 plene
2400 5310 2464 5347 ac
2489 5295 2738 5363 perfecte,
2774 5292 2893 5346 sive
2924 5295 3211 5361 quantum
3261 5292 3390 5364 ipsa
3437 5307 3572 5346 cum
3621 5305 3860 5362 corpore

2219 5382 2508 5452 peccando
2544 5380 2883 5453 promeruit.
2907 5379 3047 5434 Cum
3077 5397 3190 5451 quo
3223 5381 3376 5435 enim
3411 5380 3687 5452 peccavit,
3721 5395 3855 5434 cum

2217 5485 2283 5526 eo
2316 5470 2515 5542 utique
2550 5469 2741 5541 puniri
2776 5469 3121 5524 debet.Jurc
3144 5487 3278 5541 ergo
3302 5470 3700 5525 Tertullianus
3722 5468 3858 5522 inde

2221 5559 2477 5615 futuram
2527 5559 2732 5631 probat
2776 5557 3034 5630 corporis
3067 5561 3280 5614 mortui
3314 5561 3384 5615 ad
3413 5561 3588 5614 vitam
3624 5574 3855 5613 revoca-

2215 5647 2456 5719 tionem,
2488 5649 2623 5719 quia
2653 5648 2846 5704 anima
2891 5646 3016 5702 sola
3048 5648 3163 5718 pati
3216 5663 3331 5706 non
3379 5653 3572 5721 potest
3620 5661 3851 5719 pennam
