4158 6338
441 371 559 432 987

955 377 1482 440 TERTULLIANI
1528 381 1849 445 OPERUM
1891 383 2095 443 PARS
2140 384 2187 443 Ι.
2216 415 2294 428 -
2323 386 2597 448 SERIES
2641 390 2687 462 Ι,
2734 388 3293 451 APOLOGETICA.

3716 385 3840 450 988

439 519 757 577 congruere
779 505 931 562 haud
958 507 1250 566 immerito
1272 511 1780 585 videtur(Tertull.
1799 515 2069 586 Apologet.
2103 517 2154 583 Α
2185 515 2459 574 dominus
2491 523 2595 589 est,
2626 523 2820 591 potest
2849 521 3050 592 utique
3079 537 3192 577 non
3227 521 3408 577 semel
3437 524 3695 589 tantum,
3727 522 3833 578 sed

441 609 568 664 cap.
602 593 690 660 48,
717 593 825 650 col.
859 595 968 668 42).
1001 599 1418 656 Verumtamen
1453 603 1626 672 paulo
1676 609 1810 660 ante
1859 604 2082 659 dixerat

441 696 823 752 quascumque
880 682 1292 757 philosOphum
1353 688 1642 746 immenso
1709 695 2082 764 argumento-

441 786 573 825 rum
605 771 856 841 pondere
888 789 1058 843 posse
1089 775 1277 844 obrui,
1315 779 1411 848 qui
1442 780 1706 850 afﬁrmet,
1749 786 1809 836 ut
1849 783 1934 836 ait
1973 782 2078 835 La-

442 857 650 924 berius,
701 859 765 914 de
818 864 1089 917 sententia
1144 865 1466 937 Pythagora
1523 867 1799 924 hominem
1853 868 1988 940 ﬁeri
2012 883 2081 922 ea:

437 947 608 1013 mulo,
641 948 913 1003 colubram
937 966 1011 1004 ea:
1041 952 1274 1008 muliere
1295 954 1501 1025 (Idem,
1525 956 1595 1012 de
1618 957 1825 1023 Pallio,
1850 975 1976 1030 cap.
2006 960 2076 1029 1).

438 1035 507 1090 Et
536 1035 655 1090 haec
703 1037 938 1108 quidem
992 1038 1169 1110 hujus
1229 1043 1596 1115 minographi
1651 1050 1852 1116 poetae,
1913 1048 2079 1117 cujus

439 1123 578 1179 alibi
619 1126 887 1181 meminit
919 1129 1161 1198 (Dissert.
1195 1131 1255 1184 in
1286 1131 1481 1188 Minue.
1518 1133 1626 1188 Oct.
1662 1151 1710 1188 c.
1756 1137 1812 1203 7,
1863 1139 1971 1190 art.
2007 1137 2076 1205 1),

439 1219 580 1270 sunt
609 1217 889 1286 carmina,
942 1235 974 1273 a
1013 1218 1229 1276 Crinito
1277 1229 1339 1278 ul
1385 1223 1523 1280 alibi
1577 1225 1932 1295 monuimus,
1968 1243 2078 1298 pu-

439 1301 574 1360 blici
597 1305 752 1374 juris
791 1308 940 1362 facta
967 1325 980 1364 :

532 1420 595 1485 ξι
624 1433 768 1485 nunc
797 1421 861 1471 de
891 1423 1040 1472 mulo
1071 1425 1358 1485 hominem,
1389 1428 1664 1478 colubram
1693 1429 1758 1480 de
1791 1430 2016 1480 muliere

529 1483 771 1545 Faciunt,
801 1489 853 1534 et
882 1500 946 1534 ex
967 1487 1194 1537 diversis
1227 1483 1436 1539 diversa
1467 1491 1596 1540 alia.

440 1588 735 1660 Frequens
767 1597 962 1648 autem
994 1595 1147 1665 apud
1198 1596 1388 1652 varios
1437 1597 1781 1671 Scriptores,
1835 1616 1901 1655 ac
1935 1617 2076 1672 prae-

436 1678 637 1734 sertim
661 1678 1020 1752 Ciceronem,
1047 1683 1414 1753 Suetonium,
1441 1692 1753 1759 utrumque
1774 1694 2076 1759 Senecam,

436 1767 652 1823 Aulum
676 1767 948 1837 Gellium,
974 1788 1039 1826 ac
1061 1771 1421 1830 Macrobium
1445 1775 1622 1848 hujus
1655 1778 1877 1833 Laberii
1912 1794 2073 1833 men-

433 1853 543 1921 tio,
574 1857 647 1912 de
676 1873 792 1928 quo
841 1864 1050 1929 praeter
1077 1867 1316 1918 caeteros
1353 1863 1624 1922 Horatius
1653 1867 1897 1922 cecinit:

529 1980 636 2029 Nec
668 1983 848 2031 tamen
897 1982 996 2033 hoc
1042 1984 1288 2036 tribuens
1327 1987 1561 2039 dederim
1605 2003 1816 2053 quoque
1845 1995 2070 2052 caetera;

537 2103 600 2154 Et
627 2104 813 2156 Laberi
840 2107 1030 2158 mimos
1059 2113 1113 2160 et
1139 2110 1365 2175 pulchra
1396 2067 1832 2177 poemalzglﬂiigfr
1850 2119 1874 2164 ?

503 2227 718 2285 Verum
750 2230 869 2287 haec
899 2239 1021 2290 erat
1044 2236 1412 2294 ethnicorum
1464 2239 1714 2309 insania,
1767 2242 1936 2314 isque
1966 2242 2067 2297 ad-

432 2331 637 2373 versus
666 2318 1028 2379 Christianos
1051 2324 1231 2391 furor,
1264 2331 1329 2382 ut
1365 2349 1385 2377 α
1420 2328 1627 2400 Opinio
1657 2329 2010 2399 Christiana,
2041 2353 2061 2380 ι

435 2405 589 2461 sicut
619 2414 773 2464 recte
805 2414 1008 2466 auctor
1065 2418 1259 2470 noster
1313 2414 1423 2472 alio
1481 2417 1542 2471 in
1597 2417 1747 2473 libro
1801 2418 2066 2473 animad-

431 2495 623 2562 vertit,
682 2518 710 2547 «
765 2499 871 2554 etsi
904 2499 1206 2558 honestior
1250 2504 1651 2578 Pythagorica,
1707 2524 1831 2578 quae
1882 2513 1939 2562 te
2005 2507 2064 2561 in

431 2582 649 2640 bestias
679 2587 994 2657 transfert;
1026 2590 1133 2646 etsi
1164 2591 1389 2663 plenior
1416 2594 1734 2663 Platonica,
1775 2613 1901 2667 quas
1959 2595 2064 2652 tibi

434 2670 607 2727 etiam
632 2673 827 2730 dotem
851 2679 1109 2748 corporis
1132 2681 1357 2749 reddit;
1382 2684 1491 2738 etsi
1517 2685 1793 2755 Epicurea
1813 2686 2061 2757 gravior,

431 2775 555 2829 quae
580 2764 634 2816 te
663 2763 734 2817 ab
767 2763 1003 2820 interitu
1031 2767 1325 2836 defendit;
1358 2776 1554 2827 tamen
1591 2779 1825 2846 propter
1849 2791 2061 2830 nomen

431 2847 621 2903 solum
653 2850 1114 2910 Christianorum
1145 2859 1383 2914 vanitati
1413 2864 1470 2914 et
1498 2862 1743 2932 stupori,
1790 2866 1847 2917 et
1879 2868 1942 2918 ut
1972 2864 2059 2918 di-

426 2936 600 3008 citur,
626 2942 1069 3013 praesumptioni
1101 2945 1431 3017 deputatur.
1468 2973 1489 3002 ι
1528 2950 1681 3006 Satis
1702 2957 1897 3006 autem
1920 2969 2059 3024 gen-

427 3024 630 3082 tilibus
662 3045 774 3084 non
809 3031 919 3086 fuit
949 3031 1099 3088 hanc
1149 3033 1612 3094 Christianorum
1663 3040 1884 3096 caeteris
1935 3057 2059 3097 me-

423 3112 628 3171 liorem
659 3119 1013 3176 sententiam
1047 3124 1303 3195 rejicere,
1337 3131 1513 3198 atque
1563 3129 1925 3200 adspernari,
1957 3132 2058 3185 sed

420 3205 496 3318 ap
525 3204 634 3318 eis“
643 3205 1020 3318 Christianus,
1049 3211 1208 3268 illius
1239 3214 1526 3281 defensor,
1556 3217 1832 3288 lapidibus
1859 3219 2052 3290 magis,
2085 3251 2128 3318 Ο

423 3290 536 3348 alia
587 3294 931 3352 Tertulliani
990 3297 1048 3352 in
1122 3302 1464 3373 Apologetico
1514 3305 1667 3377 (cap.
1737 3308 1823 3376 48)
1882 3310 2054 3364 verba

419 3385 578 3452 sunt,
608 3397 707 3437 nec
735 3384 931 3440 saltem
959 3391 1208 3445 caestibus
1236 3409 1269 3447 a
1294 3393 1498 3464 populo
1517 3395 1793 3466 exigetur.
1825 3399 1928 3452 Ast
1951 3414 2053 3468 pro

417 3469 670 3525 etestibus
699 3470 758 3526 in
802 3476 1018 3531 nostris
1064 3479 1364 3536 codicibus
1412 3481 1643 3553 legitur,
1694 3485 1942 3552 emtibus,
1993 3486 2050 3541 id

416 3563 528 3622 est,
560 3560 962 3633 conventibus,
1011 3570 1068 3620 et
1117 3571 1660 3641 congregationibus
1709 3574 2048 3645 expelletur.

413 3645 809 3704 Tertullianus
839 3651 1129 3722 siquidem
1158 3673 1191 3710 a
1222 3657 1450 3728 majori,
1501 3667 1565 3714 ut
1609 3661 1797 3729 aiunt,
1834 3664 1904 3718 ad
1937 3664 2048 3718 mi-

413 3751 550 3800 nus,
583 3752 685 3792 nec
718 3738 868 3794 male
899 3742 1136 3812 quidem
1167 3753 1632 3817 argumentatur.
1657 3751 2046 3819 Christianus,

413 3821 622 3893 inquit,
658 3825 816 3882 illius
848 3829 918 3884 de
966 3831 1161 3888 futuro
1209 3834 1462 3892 hominis
1509 3840 1579 3892 ad
1629 3839 1806 3896 vitam
1857 3842 2046 3896 reditu

411 3911 704 3982 dogmatis
735 3923 1010 3985 assertor,
1042 3937 1156 3976 non
1194 3925 1366 3980 modo
1399 3927 1717 3997 expelletur
1754 3929 1826 3983 ab
1856 3930 2045 3985 ethni-

410 4015 612 4089 corum
644 4007 1049 4076 conventibus,
1081 4012 1179 4066 sed
1214 4015 1365 4082 quod
1401 4016 1568 4086 pejus
1615 4021 1723 4082 est,
1775 4018 2047 4089 lapidibus

409 4088 692 4147 obruetur.
725 4094 797 4149 At
825 4095 875 4150 si
915 4113 1031 4153 non
1081 4099 1163 4155 ita
1207 4101 1354 4158 bene
1406 4104 1464 4158 in
1515 4105 1748 4177 Rigaltii
1795 4088 2046 4163 editione

408 4179 684 4267 caestibus,
763 4185 948 4241 multo
1017 4193 1168 4244 certe
1245 4192 1412 4262 pejus
1489 4193 1545 4247 in
1614 4196 2045 4267 antiquioribus

408 4266 717 4338 scriptum,
775 4271 1030 4344 caedibus,
1092 4292 1220 4347 qua:
1278 4277 1634 4349 lapidatione
1689 4266 2046 4339 crudeliores

409 4360 570 4410 sunt.
603 4356 684 4412 De
731 4358 849 4416 illis
897 4378 1087 4432 porro,
1137 4366 1352 4421 notatis
1399 4367 1470 4422 ab
1517 4373 1766 4426 Auctore
1822 4377 2045 4441 nostro,

411 4444 764 4518 Pythagorae,
794 4448 1072 4519 Platonis,
1118 4458 1175 4508 et
1222 4455 1451 4526 Epicuri
1499 4458 1872 4529 opinionibus
1920 4463 2044 4532 egi-

414 4548 546 4588 mus
578 4535 637 4589 in
669 4537 886 4593 nostris
917 4540 988 4594 de
1019 4541 1254 4597 Minucii
1286 4543 1511 4615 Felicis,
1562 4553 1618 4601 et
1658 4549 1941 4605 Lactantii
1968 4550 2042 4604 li-

407 4618 530 4676 bris
560 4622 1071 4684 dissertationibus
1121 4632 1435 4694 (Dissertat.
1487 4613 1548 4690 in
1596 4639 1808 4692 Minuc.
1860 4639 2037 4694 Octav.
2073 4613 2121 4677 Β

405 4723 536 4780 cap.
567 4710 625 4777 7,
657 4717 765 4768 art.
802 4715 852 4780 1,
886 4721 942 4770 et
970 4719 1028 4771 in
1061 4719 1332 4788 Lactanl.,
1366 4739 1494 4794 cap.
1527 4726 1616 4793 34,
1649 4733 1761 4782 art.
1795 4728 1867 4798 1).

473 4798 758 4862 Quoniam
805 4819 938 4858 vero
987 4807 1385 4866 Tertullianus
1439 4812 1693 4870 hominis
1742 4817 1812 4871 ad
1859 4817 2036 4872 vitam

402 4900 736 4956 regressum
768 4895 1081 4963 propositis
1111 4893 1260 4952 lucis
1281 4904 1337 4953 et
1358 4901 1752 4971 tenebrarum,
1778 4903 2036 4961 siderum

401 4978 458 5030 et
497 4975 649 5031 899
700 4982 1052 5052 temporum,
1099 4985 1351 5042 fructum
1397 4995 1456 5044 et
1503 4992 1794 5049 seminum
1844 5010 2036 5049 exem-

400 5061 512 5134 plis
538 5068 877 5126 corrobrare
908 5078 1154 5129 conatus
1207 5075 1396 5132 fuerat
1440 5079 1702 5148 (Tertull.
1755 5083 2031 5154 Apologet.

397 5166 523 5224 cap.
557 5155 645 5223 48,
702 5157 812 5214 col.
873 5160 983 5229 45),
1036 5161 1172 5218 inde
1227 5167 1551 5237 arguebant
1604 5170 2033 5244 ethnici:Ergo

395 5256 628 5313 semper
657 5247 1025 5305 moriendum
1055 5251 1186 5320 erit,
1219 5258 1274 5308 et
1303 5271 1536 5327 semper
1583 5262 2029 5331 resurgendum.

394 5330 565 5402 Atqui
601 5333 706 5389 hoc
751 5336 924 5407 plane
971 5341 1291 5398 absurdum
1341 5349 1449 5399 est.
1500 5347 1607 5400 Sed
1659 5330 1866 5419 primo,
1913 5367 2030 5406 res-

394 5421 610 5490 pondet
636 5423 1068 5484 Tertullianus:
1122 5430 1180 5484 Si
1228 5431 1309 5486 ita
1358 5448 1550 5489 rerum
1603 5439 1882 5493 Dominus
1932 5440 2030 5495 de-

394 5507 690 5576 stinasset,
780 5515 1026 5587 ingratis
1110 5521 1425 5590 experieris
1511 5525 1858 5584 conditionis
1917 5534 2028 5585 tuas

391 5594 578 5689 legem
613 5620 640 5646 »
673 5600 879 5689 (Ibid),
913 5604 1021 5659 hoc
1053 5611 1161 5673 est,
1195 5609 1332 5679 quia
1360 5625 1529 5666 verus
1559 5617 1616 5668 et
1659 5615 2027 5689 omnipotens

392 5681 552 5740 Deus
578 5688 840 5748 omnium
869 5707 1088 5764 rerum,
1136 5713 1199 5754 ac
1250 5699 1493 5769 proinde
1540 5703 1750 5762 mortis
1796 5681 1853 5764 e-t
1901 5709 2026 5767 vita

2189 605 2363 662 toties
2395 606 2691 664 hominem
2727 614 3022 666 mortuum
3057 612 3125 666 ad
3165 611 3339 665 vitam
3387 611 3659 677 excitare,
3693 627 3834 683 quo-

2187 693 2298 748 ties
2331 697 2595 755 voluerit.
2631 699 2689 754 Si
2721 716 2856 772 ergo
2899 699 3121 755 homini
3171 701 3361 756 varios
3410 700 3481 755 ad
3528 699 3708 755 vitam
3742 717 3834 756 re~

2189 783 2347 840 ditus
2377 786 2746 856 decrevisset,
2779 789 2930 844 hanc
2959 789 3054 845 ille
3084 788 3271 862 legem
3323 791 3562 858 ingratis
3605 789 3834 861 experi-

2191 877 2369 928 retur.
2403 874 2557 930 Dixit
2588 882 2783 932 autem
2810 879 3061 950 ingratis,
3095 879 3150 932 id
3185 883 3296 947 est,
3318 878 3516 943 invite,
3540 895 3606 933 ac
3631 883 3836 933 contra

2187 961 2565 1019 voluntatem.
2598 965 2675 1020 Eo
2705 966 2857 1021 enim
2893 984 3070 1022 sensu
3102 969 3320 1022 Auctor
3348 967 3472 1038 ipse
3505 970 3702 1021 noster
3722 966 3834 1022 hoc

2187 1050 2361 1105 verbo
2394 1068 2545 1124 saepe
2577 1070 2720 1110 usus
2752 1059 2860 1124 est,
2891 1055 3010 1110 imo
3045 1061 3102 1110 et
3129 1044 3256 1126 ipse
3297 1055 3515 1121 Cicero,
3565 1078 3593 1105 «
3626 1055 3832 1110 Extor-

2189 1140 2490 1208 quendum
2523 1146 2636 1209 est,
2668 1142 2881 1213 inquit,
2921 1143 3100 1199 invito
3149 1148 3325 1216 atque
3377 1143 3625 1215 ingratis
3673 1145 3834 1215 quod

2188 1243 2303 1281 non
2336 1229 2531 1286 debet.
2576 1253 2602 1279 ››
2636 1235 2701 1286 Et
2727 1230 2902 1287 alibi:
2937 1255 2965 1282 «
2996 1232 3344 1288 Reticebunt
3396 1249 3523 1303 qua:
3557 1236 3836 1302 poterunt

2185 1314 2684 1388 libenter,§dicent
2714 1336 2839 1390 quas
2872 1337 3107 1376 necesse
3136 1320 3246 1375 erit
3275 1319 3522 1392 ingratis
3551 1342 3579 1368 >2
3623 1320 3832 1391 (Idem,

2186 1420 2313 1476 cap.
2349 1407 2404 1470 4,
2451 1407 2562 1462 col.
2601 1409 2636 1461 5
2694 1408 2912 1464 Advers.
2974 1414 3255 1481 Hermog.,
3317 1425 3444 1480 cap.
3475 1409 3580 1476 19;
3639 1413 3698 1463 et
3726 1408 3829 1464 lib.

2185 1493 2307 1548 adv.
2348 1495 2620 1552 Valentia.
2655 1514 2780 1569 cap.
2816 1499 2904 1565 26,
2941 1516 3070 1571 pag.
3105 1499 3250 1566 300;
3299 1497 3416 1553 Cic.
3452 1496 3603 1554 Orat.
3634 1499 3832 1570 prima

2184 1598 2284 1652 pro
2315 1584 2531 1652 Quinct.
2566 1603 2696 1659 pag.
2730 1588 2784 1654 9,
2837 1587 2939 1642 lin.
2979 1589 3034 1652 2,
3066 1595 3123 1644 et
3151 1587 3254 1642 lib.
3305 1604 3359 1642 IV
3408 1588 3468 1643 in
3520 1589 3660 1657 Ven,
3691 1603 3828 1658 pag.

2187 1673 2307 1741 163,
2342 1672 2445 1727 lin.
2480 1675 2587 1744 15).
2618 1677 2891 1732 Cernisne
2923 1675 3162 1732 nomina
3189 1677 3423 1732 libenter
3469 1680 3528 1732 et
3558 1677 3825 1747 ingratis,

2183 1760 2292 1816 sibi
2326 1761 2571 1817 invicem
2612 1765 2824 1835 opponi
2849 1769 2871 1821 Ρ

2256 1849 2587 1921 Respondet
2632 1854 2887 1910 secundo
2937 1853 3334 1910 Tertullianus
3378 1871 3391 1909 :
3457 1873 3479 1902 ι
3535 1855 3609 1909 At
3667 1871 3826 1909 nunc

2183 1938 2339 1994 Deus
2372 1955 2483 1994 non
2517 1940 2684 1996 aliter
2706 1942 3038 2008 destinavit,
3061 1959 3237 2015 quam
3262 1942 3597 2015 praedicavit
3617 1964 3645 1992 »
3671 1943 3828 2013 (Ter-

2178 2026 2332 2097 tull.,
2363 2028 2636 2099 Apologet.
2669 2047 2797 2103 cap.
2825 2033 2913 2098 48,
2949 2049 3078 2104 pag.
3131 2033 3242 2103 43),
3294 2032 3353 2086 in
3408 2031 3589 2088 sacris
3637 2031 3818 2087 nimi-

2178 2133 2308 2171 rum
2339 2121 2397 2171 et
2427 2134 2608 2190 supra
2639 2123 2992 2189 notavimus,
3024 2120 3363 2194 Scripturis,
3404 2121 3502 2176 ubi
3551 2138 3584 2176 a
3613 2137 3675 2177 se
3705 2124 3820 2176 sta-

2179 2209 2366 2260 tutum
2399 2221 2528 2262 esse
2567 2207 2844 2279 praedicat
2896 2210 3120 2266 homini
3181 2211 3360 2268 semel
3419 2209 3814 2277 moriendum,

2177 2293 2474 2366 semelque
2503 2299 2951 2370 resurgendum.

2245 2381 2506 2454 Denique
2535 2387 2853 2459 respondes
2897 2387 3165 2444 homines
3220 2387 3351 2444 ideo
3397 2402 3724 2460 resurgere,
3757 2390 3823 2442 ut

2176 2472 2236 2526 in
2284 2472 2610 2530 immensam
2653 2479 2983 2533 aeternitatis
3026 2479 3466 2549 perpetuitatem,
3529 2475 3822 2547 accipiant

2176 2560 2332 2634 quod
2364 2565 2499 2620 mali
2531 2571 2632 2622 aut
2660 2565 2798 2621 boni
2828 2565 2887 2620 in
2919 2565 3028 2622 hac
3069 2566 3187 2621 vita
3235 2569 3578 2621 meruerunt
3609 2564 3816 2636 (Ibid.).

2173 2658 2362 2714 Semel
2389 2657 2568 2730 igitur
2597 2655 2810 2710 debent
2829 2654 2899 2709 ad
2928 2654 3100 2710 vitam
3129 2654 3404 2710 revocari.
3431 2654 3637 2709 Postea
3658 2653 3815 2709 enim

2172 2764 2276 2803 nec
2309 2763 2465 2803 mors
2500 2744 2632 2812 erit,
2666 2760 2770 2798 nec
2801 2743 3171 2810 resurrectio,
3205 2743 3306 2798 sed
3337 2747 3556 2798 aeterna
3583 2742 3717 2797 vita.

2245 2835 2460 2892 Dehinc
2489 2849 2621 2890 vero
2652 2833 2725 2888 iis
2754 2832 2930 2888 etiam
2962 2832 3233 2899 occurrit,
3266 2832 3365 2904 qui
3392 2832 3684 2903 objectare
3714 2848 3813 2887 so-

2169 2925 2366 2982 lebant
2385 2923 2508 2980 ﬁeri
2533 2941 2645 2979 non
2671 2939 2862 2995 posse,
2889 2926 2954 2977 ut
2982 2939 3194 2994 corpus
3224 2922 3484 2978 hominis
3517 2921 3810 2993 profundo

2169 3016 2575 3085 immensoque
2623 3011 2768 3067 mari
2820 3011 3220 3077 submersum,
3270 3011 3567 3066 redactum
3618 3011 3677 3065 in
3726 3008 3807 3064 ci-

2168 3121 2360 3173 neres,
2387 3121 2420 3159 a
2456 3101 2682 3170 bestiis,
2709 3103 2767 3156 et
2791 3099 3106 3172 aliquando
3151 3100 3222 3155 ab
3270 3099 3602 3156 hominibus
3631 3099 3808 3154 devo-

2168 3197 2383 3261 ratum,
2426 3193 2621 3264 ipsum
2676 3190 2828 3245 idem
2892 3188 3206 3261 aliquando
3264 3193 3567 3261 resurgat:
3608 3211 3629 3237 ι
3663 3187 3809 3244 Nam

2171 3282 2288 3346 Dei,
2324 3280 2535 3352 inquit,
2569 3283 2658 3334 est
2685 3276 2934 3333 nihilum
2967 3279 3182 3350 ipsum,
3235 3278 3404 3348 cuius
3451 3281 3509 3333 et
3557 3281 3742 3333 totum
3779 3299 3809 3326 η

2163 3370 2367 3442 (Ibid)
2402 3371 2544 3425 Cum
2578 3367 2734 3423 enim
2766 3371 2918 3422 Deus
2949 3367 3146 3422 omnia
3174 3384 3244 3423 ex
3289 3366 3472 3447 nihilo
3504 3365 3807 3433 creaverit,

2162 3476 2228 3515 ac
2261 3464 2378 3514 tam
2415 3457 2494 3512 rei
2528 3455 2885 3523 exsistentis,
2947 3472 3122 3527 quam
3181 3473 3296 3511 non
3355 3454 3714 3518 exsistentis,
3748 3458 3808 3510 et

2161 3546 2328 3602 nihili
2362 3545 2439 3602 sit
2469 3545 2764 3615 dominus,
2797 3549 2992 3616 potest
3021 3550 3174 3601 certe
3222 3545 3656 3616 quodcumque,
3689 3559 3804 3613 quo

2159 3635 2269 3707 ipsi
2305 3633 2605 3707 placuerit,
2640 3633 2808 3689 modo
2858 3636 2915 3689 et
2959 3633 3144 3688 facere
3193 3637 3251 3688 et
3307 3632 3562 3688 reﬁcere.
3624 3631 3803 3688 Recte

2157 3724 2336 3795 igitur
2367 3721 2499 3778 hinc
2530 3721 2629 3778 ille
2676 3721 3008 3778 concludit:
3053 3745 3080 3772 «
3115 3721 3452 3792 Ubicunque
3503 3719 3800 3777 resolutus

2158 3813 2359 3882 fueris,
2405 3827 2791 3883 quaecumque
2837 3816 2894 3867 te
2940 3812 3185 3867 materia
3229 3809 3597 3878 destruxerit,
3648 3809 3798 3865 hau-

2157 3902 2318 3971 serit,
2376 3900 2706 3966 absolverit,
2762 3900 2818 3954 in
2877 3899 3127 3955 nihilum
3186 3899 3536 3972 prodegerit,
3595 3898 3800 3954 reddet

2153 3994 2212 4046 te
2243 4013 2271 4040 »
2301 3991 2508 4062 (Ibid.).
2539 3991 2646 4045 Sed
2680 4007 2786 4046 nos
2816 3989 2984 4062 plura
3029 3989 3089 4044 in
3139 3989 3290 4044 hanc
3339 4005 3460 4044 rem
3509 3988 3570 4043 in
3618 4005 3794 4060 supe-

2155 4079 2408 4135 rioribus
2425 4079 2642 4135 nostris
2664 4079 3174 4135 dissertationibus
3200 4078 3627 4151 disputavimus
3649 4078 3795 4146 (Dis-

2152 4171 2338 4225 sertat.
2369 4171 2427 4224 in
2450 4169 2648 4224 Minue.
2686 4169 2864 4225 Octav.
2899 4185 3025 4240 cap.
3057 4171 3114 4235 7,
3163 4171 3272 4225 art.
3303 4171 3339 4222 2
3389 4171 3444 4224 et
3492 4169 3792 4224 Dissertat.

2153 4257 2210 4312 in
2237 4261 2488 4313 Lactant.
2525 4275 2652 4330 cap.
2685 4259 2778 4328 28,
2810 4261 2920 4313 art.
2953 4257 3032 4328 4).

2751 4415 2955 4453 ARTICU
2965 4414 3059 4453 LUS
3109 4416 3188 4454 III.

2154 4506 2267 4574 Quo
2294 4506 2533 4576 tempore
2561 4506 2768 4560 mortui
2795 4506 3043 4561 homines
3099 4506 3178 4560 ad
3231 4507 3403 4560 vitam
3457 4506 3790 4562 excitabun-

2219 4579 2332 4645 tur,
2361 4579 2661 4648 sistentque
2712 4593 2768 4632 se
2823 4581 3066 4633 extremo
3127 4577 3221 4633 Dei
3265 4577 3498 4647 judicio,
3559 4583 3612 4633 et
3658 4594 3790 4648 quo-

2220 4649 2377 4703 modo
2408 4648 2779 4704 Tertullianus
2816 4648 3171 4704 ethnicorum
3219 4649 3286 4704 de
3333 4649 3505 4705 Minoe
3551 4651 3604 4705 ei
3649 4651 3790 4705 Rha-

2220 4721 2484 4792 damanto
2567 4721 2924 4792 opinionibus
2995 4721 3276 4791 conﬁrmet
3332 4723 3581 4776 omnium
3635 4722 3786 4776 mala

2218 4791 2463 4861 bonaque
2489 4794 2689 4848 merita
2716 4798 2837 4847 tum
2865 4793 3266 4848 examinanda.

2217 4917 2535 4986 Postquam
2588 4915 2986 4973 Tertullianus
3033 4916 3146 4985 his,
3201 4933 3330 4991 quas
3381 4920 3784 4990 exposuimus,

2144 5003 2435 5058 rationum
2472 5006 2786 5062 momentis
2816 5006 3218 5078 comprobavit
3263 5008 3532 5063 futurum
3581 5009 3784 5080 cujus-

2143 5091 2285 5147 libet
2313 5093 2467 5148 900
2497 5095 2710 5150 mortui
2755 5095 3011 5151 hominis
3064 5097 3135 5151 ad
3192 5097 3369 5152 vitam
3427 5113 3784 5169 regressum,

2143 5184 2268 5235 tum
2301 5183 2578 5237 continuo
2611 5185 2869 5239 ostendit
2900 5185 3135 5255 quando
3167 5201 3370 5240 omnes
3404 5185 3674 5242 homines
3696 5203 3784 5243 re-

2142 5283 2380 5338 surgere
2412 5269 2695 5326 debeant:
2732 5272 3028 5339 Mundum,
3079 5271 3292 5343 inquit,
3353 5290 3470 5344 quae
3526 5277 3690 5342 ratio,
3723 5275 3779 5330 id

2141 5361 2248 5424 est,
2279 5357 2456 5413 dubio
2489 5359 2710 5429 procul,
2744 5360 2984 5416 verbum
3018 5365 3073 5416 et
3103 5377 3295 5418 sermo
3327 5360 3448 5430 Dei,
3480 5367 3783 5437 composuit

2137 5447 2354 5501 aemulis
2385 5447 2652 5516 (Tertull.
2685 5450 2962 5520 Apologet.
3009 5467 3135 5521 cap.
3183 5451 3271 5516 48,
3321 5450 3429 5506 col.
3479 5453 3595 5522 43),
3652 5470 3778 5526 seu,

2139 5535 2250 5589 sibi
2281 5534 2527 5591 invicem
2560 5538 2890 5607 contrariis,
2919 5538 3007 5594 vel
3031 5539 3202 5594 sicuti
3223 5538 3280 5593 in
3305 5539 3418 5595 alio
3438 5539 3588 5597 libro
3611 5543 3776 5612 dixit,

2137 5638 2206 5677 ex
2234 5623 2466 5680 diversis
2503 5627 2865 5690 substantiis;
2925 5635 2982 5683 ut
3034 5627 3131 5683 sub
3191 5631 3409 5685 unitate
3464 5635 3780 5690 constarent

2136 5712 2344 5783 (Idem,
2373 5714 2668 5787 dePallio,
2723 5732 2849 5790 cap.
2905 5716 3002 5790 2):
3057 5715 3177 5774 haec
3232 5715 3436 5777 eadem
3491 5719 3640 5779 ratio
3695 5723 3770 5780 ab
