4158 6324
303 361 423 422 989

1213 360 1281 419 D.
1331 364 1425 422 LE
1471 364 1796 425 NOUthY
1842 362 2493 424 OBSERVATIONES
2538 363 2795 425 ΝονιΕ.

3593 360 3714 423 990

303 494 483 566 hujus
515 494 721 549 mundi
754 495 988 550 exordio
1046 498 1282 567 tempus
1333 496 1513 552 fluere
1555 496 1953 569 voluit,{quod
1983 496 2037 564 Α
2068 496 2202 553 tiles
2232 495 2575 569 alloquitur,
2605 495 2799 551 verbis
2824 495 3220 552 declaraverat
3251 512 3263 551 :
3302 516 3331 546 «
3363 494 3608 563 Ridetis,
3634 495 3714 552 ri-

305 600 493 655 usque
525 584 594 638 ad
629 584 960 655 oppositam
994 584 1106 656 ipsi
1152 585 1533 642 mternitutem
1594 603 1825 657 semper
1855 588 1953 642 de-

307 675 468 729 ﬂuat.
494 679 559 727 At
588 674 738 729 inter
760 674 1050 729 infinitam
1086 674 1555 747 immensamque
1574 677 1953 731 aeternitatem

304 763 624 819 actinitum
685 767 918 833 tempus
976 764 1327 835 interposuit
1386 765 1645 820 medium
1682 764 1954 830 limitem,

307 869 424 925 quo
481 867 658 908 sevum
716 853 1009 923 (Apologet.
1064 853 1172 909 loc.
1230 854 1377 924 cit.),
1410 855 1528 909 sive
1578 859 1765 909 totum
1807 853 1953 909 illud

309 942 513 997 mundi
548 946 781 1013 tempus
817 943 1074 1008 ﬁniatur,
1132 948 1186 998 et
1247 943 1478 998 infinita
1531 944 1825 999 mternitas
1868 944 1956 998 in-

306 1032 485 1102 cipiat
514 1048 525 1084 :
564 1053 591 1080 ‹‹
626 1032 686 1085 In
720 1047 787 1086 eo
818 1036 1015 1087 autem
1049 1032 1256 1087 ultimo
1326 1032 1629 1104 temporis,
1670 1037 1727 1087 et
1766 1034 1956 1105 primo

303 1120 647 1177 aeternitatis
694 1119 900 1188 limite,
965 1122 1324 1189 restituetur,
1378 1121 1593 1193 inquit,
1643 1139 1817 1177 omne
1847 1122 1957 1177 hu-

306 1228 547 1267 manum
579 1227 767 1282 genus
798 1211 867 1264 ad
903 1212 1358 1283 expungendum
1415 1212 1568 1282 quod
1605 1212 1661 1266 in
1696 1212 1807 1267 isto
1842 1229 1956 1268 ωνο

305 1297 593 1369 [mortalis
622 1298 753 1353 vitae
786 1298 927 1368 suae]
965 1298 1099 1353 boni
1134 1316 1237 1354 seu
1272 1299 1407 1354 mali
1433 1300 1729 1366 meruit,et
1751 1301 1957 1356 exinde

307 1388 757 1459 dependendum
788 1387 845 1441 in
904 1388 1257 1443 immensam
1293 1389 1639 1443 aeternitatis
1673 1389 1961 1461 perpetui-

307 1482 486 1533 tatem
520 1497 545 1528 ιι
583 1476 789 1548 (Ibid).
821 1478 898 1531 lta
931 1477 987 1530 in
1025 1476 1263 1548 Rigaltii
1315 1482 1371 1533 et
1430 1478 1693 1549 antiquis
1750 1479 1955 1534 editio-

307 1567 505 1635 nibus,
574 1582 640 1620 ac
700 1565 1117 1636 manuscriptis
1154 1566 1373 1621 nostris
1433 1568 1757 1624 codicibus.
1792 1574 1866 1623 At
1896 1569 1955 1625 in

308 1655 466 1712 cusis
498 1654 798 1727 aliquibus
855 1654 1090 1726 legitur,
1150 1656 1682 1725 deprehendendum,
1720 1675 1822 1729 pro
1860 1660 1955 1714 de-

304 1744 682 1815 pendendum,
742 1748 843 1798 aut
904 1744 960 1797 in
1020 1743 1150 1799 aliis
1180 1747 1380 1800 exinde
1408 1745 1839 1816 dependendum.
1895 1749 1957 1803 In

2065 587 2243 643 deant
2273 591 2328 642 et
2386 586 2493 653 illi,
2539 585 2829 653 daemones,
2886 586 3287 642 vobiscum....
3352 587 3555 643 Dicant
3602 587 3713 645 hoc

2065 692 2168 747 pro
2201 676 2504 743 tribunali,
2538 692 2597 731 se
2642 675 2791 731 forte
2842 675 3071 731 Minoen
3126 680 3183 731 et
3240 675 3713 734 Rhadamantem

2067 764 2391 821 secundum
2444 780 2801 820 consensum
2853 764 3112 820 Platonis
3161 768 3217 820 et
3248 768 3551 835 poetarum
3583 782 3714 822 esse

2066 854 2303 908 sortitos
2340 874 2359 903 ι
2398 852 2554 923 (Ibid.
2593 870 2720 924 cap.
2776 854 2869 919 23,
2928 852 3036 908 col.
3077 854 3190 925 25).
3250 854 3398 918 Quia
3443 870 3577 909 vero
3611 872 3711 911 no-

2066 942 2364 997 tissimum
2401 942 2674 997 omnibus
2704 946 2829 997 erat
2860 941 3069 997 Minois
3101 946 3156 998 et
3196 943 3587 999 Rhadamanti
3610 943 3714 999 tri-

2064 1030 2267 1100 bunal,
2321 1035 2495 1087 testes
2520 1030 2843 1102 generatim
2878 1032 3017 1086 citat
3048 1037 3268 1103 poetas,
3302 1048 3550 1104 quorum
3585 1032 3713 1105 plu-

2067 1119 2201 1174 rimi
2234 1123 2290 1174 et
2322 1119 2501 1174 Graeci
2525 1125 2581 1175 et
2612 1120 2799 1175 Latini
2850 1120 2995 1175 illud
3027 1120 3382 1177 cecinerunt.
3416 1122 3493 1177 Ex
3526 1121 3714 1193 philo-

2067 1206 2271 1277 sophis
2305 1222 2437 1261 vero
2489 1207 2839 1263 nominatim
2898 1208 3155 1281 appellat
3204 1209 3543 1266 Platonem:
3577 1211 3716 1282 quia

2067 1298 2302 1355 illorum
2336 1299 2601 1355 omnium
2653 1300 2821 1357 facile
2880 1302 3151 1376 princeps
3184 1303 3479 1360 audiebat.
3528 1303 3715 1359 Simili

2067 1388 2244 1445 etiam
2304 1388 2476 1443 modo
2532 1388 2802 1445 Justinus
2861 1396 3082 1461 martyr
3140 1391 3422 1446 adversus
3477 1392 3713 1447 eosdem

2068 1477 2334 1532 ethnicos
2384 1482 2830 1548 argumentatus
2879 1478 3101 1534 fuerat:
3155 1476 3384 1534 Πλάτων
3430 1476 3487 1534 δὲ
3519 1476 3713 1533 Ῥαδά-

2071 1586 2266 1639 μαντον
2308 1564 2397 1619 καὶ
2431 1565 2581 1621 Μίνω
2612 1565 2864 1621 κολάσειν
2908 1566 3035 1629 τοὺς
3066 1564 3284 1630 ἀδίκους
3340 1571 3468 1644 παρ’
3523 1567 3717 1631 αὐτοὺς

2067 1652 2344 1717 ἐλθόντας·
2408 1657 2575 1727 ἡμεῖς
2625 1652 2682 1710 δὲ
2728 1655 2790 1710 τὸ
2842 1654 2969 1710 αὐτὸ
3021 1656 3244 1734 πρᾶγμά
3292 1679 3466 1733 φαμεν
3500 1660 3718 1734 γενήσε-

2068 1755 2210 1814 σθαι,
2246 1743 2366 1799 ἀλλ’
2429 1745 2532 1799 ὑπό
2563 1749 2659 1799 τοῦ
2690 1750 2945 1818 Χριστοῦ,
2985 1748 3071 1800 καὶ
3108 1752 3222 1809 τοῖς
3274 1746 3459 1810 αὐτοῖς
3500 1748 3714 1820 σώμασι

306 1834 443 1889 aliis
473 1850 641 1905 porro
674 1832 782 1888 hoc
812 1834 1053 1888 verbum
1077 1835 1310 1904 penitus
1334 1835 1635 1891 sublatum
1650 1837 1959 1908 est.Neque

2072 1834 2205 1907 μετὰ
2230 1838 2422 1909 ψυχῶν
2465 1833 2795 1908 γενομένων,
2843 1834 2932 1890 καὶ
2984 1835 3204 1890 αἰωνίαν
3246 1835 3469 1891 κόλασιν
3518 1834 3716 1892 κολασ-

305 1922 452 1977 illud
484 1922 652 1978 valde
711 1923 1108 1978 necessarium
1142 1922 1391 1990 videtur,
1434 1925 1483 1979 si
1541 1926 1716 1981 verbo
1744 1943 1955 1998 expun-

305 2012 563 2083 gendum,
597 2012 676 2066 ibi
738 2028 770 2066 a
800 2011 1190 2082 Tertulliano,
1226 2013 1377 2069 sicut
1435 2014 1596 2081 alibi,
1629 2017 1777 2071 etab
1805 2017 1957 2088 aliis,

305 2102 703 2172 Scriptoribus
737 2106 1008 2157 sumatur
1039 2120 1141 2174 pro
1181 2104 1629 2175 persolvendum.
1663 2107 1770 2161 Sed
1804 2107 1851 2162 si
1885 2108 1956 2163 ab

305 2207 372 2246 eo
404 2190 726 2263 accipiatur
758 2208 860 2263 pro
894 2192 1195 2248 reddenda
1225 2194 1299 2248 ab
1331 2193 1674 2250 hominibus
1711 2212 1955 2267 operum

306 2297 547 2335 suorum
584 2296 841 2345 summa,
866 2280 1310 2353 rationibusque
1342 2284 1958 2356 computandis,atque

308 2368 701 2437 absolvendis,
727 2370 963 2425 retineri
998 2372 1171 2427 debet
1199 2373 1442 2427 verbum
1478 2373 1621 2427 illud
1645 2374 1955 2444 dependen—

305 2459 599 2521 dum;ita
639 2464 705 2515 ut
771 2460 864 2515 hic
924 2460 1001 2516 sit
1060 2460 1219 2516 illius
1265 2478 1511 2530 sensus;
1558 2462 1959 2520 Restituentur

308 2565 515 2604 omnes
543 2549 780 2604 omnino
818 2549 1110 2617 homines,
1162 2555 1226 2605 ut
1246 2556 1680 2622 computentur,
1743 2555 1958 2609 exami-

308 2643 543 2706 nentur,
560 2643 619 2693 et
649 2639 1030 2695 absolvantur
1050 2644 1271 2694 cunctae
1305 2641 1440 2695 boni
1475 2641 1733 2714 malique
1755 2660 1957 2700 eorum

308 2728 497 2783 meriti
533 2728 809 2795 rationes,
864 2745 929 2784 ac
959 2729 1172 2785 deinde
1206 2745 1309 2801 per
1355 2734 1536 2785 totam
1571 2732 1955 2789 aeternitatem

306 2816 452 2872 illud
488 2817 822 2888 dependant
852 2835 917 2873 ac
948 2818 1193 2884 solvant,
1256 2820 1411 2891 quod
1448 2836 1549 2892 per
1597 2821 1745 2877 hanc
1777 2822 1956 2879 vitam

311 2912 671 2961 meruerunt.
694 2911 765 2961 At
796 2907 1111 2963 Suetonius
1142 2909 1382 2965 verbum
1416 2927 1692 2981 expungo,
1726 2911 1834 2966 hac
1865 2929 1957 2969 se-

308 2998 501 3052 cunda
531 2997 958 3064 significatione
1017 2997 1364 3053 adhibuisse
1421 3000 1671 3069 videtur,
1729 3002 1826 3056 ubi
1885 3003 1957 3059 de

307 3084 547 3141 Claudio
578 3086 803 3141 Caesare
860 3086 1135 3158 scripsit:
1175 3092 1373 3142 «Cum
1444 3088 1714 3144 decurias
1758 3107 1955 3148 rerum

308 3179 438 3230 acta
469 3178 827 3247 expungeret
882 3194 911 3227 ››
946 3176 1203 3245 (Sueten.
1252 3176 1309 3231 in
1354 3179 1450 3232 Vit.
1509 3178 1748 3247 Claudii,
1783 3182 1809 3247 §
1844 3181 1952 3252 15),

307 3264 363 3318 id
396 3272 503 3333 est,
538 3268 602 3318 ut
631 3265 869 3335 quidam
905 3266 1308 3335 observarunt,
1344 3267 1662 3335 ordinaret,
1695 3286 1762 3324 ac
1792 3287 1949 3326 com-
1983 3244 2026 3312 α

308 3357 542 3425 putaret
597 3353 839 3424 quinam
899 3371 966 3408 ex
998 3354 1254 3411 decuriis
1312 3355 1369 3410 in
1394 3355 1666 3427 judicum
1710 3376 1953 3417 numero

308 3442 580 3498 servandi
612 3446 829 3499 essent.
868 3445 987 3499 Huc
1021 3440 1475 3515 quoquevocant
1496 3445 1617 3501 haec
1648 3446 1955 3519 Papiniani

305 3532 525 3587 verba:
562 3533 702 3586 «Ex
759 3549 936 3587 causa
992 3534 1341 3589 desertionis
1396 3540 1631 3591 notatus
1672 3553 1737 3591 ac
1784 3538 1953 3593 resti-

304 3625 491 3687 tutus,
522 3621 826 3692 temporis,
860 3623 1013 3693 quod
1048 3623 1104 3677 in
1140 3624 1470 3680 desertione
1503 3626 1696 3696 fuerit,
1722 3626 1953 3699 impen-

305 3710 419 3765 diis
450 3711 854 3782 expungitur»
889 3714 1111 3783 (Digest.
1147 3711 1249 3768 lib.
1285 3730 1436 3785 xux,
1475 3714 1561 3769 tit.
1599 3715 1685 3779 16,
1722 3715 1831 3787 leg.
1865 3717 1952 3787 15,

303 3799 369 3854 de
397 3801 472 3854 Ite
496 3799 704 3865 litim.)-

376 3906 670 3978 Quidquid
707 3923 877 3978 porro
910 3908 989 3963 sit
1010 3908 1080 3962 de
1132 3908 1400 3964 Auctoris
1455 3910 1638 3964 nostri
1670 3927 1804 3965 vera
1860 3927 1955 3983 ge-

302 3996 603 4068 nuinaque
632 3996 1063 4067 lectione,certo
1087 3997 1325 4068 quidem
1360 3998 1580 4053 certius
1602 4015 1731 4055 esse
1761 4000 1950 4069 docet,

302 4087 423 4142 fore
459 4086 966 4157 utexpendantur,
1027 4090 1084 4141 et
1142 4090 1412 4142 accurate
1458 4088 1949 4144 examinenturin

302 4174 511 4231 ultimo
525 4174 970 4245 Christijudicio
996 4175 1363 4248 singulorum
1388 4176 1693 4231 hominum
1717 4178 1946 4233 merita.

301 4262 599 4319 Venturus
628 4262 785 4319 enim
819 4266 907 4318 est
938 4262 1033 4318 ille
1060 4264 1184 4335 ipse
1214 4264 1481 4319 Christus
1513 4281 1644 4320 cum
1672 4263 1852 4330 omni,
1889 4268 1952 4320 ut

303 4353 384 4408 ait
411 4352 832 4422 Tertullianus,
892 4352 1219 4408 divinitatis
1278 4352 1468 4425 gloria
1522 4357 1579 4408 et
1622 4354 1949 4424 majestate,

302 4460 407 4498 nec
441 4460 553 4499 non
585 4459 709 4498 cum
737 4444 903 4498 totius
960 4443 1157 4498 mundi
1183 4448 1352 4511 motu,
1386 4460 1499 4514 quo
1539 4459 1680 4498 sane
1715 4442 1951 4497 subver-

299 4536 473 4601 tetur,
505 4549 630 4588 cum
660 4532 893 4588 horrore
924 4533 1090 4601 orbis,
1140 4550 1263 4588 cum
1291 4534 1519 4605 planctu
1556 4532 1824 4599 omnium,
1858 4531 1947 4586 in-

300 4620 561 4677 ﬁdelium
606 4626 663 4678 et
719 4621 1157 4690 sceleratorum,
1208 4623 1307 4679 sed
1362 4639 1473 4677 non
1506 4621 1951 4677 Christianorum
1984 4614 2031 4677 D

300 4710 567 4781 (Tertull.
629 4713 905 4783 Apologet.
963 4729 1085 4783 cap.
1113 4714 1203 4782 23,
1264 4712 1372 4767 col.
1407 4712 1518 4782 25),
1555 4710 1839 4781 ﬁdelium,
1870 4711 1949 4765 vi-

298 4799 530 4870 delicet,
563 4801 661 4872 qui
696 4802 790 4872 pie
822 4806 1139 4873 sancteque
1170 4802 1456 4857 vixerunt.
1492 4801 1571 4855 De
1612 4800 1719 4855 hoc
1752 4804 1945 4855 autem

299 4893 557 4945 extremo
598 4890 825 4961 judicio
846 4892 969 4962 jam
1004 4890 1142 4947 alibi
1199 4890 1590 4947 disseruimus
1621 4891 1857 4959 (Disser.
1885 4890 1947 4945 in

297 4978 425 5031 Lac.
460 4994 510 5032 c.
545 4978 633 5043 47,
667 4996 722 5050 ρ.
751 4980 863 5050 42).

370 5083 470 5138 Sed
501 5085 572 5139 ab
603 5086 857 5142 ethnicis
915 5088 1184 5157 ridemur,
1245 5086 1437 5158 inquit
1486 5085 1677 5142 adhuc
1715 5085 1943 5141 Tertul-

298 5174 515 5240 lianus,
548 5176 738 5244 Deum,
770 5194 944 5247 quem
993 5185 1165 5233 antea
1194 5179 1493 5234 Christum
1528 5175 1941 5249 appellaverat,

294 5267 670 5335 praedicantes
692 5266 1077 5336 judicaturum
1109 5267 1373 5337 (Tertull.
1409 5268 1817 5339 Apologet.cap.
1854 5267 1941 5336 47,

296 5354 407 5410 col.
462 5356 569 5424 42).
620 5356 691 5409 At
747 5372 889 5410 sane
950 5355 1099 5411 hanc
1158 5357 1425 5430 frigidam
1461 5355 1794 5411 irrisionem
1826 5373 1940 5411 non

296 5443 513 5514 aptius,
549 5460 725 5514 quam
776 5444 922 5499 90l
970 5446 1205 5502 traditis
1258 5447 1517 5517 ipsorum
1554 5443 1785 5515 placitis
1842 5460 1939 5499 ex-

294 5532 647 5603 plodendam
681 5551 807 5588 esse
838 5534 1104 5589 censuit:
1130 5534 1219 5590 Sic
1250 5538 1399 5590 enim
1428 5540 1693 5604 etpoette,
1753 5533 1853 5603 ait,
1885 5542 1942 5589 et

290 5622 600 5693 philosophi
656 5623 903 5677 tribunal
959 5623 1109 5693 apud
1168 5626 1376 5694 inferos
1431 5628 1658 5695 ponunt
1718 5621 1935 5693 (Ibid.).

295 5711 455 5775 Quod
500 5714 698 5768 autem
730 5711 807 5768 sit
838 5710 979 5767 illud
1017 5713 1297 5786 tribunal,
1330 5712 1511 5783 hisce,
1554 5711 1770 5784 quibus
1794 5727 1939 5785 gen-

2071 1924 2408 1998 Θησομένων.
2469 1926 2628 1981 Plato
2694 1942 2817 1981 vero
2880 1927 3323 1983 Rhadamantum
3387 1932 3440 1983 et
3502 1929 3719 1984 Minoen

2068 2016 2270 2070 itidem
2304 2016 2535 2086 injustas
2566 2014 2637 2071 ad
2665 2031 2721 2070 se
2748 2019 3028 2072 venientes
3048 2016 3352 2089 plexurum
3383 2033 3495 2073 esse
3513 2018 3717 2073 docuit.

2068 2106 2172 2160 Nos
2202 2109 2388 2159 autem
2420 2105 2475 2161 id
2505 2106 2683 2173 ipsum
2738 2107 2907 2161 etiam
2936 2110 3153 2177 factum
3200 2108 3277 2162 iri
3325 2107 3582 2178 dicimus,
3626 2105 3720 2162 sed

2067 2211 2102 2249 a
2153 2195 2395 2262 Christo,
2444 2194 2765 2266 corporibus
2816 2195 3024 2251 eisdem
3071 2212 3199 2251 cum
3256 2197 3548 2252 animabus
3602 2196 3718 2251 suis

2067 2283 2512 2354 uniendis,atque
2539 2285 2760 2338 aeternis
2774 2284 3112 2340 cruciatibus
3140 2284 3458 2355 torquendis
3489 2284 3716 2357 (S.Jus-

2068 2373 2175 2426 tin.
2208 2373 2432 2444 Apolog.
2468 2389 2487 2427 ι
2518 2374 2591 2427 ad
2620 2374 2908 2440 Antonin.,
2942 2390 3074 2445 pag.
3106 2374 3219 2444 57).
3243 2375 3457 2429 Eodem
3482 2388 3714 2445 quoque

2070 2462 2242 2517 modo
2273 2461 2674 2533 Athenagoras
2704 2469 2907 2517 contra
2964 2462 3228 2517 ethnicos
3281 2468 3483 2534 postea
3513 2461 3715 2533 dispu-

2067 2550 2230 2605 tavit.
2265 2549 2485 2605 Citatos
2518 2568 2688 2622 porro
2719 2551 2789 2605 ab
2846 2549 2947 2606 illo
2980 2551 3235 2607 Platonis
3263 2550 3422 2607 locos
3475 2552 3532 2605 in
3556 2549 3716 2606 illius

2068 2639 2279 2711 Gorgia
2302 2643 2357 2693 et
2394 2639 2653 2695 Axiocho
2684 2640 2946 2695 invenies
2976 2640 3347 2713 (Athenagor.
3375 2644 3557 2712 Legat.
3618 2657 3720 2712 pro

2070 2728 2368 2783 Christian.
2406 2746 2534 2800 pag.
2568 2728 2674 2796 12;
2710 2730 2852 2783 Plat.
2886 2730 3057 2800 Gorg.
3120 2734 3261 2784 tom.
3317 2730 3361 2796 Ι,
3423 2746 3553 2802 pag.
3582 2730 3707 2795 124,

2066 2821 2115 2873 et
2152 2819 2305 2872 Axio.
2339 2822 2479 2872 tom.
2519 2820 2613 2884 III,
2648 2834 2777 2889 pag.
2811 2818 2962 2883 57t).
3404 2882 3408 2887 η

2138 2907 2196 2962 Si
2230 2906 2361 2979 quis
2400 2923 2532 2962 vero
2564 2906 2817 2978 aliquem
2852 2908 3058 2963 saltem
3093 2924 3161 2962 ex
3209 2907 3402 2963 citatis
3461 2908 3532 2963 ab
3572 2908 3709 2963 Ter-

2066 2996 2313 3051 tulliano
2348 2997 2536 3067 poetis
2569 2996 2810 3068 proferri
2870 2996 3181 3062 desiderat,
3213 2998 3360 3052 duos
3392 3014 3711 3068 graecorum

2066 3085 2447 3141 ellatinorum
2470 3086 2804 3158 coryphteos
2820 3086 3135 3141 Homerum
3157 3092 3213 3141 et
3234 3086 3545 3159 Virgilium
3568 3087 3711 3141 cita-

2070 3175 2281 3231 bimus.
2318 3176 2380 3229 In
2412 3175 2669 3245 Odyssea
2701 3174 2853 3229 enim
2876 3174 2972 3231 ille
3003 3175 3121 3229 haec
3144 3175 3214 3230 de
3237 3175 3418 3230 Erebo
3452 3175 3660 3231 cecinit
3693 3194 3706 3233 :

2062 3290 2205 3364 Ἔνθ’
2235 3287 2361 3358 ἤτοι
2392 3288 2581 3344 Μίνωα
2614 3286 2749 3364 ἴδον,
2783 3289 2904 3351 Διὸς
2938 3286 3135 3364 ἀγλαὸν
3166 3289 3301 3358 υἱὸν,

2063 3362 2296 3451 Χρύσιον
2328 3364 2603 3451 σκῇτξςερον
2636 3359 3271 3451 ἑχονξαώθεμιςξτεύοντῇ
3299 3359 3543 3416 νεκύσσιν

2063 3382 2107 3418 Α
2149 3382 2296 3415 ·.›σιον
2328 3382 2603 3436 curm-90v
2636 3382 2855 3451 εχοντα,
2889 3382 3271 3433 υεμιστευοντα
3299 3382 3467 3415 venum

2062 3382 2336 3510 ξίΙ-ᾔιενον·⁸
2357 3434 2407 3487 οἱ
2441 3431 2496 3510 δέ
2526 3455 2617 3506 μιν
2649 3433 2794 3510 αμφὶ.
2819 3432 2969 3510 δζκας
3003 3432 3210 3510 εξρονςςυ
3242 3430 3467 3510 ᾅνακξτᾳ,

2062 3502 2288 3579 Ἦμενοι
2324 3502 2567 3569 ὲσταότές
2596 3526 2651 3560 τε
2679 3502 2794 3560 nai'r’
2827 3502 3125 3579 εὐρυπυλὲς
3154 3503 3337 3567 Ἄϊδος
3368 3502 3467 3561 δῶ.

2563 3632 2799 3692 (Homer.
2833 3629 3016 3691 Odyss.
3048 3634 3102 3690 Α,
3147 3631 3285 3679 circa
3312 3631 3431 3693 ﬁn.)

2155 3695 2233 3743 lbi
2256 3695 2469 3744 Minoen
2502 3696 2610 3743 vidi
2630 3695 2774 3743 Jovis
2805 3693 3145 3756 splendidum
3172 3694 3360 3751 ﬁlium,

2157 3760 2392 3807 Aureum
2422 3763 2692 3820 sceptrum
2707 3757 3170 3820 gestantem,leges
3190 3756 3447 3806 ferentem
3464 3756 3707 3820 mortuis,

2158 3820 2476 3870 Sedentem:
2510 3819 2597 3869 alii
2647 3834 2774 3870 vero
2824 3820 2963 3869 circa
3012 3819 3183 3882 ipsum
3233 3833 3420 3869 causas
3464 3819 3711 3882 dicebant

2156 3945 2433 4007 Sedentes,
2464 3945 2647 3996 statuti
2677 3958 2774 4008 per
2802 3944 2959 3994 latam
2986 3944 3222 3993 Plutonis
3251 3880 3705 3992 domumingen

2063 4051 2337 4124 Virgilius
2366 4069 2502 4109 vero
2524 4070 2536 4109 :

2152 4160 2255 4208 Nec
2288 4173 2415 4208 vero
2447 4160 2560 4209 haec
2593 4161 2707 4208 sine
2739 4164 2881 4209 sorte
2912 4160 3188 4219 datae,sine
3215 4157 3394 4220 judice
3424 4156 3579 4205 sedes
3612 4172 3625 4205 :

2152 4223 2415 4280 Quaesitor
2443 4224 2615 4271 Minos
2644 4237 2832 4271 urnam
2866 4230 3065 4281 movet,
3091 4222 3175 4269 ille
3208 4220 3454 4269 silentum

2153 4285 2550 4348 Conciliumque
2582 4289 2749 4348 vocat,
2782 4287 3102 4348 vitasque,et
3120 4284 3339 4332 crimina
3372 4282 3547 4348 discit.

2432 4299 2550 4397 lqlue
2578 4299 2749 4357 vocat,
2782 4299 3102 4357 imasque,“
3120 4299 3339 4332 crimina
3372 4299 3547 4331 uiscu.

2432 4351 2446 4400 (
2495 4347 2611 4409 trgil
2662 4347 2751 4395 lib.
2784 4354 2835 4396 vi
2866 4348 3077 4399 Eneid.
3102 4361 3151 4395 v.
3174 4347 3258 4395 451
3294 4348 3345 4395 et
3373 4346 3547 4408 seqq.)

2060 4445 2204 4499 Tum
2240 4443 2483 4499 deinde:

2153 4550 2407 4599 Gnossius
2437 4550 2551 4599 lli-Bc
2609 4551 3010 4601 Rhadamantus
3038 4552 3196 4600 habet
3225 4549 3489 4599 dirissima
3521 4562 3699 4611 regna,

2155 4614 2494 4675 Castigatque
2527 4614 2782 4676 auditque
2813 4615 2978 4673 dolos,
3004 4614 3307 4675 subigitque
3333 4612 3487 4676 fateri

2153 4677 2279 4734 Quae
2302 4677 2420 4739 quis
2442 4676 2582 4738 apud
2614 4675 2854 4739 superos,
2888 4678 3028 4727 furto
3060 4678 3269 4727 laetatus
3296 4675 3467 4727 inani.

2152 4740 2364 4789 Distulit
2398 4739 2452 4787 in
2481 4753 2651 4788 seram
2681 4740 2965 4804 commissa
2985 4740 3214 4804 piacula
3242 4744 3488 4787 mortem.

2853 4801 3027 4864 (Ibidf,
3058 4816 3108 4853 v.
3138 4805 3223 4852 561
3260 4806 3312 4851 et
3341 4801 3512 4864 seqq.)

2054 4912 2128 4964 At
2157 4910 2206 4964 si
2239 4908 2482 4978 ethnici,
2517 4906 2669 4964 sicut
2699 4913 2853 4964 recte
2909 4909 3105 4982 arguit
3141 4907 3560 4973 Tertullianus,
3610 4905 3703 4963 his

2054 4997 2240 5071 poetis
2286 5003 2341 5053 et
2396 4996 2765 5069 philosophis
2822 4999 3221 5065 crediderunt,
3273 4996 3461 5053 multo
3510 4993 3701 5065 magis

2053 5088 2409 5144 credendum
2445 5087 2628 5143 sacris
2656 5088 2871 5144 nostris
2931 5089 3341 5161 scriptoribus,
3374 5087 3471 5158 qui
3504 5084 3699 5138 divino

2052 5178 2270 5249 Spiritu
2306 5175 2530 5249 repleti,
2578 5182 2917 5233 constanter
2973 5179 3289 5250 pradicant
3346 5176 3536 5246 ipsum
3570 5187 3700 5227 esse

2052 5267 2372 5335 Christum,
2407 5265 2508 5338 qui
2566 5290 2591 5315 ‹‹
2656 5269 2938 5339 producto
2984 5269 3107 5339 [seu
3160 5269 3410 5338 peracto,
3443 5266 3501 5316 et
3554 5276 3698 5316 con-

2053 5359 2312 5428 sumpto]
2345 5372 2460 5410 aevo
2487 5356 2617 5422 isto,
2643 5356 3022 5427 judicaturus
3064 5361 3151 5411 est
3183 5370 3321 5411 suos
3352 5350 3604 5407 cultores
3636 5348 3694 5404 in

2050 5444 2183 5501 vitae
2246 5450 2472 5501 aeternae
2529 5445 2995 5512 retributionem,
3066 5443 3339 5514 profanos
3387 5439 3446 5495 in
3498 5439 3694 5511 ignem

2056 5552 2217 5606 teque
2247 5538 2629 5606 perpetem,et
2652 5534 2877 5605 jugem,
2909 5534 3061 5589 902
3086 5530 3386 5588 suscitatis
3419 5528 3696 5585 omnibus

2055 5625 2126 5678 ab
2158 5624 2324 5679 initio
2356 5623 2670 5689 defunctis,
2704 5626 2759 5676 et
2790 5622 3140 5689 reformatis,
3176 5625 3231 5676 et
3262 5617 3564 5675 recensitis
3622 5620 3693 5673 ad

2049 5715 2358 5784 utriusque
2386 5710 2603 5768 meriti
2638 5710 2781 5780 [sive
2811 5711 2946 5769 boni
2978 5711 3099 5770 sive
3132 5710 3294 5781 mali]
3324 5706 3694 5782 dispunctio-
