4158 6324
281 304 399 366 993

1196 315 1262 375 D.
1320 318 1409 378 LE
1456 319 1782 383 NOUltRY
1828 321 2479 391 OBSEltVA'l‘lUNES
2528 332 2783 395 NOVIE.

3575 353 3694 415 994

279 454 432 511 gem,
467 456 583 511 qua
615 447 846 498 cautum
879 449 1022 515 erat,
1058 463 1127 501 ne
1156 449 1290 518 quis
1323 450 1565 507 fulmine
1589 470 1926 525 percussus,
1958 462 2011 529 Α
2111 458 2323 547 in
2351 461 2653 547 domiciliis
2684 479 3010 547 exspectent,
3056 491 3121 529 ac
3158 493 3268 547 qua
3319 483 3532 540 ratione
3566 487 3686 542 Ter-

278 526 395 582 ullo
426 528 701 602 deinceps
723 532 1013 604 supplicio
1039 536 1439 595 mulctaretur.
1474 542 1535 597 In
1562 542 1728 599 illum
1754 546 1933 617 enim,

278 618 660 687 quantumvis
695 620 964 692 impium,
1010 625 1235 697 Jupiter
1266 629 1409 684 satis
1452 631 1934 691 animadvertisse

278 705 588 763 ferebatur.
612 709 719 765 Alii
755 728 886 767 vero
920 721 1125 785 putant
1148 724 1443 775 auctorem
1473 722 1629 778 904
1664 730 1929 780 nostrum

276 796 348 850 ad
380 796 525 852 illud
562 801 901 871 respexisse,
932 806 1083 875 quod
1122 806 1210 861 his
1233 811 1424 865 verbis
1460 812 1680 867 Plinius
1715 830 1927 870 memo-

277 889 404 941 rat:
441 908 467 935 ‹‹
506 888 809 946 Hominem
859 891 940 947 ita
972 896 1366 953 examinatum
1415 902 1659 957 cremari
1694 904 1777 957 fas
1812 922 1926 960 non

276 978 384 1039 est,
418 977 586 1031 condi
647 978 703 1033 in
738 985 890 1037 terra
942 984 1144 1056 religio
1202 989 1439 1043 tradidit
1475 1012 1501 1038 ››
1549 991 1714 1061 (Plin.
1750 994 1849 1047 lib.
1887 1011 1925 1048 ιι

275 1064 417 1120 Hist.
452 1074 564 1122 nat.
626 1085 750 1140 cap.
811 1072 904 1139 54,
950 1089 1079 1145 pag.
1139 1076 1284 1147 209).
1348 1082 1559 1134 Verum
1609 1082 1745 1151 quid
1780 1082 1923 1151 hac,

276 1169 492 1223 quaso,
527 1156 595 1209 ad
642 1157 976 1217 institutum
1010 1163 1229 1219 faciunt
1279 1167 1644 1238 Tertulliani,
1682 1172 1777 1241 qui
1814 1170 1922 1226 hoc

273 1243 537 1315 exemplo
581 1246 928 1303 conﬁrmare
988 1250 1194 1306 nititur
1246 1258 1638 1324 quorumdam
1681 1275 1923 1330 corpora

271 1330 597 1400 hominum,
630 1334 744 1390 icta
802 1336 1063 1406 fulmine,
1109 1340 1192 1395 sic
1250 1342 1410 1399 salva
1454 1362 1602 1412 esse,
1665 1351 1728 1401 ut
1760 1347 1919 1404 nullo

272 1420 523 1492 amplius
556 1424 689 1495 igne
720 1425 1166 1485 decinerescant.

340 1510 609 1582 Expende
642 1513 819 1584 igitur
848 1533 920 1570 an
955 1516 1051 1572 ille
1084 1519 1279 1589 potius
1307 1522 1531 1577 alludat
1562 1526 1630 1579 ad
1666 1541 1753 1593 ea,
1788 1544 1915 1598 qua

266 1597 617 1656 Plutarchus
653 1606 949 1660 memoria
1006 1608 1281 1678 prodidit,
1333 1619 1694 1684 compertum
1738 1597 1914 1672 ferme

266 1687 539 1744 omnibus
572 1705 700 1747 esse
730 1709 974 1765 corpora
1004 1697 1074 1751 de
1126 1698 1267 1754 ccclo
1300 1704 1472 1769 tacta,
1506 1722 1539 1758 a
1571 1704 1775 1759 multis
1811 1722 1913 1761 nec

268 1777 533 1845 cremari,
569 1795 671 1834 nec
719 1782 976 1853 sepeliri,
1010 1786 1107 1840 sed
1160 1787 1411 1861 relinqui
1441 1793 1764 1863 sepimento
1796 1795 1907 1850 cir-

267 1840 545 1922 cumdata
571 1884 583 1934 ;
621 1873 682 1923 ut
712 1840 1343 1946 expertiaputredinis:
1372 1840 1650 1951 perplatuo
1684 1884 1919 1940 vidcan-
1950 1840 1995 1905 B

268 1955 367 2007 tur
397 1953 736 2025 (Plutarc’i.,
787 1958 887 2014 lib.
924 1977 978 2015 ιν
1026 1962 1293 2035 Sympos.,
1344 1976 1547 2040 quast.
1590 1975 1644 2040 2,
1680 1990 1733 2044 p.
1768 1975 1914 2045 665).

266 2042 471 2098 Postea
518 2050 749 2101 autem:
801 2047 983 2119 Ὁρᾷς,
1031 2054 1131 2119 ait,
1183 2053 1264 2106 ὅτι
1296 2056 1382 2108 καὶ
1416 2057 1477 2110 τὸ
1507 2042 1777 2133 negabam
1812 2067 1916 2135 πῦρ

267 2128 409 2203 ἱερὸν
460 2132 741 2205 ἡγούμεθα
787 2136 875 2189 καὶ
929 2143 1094 2211 θεῖον,
1144 2142 1227 2195 ὅτι
1283 2145 1347 2197 τὰ
1401 2148 1625 2219 σώματα
1662 2155 1767 2204 τῶν
1803 2148 1915 2205 διο-

266 2212 487 2287 ϐλήτων
542 2221 755 2291 ἄσηπτα
809 2226 942 2297 πρὸς
976 2227 1147 2283 πολὺν
1181 2230 1477 2308 ἀντέχοντα
1526 2238 1725 2312 χρόνον
1781 2239 1916 2315 ὀρῶ-

269 2326 385 2378 μεν.
421 2310 573 2365 Nosti
601 2312 783 2381 ignem
823 2318 1083 2385 fulminis
1122 2337 1345 2378 sacrum
1375 2310 1615 2394 dici,rret
1642 2331 1912 2401 divinum,

265 2398 405 2468 quod
432 2415 658 2471 corpora
687 2402 753 2455 de
799 2406 929 2460 calo
975 2412 1245 2467 laetorum
1291 2430 1393 2484 per
1440 2420 1674 2475 multum
1708 2398 1910 2494 tempo;

264 2488 344 2541 ris
390 2492 786 2560 putre/actioni
841 2498 1091 2554 resistere
1154 2501 1397 2559 videmus
1455 2508 1607 2578 (Ibid.
1672 2511 1772 2567 lib.
1834 2532 1910 2583 v1,

266 2582 467 2647 quast.
506 2579 593 2649 40,
624 2597 754 2652 pag.
813 2585 959 2652 685).
998 2590 1061 2641 At
1101 2588 1208 2644 hoc
1267 2596 1621 2667 exemplum,
1656 2602 1763 2656 etsi
1797 2579 1911 2659 non

266 2666 437 2738 plane
495 2671 832 2744 perfectum,
865 2694 899 2731 a
954 2680 1306 2738 Tertulliano
1365 2666 1575 2744 adduci
1608 2694 1816 2762 potuit,
1852 2702 1916 2752 ut

265 2758 599 2814 ostenderet
629 2762 1121 2839 conﬁrmarctque
1147 2770 1454 2831 hominum
1479 2794 1720 2851 corpora
1741 2802 1914 2855 posse

266 2850 481 2902 aterno
512 2848 646 2919 igne
676 2853 857 2921 exuri,
900 2872 1015 2926 quo
1042 2861 1232 2914 tamen
1267 2848 1911 2936 nunquam—absumen-

265 2938 381 2989 tur.

336 3023 393 3077 Si
455 3026 588 3096 quis
640 3033 834 3084 autem
895 3033 1044 3090 scire
1101 3043 1263 3094 aveat
1318 3058 1423 3097 cur
1478 3044 1571 3102 hic
1632 3049 1785 3121 ignis
1839 3056 1910 3110 ab

264 3110 391 3183 ipso
423 3130 669 3171 arcanus
702 3120 1044 3193 appelletur,
1076 3125 1213 3181 huic
1236 3110 1740 3209 respondebimus,
1774 3144 1911 3213 quia

262 3200 429 3256 illum
462 3204 839 3275 occultum,et
871 3209 927 3265 in
961 3213 1282 3271 visceribus
1313 3200 1475 3276 terra
1500 3200 1908 3288 absconditum
1939 3202 1981 3267 C

263 3292 522 3361 putabat.
571 3294 691 3349 Alio
726 3314 978 3370 namque
1008 3302 1065 3357 in
1102 3303 1247 3361 libro
1280 3314 1337 3363 et
1372 3310 1626 3371 Platonis
1658 3324 1714 3373 et
1743 3337 1909 3378 suam

263 3378 333 3434 de
364 3378 509 3449 loco,
546 3382 641 3437 ubi
674 3384 845 3441 inferi
899 3390 1072 3460 positi
1124 3400 1283 3463 sunt,
1318 3404 1666 3460 sententiam
1700 3409 1783 3464 sic
1816 3428 1911 3466 ex-

264 3467 477 3539 plicat:
510 3494 537 3521 ‹‹
571 3472 789 3531 inferos
838 3477 1003 3534 Plato
1052 3481 1208 3538 velut
1264 3490 1552 3557 gremium
1612 3500 1781 3553 terra
1813 3500 1909 3555 de-

266 3557 469 3613 scribit
499 3559 557 3614 in
592 3560 897 3635 Phaedone,
931 3586 1045 3637 quo
1076 3588 1281 3629 omnes
1328 3576 1490 3635 labes
1524 3586 1913 3644 mundialium

266 3646 526 3703 sordium
560 3651 928 3721 continendo,
961 3662 1016 3712 et
1046 3659 1125 3714 ibi
1175 3663 1493 3723 desidendo
1536 3673 1825 3747 exhalent,
1858 3683 1915 3734 et

270 3735 438 3806 quasi
495 3754 654 3796 cano
712 3742 1223 3805 immunditiarum
1285 3771 1527 3813 suarum
1567 3766 1912 3824 crassiorem

270 3823 571 3893 haustum,
603 3833 659 3883 et
714 3832 1003 3903 privatum
1033 3836 1151 3893 illic
1202 3856 1392 3898 aerem
1448 3847 1683 3919 stipent.
1734 3857 1913 3913 Nobis

270 3912 438 3969 inferi
488 3933 601 3972 non
654 3920 810 3975 nuda
858 3926 1165 3995 cavositas,
1200 3947 1304 3985 nec
1354 3935 1675 3996 subdivalis
1715 3942 1907 4015 aliqua

268 4005 472 4059 mundi
505 4006 733 4063 sentina
790 4012 1144 4085 creduntur;
1180 4019 1276 4074 sed
1335 4022 1391 4075 in
1440 4024 1595 4082 fossa
1643 4005 1914 4099 terraIei.

266 4096 324 4145 in
356 4092 475 4148 alto
507 4096 772 4165 vastitas,
793 4105 849 4153 et
882 4100 937 4154 in
964 4102 1107 4173 ipsis
1140 4106 1460 4167 visceribus
1478 4116 1604 4185 ejus
1637 4119 1913 4178 abstrusa

264 4183 634 4251 profunditas
694 4208 720 4234 ››
751 4187 1013 4257 (Tertull.
1074 4193 1144 4249 de
1170 4196 1351 4252 Anim.
1413 4183 1684 4277 cap.54).
1748 4212 1911 4267 Unde

262 4286 395 4325 vero
446 4271 596 4329 hanc
648 4276 976 4347 opinionem
1039 4283 1399 4355 delibaverit,
1436 4271 1498 4345 si
1540 4295 1671 4363 quis
1719 4299 1909 4356 adhuc

264 4361 539 4433 requiret,
570 4363 677 4419 hoc
710 4365 866 4423 illius
899 4370 1112 4426 ibidem
1146 4391 1493 4446 responsum
1526 4361 1639 4439 cito
1672 4387 1908 4445 audiet:

268 4471 287 4496 ι
322 4451 623 4521 Siquidem
656 4454 883 4511 Christo
916 4459 974 4512 in
1008 4463 1179 4516 corde
1215 4467 1381 4519 terra
1407 4468 1668 4527 triduum
1704 4478 1908 4533 mortis

262 4535 513 4610 legimus
570 4548 946 4614 expunctum,
980 4547 1037 4601 id
1071 4554 1179 4617 est,
1239 4552 1297 4606 in
1330 4570 1559 4612 recessu
1615 4560 1824 4619 intimo
1857 4573 1912 4623 et
1940 4576 1986 4639 D

260 4628 512 4700 interno,
545 4638 601 4686 et
656 4631 715 4686 in
750 4633 878 4704 ipsa
934 4640 1083 4692 terra
1132 4646 1353 4713 operto,
1399 4645 1447 4699 ei
1507 4647 1659 4704 intra
1716 4652 1903 4724 ipsam

259 4717 480 4787 clauso,
516 4725 574 4775 et
628 4721 686 4775 in
745 4722 1121 4782 inferioribus
1178 4730 1369 4787 adhuc
1419 4736 1647 4807 abyssis
1700 4758 1903 4814 super-

258 4812 574 4877 structo...,
609 4815 673 4865 ut
702 4811 817 4866 illic
851 4817 1211 4882 patriarchas
1248 4825 1301 4875 et
1335 4824 1648 4893 prephetas
1680 4811 1907 4903 compo-

258 4898 348 4949 tes
379 4896 471 4950 sui
501 4899 733 4954 faceret.
768 4902 955 4958 Habes
993 4911 1048 4959 et
1079 4908 1373 4978 regionem
1410 4913 1731 4975 inferorum
1763 4923 1904 4977 sub-

259 4988 582 5041 terraneam
641 4992 875 5046 credere
936 5014 962 5041 ››
1020 4996 1177 5062 (Ibid.
1242 5014 1367 5071 cap.
1428 5004 1539 5072 53).
1609 5007 1901 5065 Platonem

258 5077 449 5125 autem
484 5074 557 5128 ibi
594 5093 825 5135 rursum
858 5082 914 5135 in
956 5083 1077 5152 jam
1115 5085 1289 5141 citato
1322 5105 1355 5142 a
1411 5092 1581 5148 nobis
1622 5096 1905 5156 Phadone

256 5158 478 5226 laudat,
515 5167 581 5217 ut
622 5164 887 5223 ethnicos
937 5170 1043 5227 hac
1089 5173 1372 5246 principis
1422 5181 1905 5255 philosophorum

256 5269 499 5308 suorum
532 5258 874 5315 auctoritate
906 5264 1098 5319 adhuc
1128 5267 1466 5325 revinceret.

866 5405 1184 5448 ARTICULUS
1222 5411 1277 5451 ν.

252 5487 327 5541 De
348 5496 558 5573 aeterna
598 5500 910 5573 sanctorum
944 5496 1319 5573 beatitudine;
1376 5519 1479 5573 quo
1520 5507 1580 5560 in
1615 5506 1729 5564 loco
1762 5515 1903 5569 resi-

323 5559 526 5658 deant':
556 5566 741 5658 utrqu
793 5582 857 5620 ea
907 5571 1101 5623 statim
1147 5559 1559 5658 postjmortem.
1605 5588 1903 5658 fruantur,

323 5634 410 5687 vel
439 5634 597 5690 illam
626 5636 695 5690 ad
724 5646 1033 5695 extremum
1063 5634 1234 5714 usque
1262 5646 1469 5716 iudicii
1501 5634 1642 5706 diem

2114 532 2388 616 tullianus
2436 536 2627 616 probet
2681 532 3007 599 memorata'
3044 532 3326 606 hactenus
3350 532 3689 616 'ﬁbr‘istz'ana

2116 606 2401 695 religioni:
2428 609 2641 695 placita
2659 687 2668 695 Ι
2688 628 2799 695 non
2825 630 2979 685 posse
2997 619 3089 695 Aab
3112 620 3353 695 ethnicis

2108 685 2341 760 propter
2364 694 2558 761 eorum
2580 683 2954 761 defensionem
2985 687 3328 751 Christianos
3356 683 3691 761 meite};

2112 750 2307 803 vexari
2333 759 2384 805 et
2412 753 2708 810 trucidari.

2109 856 2232 915 Qua
2289 856 2515 911 ratione
2572 859 2778 927 malos,
2838 863 2918 917 ait
2974 866 3410 947 Tertullianus,
3470 878 3689 952 impro-

2039 939 2263 1012 bosque
2292 944 2442 1000 905
2480 945 2747 1004 homines
2800 956 3084 1010 aeternum
3119 960 3271 1030 ignis
3302 939 3686 1042 supplicium,

2038 1030 2239 1085 eadem
2273 1030 2775 1107 bonosjustosquc
2797 1056 2916 1095 sem
2927 1042 3155 1112 piterua
3172 1030 3686 1119 manet-honorum,

2035 1132 2277 1188 Operum
2310 1137 2550 1177 merces.
2604 1124 2989 1199 Posteaquam
3022 1135 3176 1191 enim
3221 1148 3518 1201 mortuum
3551 1165 3684 1205 cor-

2032 1222 2144 1277 pus
2178 1213 2446 1265 nostrum
2504 1212 2573 1266 ad
2604 1213 2784 1271 vitam
2843 1218 3035 1275 denuo
3091 1227 3405 1288 excitatum
3463 1234 3675 1295 fuerit:

2032 1297 2271 1363 Erimus,
2304 1297 2517 1370 inquit,
2552 1302 2739 1368 iidem,
2770 1308 2869 1377 qui
2896 1325 3062 1376 nunc,
3098 1331 3198 1369 nec
3226 1319 3331 1373 alii
3368 1332 3491 1392 post
3517 1326 3680 1398 (Ter-

2030 1384 2261 1440 tullian.
2320 1388 2595 1459 Apologet.
2654 1408 2780 1463 cap.
2842 1397 2929 1463 48,
2990 1417 3047 1470 p.
3104 1404 3268 1475 520);
3330 1384 3468 1481 quia
3521 1384 3678 1476 idem

2028 1474 2246 1544 ipsum,
2280 1478 2365 1532 uti
2416 1481 2688 1549 superius
2747 1484 2967 1542 dictum
3000 1497 3107 1557 est,
3172 1474 3436 1557 nostrum
3468 1521 3681 1580 corpus

2027 1570 2311 1637 resurget.
2347 1568 2497 1622 Tum
2530 1572 2629 1624 Dei
2656 1573 2906 1645 cultores,
2957 1582 3143 1652 pergit
3184 1584 3299 1653 ille,
3332 1592 3479 1661 apud
3510 1568 3681 1655 Deum

2022 1668 2254 1724 semper,
2303 1658 2657 1727 superinduti
2710 1663 3020 1723 substantia
3072 1678 3299 1745 propria
3343 1658 3678 1744 aeternitatis

2021 1741 2227 1827 (Ibid),
2260 1743 2316 1798 id
2351 1750 2458 1813 est,
2494 1750 2996 1820 superinduentur
3028 1741 3490 1828 immortalitatis
3521 1741 3673 1833 dono

2029 1832 2179 1901 quod
2214 1837 2495 1891 aternum
2527 1839 2811 1896 subsistet
2850 1859 2915 1899 ac
2966 1856 3349 1917 permanebit.
3388 1860 3541 1918 Dixit
3570 1882 3679 1922 au-

2029 1924 2143 1975 tem
2176 1922 2485 1979 substantia
2532 1931 2769 1998 propria
2822 1938 3148 1995 aternitatis
3205 1943 3364 2014 (Ibid.
3407 1965 3532 2022 cap.
3587 1956 3676 2030 49,

1961 2018 1984 2051 σ
2029 2026 2083 2079 p.
2116 2010 2265 2080 528),
2299 2028 2416 2083 qua
2438 2014 2587 2083 justi
2638 2018 2905 2076 homines
2937 2040 3051 2080 non
3104 2010 3294 2088 solum
3328 2010 3681 2101 immbrtali:

2029 2101 2165 2167 tate,
2200 2101 2301 2154 sed
2335 2102 2607 2158 felicitate
2639 2116 2937 2178 perpetua,
2990 2116 3073 2169 vel
3122 2119 3277 2176 sicut
3321 2124 3448 2197 ipse
3490 2128 3682 2203 loqui-

2024 2188 2140 2251 tur,
2172 2193 2380 2246 alerno
2404 2194 2726 2263 refrigerio,
2759 2200 2812 2251 et
2840 2199 3029 2257 divina
3058 2188 3375 2268 amtenitate
3413 2188 3681 2278 fruentur

2028 2276 2182 2345 (Ibid.
2216 2294 2341 2349 cap.
2377 2280 2467 2350 47,
2501 2298 2629 2352 pag.
2660 2284 2810 2355 5l5).

2094 2366 2279 2428 Quam
2324 2375 2481 2423 certo
2541 2378 2737 2428 autem
2795 2381 2853 2431 et
2910 2396 3041 2437 vere
3099 2384 3156 2439 id
3205 2400 3517 2464 asseverat,
3550 2402 3668 2456 tam

2027 2453 2190 2509 facile
2222 2457 2410 2526 ipsius
2442 2458 2512 2514 de
2544 2461 2689 2531 loco,
2724 2465 2822 2519 ubi
2864 2466 3097 2526 illorum
3150 2477 3380 2545 anima,
3412 2453 3671 2558 corpori-

2024 2544 2133 2597 bus
2164 2543 2395 2614 soluta,
2426 2548 2497 2602 ad
2520 2554 2845 2609 extremum
2869 2562 3363 2631 usquejudicium
3390 2543 3672 2646 recipien-

2023 2635 2141 2698 tur,
2174 2633 2421 2689 dubium
2453 2652 2520 2692 ao
2571 2637 2955 2701 ﬂuctuantem
2986 2650 3251 2709 animum
3283 2633 3674 2730 deprehendi-

2024 2738 2176 2776 mus.
2211 2722 2475 2780 Primum
2505 2729 2720 2785 etenim
2771 2732 2829 2787 in
2861 2750 2968 2791 suo
3015 2722 3401 2811 Apologeticd:
3431 2773 3459 2801 «
3493 2753 3671 2812 Para-

2023 2810 2240 2878 disum,
2258 2812 3053 2884 inquit,nominamuslocum
3068 2810 3276 2887 divina
3291 2843 3668 2913 amanitatis,

2022 2900 2372 2970 recipiendis
2401 2910 2739 2963 sanctorum
2770 2912 3078 2981 spiritibus
3123 2919 3502 2999 destinatum,
3538 2900 3669 2988 ma;

2020 2989 2175 3043 eeria
2204 2992 2458 3059 quadam
2514 2994 2697 3065 ignea
2755 2998 2912 3057 illius
2969 3021 3148 3078 zona,
3182 3026 3215 3065 a
3270 2989 3666 3077 notitia'orbis

2023 3078 2348 3134 communis
2397 3092 2771 3155 segregatum
2820 3108 2845 3138 ιι
2885 3092 3090 3163 (Ibid.).
3124 3104 3197 3153 At
3244 3105 3511 3161 nonnulli
3542 3110 3664 3165 exi-

2020 3166 2265 3220 stimant
2293 3167 2374 3223 ibi
2395 3184 2527 3225 eum
2552 3177 2875 3245 respexisse
2900 3182 2970 3236 ad
3004 3183 3123 3240 hac
3142 3191 3430 3248 Geneseos
3451 3197 3662 3255 verba:

2018 3255 2301 3327 Eiecitque
2330 3258 2521 3325 Adam,
2580 3268 2630 3317 et
2683 3266 2967 3324 collocavit
3024 3283 3153 3330 ante
3205 3280 3525 3348 paradisum
3566 3302 3663 3344 υο-

2022 3344 2247 3413 luptatis
2302 3346 2622 3421 cherubim,
2679 3358 2734 3407 et
2783 3357 3104 3425 ﬂammeum
3156 3344 3444 3442 gladium,
3504 3383 3667 3448 atque

2020 3433 2350 3503 versantem,
2385 3440 2457 3493 ad
2484 3441 2899 3501 custodiendam
2946 3453 3097 3506 viam
3154 3433 3298 3527 ligni
3324 3433 3454 3517 vita
3513 3433 3664 3532 (Gen.

2023 3537 2106 3582 ιιι,
2138 3539 2189 3576 υ.
2248 3525 2397 3596 utt.).
2458 3527 2569 3583 Alii
2622 3547 2758 3588 vero
2815 3534 2871 3590 id
2933 3548 3167 3611 negant.
3203 3525 3354 3604 ‘Non
3414 3525 3573 3609 enim
3605 3554 3666 3611 in

2024 3612 2287 3668 animum
2344 3616 2619 3674 inducere
2669 3637 2843 3679 suum
2906 3637 3156 3698 possunt
3204 3640 3459 3696 maceria
3488 3641 3669 3715 ignea

2020 3700 2189 3757 Zona
2216 3702 2372 3759 idem
2404 3710 2580 3776 atque
2622 3709 2894 3770 ﬂammeo
2936 3717 3131 3789 gladio
3179 3700 3670 3797 signiﬁcarifPu-

2022 3794 2149 3845 tant
2177 3791 2371 3862 itaque
2396 3794 2659 3851 denotari
2712 3800 2893 3858 alium
2944 3806 3139 3879 ignem
3189 3791 3526 3876 ammnioris
3555 3820 3669 3878 loci

2024 3878 2329 3937 arbitrum.
2356 3881 2569 3939 Verum
2604 3887 2725 3944 hac
2754 3892 2952 3962 opinio
2984 3896 3205 3955 ratione
3235 3902 3443 3962 saltem
3474 3907 3670 3979 aliqua

2024 3966 2215 4022 fulciri
2248 3970 2512 4027 debebat.
2547 3974 2751 4048 Itaque
2805 3980 2988 4037 donec
3017 4000 3143 4041 eam
3201 3991 3518 4063 proferant,
3550 3966 3668 4054 don

2020 4057 2288 4114 videmus
2332 4061 2474 4130 quid
2536 4066 2841 4133 prohibeat
2894 4057 3217 4142 quominus
3267 4057 3668 4141 Tertullianus

2020 4144 2186 4200 illum
2223 4149 2507 4204 vocaverit
2537 4152 2745 4211 divina
2774 4163 3110 4218 amrenitatis
3139 4165 3355 4237 locum,
3394 4174 3494 4242 qui
3526 4174 3667 4230 cita-

2020 4233 2097 4287 tis
2140 4234 2651 4310 Geneseosjverbis
2699 4248 3007 4314 paradisus
3058 4233 3374 4326 voluptatis
3404 4233 3668 4333 appella-

2019 4327 2116 4376 tur
2137 4323 2163 4377 ?
2193 4325 2339 4390 Quid
2370 4328 2526 4383 enim
2578 4342 2867 4405 repugnat
2923 4340 2970 4392 si
3003 4339 3172 4412 igneo
3194 4323 3421 4416 ‘gladio
3442 4323 3667 4408 .Zonam

2018 4411 2249 4481 igneam
2284 4414 2602 4486 signiﬁcari
2634 4422 2952 4483 arbitratus
2983 4411 3116 4486 est?
3146 4411 3255 4490 Sed
3288 4437 3359 4492 de
3390 4437 3500 4494 hoc
3528 4438 3664 4494 Ter-

2017 4501 2247 4556 tulliani
2305 4502 2429 4559 loco
2486 4507 2707 4580 aliquid
2786 4515 2844 4569 in
2904 4521 3190 4589 superiori
3251 4525 3670 4586 dissertatione

2016 4950 2404 5019 compositum
2453 4957 2819 5015 testiﬁcatur.
2854 4965 2937 5018 Ad
2994 4983 3128 5022 eum
3171 4950 3388 5045 quippe
3420 4976 3505 5031 sic
3559 4992 3667 5031 nos

2016 5037 2141 5108 ipse
2174 5040 2367 5095 misit:
2404 5065 2433 5092 ‹‹
2470 5046 2653 5102 [labes
2685 5049 2858 5105 etiam
2894 5054 2964 5109 de
3009 5037 3288 5127 paradiso.
3320 5037 3366 5118 .a
3396 5063 3565 5119 nobis
3594 5064 3665 5117 li-

2017 5126 2255 5196 bellum,
2291 5146 2405 5201 quo
2447 5135 2864 5195 constituimus
2913 5126 3149 5201 omnem
3204 5150 3462 5207 animam
3507 5153 3661 5221 apud

2014 5215 2230 5272 inferos
2260 5226 2615 5291 sequestrari
2660 5226 2716 5281 in
2751 5230 2904 5285 diem
2964 5234 3197 5291 Domini
3242 5260 3271 5286 »
3306 5215 3568 5307 (Tertull.
3602 5239 3669 5294 de

2014 5304 2211 5361 Anima
2244 5324 2369 5380 cap.
2402 5311 2514 5383 55),
2546 5313 2604 5367 id
2638 5320 2746 5381 est,
2796 5321 3067 5390 generale
3098 5328 3155 5378 et
3204 5304 3477 5383 ultimum
3503 5327 3667 5397 judi-

2015 5392 2192 5451 cium.
2226 5396 2334 5452 Sed
2369 5416 2436 5454 ex
2466 5401 2559 5457 his
2593 5401 2726 5459 licet
2757 5407 3130 5476 paucissimis
3158 5415 3349 5469 verbis
3401 5431 3518 5470 non
3550 5416 3664 5472 mi-

2016 5482 2177 5539 nima
2206 5490 2357 5542 certe
2388 5488 2578 5545 oritur
2606 5493 2943 5551 difﬁcultas.
2982 5498 3122 5554 Nam
3163 5504 3400 5559 tametsi
3431 5505 3662 5575 paradi-

2017 5590 2148 5629 sum
2179 5576 2249 5629 ab
2282 5576 2485 5633 inferis
2532 5581 2871 5638 distinxisse
2918 5585 3246 5658 diceretur;
3295 5592 3666 5664 apertissime

2017 5662 2403 5721 nihilominus
2436 5668 2599 5724 docet
2644 5685 2876 5727 omnem
2911 5672 3168 5733 animam
3201 5662 3661 5753 tam—justorum
