4158 6344
430 352 545 416 995

964 347 1483 410 TERTULLIANI
1527 350 1849 414 OPERUM
1895 347 2094 410 PARS
2138 351 2189 412 Ι.
2218 383 2292 394 -
2333 348 2606 412 SEBIES
2650 349 2698 423 l,
2745 349 3306 412 APOLOGETICA.

3713 351 3838 412 996

433 482 719 553 videlicet,
751 497 928 554 quam
960 480 1273 552 impiorum
1308 481 1366 536 in
1399 481 1555 537 hisce
1597 483 1799 538 inferis
1829 483 1900 539 ad
1935 481 2074 538 ulti-
2102 482 2156 549 Α
2188 498 2418 554 pugnis,
2452 499 2652 538 eorum
2701 498 2836 538 vero
2895 499 3104 554 pugna:
3154 496 3404 552 quorum
3452 484 3508 536 et
3565 480 3839 553 sanguis.

433 587 597 626 mum
630 585 816 641 usque
837 569 1130 640 judicium
1165 570 1517 640 sequestrari
1547 576 1602 626 et
1633 571 1932 626 reservari.
1965 570 2074 626 Sed

431 659 554 715 haec
585 658 852 731 pluribus
900 658 1055 714 haud
1119 659 1293 714 dubie
1331 660 1580 715 obscura
1639 677 1742 716 nec
1774 659 2074 715 intellectu

432 747 626 804 facilia
658 747 1024 803 videbuntur.
1069 749 1454 813 Quamobrem
1482 749 1623 820 quid
1673 749 1732 804 in
1763 748 1912 813 aliis,
1947 764 2077 820 qua:

430 841 674 906 restant,
707 836 868 892 illius
889 835 1164 908 operibus
1188 836 1258 891 de
1278 836 1368 892 his
1399 837 1690 904 statuerit,
1723 837 2072 908 investigan-

433 933 574 988 dum
605 937 714 988 est.

501 1013 564 1068 In
597 1029 702 1068 suo
735 1016 928 1068 autem
978 1013 1042 1069 de
1069 1013 1268 1068 Anima
1317 1012 1463 1068 libro
1496 1013 1616 1069 haec
1655 1029 1725 1070 ex
1769 1013 2073 1086 Evangelio

427 1101 712 1158 tradidit:
765 1125 792 1150 ‹‹
843 1101 1010 1156 Dolet
1057 1102 1211 1173 apud
1262 1101 1479 1158 inferos
1531 1103 1728 1158 anima
1766 1103 2073 1173 cujusdam

431 1189 664 1262 [famosi
711 1189 1005 1262 videlicet]
1052 1189 1273 1259 divitis,
1328 1196 1385 1246 et
1435 1191 1676 1262 punitur
1723 1192 1782 1247 in
1815 1191 2076 1259 ﬂamma.

430 1278 729 1333 cruciatur
756 1277 816 1332 in
847 1277 1002 1332 906
1045 1276 1268 1350 lingua,
1298 1283 1355 1334 et
1384 1279 1453 1334 de
1503 1280 1682 1352 digito
1714 1280 1920 1336 anima
1952 1280 2074 1336 feli-

433 1366 608 1422 cioris
655 1365 931 1438 implorat
978 1367 1260 1422 auxilium
1294 1393 1316 1420 ι
1367 1367 1531 1436 (Ibzd.
1584 1385 1710 1441 cap.
1758 1369 1836 1440 7),
1868 1386 2075 1441 nempe

431 1455 706 1528 pauperis
739 1455 954 1510 Lazari.
988 1455 1100 1511 Nec
1160 1455 1302 1512 sinit
1352 1457 1464 1512 sibi
1515 1456 1690 1528 objici
1749 1457 1898 1513 hanc
1945 1474 2075 1513 esse

433 1543 792 1615 parabolam.
825 1544 1106 1599 Additum
1139 1544 1432 1600 enimvero
1466 1563 1677 1601 nomen
1725 1545 1917 1601 Lazari
1949 1562 2071 1601 rem

431 1649 626 1688 veram
679 1633 935 1698 indicat;
987 1637 1045 1687 et
1092 1633 1360 1704 quamvis
1410 1634 1682 1706 parabole
1737 1641 1912 1705 esset,
1945 1635 2073 1705 ipsa

430 1721 694 1776 veritatis
743 1726 832 1776 est
881 1721 1309 1778 testimonium.
1363 1724 1510 1778 Tum
1561 1724 1770 1780 deinde
1819 1725 2072 1796 adjecit:

434 1832 456 1913 ς
493 1809 643 1876 Quid
673 1814 770 1913 est
795 1814 991 1909 autem
1027 1809 1193 1880 illud,
1228 1813 1378 1910 quod
1431 1811 1760 1913 ad‘inferna
1794 1814 2073 1913 transfer:
2103 1848 2150 1913 Β

429 1901 527 1953 ιὐιο
556 1905 688 1970 post
715 1899 1026 1954 divortium
1058 1900 1338 1971 corporis,
1372 1902 1526 1973 quod
1569 1902 1881 1972 detinetur,
1915 1902 2070 1973 quod

431 1987 493 2042 in
524 1987 677 2042 diem
701 1986 910 2058 judicii
961 1994 1324 2045 reservatur:
1376 1990 1445 2045 ad
1497 1991 1648 2061 quod
1697 1995 1756 2047 et
1803 1990 2072 2046 Christus

431 2075 733 2132 moriendo
777 2075 1120 2132 descendit?
1153 2081 1298 2133 Puto
1331 2078 1401 2134 ad
1455 2079 1683 2135 animas
1714 2079 2070 2151 patriarcha-

430 2180 561 2220 rum
591 2181 604 2218 :
639 2166 738 2219 sed
771 2165 1176 2236 quamobrem,
1214 2166 1262 2221 si
1297 2166 1438 2222 nihil
1489 2167 1685 2223 anima
1713 2168 1823 2224 sub
1857 2165 2073 2223 terris?

551 2253 608 2308 in
639 2269 864 2309 carcere
895 2254 1005 2308 sub
1057 2254 1372 2311 diversorio
1411 2255 1688 2322 inferum,
1718 2255 1779 2310 in
1813 2257 1956 2328 igni,
1985 2255 2072 2312 vel

430 2342 490 2397 in
523 2341 654 2398 sinu
687 2341 933 2397 Abrahae
966 2365 992 2390 ››
1027 2343 1228 2415 (Ibid.).
1276 2343 1451 2400 Docet
1481 2345 1660 2416 igitur
1698 2345 1914 2401 inferos
1943 2361 2073 2399 esse

430 2431 876 2486 subterraneum
908 2429 1124 2499 locum,
1159 2437 1214 2486 et
1247 2433 1441 2487 sinum
1476 2433 1738 2501 Abrahae,
1790 2433 1890 2488 ubi
1921 2432 2073 2488 divi-

431 2519 512 2576 tis
542 2519 793 2590 improbi
826 2519 1024 2574 anima
1067 2521 1468 2592 torquebatur,
1513 2522 1571 2576 in
1605 2539 1776 2593 quem
1809 2523 2074 2578 Christus

435 2613 568 2679 post
615 2613 863 2662 mortem
913 2609 1231 2677 descendit,
1283 2617 1338 2665 et
1388 2610 1485 2664 ubi
1534 2610 1875 2682 patriarchas
1909 2610 2072 2665 illum

434 2696 865 2767 exspectabant.
899 2695 1104 2752 Postea
1145 2713 1301 2764 vero,
1332 2717 1362 2750 α
1412 2697 1506 2754 Sic
1535 2703 1592 2753 ct
1622 2698 1806 2767 diviti,
1861 2698 2074 2770 inquit,

435 2785 591 2856 apud
645 2784 861 2838 inferos
917 2784 1118 2856 lingua
1174 2790 1283 2851 est,
1341 2791 1397 2842 et
1440 2787 1680 2858 pauperi
1747 2787 1988 2858 digitus,
2020 2791 2078 2842 et

437 2873 602 2928 sinus
636 2872 890 2928 Abrabm.
927 2873 1031 2927 Per
1061 2873 1166 2928 has
1197 2872 1380 2930 lineas
1427 2879 1483 2930 et
1513 2875 1718 2930 animas
1751 2880 2074 2947 martyrum

438 2961 548 3016 sub
597 2960 763 3017 altari
820 2960 1231 3034 intelliguntur
1274 2984 1302 3012 ››
1362 2962 1520 3034 (Ibid.
1573 2980 1622 3018 c.
1653 2964 1729 3035 9).
1780 2964 2074 3035 Numquid

436 3066 571 3123 ergo
603 3049 681 3105 ibi
713 3050 887 3105 etiam
918 3053 974 3105 et
1011 3049 1219 3106 iisdem
1252 3051 1454 3106 inferis
1495 3052 1603 3106 sub
1635 3051 1824 3118 altari,
1859 3053 2079 3124 degunt

441 3139 652 3194 animis
684 3143 1001 3210 martyrum
1023 3139 1050 3193 ‘I
1079 3139 1186 3194 Sed
1216 3141 1588 3211 postmodum
1612 3140 1785 3213 paulo
1815 3142 2081 3198 enuclea-

437 3227 558 3284 tius
587 3225 988 3302 explicabitur.

513 3316 750 3371 Interim
782 3315 947 3370 illum
992 3315 1304 3372 audiamus
1352 3317 1544 3373 adhuc
1593 3317 1948 3390 loquentem.
1985 3318 2080 3374 Ait

439 3410 631 3461 autem
663 3404 956 3459 Christum
982 3405 1037 3458 in
1061 3403 1338 3461 inferiora
1363 3411 1649 3462 terrarum
1683 3408 2079 3476 descendisse,

445 3519 466 3544 σι
503 3499 568 3548 ut
598 3493 714 3552 illic
759 3493 1118 3563 patriarchas
1165 3499 1221 3548 et
1279 3495 1592 3566 prophetas
1649 3501 1946 3568 compotes
1986 3495 2076 3551 sui

443 3582 672 3637 faceret.
706 3580 893 3636 Habes
923 3586 979 3636 et
1009 3581 1302 3652 regionem
1335 3583 1585 3638 inferum
1636 3584 2077 3640 subterraneam

442 3671 696 3737 credere,
726 3675 781 3724 et
812 3668 941 3724 illos
986 3669 1181 3725 cubito
1235 3668 1463 3741 pellere,
1497 3673 1595 3741 qui
1646 3672 1789 3728 satis
1829 3673 2078 3744 superbe

441 3775 556 3815 non
593 3761 799 3830 putant
827 3757 1053 3812 animas
1096 3757 1356 3813 fidelium
1398 3759 1598 3815 inferis
1630 3761 1874 3833 dignas;
1927 3761 2080 3816 servi

441 3863 619 3918 super
647 3847 984 3914 Dominum,
1017 3851 1075 3902 et
1105 3846 1378 3918 discipuli
1409 3865 1584 3920 super
1614 3850 2080 3920 Magistrum,as-

443 3935 668 4007 pernati
701 3935 747 3989 si
783 3936 926 3990 forte
969 3935 1026 3989 in
1079 3935 1323 3992 Abrahae
1371 3937 1504 3993 sinu
1555 3941 1954 4011 exspectandae
1987 3957 2078 3996 re-

441 4023 819 4080 surrectionis
850 4022 1124 4078 solatium
1159 4041 1362 4097 capere
1397 4048 1422 4075 »
1475 4027 1655 4097 (Ibid.,
1707 4044 1755 4083 c.
1803 4029 1915 4099 55).
1947 4029 2079 4084 Cer-

443 4112 610 4168 nisne
638 4113 828 4167 adhuc
856 4112 1091 4168 eosdem
1124 4113 1340 4170 inferos
1369 4114 1564 4170 sinum
1600 4115 1839 4172 Abrahae
1864 4117 2080 4185 vocari,

443 4205 501 4258 et
540 4200 998 4272 patriarcharum
1046 4201 1580 4275 prophetarumque
1635 4203 2078 4273 habitationem,

447 4289 544 4344 ubi
578 4289 783 4350 animae
816 4306 916 4362 spe
946 4289 1390 4348 resurrectionis
1421 4292 1692 4348 solatium
1727 4292 2012 4364 capiunt?

514 4397 631 4458 Suh
662 4396 923 4469 ejusdem
957 4396 1193 4458 demum
1225 4395 1359 4452 libri
1399 4398 1574 4452 finem
1624 4401 1935 4469 quemdam
1969 4399 2082 4456 sibi

445 4484 815 4555 objicientem
843 4483 1102 4542 inducit:
1137 4501 1154 4539 ι
1186 4507 1214 4535 ‹‹
1260 4484 1475 4541 Omnes
1505 4502 1639 4558 ergo
1669 4487 1875 4543 animae
1905 4503 2084 4560 penes

2185 569 2294 626 Sed
2330 575 2386 626 et
2416 571 2649 626 interim
2681 571 2791 626 sub
2825 570 2991 626 altari
3037 575 3360 643 martyrum
3405 569 3614 625 animas
3646 569 3842 642 placio

2184 659 2324 714 dum
2357 659 2688 731 quiescunt,
2721 665 2778 714 et
2808 659 3023 715 fiducia
3069 659 3305 715 ultionis
3338 657 3682 730 patientiam
3728 675 3835 731 pa-

2187 753 2378 817 scunt,
2411 754 2468 804 et
2499 750 2716 804 induta:
2747 749 2936 813 stolis,
2988 749 3299 804 candidam
3343 747 3626 802 claritatis
3659 765 3837 804 usur-

2185 842 2346 908 pant,
2379 838 2561 892 donec
2590 842 2645 892 et
2677 837 2771 892 alii
2806 838 3165 892 consortium
3198 835 3431 890 illarum
3487 837 3684 908 glorias
3716 837 3839 892 im-

2184 925 2438 996 pleant»
2489 927 2693 997 (Idem,
2745 926 3015 997 Srorpiac.
3068 943 3195 996 cap.
3241 928 3348 993 12).
3409 925 3614 981 Nonne
3653 926 3842 997 igitur

2183 1014 2524 1070 Tertulliani
2552 1015 2748 1086 opinio
2781 1015 2888 1069 fuit
2915 1031 3117 1070 omnes
3142 1013 3540 1086 quorumlibet
3571 1021 3837 1072 mortuo-

2184 1120 2314 1157 rum
2360 1102 2667 1158 hominum
2725 1103 2973 1170 animas,
3033 1119 3270 1174 corpore
3319 1119 3424 1157 suo
3484 1107 3709 1168 exutas,
3759 1105 3835 1158 ad

2186 1192 2458 1246 ultimum
2491 1207 2676 1262 usque
2715 1191 2926 1262 judicii
2975 1190 3129 1247 diem
3177 1191 3458 1247 reservari
3493 1192 3550 1246 in
3602 1191 3836 1263 inferis,

2184 1280 2455 1351 paradiso
2484 1279 2727 1335 Abrahae
2759 1280 2914 1351 sinu,
2964 1285 3020 1335 et
3063 1280 3173 1335 sub
3225 1279 3413 1350 altari,
3448 1280 3666 1351 quibus
3694 1278 3840 1336 licet

2183 1368 2427 1424 diversis
2461 1368 2798 1424 nominibus
2819 1368 3091 1424 eumdem
3115 1367 3303 1424 locum
3329 1368 3670 1440 designasse
3696 1385 3834 1440 pro-

2183 1455 2276 1512 cul
2308 1457 2485 1512 dubio
2515 1456 2761 1512 videtur.

2254 1564 2364 1618 Sed
2394 1569 2686 1634 exspecta,
2714 1581 2931 1634 quaso,
2975 1562 3291 1635 paulisper,
3334 1567 3510 1634 teque
3558 1563 3834 1635 aliquan-

2183 1655 2308 1706 tum
2339 1652 2584 1707 sustine.
2638 1652 2767 1706 Mox
2813 1651 2969 1707 enim
3019 1653 3222 1707 audies
3265 1653 3338 1707 ab
3387 1651 3509 1719 illo,
3541 1653 3696 1708 sicut
3724 1655 3833 1708 tri-

2184 1740 2307 1810 plex
2340 1756 2525 1811 genus
2556 1741 2909 1805 animarum,
2943 1741 3062 1795 sive
3097 1745 3457 1795 mortuorum
3491 1741 3836 1812 hominum,

2182 1828 2497 1899 impiorum
2555 1827 2842 1898 videlicet,
2891 1830 3212 1899 justorum,
3259 1838 3316 1884 et
3372 1833 3712 1901 martyrum,
3747 1829 3835 1886 ita

2181 1917 2470 1988 triplicem
2503 1917 2735 1972 illorum
2769 1917 2984 1984 locum,
3015 1922 3189 1988 atque
3221 1918 3440 1974 inferos
3471 1919 3542 1974 ab
3574 1919 3834 1976 Abrahae

2179 2006 2312 2062 sinu
2334 2006 2638 2077 distingui.
2663 2008 2810 2062 907
2837 2007 3139 2063 Marcionis
3162 2006 3377 2079 quippe
3397 2007 3468 2063 de
3481 2008 3827 2064 earumdem

2181 2094 2510 2149 animarum
2541 2094 2922 2165 receptaculis
2955 2111 3209 2152 errorem
3257 2112 3433 2151 sacrae
3477 2095 3688 2152 refellit
3718 2113 3826 2152 au-

2181 2183 2443 2239 ctoritate
2470 2183 2800 2255 Scriptores,
2833 2208 2859 2233 «
2907 2202 3030 2255 quas
3061 2186 3134 2239 ab
3174 2185 3398 2249 inferis,
3450 2185 3663 2256 inquit,
3695 2185 3830 2240 dis-

2181 2272 2365 2327 cernit
2396 2271 2588 2326 sinum
2623 2273 2864 2327 Abraha:
2910 2273 3172 2344 pauperi.
3217 2273 3387 2327 Aliud
3437 2273 3594 2328 enim
3628 2273 3827 2343 inferi,

2184 2366 2247 2416 ut
2301 2366 2464 2432 puto,
2523 2361 2680 2417 aliud
2741 2379 2973 2433 quoque
3034 2362 3275 2417 Abrahaa
3333 2362 3521 2418 sinus.
3577 2362 3723 2418 Nam
3770 2367 3831 2418 et

2183 2465 2464 2520 magnum
2496 2450 2576 2504 ait
2603 2449 2957 2506 intercedere
2980 2452 3244 2522 regiones
3269 2451 3414 2506 istas
3443 2451 3827 2523 profundum.

2182 2543 2239 2592 et
2266 2537 2583 2592 transitum
2621 2539 2913 2610 utrimque
2945 2539 3272 2610 prohibere.
3306 2539 3417 2594 Sed
3449 2556 3552 2594 nec
3583 2538 3831 2594 allevas-

2183 2632 2272 2682 set
2303 2627 2460 2681 dives
2492 2625 2711 2695 oculos,
2761 2632 2818 2681 et
2865 2627 3095 2698 quidem
3127 2627 3198 2682 de
3247 2627 3592 2699 longinquo,
3624 2627 3739 2682 nisi
3772 2628 3833 2682 in

2183 2715 2505 2786 superiora,
2539 2719 2596 2770 et
2626 2716 2696 2769 de
2728 2714 3052 2770 altitudinis
3077 2715 3418 2788 longinquo,
3450 2733 3552 2788 per
3580 2716 3834 2772 immen-

2184 2820 2308 2860 sam
2339 2801 2499 2858 illam
2551 2803 2889 2857 distantiam
2943 2803 3325 2859 sublimitatis
3356 2809 3414 2859 et
3463 2803 3834 2876 profundita-

2184 2893 2354 2947 tis....
2388 2891 2524 2945 Eam
2577 2891 2771 2962 itaque
2819 2890 3115 2962 regionem
3157 2891 3354 2946 sinum
3386 2891 3515 2947 dico
3557 2892 3832 2960 Abrahae,

2184 2981 2293 3036 etsi
2325 2996 2438 3034 non
2472 2978 2800 3047 cmlestem;
2835 2979 3238 3035 sublimiorem
3273 2984 3462 3035 tamen
3495 2981 3717 3047 inferis,
3739 2982 3832 3036 in-

2184 3069 2353 3124 terim
2387 3067 2748 3139 refrigerium
2784 3069 3155 3139 praebituram
3183 3067 3828 3140 animabusjustorum.

2187 3159 2369 3213 donec
2388 3157 2817 3212 consummatio
2840 3174 3030 3212 rerum
3061 3158 3538 3214 resurrectionem
3559 3158 3829 3214 omnium

2188 3245 2546 3317 plenitudine
2599 3245 2882 3301 mercedis
2939 3251 3232 3319 expunget
3274 3288 3287 3300 .
3334 3290 3345 3302 .
3390 3288 3402 3301 .
3433 3264 3538 3302 cur
3579 3264 3694 3303 non
3727 3265 3832 3304 ca-

2188 3334 2307 3406 piat
2336 3335 2530 3390 sinum
2562 3334 2803 3389 Abrahae
2834 3335 2946 3389 dici
2984 3334 3300 3406 temporale
3331 3335 3566 3406 aliquod
3599 3336 3830 3390 anima-

2187 3439 2317 3477 rum
2351 3421 2612 3477 fidelium
2643 3423 3093 3494 receptaculum,
3127 3424 3184 3477 in
3217 3424 3472 3494 quojam
3507 3423 3834 3480 delineetur

2188 3510 2365 3565 futuri
2399 3510 2608 3580 imago,
2643 3528 2708 3566 ac
2740 3513 2989 3566 candida
3019 3513 3286 3583 quaedam
3339 3514 3645 3584 utriusque
3667 3514 3832 3582 judi-

2187 3600 2257 3655 cii
2290 3599 2725 3672 prospiciatur?
2758 3623 2778 3649 ι
2816 3601 3016 3671 (idem.
3057 3601 3158 3656 lib.
3209 3618 3286 3673 ιν,
3319 3601 3528 3657 advers.
3566 3603 3833 3658 Marcion.

2187 3705 2313 3759 cap.
2345 3689 2458 3759 34.)

2257 3777 2460 3832 Nonne
2481 3777 2607 3847 jam
2667 3777 2827 3833 vides
2876 3794 3050 3849 quam
3102 3777 3410 3850 perspicue
3456 3777 3700 3848 inferos,
3731 3779 3833 3834 ubi

2188 3866 2395 3922 anima:
2411 3866 2809 3938 improborum
2832 3867 3137 3922 hominum
3161 3869 3450 3940 deguntet
3470 3867 3830 3937 cruciantur,

2188 3960 2450 4010 secernat
2479 3974 2512 4010 a
2542 3955 2674 4011 sinu
2707 3956 2941 4012 Abraha:
2973 3957 3090 4012 sive
3121 3957 3424 4028 justorum
3468 3957 3834 4026 habitacula,

2189 4043 2288 4099 ubi
2318 4042 2374 4097 bi
2409 4049 2632 4098 zeternaa
2684 4044 2980 4101 felicitatis
3025 4046 3349 4102 mercedem
3382 4051 3829 4118 pregustantes,

2188 4131 2493 4204 temporali
2525 4149 2590 4187 ac
2613 4133 2823 4204 previa
2841 4133 3172 4188 amoenitate
3202 4141 3255 4189 el
3287 4134 3832 4203 beatitudine,sive,

2190 4226 2255 4275 ut
2294 4220 2387 4276 ille
2419 4221 2518 4288 ait,
2570 4221 2865 4294 refrigerio
2915 4221 3218 4294 potiuntur
3241 4223 3268 4276 ‘I
3311 4227 3451 4278 Eam
3481 4239 3614 4280 vero
3645 4223 3834 4294 regio-

2189 4325 2344 4378 nem,
2377 4310 2485 4365 etsi
2519 4326 2630 4364 non
2661 4312 2740 4365 sit
2787 4309 3057 4377 caelestis,
3090 4309 3258 4382 longe
3288 4316 3485 4367 tamen
3527 4311 3601 4368 ab
3631 4311 3839 4368 inferis

2192 4397 2409 4454 distare
2467 4403 2794 4466 asseverat,
2847 4405 2903 4454 et
2933 4399 3006 4455 iis
3038 4400 3223 4454 multo
3257 4417 3386 4456 esse
3425 4401 3836 4457 sublimiorem

2264 4506 2425 4572 Quod
2457 4521 2590 4561 vero
2632 4506 2702 4562 ad
2758 4511 3079 4578 martyrum
3133 4506 3362 4563 animas
3423 4508 3690 4579 pertinet,
3721 4513 3841 4564 ter-

447 4572 712 4630 inferos?
743 4595 771 4623 »
804 4572 907 4630 Cui
939 4573 1140 4630 statim
1164 4573 1514 4644 respondet:
1549 4597 1576 4624 «
1611 4575 1767 4632 Vslis
1815 4593 1880 4632 ac
1912 4575 2078 4645 nolis,

2196 4593 2344 4649 tium
2374 4595 2458 4649 eis
2479 4595 2694 4660 locum,
2717 4594 2911 4665 ipsum
2935 4594 3158 4650 scilicet
3181 4595 3843 4667 paradisum,ascribere

447 4667 506 4718 et
535 4660 826 4733 supplicia
849 4663 968 4728 jam
1012 4660 1131 4717 illic
1177 4665 1235 4716 et
1282 4662 1601 4733 refrigeria.
1648 4664 1836 4720 Habes
1869 4679 2085 4735 paupe-

448 4765 669 4820 perem,
702 4753 759 4804 et
787 4747 1024 4812 divitem
1058 4770 1085 4798 ››
1117 4749 1274 4820 (Ibid.
1309 4765 1433 4821 cap.
1483 4750 1596 4821 58).
1629 4751 1873 4808 Omnem
1905 4753 2089 4823 igitur

449 4855 584 4894 cum
611 4837 766 4906 dicat
794 4837 1074 4909 animam,
1103 4837 1326 4894 nullam
1359 4838 1588 4910 excipit.

441 4965 453 4976 ·
519 4945 718 5017 Neque
749 4943 846 5000 illo
877 4948 1107 5000 tantum
1141 4945 1196 5000 in
1229 4944 1376 5001 libro
1405 4945 1487 5001 ita
1517 4963 1579 5002 se
1607 4948 1823 5004 sentire
1855 4949 2084 5020 profite-

447 5039 568 5105 tur,
599 5034 701 5099 sed
735 5035 790 5094 in
823 5033 936 5093 alio
966 5034 1139 5089 etiam
1173 5033 1229 5088 id
1279 5033 1435 5089 haud
1483 5037 1729 5092 obscure
1775 5037 1866 5092 his
1897 5037 2085 5093 verbis

446 5123 790 5188 confirmat:
828 5146 856 5174 ‹‹
885 5122 1031 5178 Nam
1062 5127 1121 5178 et
1152 5139 1309 5177 nunc
1341 5123 1568 5179 animas
1589 5127 1840 5196 torqueri
1877 5125 2085 5180 foveri-

448 5228 562 5284 que
593 5228 772 5284 penes
801 5212 1035 5278 inferos,
1069 5209 1202 5266 licet
1223 5211 1434 5280 nudas,
1472 5211 1608 5269 licet
1635 5213 1825 5270 adhuc
1855 5213 2085 5270 exsules

446 5300 934 5373 carnis,probavit
959 5300 1149 5356 Lazari
1172 5301 1502 5371 exemplum
1527 5322 1554 5349 »
1587 5302 1784 5372 (Idem,
1810 5303 1874 5358 de
1895 5304 2089 5357 Resur-

445 5395 578 5447 rect.
610 5393 813 5459 carnis,
844 5406 970 5461 cap.
998 5389 1104 5459 17).
1130 5388 1208 5444 De
1230 5387 1500 5460 ipsismet
1530 5407 1698 5460 porro
1730 5391 2087 5463 martyribus

445 5477 568 5538 hac
596 5479 656 5538 in
686 5480 972 5549 Scorpiaco
1001 5478 1249 5533 scribere
1280 5493 1394 5531 non
1419 5476 1742 5534 dubitavit:
1776 5503 1803 5528 ‹‹
1837 5479 2084 5543 Quinam

450 5566 548 5629 isti
577 5566 856 5634 [Zehedaei
888 5565 1038 5635 filii],
1069 5569 1189 5621 tam
1225 5564 1378 5621 beati
1411 5565 1680 5635 victores,
1713 5568 1828 5623 nisi
1858 5567 2089 5640 proprie

451 5653 779 5725 martyres?
834 5653 1072 5712 Illorum
1127 5653 1344 5710 etenim
1392 5654 1664 5727 victorias,
1724 5672 1976 5730 quorum
2031 5660 2091 5714 et

2191 4683 2438 4738 videtur.
2474 4682 2616 4737 Nam
2648 4681 2767 4736 hazc
2799 4687 2939 4737 sunt
2967 4683 3038 4738 de
3069 4683 3230 4738 hisce
3260 4687 3584 4755 martyrum
3618 4685 3844 4740 anima-

2193 4772 2304 4826 bus
2351 4771 2594 4826 totidem
2644 4771 2772 4841 ejus
2827 4774 3032 4826 verba:
3086 4793 3114 4821 ‹‹
3175 4773 3464 4837 Quomodo
3519 4773 3733 4827 Joanni
3778 4773 3840 4828 in

2193 4859 2406 4930 spiritu
2459 4860 2714 4930 paradisi
2775 4859 2932 4930 regio
2987 4859 3276 4928 revelata,
3335 4877 3462 4931 qua:
3522 4861 3843 4932 subjicitur

2193 4947 2382 5015 altari,
2417 4947 2609 5004 nullas
2634 4947 2780 5004 alias
2810 4948 3038 5004 animas
3087 4949 3240 5018 apud
3273 4965 3336 5004 se
3385 4956 3592 5020 praeter
3621 4955 3838 5022 marty-

2194 5052 2322 5091 rum
2383 5035 2706 5092 ostendit?
2762 5036 3059 5099 Quomodo
3126 5038 3455 5108 Perpetua,
3517 5037 3843 5093 fortissima

2195 5130 2432 5197 martyr,
2461 5126 2570 5179 sub
2620 5124 2712 5179 die
2757 5125 3048 5196 passionis
3096 5125 3154 5180 in
3201 5125 3550 5181 revelatione
3579 5125 3842 5198 paradisi

2194 5211 2350 5269 solos
2381 5212 2498 5268 illic
2529 5217 2942 5286 commartyres
2973 5229 3112 5270 suos
3132 5213 3279 5270 vidit
3304 5239 3318 5284 ;
3342 5213 3455 5270 nisi
3489 5214 3629 5287 quia
3660 5213 3847 5270 nullis

2197 5301 2488 5372 romphaea
2518 5301 2776 5375 paradisi
2814 5301 3063 5372 jauitrix
3106 5303 3278 5371 cedit,
3313 5303 3428 5359 nisi
3459 5303 3558 5374 qui
3590 5303 3645 5357 in
3679 5302 3848 5357 Chri-

2195 5396 2285 5446 sto
2317 5391 2692 5462 decesserint,
2718 5391 2910 5446 nonin
2931 5391 3115 5447 Adam
3140 5392 3338 5448 ?Nova
3369 5409 3526 5448 mors
3561 5407 3664 5462 pro
3690 5391 3848 5458 Deo;

2196 5486 2253 5537 et
2281 5481 2742 5537 extraordinaria
2770 5497 2873 5552 pro
2903 5480 3153 5553 Christo,
3188 5481 3300 5538 alio
3351 5489 3409 5538 et
3439 5481 3662 5554 privato
3691 5481 3852 5537 exci-

2199 5570 2359 5642 pitur
2386 5569 2660 5641 hospitio.
2691 5573 2956 5643 Agnosee
2999 5571 3194 5645 itaque
3237 5571 3622 5627 differentiam
3651 5569 3852 5626 ethni-

2198 5657 2271 5732 ci,
2301 5662 2359 5715 et
2407 5658 2596 5716 fidelis
2653 5659 2712 5716 in
2743 5663 2948 5718 morte.
3006 5659 3062 5716 Si
3116 5677 3219 5736 pro
3248 5660 3364 5718 Deo
3408 5661 3750 5735 occumbas,
3780 5664 3852 5719 ut
