4158 6326
279 307 395 370 997

1192 301 1264 361 D.
1313 300 1407 362 LE
1452 301 1779 365 NOURRY
1823 296 2470 365 OBSERVATIONES
2514 301 2771 366 NOVE.

3577 311 3702 397 te
3798 410 3801 421 .

277 439 612 497 Paracletus
646 441 863 503 monet,
897 453 1003 492 non
1043 435 1103 490 in
1155 434 1432 491 mollibus
1464 434 1748 502 febribus,
1781 438 1837 491 et
1865 433 1926 490 in
1957 442 2011 508 Α
2039 440 2490 510 constantesque
2548 439 2803 505 fuerunt,
2854 438 3009 496 sicut
3058 440 3197 498 alibi
3255 446 3693 520 annotavimus,

279 529 532 601 lectulis,
564 530 666 584 sed
698 527 757 582 in
816 524 1146 596 martyriis;
1183 524 1231 579 si
1291 540 1524 580 crucem
1567 529 1729 581 tuam
1759 524 1932 581 tollas

278 625 336 677 et
364 619 633 691 sequaris
662 617 997 680 Dominum,
1023 619 1087 669 ut
1121 614 1244 685 ipse
1268 614 1556 685 praecepit,
1618 617 1737 669 tota
1769 631 1932 685 para-

277 709 392 765 disi
426 708 606 764 clavis
639 711 778 761 tuus
800 706 1044 777 sanguis
1074 708 1164 758 est
1190 725 1217 751 »
1250 704 1457 775 (Idem,
1488 704 1554 758 de
1582 705 1765 758 Anim.
1802 720 1928 774 cap.

276 800 389 868 55).
424 798 687 853 Tertium
722 796 921 867 itaque
962 799 1154 849 locum
1188 794 1262 848 ab
1313 798 1582 864 utroque,
1616 794 1731 863 jam
1766 810 1797 847 a
1826 790 1929 847 no-

274 889 369 944 bis
426 889 769 954 memorato,
829 888 1163 956 separatum
1220 882 1460 952 indicat,
1522 883 1677 953 quod
1738 881 1928 953 priva-

277 982 405 1034 tum
438 981 791 1048 martyrum,
822 975 893 1029 de
934 973 1150 1046 quibus
1202 974 1355 1027 infra
1412 972 1696 1039 dicemus,
1726 971 1928 1044 hospi-

276 1067 425 1124 tium
459 1064 714 1138 appellat
743 1064 904 1136 (Infr.
940 1080 1066 1135 cap.
1104 1064 1194 1128 15,
1226 1067 1334 1116 art.
1370 1062 1444 1129 4).

345 1175 657 1229 Praeiverat
687 1170 801 1243 ipsi
832 1170 989 1226 haud
1010 1168 1186 1224 dubie
1220 1170 1492 1233 Irenaaus,
1526 1168 1625 1239 qui
1661 1166 1932 1222 similiter

274 1266 344 1321 de
403 1261 761 1334 martyribus
817 1276 982 1315 suam
1041 1258 1291 1329 explicat
1339 1257 1725 1312 sententiam:
1768 1256 1926 1311 «Ec-

272 1352 449 1408 clesia
478 1351 661 1419 omni,
695 1349 903 1419 inquit,
938 1348 994 1402 in
1056 1346 1180 1402 loco
1237 1346 1308 1401 ob
1358 1363 1509 1415 eam,
1543 1362 1719 1415 quam
1753 1345 1928 1399 habet

270 1459 410 1514 erga
448 1443 626 1495 Deum
660 1438 1054 1501 dilectionem,
1109 1435 1549 1490 multitudinem
1601 1439 1924 1506 martyrum

271 1533 329 1586 in
386 1529 550 1587 omni
609 1533 865 1598 tempore
926 1524 1228 1597 praamittit
1290 1525 1360 1578 ad
1424 1524 1653 1579 Patrem
1692 1525 1923 1591 »(Iren.

271 1621 372 1675 lib.
408 1637 481 1685 IV,
514 1621 699 1674 Contr.
733 1618 933 1671 hmres.
995 1631 1122 1685 cap.
1158 1615 1248 1679 33,
1280 1616 1307 1681 §
1363 1613 1418 1681 9,
1455 1629 1584 1667 nov.
1618 1613 1756 1668 edit.
1794 1629 1919 1683 pag.

270 1712 418 1777 272).
454 1707 567 1763 Sed
625 1722 750 1773 cur,
809 1706 1049 1759 obsecro
1102 1707 1176 1771 te,
1235 1703 1308 1758 ad
1338 1703 1492 1757 908
1527 1706 1773 1769 Patrem,
1812 1702 1925 1757 nisi

275 1803 339 1854 ut
368 1801 593 1852 aeternae
628 1793 926 1850 fclicitatis
950 1792 1259 1865 praemium
1291 1792 1487 1847 statim
1514 1796 1645 1863 post
1675 1796 1923 1846 mortem
1956 1824 2001 1888 Β

272 1888 729 1957 consequantur.

342 1974 660 2044 Utriusque
690 1976 886 2028 autem
920 1971 1180 2043 Opinioni
1215 1970 1545 2042 discipulus
1583 1969 1924 2025 Tertulliani

267 2063 591 2135 Cyprianus
628 2060 790 2117 hisce
822 2060 1182 2131 totidemque
1214 2060 1403 2114 verbis
1434 2063 1635 2131 postea
1664 2058 1926 2114 subscri-

269 2151 425 2223 psit:
460 2172 488 2200 ‹‹
532 2149 690 2205 Beati
738 2150 903 2216 satis,
939 2148 1039 2220 qui
1098 2165 1166 2203 ex
1224 2149 1387 2203 vobis
1447 2164 1545 2220 per
1602 2147 1923 2219 gloriarum

266 2240 514 2311 vestigia
555 2243 977 2303 commeantes,
1003 2238 1129 2309 jam
1192 2239 1261 2293 de
1292 2236 1503 2292 szeculo
1537 2241 1923 2303 recesserunt,

268 2330 649 2400 confectoque
678 2327 885 2383 itinere
907 2327 1139 2382 virtutis
1159 2344 1225 2383 ac
1256 2326 1412 2395 fidei,
1450 2326 1521 2381 ad
1553 2325 1923 2397 complexum

269 2426 324 2476 et
353 2420 620 2476 osculum
655 2418 909 2483 Domini,
945 2419 1190 2474 Domino
1246 2422 1372 2489 ipso
1406 2418 1717 2488 gaudente,
1751 2433 1922 2471 vene-

272 2515 449 2565 runt»
510 2509 805 2579 (Cyprian.
864 2508 1039 2581 epist.
1098 2509 1188 2576 37,
1222 2524 1358 2579 pag.
1410 2509 1523 2576 73).
1583 2506 1733 2561 Alibi
1792 2522 1923 2561 vero

271 2599 486 2655 diserte
512 2600 768 2653 affirmat
800 2598 1141 2669 martyrium
1182 2614 1311 2653 esse
1341 2597 1663 2653 secundum
1697 2595 1922 2666 baptis-

274 2706 387 2756 ma,
421 2687 562 2760 quod
590 2704 687 2743 nos
744 2688 808 2742 de
863 2686 1066 2742 mundo
1114 2686 1420 2743 recedentes
1467 2687 1652 2741 statim
1687 2686 1787 2740 Deo
1830 2700 1922 2739 co-

268 2778 447 2848 pulat.
478 2780 661 2831 Suum
706 2775 919 2830 dehinc
978 2776 1195 2830 librum
1257 2774 1348 2829 his
1405 2774 1596 2830 verbis
1628 2772 1917 2829 absolvit:

271 2889 299 2917 «
331 2866 391 2921 Si
423 2866 598 2921 talem
631 2870 956 2936 persecutio
998 2864 1284 2919 invenerit
1336 2864 1433 2918 Dei
1469 2863 1736 2929 militem,
1767 2861 1922 2916 vinci

271 2972 386 3011 non
420 2954 632 3029 poterit
664 2954 849 3009 virtus
871 2954 942 3008 ad
988 2952 1251 3025 prmlium
1284 2958 1575 3025 prompta.
1609 2951 1713 3006 Vel
1744 2952 1791 3007 si
1826 2968 1919 3006 ac-

270 3032 613 3099 cersiol‘ante
644 3043 1008 3115 praevenerit,
1042 3043 1167 3098 sine
1198 3042 1435 3114 praemio
1468 3059 1583 3096 non
1614 3041 1723 3096 erit
1753 3041 1917 3109 ﬁdes,

2040 524 2289 581 aliorum
2321 530 2576 583 veterum
2619 525 2887 582 Ecclesiae
2943 533 3177 586 Patrum
3228 532 3531 607 sententias
3554 537 3695 608 (Λα.

2040 616 2214 669 monii
2242 617 2303 671 in
2339 616 2432 671 lib.
2466 616 2713 672 Ambros.
2748 616 2813 672 de
2846 618 2992 674 Bono
3048 622 3262 692 mortis,
3299 626 3442 678 tom.
3474 626 3519 698 Ι,
3554 641 3692 702 pag.

2040 703 2187 775 385).
3484 766 3487 769 .

2111 795 2500 865 Quaecumque
2531 797 2724 850 autem
2776 794 2949 849 fuerit
2995 797 3265 854 Auctoris
3297 800 3480 857 nostri
3520 782 3594 863 ds
3618 802 3694 879 iis
3764 858 3767 859 ν

2040 882 2257 953 opinio,
2292 891 2444 938 recte
2476 883 2794 951 contendit,
2828 901 2956 940 eam
3006 903 3120 942 non
3154 888 3432 947 debuisse
3654 910 3695 967 ε,

2037 971 2373 1043 gentilibus,
2431 988 2679 1043 quorum
2762 974 2947 1044 ﬁdem,
3007 976 3221 1047 inquit,
3287 986 3697 1054 occupaverunt

2037 1061 2219 1132 Elysii
2260 1063 2442 1133 campi
2481 1060 2746 1133 (Tertull.
2785 1063 3053 1135 Apologet.
3087 1081 3212 1139 cap.
3249 1068 3334 1123 47.
3367 1085 3503 1144 pag.
3531 1058 3689 1145 515),

2037 1151 2136 1205 ubi
2180 1150 2588 1206 defunctorum
2641 1152 2866 1208 animas
2901 1154 3126 1209 deliciis
3176 1156 3289 1211 frui
3319 1152 3691 1220 arbitrabar):-

2036 1244 2149 1294 tur.
2183 1240 2394 1295 Verum
2426 1240 2719 1297 enimvero
2776 1258 2910 1297 cum
2940 1243 3062 1298 haec
3094 1246 3385 1305 sententia
3412 1247 3486 1320 ei,
3511 1266 3690 1325 quam

2036 1329 2328 1401 proponit,
2367 1347 2480 1385 non
2514 1331 2589 1386 sit
2620 1330 2949 1398 dissimilis,
2978 1332 3097 1388 haec
3152 1351 3344 1405 suam,
3374 1337 3586 1409 inquit,
3618 1355 3689 1400 ex

2036 1417 2137 1473 illa
2168 1419 2333 1473 duxit
2391 1418 2592 1490 procul
2647 1420 2823 1475 dubio
2882 1422 3185 1493 originem.
3222 1424 3365 1480 Nam
3423 1427 3591 1495 illud,
3626 1435 3685 1485 et

2034 1508 2147 1563 alia
2177 1510 2527 1566 documenta
2558 1511 3033 1579 Christianorum,
3066 1515 3219 1571 sicut
3278 1522 3444 1574 antea
3475 1522 3686 1592 proba-

2034 1600 2153 1653 tum
2188 1602 2276 1653 est
2304 1599 2495 1670 (Supr,
2526 1617 2652 1672 cap.
2698 1602 2748 1670 4,
2782 1606 2891 1657 art.
2921 1603 2995 1671 4),
3047 1604 3411 1664 ethnicorum
3452 1608 3687 1680 placitis

2034 1686 2203 1758 longe
2249 1689 2570 1743 vetustiora
2610 1695 2771 1746 sunt.
2805 1692 3027 1747 Ethnici
3062 1710 3198 1765 ergo
3247 1713 3280 1750 a
3311 1696 3685 1773 Christianis,

2036 1792 2148 1830 non
2180 1793 2313 1833 vero
2350 1777 2667 1834 Christiani
2691 1780 2763 1835 ab
2796 1780 3067 1851 ethnicis,
3092 1782 3305 1855 placita
3337 1803 3444 1841 sua
3472 1785 3685 1847 hause-

2036 1869 2186 1933 rant,
2220 1865 2455 1939 illisque
2513 1868 2755 1940 proinde
2806 1886 2920 1926 non
2981 1872 3289 1945 minorem,
3324 1892 3501 1949 quam
3561 1878 3687 1936 suis

2036 1954 2202 2009 fidem
2238 1954 2452 2012 habere
2482 1957 2790 2013 debebant.

2107 2061 2388 2118 Craterum
2433 2063 2661 2120 tametsi
2693 2064 2836 2121 illud
2869 2069 2926 2121 et
2948 2066 3061 2123 alia
3100 2069 3298 2125 omnia
3326 2086 3452 2144 qum
3482 2071 3690 2134 hacte-

2037 2166 2148 2204 nus
2178 2151 2331 2205 909
2367 2152 2789 2222 recensuimus,
2836 2154 3179 2213 Christianae
3219 2157 3521 2234 religionis
3554 2163 3688 2238 pls.-

2035 2238 2147 2293 cita
2179 2241 2554 2311 opinionibus
2585 2242 2892 2314 gentilium
2925 2242 3414 2319 philosophorum
3446 2251 3689 2313 omnino

2034 2326 2344 2384 dissimilia
2389 2335 2447 2385 et
2513 2330 2802 2386 contraria
2862 2332 3018 2401 sint;
3077 2333 3136 2388 in
3167 2333 3262 2390 his
3301 2334 3689 2398 nihilominus

2034 2416 2420 2490 philosophis,
2469 2419 2549 2475 ait
2595 2420 3014 2489 Tertullianus,
3047 2423 3403 2481 vocabantur
3455 2443 3688 2489 summa?

2030 2508 2302 2575 scientiae,
2333 2512 2390 2563 et
2420 2510 2665 2579 insignia
2697 2511 2922 2581 ingenia
2955 2511 3222 2582 (Tertull.
3251 2516 3529 2585 Apologet.
3556 2535 3683 2590 cap.

2032 2595 2212 2667 451p.
2243 2596 2411 2668 528):
2465 2614 2655 2653 nonne
2705 2598 2923 2670 potius,
2966 2601 3219 2673 insignia
3274 2604 3506 2675 ingenii,
3566 2608 3686 2664 sive

2032 2686 2347 2757 conspicua
2380 2686 2597 2758 ingenii
2630 2687 2798 2760 signa
2826 2694 2884 2744 et
2913 2688 3149 2759 indicia,
3184 2693 3284 2748 sed
3325 2692 3479 2750 idem
3514 2695 3685 2769 plane

2032 2790 2234 2830 eorum
2267 2775 2376 2830 erit
2406 2792 2639 2832 sensus.
2675 2778 2814 2843 Quis
2873 2795 3009 2851 ergo
3070 2796 3184 2836 non
3220 2781 3534 2841 mirabitur
3561 2785 3684 2843 hac

2030 2862 2335 2919 verissima
2388 2864 2857 2923 Christianorum
2909 2869 3277 2941 documenta,
3307 2872 3380 2929 ab
3409 2874 3682 2948 ethnicis,

2032 2968 2135 3006 nec
2168 2953 2414 3023 ratione,
2447 2971 2551 3010 nec
2609 2956 2845 3027 ingenio
2877 2958 3230 3030 carentibus,
3261 2959 3410 3018 falsa
3438 2962 3576 3032 dici,
3624 2967 3686 3024 et

2028 3041 2278 3113 ineptas,
2310 3042 2395 3097 uti
2419 3044 2609 3099 adhuc
2641 3049 2842 3101 auctor
2871 3050 3068 3103 noster
3094 3046 3377 3119 loquitur,
3403 3066 3679 3123 praesum-

268 3151 395 3205 quae
427 3138 552 3187 erat
594 3132 664 3187 ad
728 3133 1073 3203 martyrium
1135 3135 1481 3203 praeparata.
1522 3131 1653 3185 Sine
1702 3130 1917 3185 damno
1960 3199 1991 3207 _
2023 3132 2238 3200 ptiones
2268 3132 2358 3202 (de
2415 3133 2628 3187 Testim.
2681 3135 2861 3189 anim.
2922 3151 3045 3207 cap.
3079 3137 3153 3207 4),
3191 3137 3296 3193 hoc
3346 3143 3455 3207 est,
3498 3157 3680 3199 vanas

264 3220 548 3293 temporis
597 3236 842 3287 merces,
877 3220 1079 3290 judice
1134 3219 1269 3286 Dec,
1300 3219 1595 3286 redditur;
1628 3218 1686 3272 in
1721 3224 1915 3289 perse-
1951 3199 1992 3265 Ο
2032 3236 2295 3289 prorsus,
2351 3224 2408 3276 et
2465 3222 2752 3279 absurdas
2808 3222 2870 3280 in
2911 3199 3212 3282 re-dubia
3268 3199 3680 3300 divinationes,

268 3310 503 3365 cutione
562 3308 790 3376 militia,
838 3309 895 3363 in
956 3326 1097 3380 pace
1154 3308 1508 3364 conscientia
1561 3312 1915 3363 coronatur»

269 3399 475 3469 (Idem,
510 3398 743 3453 Emhorl.
802 3402 1037 3470 martyr.
1074 3416 1204 3471 pag.
1270 3400 1408 3465 168;
1445 3397 1578 3453 Ibid.
1604 3414 1736 3470 pag.
1772 3397 1917 3468 184).

271 3486 395 3541 Non
430 3486 673 3542 dilatam
735 3486 908 3557 igitur
967 3488 1210 3558 putabat
1265 3490 1541 3542 aeternam
1599 3491 1921 3558 martyrum

269 3574 513 3645 gloriam
573 3581 630 3632 et
684 3576 1047 3632 felicitatem.
1079 3576 1281 3632 Nonne
1341 3580 1538 3632 autem
1578 3576 1700 3631 haec
1732 3574 1923 3631 adhuc

271 3663 630 3720 delibaverat
687 3682 755 3721 ex
816 3665 1098 3738 magistro
1157 3683 1264 3722 suo
1322 3671 1378 3720 et
1431 3671 1664 3721 auctore
1722 3670 1922 3720 nostro

273 3753 658 3823 Tertulliano,
692 3755 791 3825 qui
838 3754 1109 3809 similiter
1165 3755 1389 3809 dixerat
1419 3753 1763 3825 martyrium
1796 3768 1924 3808 esse

308 3850 601 3897 ecundum
635 3843 950 3914 baptisma,
976 3859 1090 3914 quo
1121 3847 1408 3915 martyres
1440 3848 1597 3898 recta
1626 3843 1924 3896 ducuntur

271 3931 342 3985 ad
401 3932 658 3987 divinam
709 3932 957 3988 sedem?
1007 3933 1277 3988 Asseruit
1332 3932 1489 3986 enim
1548 3931 1681 3987 illos
1712 3932 1925 3986 invicta

269 4021 549 4090 patientia
578 4027 636 4076 et
668 4021 1028 4091 fortitudine,
1044 4043 1070 4070 (ι
1096 4021 1339 4093 produci
1369 4021 1439 4075 ad
1462 4020 1923 4092 experimentum

263 4108 579 4178 felicitatis,
644 4111 714 4165 ad
766 4110 1133 4167 occasionem
1204 4111 1474 4165 secundae
1533 4109 1921 4178 intinctionis,

267 4201 336 4255 ad
369 4200 558 4272 ipsius
591 4201 799 4257 divina:
840 4202 997 4259 sedis
1030 4218 1391 4257 ascensum»
1418 4200 1680 4272 (Tertull.
1715 4200 1779 4255 tle
1808 4201 1921 4255 Pa-

265 4293 420 4346 tienl.
456 4308 584 4364 pag.
620 4293 728 4363 13).
763 4298 948 4359 Quam
976 4308 1109 4347 vero
1142 4293 1458 4347 secundam
1490 4291 1919 4353 intinctionem,

264 4380 403 4436 alibi
430 4381 511 4435 uti
545 4382 899 4450 videbimus,
926 4382 1250 4437 secundum
1278 4384 1444 4435 vocat
1477 4380 1771 4435 lavacrum
1806 4396 1920 4451 quo

266 4470 464 4525 omnia
494 4471 791 4526 donantur
821 4471 1049 4540 delicta,
1084 4475 1140 4526 ct
1170 4475 1292 4525 tota
1322 4469 1422 4525 Dei
1461 4470 1650 4542 gratia
1682 4470 1918 4524 redimi-

266 4564 363 4614 tur
393 4560 557 4631 (Infr.
595 4578 720 4634 cap.
756 4563 842 4633 16,
877 4566 984 4617 art.
1020 4563 1094 4630 3).

336 4669 408 4721 At
438 4667 592 4723 sicut
621 4668 803 4738 illius,
835 4667 917 4723 ita
970 4673 1027 4723 et
1084 4668 1286 4724 Irenaai
1320 4684 1432 4722 non
1467 4668 1669 4723 eadem
1695 4667 1921 4722 videtur

264 4758 445 4813 fuisse
478 4759 547 4813 de
581 4759 1146 4829 aliorumjustorum
1171 4760 1483 4814 animabus
1507 4758 1816 4815 sententia.
1841 4758 1921 4813 De

262 4846 380 4901 illis
438 4850 654 4920 quippe
706 4852 956 4904 Irenaeus
1014 4849 1133 4903 haec
1182 4848 1458 4903 tradidit:
1495 4849 1631 4903 Post
1661 4847 1920 4919 corporis

263 4938 560 4988 mortema
604 4938 870 5005 abibunt,
932 4937 1143 5009 inquit,
1198 4937 1256 4990 in
1315 4936 1670 4992 invisibilem
1702 4936 1917 5003 locum,

262 5018 564 5075 definitum
594 5025 678 5079 eis
709 5042 741 5079 a
798 5030 931 5090 Deo,
966 5028 1023 5079 et
1080 5024 1160 5079 ibi
1201 5039 1386 5093 usque
1419 5026 1488 5079 ad
1548 5025 1919 5080 resurrectio-

263 5123 393 5159 nem
428 5113 974 5180 commorabuntur,
1008 5112 1375 5167 sustinentes
1408 5114 1917 5179 resurrectionem,

258 5197 541 5265 postquam
573 5200 805 5255 venient
854 5202 924 5257 ad
975 5209 1352 5271 conspectum
1393 5203 1488 5256 Dei
1520 5224 1546 5250 »
1579 5204 1778 5273 (Itren.
1817 5202 1919 5269 lib,

260 5304 313 5353 v,
349 5301 475 5356 cap.
508 5288 601 5357 31,
662 5306 793 5362 pag.
831 5292 978 5362 331).
1015 5292 1213 5362 Neque
1262 5291 1503 5359 mirum,
1563 5310 1780 5365 qumso,
1813 5292 1920 5348 tibi

262 5373 359 5441 sit,
382 5374 430 5429 si
465 5375 860 5435 Tertullianus
877 5385 1096 5449 noster,
1131 5382 1918 5452 quemadmodumlremsus,

264 5464 472 5519 incerti
505 5468 911 5541 ancipitesque
943 5470 1000 5525 in
1028 5470 1406 5541 assignandis
1446 5472 1779 5527 animarum
1800 5487 1921 5526 cor-

262 5570 399 5624 pore
458 5559 785 5613 solutarum
854 5559 1171 5615 domiciliis
1224 5558 1502 5627 haereant,
1558 5579 1662 5617 nec
1715 5562 1919 5617 eodem

262 5659 498 5716 semper
531 5648 703 5704 modo
735 5649 1073 5721 loquantur.
1107 5653 1231 5705 Non
1284 5651 1473 5726 magis
1504 5652 1720 5723 etenim
1753 5656 1921 5721 certae,

2028 3312 2204 3380 atque
2231 3311 2596 3381 conjecturas
2617 3311 2645 3366 ?

2105 3418 2212 3473 Fac
2242 3424 2463 3488 tamen,
2495 3423 2649 3492 quod
2710 3422 3102 3480 falsissimum
3146 3430 3256 3494 est,
3298 3442 3398 3485 eas
3445 3431 3683 3502 penitus

2032 3506 2209 3563 falsas
2242 3509 2459 3565 fuisse:
2494 3511 2595 3565 sed
2626 3511 2774 3567 nulli
2820 3514 3075 3584 profecto
3124 3516 3306 3572 noxiis
3335 3524 3523 3590 erant,
3562 3521 3683 3579 imo

2030 3612 2163 3651 vero
2205 3598 2482 3655 omnibus
2541 3598 2715 3656 utiles
2745 3605 2805 3657 et
2860 3604 3222 3662 necessariae.
3257 3606 3463 3664 Cuncti
3491 3611 3685 3667 enim-

2030 3702 2184 3751 vero,
2218 3695 2367 3742 melu
2394 3690 2594 3744 aeterni
2621 3691 2905 3761 supplicii,
2929 3695 2982 3748 et
3005 3708 3098 3763 spe
3131 3696 3257 3753 vita
3297 3705 3532 3757 aeternae
3558 3701 3689 3771 fieri

2030 3776 2285 3831 meliores
2328 3786 2599 3845 coguntur
2639 3779 2841 3849 (Idem.
2900 3782 3185 3854 Apologet.
3219 3801 3268 3840 c.
3297 3785 3386 3854 49,
3418 3805 3477 3859 p.
3508 3789 3684 3863 529,).

2033 3863 2311 3935 Quisquis
2344 3882 2615 3937 namque,
2648 3866 2802 3923 sicut
2858 3874 3010 3925 recte
3059 3872 3228 3928 docet
3254 3873 3684 3948 Athenagoras,

2036 3970 2382 4025 persuasum
2410 3955 2585 4011 habet
2634 3959 2890 4013 animam
2944 3974 3070 4013 cum
3124 3977 3364 4032 corpore,
3394 3963 3562 4021 simul
3592 3967 3688 4021 in-

2030 4045 2347 4108 terituram,
2434 4043 2875 4099 συναπόλλυσθαι
2960 4050 3042 4117 τῷ
3125 4046 3337 4121 σώματι
3413 4050 3503 4107 καὶ
3584 4055 3686 4123 τὴν

2031 4131 2236 4204 ψυχὴν,
2269 4134 2315 4187 is
2346 4133 2567 4189 nullum
2597 4151 2705 4190 non
2733 4138 2959 4205 facinus
2987 4137 3166 4205 audet,
3203 4136 3435 4210 μηδενὸς
3464 4140 3523 4197 ἂν
3556 4142 3685 4198 ἀπά-

2031 4231 2221 4294 χεσθαι
2252 4219 2616 4293 τολμήματος
2647 4224 3026 4297 (Athenagor.
3058 4228 3350 4300 Legat.pro
3382 4231 3683 4292 Christian.

2031 4328 2161 4381 pag.
2194 4311 2305 4378 39).
2339 4312 2448 4376 Qui
2478 4328 2610 4367 vero
2667 4313 2852 4368 credit
2900 4314 3041 4380 fore,
3074 4320 3140 4370 ut
3193 4318 3265 4372 ad
3322 4320 3500 4377 vitam
3533 4323 3688 4380 exci-

2030 4405 2208 4465 tatus,
2244 4399 2510 4455 omnium
2542 4407 2912 4471 peccatorum
2942 4401 3003 4457 in
3043 4408 3301 4463 extremo
3326 4408 3430 4465 Dei
3456 4412 3682 4481 judicio

2032 4489 2237 4543 reddat
2284 4488 2593 4557 rationem,
2644 4488 2743 4545 ille
2772 4488 2861 4545 vel
2920 4490 2981 4546 in
3031 4492 3297 4552 minimis
3342 4497 3687 4572 delinquere

1950 4566 1997 4631 D
2030 4582 2280 4633 veretur.

2106 4667 2468 4738 Iniquissimi
2514 4667 2697 4739 igitur
2716 4672 2882 4723 erant
2905 4669 3176 4742 gentiles,
3203 4673 3303 4745 quI
3327 4676 3684 4739 christianos

2030 4756 2308 4811 horumce
2339 4756 2681 4828 dogmatum
2719 4756 3076 4824 defensores,
3110 4776 3227 4817 non
3258 4780 3429 4822 secus
3467 4784 3534 4825 ac
3565 4786 3685 4827 see-

2031 4843 2441 4909 leratissimos,
2464 4847 2520 4898 et
2551 4843 3032 4915 gravissimorum
3056 4848 3375 4909 criminum
3396 4872 3525 4914 reos
3547 4876 3687 4915 con-

2030 4933 2404 4988 demnabant.
2445 4933 2834 4996 Quamobrem
2870 4940 3093 4991 Auctor
3118 4944 3318 4998 noster
3348 4944 3432 5001 sic
3457 4963 3557 5003 eos
3587 4966 3685 5004 ur-

2031 5028 2124 5095 get
2154 5027 2209 5076 et
2240 5022 2564 5077 insectatur
2589 5037 2601 5076 :
2635 5021 2742 5077 Sed
2762 5023 2823 5077 in
2853 5024 3117 5090 eiusmodi
3139 5032 3290 5085 enim
3320 5031 3401 5101 (in
3433 5034 3687 5104 quibus-

2031 5112 2165 5167 dam
2224 5109 2579 5165 editionibus
2629 5110 2864 5165 additur
2934 5129 3111 5182 error,
3176 5117 3380 5173 melius
3440 5121 3682 5179 forsitan

2029 5202 2236 5271 errore)
2267 5202 2319 5255 .ςί
2338 5202 2528 5273 utique
2546 5200 2738 5268 irrisu,
2765 5216 2865 5256 seu
2892 5199 3165 5259 irrisione
3188 5205 3430 5278 dignum
3459 5209 3679 5281 aliquid

2019 5291 2388 5361 judz'randum
2442 5300 2543 5359 est,
2574 5306 2684 5346 non
2715 5289 2938 5359 gladiis,
2970 5298 3022 5346 et
3062 5293 3282 5363 ignibus
3322 5300 3371 5352 et
3399 5300 3680 5365 crucibus,

2028 5384 2082 5434 et
2114 5382 2295 5435 bestiis
2327 5378 2586 5451 (Tertull.
2625 5381 2721 5433 loc.
2770 5378 2909 5448 cit.),
2944 5378 3156 5437 idcirco
3205 5384 3518 5442 Christiani
3548 5404 3679 5446 cru-

2028 5469 2324 5525 delissime
2372 5468 2707 5524 trucidandi
2739 5471 2922 5521 erant.
2949 5472 3023 5521 At
3070 5474 3223 5527 certe
3252 5478 3484 5532 tantum
3517 5478 3685 5537 abest

2030 5565 2095 5615 ut
2144 5560 2202 5615 in
2235 5559 2468 5614 illorum
2528 5555 2792 5613 doctrina
2845 5554 3037 5611 subsit
3071 5558 3202 5616 lalsi
3251 5562 3504 5635 aliquid:
3538 5569 3681 5639 quin

2031 5650 2299 5707 miranda
2333 5662 2572 5724 prorsus
2596 5643 2830 5701 illorum
2845 5642 2906 5700 in
2930 5646 3015 5701 tot
3045 5648 3344 5723 tantisque
3375 5659 3691 5727 tarmen“!-
