4158 6366
413 395 528 455 999

940 388 1464 453 TERTULLIANI
1511 387 1830 452 OPEBUM
1875 387 2073 452 PARS
2119 389 2165 451 l.
2199 424 2276 434 —
2307 389 2577 452 SERlES
2624 387 2670 464 Ι,
2715 389 3281 454 APOLOGETICA.

3653 389 3817 453 1000

421 525 699 598 patientia
742 524 1036 579 veritatem
1095 523 1358 593 ejusdem
1415 522 1714 592 doctrinae,
1763 525 1820 577 et
1876 521 2056 577 totius
2083 525 2138 592 Α
2166 522 2386 578 ordinis
2413 523 2590 590 viros,
2623 528 2680 579 et
2714 528 3026 589 matronas,
3059 529 3115 578 et
3166 521 3517 594 principales
3544 539 3821 594 quasque

417 611 760 670 Christianas
793 609 1110 682 religionis,
1148 609 1228 664 uti
1285 607 1444 663 haud
1475 609 1656 664 semel
1686 609 2055 664 observatum

415 706 525 766 est,
585 699 967 755 invictissime
1015 698 1460 754 demonstraret.
1516 697 1626 754 Sed
1686 697 1830 752 illud
1890 697 2058 769 plane

420 789 804 844 confirmatur
832 802 900 841 ex
953 785 1174 840 sanctis
1231 785 1566 840 eorumdem
1599 784 2058 840 Christianorum

419 877 706 941 moribus,
750 875 998 948 legibus,
1057 881 1113 930 et
1172 874 1479 942 institutis,
1529 876 1599 929 de
1649 875 1863 946 quibus
1905 891 2060 930 nunc

419 967 706 1039 agendum
739 972 849 1021 est.

1058 1081 1285 1136 CAPUT
1325 1079 1444 1135 XII.

429 1188 760 1254 Ostenditur,
793 1188 888 1258 qui
917 1187 1168 1258 qualesve
1194 1188 1406 1257 fuerint
1438 1187 1764 1254 Christiani,
1799 1185 2066 1257 quomodo

493 1262 559 1316 ab
589 1259 821 1315 ethnicis
845 1261 1133 1323 distincti;
1165 1274 1234 1312 ac
1265 1274 1432 1328 quam
1487 1260 1639 1328 longe
1667 1261 1914 1328 puriores
1943 1261 2064 1326 fue-

495 1334 616 1402 rint
665 1329 917 1396 illorum,
975 1347 1139 1402 quam
1188 1331 1531 1384 ethnicorum
1585 1345 1784 1394 mores,
1827 1331 2066 1399 legesque

491 1400 671 1457 multo
701 1402 961 1456 meliores
986 1400 1053 1455 ac
1079 1403 1398 1455 sanctiores.

937 1560 1256 1598 ARTICULUS
1316 1559 1552 1599 PRIMUS.

489 1655 598 1714 Qui.
622 1651 902 1718 quales,_et_
938 1664 1092 1718 quain
1147 1647 1488 1718 multiplicati
1522 1649 1719 1718 fuerint
1731 1628 2082 1718 “Tertulliani

488 1711 713 1782 tempore
768 1711 1088 1782 _Uh3istiani',
1149 1726 1216 1782 ac.
1265 1711 1527 1782 quomodo
1574 1711 1639 1758 ab
1693 1711 1923 1768 ethnicis,
1959 1716 2068 1774 qui-

490 1773 694 1829 buscum
726 1775 984 1830 vivebant.
1011 1778 1132 1824 tunc
1161 1773 1586 1822 discernerentur.

2165 628 2464 684 personas,
2515 617 2570 666 et
2616 611 2937 667 amicorum
2988 617 3225 666 tuorum
3285 611 3369 666 vel
3425 611 3816 683 propinquos,

2163 698 2252 755 vel
2301 700 2555 755 amicos?
2591 723 2610 749 ι
2645 701 2850 770 (Idem,
2901 701 2972 755 ad
3020 701 3173 771 Scap.
3209 717 3334 772 cap.
3396 701 3472 763 4.)
3508 701 3656 766 Quid
3693 699 3822 772 plu-

2167 787 2270 844 ra?
2297 789 2520 844 Tantus
2568 795 2708 844 tunc
2734 792 2988 860 profecto
3033 794 3155 844 erat
3187 805 3298 843 non
3332 788 3522 844 solum
3573 788 3821 844 Cartha-

2168 877 2321 949 gine,
2356 878 2455 934 sed
2505 878 2720 948 ubique
2776 882 3064 932 terrarum
3107 878 3572 932 Christianorum
3606 893 3816 932 nume-

2169 982 2290 1022 rus:
2315 990 2341 1016 ‹‹
2360 966 2431 1020 Ut
2460 966 2508 1021 si
2532 971 2692 1021 tanta
2719 967 2804 1020 vis
2826 965 3150 1031 hominum,
3179 990 3199 1017 ι
3231 967 3361 1036 ipsa
3379 967 3649 1034 ejusdem
3673 966 3817 1020 Ter-

2171 1055 2400 1110 tulliani
2424 1055 2614 1110 adhuc
2633 1058 2772 1110 sunt
2795 1055 2989 1119 verba,
3025 1055 3130 1108 «in
3150 1055 3404 1124 aliquem
3438 1054 3597 1108 orbis
3620 1070 3818 1109 remo-

2174 1143 2213 1198 ti
2250 1143 2444 1197 sinum
2477 1144 2915 1212 abrupissemus
2952 1159 2986 1196 a
3021 1144 3206 1207 vobis,
3240 1143 3582 1197 suffudisset
3614 1144 3822 1212 utique

2171 1232 2629 1287 dominationem
2663 1237 2913 1286 vestram
2941 1237 3024 1286 tot
3045 1231 3543 1302 qualiumcunque
3575 1232 3820 1285 amissio

2174 1319 2404 1385 civium,
2438 1319 2552 1374 imo
2582 1319 2753 1374 etiam
2809 1325 2865 1374 et
2903 1320 3032 1390 ipsa
3087 1319 3467 1374 destitutione
3510 1319 3818 1390 punisset;

2176 1411 2375 1481 procul
2405 1407 2584 1463 dubio
2612 1408 2992 1478 expavissetis
3023 1409 3094 1462 ad
3117 1408 3493 1463 solitudinem
3537 1414 3820 1476 vestram,

2177 1500 2248 1553 ad
2280 1496 2577 1553 silentium
2611 1511 2804 1550 rerum
2862 1501 2920 1550 et
2967 1501 3266 1567 stuporem
3299 1497 3614 1568 quemdam
3645 1496 3817 1567 quasi

2179 1586 2391 1641 mortui
2411 1585 2570 1640 orbis
2597 1601 2608 1637 :
2637 1585 2995 1654 qumsissctis
3027 1585 3241 1655 quibus
3262 1584 3645 1656 imperaretis.
3676 1585 3820 1637 Plu-

2183 1692 2274 1730 res
2305 1675 2503 1730 hostes
2533 1673 2718 1738 vobis,
2749 1690 2920 1743 quam
2952 1673 3102 1728 cives
3131 1675 3554 1728 remansissent
3577 1695 3603 1721 ››
3634 1673 3820 1744 (Idem

2178 1765 2447 1836 Apologet.
2480 1779 2607 1834 cap.
2630 1763 2719 1830 37,
2745 1777 2874 1832 pag.
2909 1762 3052 1832 463).

497 1895 632 1952 Post
651 1891 940 1964 explicata
960 1907 992 1945 a
1015 1889 1183 1944 nobis
1204 1894 1429 1944 asserta
1451 1905 1484 1944 a
1499 1888 1854 1944 Tertulliano
1875 1889 2068 1946 Chris-

2245 1871 2352 1926 Sed
2397 1867 2733 1940 quempiam
2787 1867 2988 1923 audire
3037 1868 3204 1924 nobis
3260 1869 3547 1935 videmur,
3610 1868 3709 1940 qui
3765 1869 3822 1923 in

424 1983 624 2038 stiana:
647 1980 943 2052 religionis
975 1979 1343 2046 documenta,
1395 1978 1513 2047 jam
1575 1994 1707 2032 cum
1739 1977 1840 2033 illo
1871 1977 2065 2049 explo-

425 2073 677 2127 randum
709 2075 798 2125 est
826 2068 1063 2139 quinam
1095 2071 1152 2120 et
1199 2065 1401 2136 quales
1454 2065 1670 2120 fuerint
1699 2065 1932 2121 illorum
1963 2067 2068 2120 de-

423 2159 688 2215 fensores
743 2154 1079 2218 Christiani,
1139 2171 1206 2209 ac
1280 2155 1573 2224 quomodo
1629 2171 1762 2209 cum
1820 2154 2068 2210 ethnicis

420 2250 687 2304 vixerint.
721 2247 875 2302 910
903 2246 1071 2300 Juvat
1096 2243 1296 2314 itaque
1327 2242 1491 2297 illum
1544 2244 1614 2297 de
1660 2260 1720 2298 se
1751 2243 1878 2314 ipso
1911 2242 2069 2297 aliis-

423 2354 538 2408 que
560 2336 772 2392 Christi
801 2332 1188 2390 sectatoribus
1211 2332 1542 2402 loquentem
1572 2331 1774 2386 audire
1799 2348 1811 2385 :
1841 2331 2070 2413 Corpus,

423 2425 618 2496 inquit
647 2420 910 2495 (Tertull.
949 2421 1224 2491 Apotoget.
1247 2436 1374 2491 cap.
1406 2420 1494 2480 39,
1529 2436 1662 2491 pag.
1704 2421 1849 2491 431),
1881 2435 2071 2474 sumus

427 2512 926 2585 quemadmodum
957 2515 1128 2563 antea
1172 2509 1505 2578 scripserat.
1543 2509 1854 2580 Apostolus
1881 2526 1892 2564 :
1917 2509 2074 2563 Multi

428 2619 604 2658 unum
657 2617 848 2671 corpus
901 2614 1086 2652 sumus
1140 2600 1198 2651 in
1257 2597 1465 2652 Christo
1522 2598 1694 2668 (llam.
1749 2615 1852 2667 xn,
1903 2599 1980 2668 5),
2013 2596 2071 2650 id

433 2696 523 2747 est
551 2707 670 2745 una
700 2689 1016 2744 multorum
1067 2685 1241 2740 simul
1287 2692 1768 2758 congregatorum
1802 2690 2070 2756 societas,

434 2777 829 2850 congregatio,
886 2781 944 2830 et
997 2775 1409 2829 communitas.
1465 2778 1585 2840 Quo
1645 2782 1837 2831 autem
1901 2778 2072 2832 modo

433 2884 622 2941 quave
677 2867 900 2922 ratione
957 2864 1288 2936 congregati
1348 2864 1581 2931 fuerint,
1634 2868 1681 2920 si
1741 2883 1928 2938 roges,
1963 2868 2070 2924 tibi

433 2955 843 3028 respondebit:
881 2955 952 3008 De
978 2955 1307 3008 conscientia
1365 2955 1651 3025 religionis
1681 2955 1938 3024 (Tertull.
1970 2958 2068 3013 loc.

431 3046 575 3117 cit.),
605 3045 661 3100 id
693 3049 800 3109 est,
860 3041 1069 3096 intima
1121 3041 1564 3113 certissimaque
1621 3045 1799 3098 animi
1834 3061 2072 3116 persua-

431 3133 596 3190 sione
613 3132 857 3188 convicti
890 3147 1084 3186 veram
1118 3145 1245 3184 esse
1277 3131 1636 3200 religionem,
1663 3149 1833 3203 quam
1869 3149 2074 3188 omnes

429 3221 876 3294 profitebantur.
915 3220 988 3275 .td
1048 3218 1168 3273 haec
1225 3236 1358 3274 vero
1407 3221 1703 3290 conjuncti
1761 3221 2145 3316 disciplinaec

432 3313 648 3365 unitate
677 3309 881 3380 (lbid.),
915 3324 1015 3363 seu
1075 3307 1287 3361 tradita
1335 3325 1368 3361 a
1423 3307 1649 3363 Christo
1698 3325 1813 3363 una
1841 3312 2072 3366 eadem-

433 3415 547 3470 que
576 3398 675 3452 sed
709 3396 1081 3451 sanctissima
1139 3398 1623 3451 documentorum
1684 3397 2074 3454 institutione.

435 3502 501 3541 ac
533 3501 758 3541 morum
789 3483 1117 3555 disciplina.
1153 3483 1414 3554 Denique
1463 3485 1710 3556 copulati
1743 3489 1855 3556 spei
1881 3487 2077 3557 [ledere

434 3573 643 3642 (καί),
677 3572 795 3627 sive
826 3572 1083 3626 fmderati
1107 3588 1173 3626 ac
1220 3572 1423 3626 sociati
1457 3588 1558 3643 spe
1589 3575 1917 3630 certissima
1946 3576 2076 3629 vitae

433 3667 680 3727 aeternis,
705 3676 880 3731 quam
911 3659 1027 3714 illis
1046 3676 1216 3714 verus
1239 3659 1516 3730 solusque
1539 3663 1905 3733 omnipotens
1929 3665 2077 3718 Deus

434 3754 567 3822 post
599 3749 743 3803 hanc
776 3746 1080 3802 mortalem
1102 3747 1280 3802 vitam
1314 3747 1604 3818 promisit.

503 3841 686 3902 Quam
712 3835 1166 3907 multiplicatum
1185 3841 1380 3891 autem
1407 3837 1602 3898 fuerit,
1623 3838 1751 3908 ipsa
1769 3839 2076 3895 Tertullia-

436 3927 495 3982 ni
519 3925 699 3982 nostri
716 3929 901 3989 astate,
917 3923 1060 3978 illud
1077 3923 1462 3979 christianoru
1474 3943 1526 3978 m
1549 3942 1780 3996 corpus.
1806 3929 2078 3984 certiores

436 4031 542 4071 nos
566 4013 820 4086 profecto
851 4015 977 4084 ipse
1006 4011 1318 4082 fecit(lbid.
1353 4029 1477 4084 cap.
1513 4015 1565 4077 1,
1599 4032 1710 4085 pag
1737 4017 1884 4088 262).
1919 4019 2078 4072 Tunc

436 4102 591 4158 enim
623 4103 840 4165 omnia,
895 4105 960 4155 ut
1010 4106 1211 4155 narrat
1238 4101 1398 4163 (Ibid.
1444 4118 1571 4174 cap.
1605 4105 1693 4172 37,
1717 4121 1771 4175 p.
1806 4106 1954 4176 462),
1987 4122 2078 4160 re-

435 4191 728 4262 pleverant
758 4190 962 4244 mundi
987 4187 1139 4244 loca:
1174 4191 1370 4252 urbes,
1395 4189 1640 4259 insulas,
1673 4193 1928 4258 castella,
1951 4212 2080 4250 mu-

431 4277 1311 4349 nicipia,conciliabula,castra,
1333 4278 1837 4348 tribus,decurias,
1863 4283 2075 4352 forum,

435 4372 730 4430 senatum,
794 4365 1095 4438 palatium,
1150 4366 1434 4437 nihilique
1483 4369 1750 4439 privatim
1809 4371 2079 4440 ethnicis,

439 4456 550 4512 nisi
581 4455 706 4512 sola
735 4471 935 4511 eorum
972 4455 1191 4525 templa
1249 4454 1606 4526 reliquerant
1634 4459 1791 4528 (Ibid.
1828 4477 1956 4532 cap.
1991 4462 2079 4529 42,

439 4561 553 4618 pag
582 4545 724 4614 491).
757 4543 901 4599 Cum
967 4543 1038 4597 iis
1090 4543 1270 4613 igitur
1321 4545 1540 4614 ubique
1587 4549 1988 4614 versabantur,
2022 4549 2079 4604 in

2176 1977 2346 2016 aures
2375 1959 2707 2013 insusurret
2729 1957 2805 2011 ibi
2838 1956 3096 2028 aliquam
3119 1973 3247 2012 esse
3277 1956 3626 2012 Tertulliani
3649 1971 3823 2028 exag-

2175 2049 2549 2120 gerationem.
2584 2046 2683 2100 Cui
2725 2047 2906 2112 enim,
2966 2045 3211 2116 inquiet,
3271 2046 3499 2116 probari
3560 2062 3826 2117 unquam

2177 2137 2387 2209 poterit
2414 2141 2636 2190 tantam
2669 2139 2806 2189 tunc
2841 2135 3019 2188 fuisse
3048 2134 3516 2190 Christianorum
3549 2134 3824 2189 multitu-

2177 2224 2418 2280 dinem?
2475 2224 2688 2279 Verum
2723 2240 2857 2294 qua,
2892 2239 3108 2294 quaeso,
3161 2224 3349 2278 fronte
3406 2223 3500 2277 hic
3534 2223 3658 2295 ipse
3690 2224 3830 2278 Ter-

2177 2314 2459 2370 tullianus
2493 2313 2745 2383 publicis
2778 2313 2833 2365 in
2895 2311 3078 2376 libris,
3139 2329 3282 2382 quos
3315 2329 3428 2366 non
3461 2313 3560 2367 uni
3593 2317 3825 2366 tantum

2179 2402 2462 2475 Scapulis,
2491 2400 2856 2471 Carthaginis
2911 2401 3058 2454 9“
3103 2399 3356 2471 praesidi,
3389 2401 3490 2455 sed
3522 2400 3804 2456 Romanis

2180 2491 2290 2558 vel,
2323 2492 2369 2547 si
2395 2490 2557 2555 velis,
2590 2489 2788 2544 Africae
2820 2489 3189 2544 antistitibus
3234 2489 3352 2544 imo
3379 2494 3436 2544 et
3465 2489 3827 2559 nationibus,

2182 2581 2287 2636 hoc
2315 2586 2422 2644 est,
2455 2579 2774 2650 gentilibus
2798 2577 3095 2644 omnibus,
3115 2576 3517 2632 infestissimis
3549 2576 3827 2632 Christia-

2181 2685 2389 2724 norum
2424 2667 2716 2731 hostibus,
2747 2666 2893 2721 illud
2927 2673 3043 2721 tam
3089 2667 3386 2735 audacter,
3412 2666 3524 2720 nisi
3557 2667 3610 2720 id
3648 2667 3829 2721 veris-

2180 2761 2396 2816 simum
2422 2762 2594 2822 esset,
2627 2773 2955 2812 asseverare
3006 2757 3242 2828 potuit?
3264 2756 3465 2811 Nonne
3497 2757 3829 2811 timendum

2178 2845 2290 2916 ipsi
2322 2852 2464 2907 erat,
2498 2861 2568 2898 ne
2625 2843 2911 2898 mendacii
2961 2843 3284 2911 convictus,
3319 2860 3497 2898 causa
3553 2859 3667 2898 non
3701 2844 3831 2898 sine

2182 2935 2303 2990 risu
2335 2939 2391 2988 et
2421 2931 2610 2988 sibilis
2632 2932 2904 2987 caderet?
2933 2933 2988 2985 Si
3021 2932 3154 3003 quis
3184 2938 3380 2987 tamen
3413 2931 3676 3003 pertinax
3708 2947 3829 2986 cre-

2182 3025 2317 3078 dere
2349 3023 2461 3093 ipsi
2494 3021 2655 3089 nolit,
2692 3021 2860 3074 ﬁdem
2892 3027 3046 3076 certe
3089 3021 3227 3075 dare
3261 3037 3372 3076 non
3407 3027 3609 3076 renuet
3639 3020 3830 3076 Plinio

2182 3112 2456 3180 secundo,
2490 3109 2587 3181 qui
2622 3110 2690 3164 de
2731 3109 2937 3164 iisden
2977 3109 3324 3165 Christianis
3374 3109 3495 3164 haec
3554 3116 3727 3164 antea
3756 3110 3829 3164 ad

2181 3201 2494 3269 Trajanum
2525 3198 2928 3268 imperatorem
2987 3198 3332 3268 scripserat:
3367 3221 3394 3248 ‹‹
3444 3197 3612 3252 Multi
3641 3197 3834 3253 omnis

2185 3290 2395 3350 tetatis,
2427 3287 2620 3342 omnis
2669 3287 2910 3353 ordinis,
2945 3287 3251 3356 utriusque
3295 3303 3468 3341 sexus
3521 3285 3698 3341 etiam
3729 3302 3836 3340 vo-

2183 3384 2393 3433 cantur
2422 3378 2479 3430 in
2537 3376 2876 3446 periculum,
2910 3381 2967 3429 et
3013 3380 3392 3429 vocabuntur.
3426 3375 3622 3445 Neque
3673 3376 3832 3430 enim

2184 3467 2446 3521 civitates
2476 3469 2729 3529 tantum,
2763 3464 2863 3518 sed
2925 3463 3080 3517 vicos
3113 3463 3290 3518 etiam
3323 3468 3497 3534 atque
3527 3479 3700 3535 agros
3731 3481 3832 3520 su-

2185 3553 2547 3625 perstitionis
2591 3552 2763 3606 istius
2825 3552 3094 3623 contagio
3149 3558 3460 3622 pervagata
3508 3556 3597 3607 est
3658 3552 3830 3622 (Plin.

2185 3644 2355 3715 epist.
2393 3643 2511 3710 101,
2551 3659 2604 3712 ρ.
2639 3641 2786 3709 376).

2257 3734 2440 3798 Quam
2472 3745 2612 3785 sane
2641 3730 2714 3783 ob
2742 3744 2863 3783 rem
2905 3728 3120 3784 ethnici
3154 3731 3492 3794 mcerebant,
3527 3730 3607 3784 ait
3637 3728 3832 3784 adhuc

2186 3819 2602 3885 Tertullianus,
2636 3822 2860 3872 tantum
2883 3834 3010 3872 esse
3041 3817 3274 3872 illorum
3299 3834 3630 3880 numerum.
3661 3835 3727 3872 ac
3757 3819 3831 3872 de

2188 3908 2286 3963 illo
2339 3907 2530 3978 palam
2581 3905 3114 3976 conquerebantur:
3151 3927 3177 3958 α
3233 3907 3566 3970 Obsessam,
3617 3906 3830 3977 inquit,

2186 3998 2581 4053 vociferantur
2636 3995 2963 4062 civitatem;
2998 3996 3054 4048 in
3116 3996 3294 4066 agris,
3353 3995 3412 4049 in
3460 3995 3739 4055 castellis.
3770 3995 3830 4049 in

2187 4085 2398 4142 insulis
2446 4084 2815 4151 christianos,
2874 4100 3104 4138 omnem
3158 4101 3382 4150 sexum,
3417 4089 3666 4152 (etatem,
3701 4101 3836 4140 con-

2188 4175 2466 4230 ditionem
2499 4179 2554 4227 et
2585 4175 2708 4243 jam
2741 4172 3087 4243 dignitatem
3120 4172 3444 4243 transgredi
3479 4174 3547 4227 ad
3582 4173 3690 4228 hoc
3731 4189 3833 4228 no-

2190 4280 2344 4328 men,
2379 4261 2545 4330 quasi
2578 4259 2926 4314 detrimento
2961 4267 3205 4315 mearent
3227 4284 3254 4310 ››
3295 4260 3662 4333 (Tertullian.
3694 4263 3836 4333 Apo-

2193 4354 2346 4420 logct.
2379 4367 2508 4422 cap.
2534 4352 2582 4418 1,
2615 4366 2671 4421 p.
2711 4350 2858 4421 263).
2893 4349 3188 4420 Numquid
3235 4367 3370 4423 ergo
3430 4351 3589 4406 dices
3645 4351 3838 4406 adhuc

2191 4442 2386 4497 ﬁctam
2427 4441 2498 4496 ab
2531 4438 2628 4494 illo
2661 4446 2763 4494 aut
2819 4445 3220 4510 exaggeratam
3257 4440 3437 4494 fuisse
3469 4441 3620 4496 hanc
3651 4441 3842 4512 genti-

2192 4531 2334 4586 lium
2359 4527 2828 4600 querimoniam?
2860 4529 2967 4582 Sed
2998 4544 3126 4582 eam
3159 4528 3270 4584 alio
3294 4529 3350 4583 in
3375 4529 3841 4601 libro,ipsosmet

438 4616 584 4698 loro,
620 4628 882 4698 macello,
913 4629 1158 4698 balneis,
1201 4631 1481 4701 tabernis,
1513 4634 1784 4704 ofﬁcinis,
1811 4635 2076 4707 stabulis,

2193 4619 2455 4674 ethnicos
2512 4616 2883 4688 alioquendo,
2916 4616 3154 4672 totidem
3213 4635 3356 4690 pene
3403 4618 3594 4673 verbis
3628 4619 3843 4690 repetit

441 4717 744 4782 nundinis,
784 4721 842 4772 et
894 4717 1282 4783 commerciis,
1314 4719 1384 4772 de
1441 4720 1655 4790 quibus
1709 4723 1860 4778 infra
1890 4723 2086 4779 dicen-

444 4807 607 4862 dum.
638 4805 825 4860 Simul
860 4807 1058 4877 itaque
1107 4807 1376 4878 permixti
1409 4809 1843 4877 cohabitabant,
1877 4813 2087 4869 milita-

441 4896 608 4962 bant,
659 4893 1115 4964 rusticabantur,
1151 4896 1578 4965 mercabantur,
1622 4906 1944 4972 mutuoque
1975 4919 2086 4958 usu

443 4987 597 5040 artes
629 4983 974 5048 miscebant,
996 4987 1053 5038 et
1081 4999 1308 5053 operas.

515 5072 902 5136 Quamobrem
936 5072 1048 5127 alio
1081 5071 1179 5126 ille
1225 5073 1282 5128 in
1315 5073 1460 5129 libro
1490 5077 1799 5147 Scapulam
1833 5079 1916 5134 sic
1947 5080 2083 5134 atra-

445 5167 574 5218 tur:
607 5184 635 5212 ‹‹
671 5161 815 5226 Quid
850 5160 1028 5215 facies
1059 5161 1130 5216 de
1173 5165 1261 5215 tot
1315 5161 1575 5220 millibus
1607 5167 1846 5237 (veteres
1877 5169 2086 5223 editio-

445 5266 549 5307 nes
579 5250 760 5306 decem
789 5247 1065 5320 millibus)
1096 5248 1422 5316 hominum,
1455 5258 1540 5309 tot
1566 5254 1700 5310 viris
1733 5273 1798 5311 ac
1830 5256 2084 5324 feminis,

445 5339 639 5396 omnis
669 5355 862 5404 sexus,
895 5337 1088 5393 omnis
1129 5340 1342 5408 astatis,
1395 5343 1586 5398 omnis
1615 5344 1919 5416 dignitatis
1953 5344 2088 5400 oﬂ‘e-

447 5429 710 5486 rentibus
742 5442 802 5482 se
834 5425 980 5481 tibi?
1007 5425 1251 5490 Quantis
1283 5429 1540 5501 ignibus,
1586 5432 1824 5503 quantis
1880 5432 2089 5505 gladiis

445 5535 593 5590 opus
622 5516 768 5572 erit?
797 5514 944 5579 Quid
998 5515 1122 5586 ipsa
1165 5516 1454 5590 Carthago
1505 5536 1751 5591 passura
1797 5527 1906 5589 est,
1939 5522 2090 5577 deci-

449 5607 665 5662 manda
695 5622 728 5660 a
767 5608 841 5672 te,
875 5619 1008 5658 cum
1059 5605 1506 5663 contubernales
1558 5626 1695 5664 suos
1736 5609 1856 5666 illic
1907 5627 2092 5667 unus-

452 5693 704 5768 quisque
732 5691 1086 5765 cognoverit,
1118 5708 1250 5748 cum
1273 5693 1482 5752 viderit
1513 5697 1632 5754 illic
1663 5699 1909 5757 fortasse
1933 5705 1992 5760 et
2008 5701 2096 5758 tul

2193 4706 2391 4778 (ldem,
2423 4704 2524 4760 lib.
2557 4703 2667 4758 Iad
2697 4705 2818 4760 Nat.
2852 4721 2978 4776 cap.
3013 4705 3096 4777 1).

2265 4818 2465 4882 Itaque
2487 4828 2620 4866 cum
2654 4811 2796 4866 adeo
2825 4811 3200 4882 multiplicati
3231 4813 3840 4882 fuissentChristiani,

2196 4901 2394 4957 nullus
2413 4905 2567 4955 certe
2586 4901 2892 4955 dubitandi
2925 4901 3088 4956 locus
3115 4909 3225 4966 est,
3257 4903 3393 4973 quin
3427 4919 3561 4958 cum
3587 4903 3842 4958 ethnicis

2197 4990 2464 5062 permixti
2506 5005 2813 5044 commune
2848 5006 2981 5044 cum
3015 4989 3134 5045 illis
3165 4990 3392 5045 vivendi
3425 5008 3611 5062 genus
3660 4991 3843 5047 habe-

2195 5083 2344 5134 rent.
2377 5083 2517 5132 Cum
2553 5078 2670 5133 illis
2701 5079 2937 5150 quippe,
2971 5083 3034 5132 ut
3086 5079 3166 5134 ait
3197 5079 3616 5148 Tertullianus,
3645 5081 3843 5151 degen-

2196 5170 2295 5236 tes,
2335 5168 2579 5233 eiusdem
2608 5169 2780 5221 victus
2830 5167 3069 5234 habitus,
3098 5167 3153 5222 id
3213 5174 3322 5235 est,
3356 5171 3544 5225 victus
3576 5175 3632 5224 et
3662 5168 3842 5224 vesti-

2195 5257 2316 5322 tus,
2350 5256 2662 5322 instructus,
2693 5256 2933 5323 eiusdem
2963 5256 3032 5310 ad
3064 5258 3234 5311 vitam
3263 5260 3603 5314 necessitatis
3633 5259 3842 5329 (Idem.

2196 5345 2467 5415 Apologet.
2502 5362 2629 5416 cap.
2663 5345 2750 5414 42,
2811 5362 2865 5416 p.
2918 5345 3062 5414 490).
3115 5345 3329 5400 Verum
3387 5364 3579 5403 nonne
3609 5345 3843 5415 melius,

2198 5436 2427 5507 inquiet
2448 5436 2684 5509 aliquis,
2718 5436 2776 5491 in
2800 5435 2946 5491 libro
2972 5437 3041 5491 ad
3070 5437 3346 5494 Nationes
3375 5440 3522 5495 dixit
3549 5447 3844 5511 apparatu,

2199 5525 2253 5580 id
2290 5532 2398 5594 est,
2434 5527 2591 5582 cultu
2646 5530 2702 5581 et
2757 5525 3014 5582 ornatu?
3071 5527 3272 5598 (Idem.
3308 5528 3408 5583 lib.
3453 5529 3474 5584 Ι
3530 5528 3846 5583 adNation.

2199 5630 2328 5683 cap.
2364 5614 2472 5684 10.)
2504 5619 2580 5669 At
2609 5615 2656 5669 si
2689 5614 2809 5668 haec
2840 5614 2918 5670 sit
2976 5614 3234 5671 nominis
3285 5620 3586 5688 apparatus
3616 5615 3849 5686 signiﬁ-

2203 5702 2376 5774 catio,
2405 5709 2463 5760 et
2511 5705 2808 5759 instructus
2838 5703 2911 5760 ab
2949 5700 3049 5758 illo
3079 5704 3233 5761 sicut
3279 5723 3312 5762 a
3366 5704 3638 5763 Cicerone
3667 5704 3850 5780 (Cice-
