4158 6326
294 304 442 366 1001

1206 304 1278 364 D.
1328 303 1423 364 LE
1468 302 1791 365 NOUllilY
1836 302 2484 365 OBSERVATIONES
2532 302 2791 364 NOV/E.

3550 303 3704 366 1002

295 456 417 495 ron.
450 438 554 494 lib.
590 456 654 496 ιιι
682 438 749 495 de
808 439 992 509 0rat.,
1055 454 1112 510 p.
1171 437 1407 507 181,1ln
1466 436 1579 509 37),
1613 435 1936 508 accipiatur
1962 446 2017 512 Α
2052 436 2241 509 pergit
2264 435 2681 502 Tertullianus,
2712 434 2855 504 sive,
2891 440 2953 491 ut
2993 435 3049 490 in
3110 436 3329 492 nostris
3391 436 3695 493 codicibus

293 545 395 599 pro
428 532 659 597 ornatu,
693 528 987 600 quomodo
1020 526 1117 582 ille
1148 542 1485 582 asseverare
1545 524 1734 597 potuit
1772 540 1935 581 eum-

292 618 421 673 dem
454 634 581 673 esse
613 618 1068 674 christianorum
1096 616 1451 673 instructum
1473 618 1707 672 PNonne
1738 615 1937 670 eodem

293 706 349 761 in
372 708 721 780 Apolegetico
742 706 1114 763 ethnicorum
1130 706 1330 763 luxum
1352 705 1656 777 arguendo
1678 705 1935 759 dixerat:

292 820 320 845 ‹‹
356 797 591 866 Habitu,
625 800 800 869 victu,
836 797 1153 863 instructu,
1197 812 1381 853 censu
1440 794 1670 866 proavis
1722 810 1938 849 renun-

291 886 483 941 tiastis
506 887 532 941 ?
567 911 586 935 ι
626 887 827 958 (Idem,
862 886 1115 957 Apologet
1142 902 1270 956 cap.
1303 885 1357 952 6,
1393 901 1447 956 p.
1505 884 1654 955 305.)
1703 884 1941 938 Constat

291 981 512 1043 autem,
574 981 638 1031 ut
680 976 803 1047 ipse
852 962 1119 1042 tastatur,
1180 974 1350 1047 longe
1412 973 1696 1043 majorem
1758 970 1939 1026 fuisse

290 1064 746 1121 christionorum
788 1063 845 1119 in
877 1063 971 1120 his
1001 1064 1276 1120 omnibus
1308 1060 1725 1133 frugalitatem.
1760 1058 1938 1115 Nobis

295 1151 496 1225 itaque
529 1153 683 1209 haud
706 1170 856 1226 aegre
888 1152 1337 1224 persuadebitur
1367 1150 1534 1205 illum
1585 1148 1763 1222 priori
1813 1148 1939 1203 locb

290 1242 360 1296 de
408 1242 582 1298 rebus
623 1242 884 1298 locutum
934 1258 1083 1310 esse,
1116 1257 1240 1312 qua:
1273 1239 1344 1295 ad
1372 1239 1823 1294 sustentandam
1854 1236 1938 1291 vi-

291 1336 410 1386 tam
443 1332 778 1387 necessaria:
812 1334 972 1396 sunt,
1007 1334 1061 1386 et
1093 1329 1307 1401 quibus
1350 1328 1677 1395 christiani,
1733 1343 1937 1399 quem-

290 1421 609 1476 admodum
668 1419 879 1493 plebeii
938 1423 1038 1475 aut
1088 1418 1471 1475 modestiores
1531 1416 1747 1473 ethnici
1809 1420 1936 1472 ute-

294 1510 533 1567 bantur.

359 1600 429 1653 At
458 1601 611 1654 certe
643 1598 915 1671 quamvis
948 1598 1103 1653 idem
1150 1601 1307 1653 esset
1363 1596 1820 1652 christianorum
1880 1598 1942 1651 et

289 1688 599 1760 gentilium
624 1688 831 1754 victus,
858 1691 914 1743 et
943 1688 1213 1758 vestitus,
1236 1687 1563 1758 eademque
1602 1686 1659 1740 in
1705 1684 1938 1757 publico

290 1777 541 1848 vivendi,
573 1781 747 1849 atque
778 1777 988 1849 agendi
1022 1776 1210 1845 ratio;
1245 1778 1316 1832 ab
1366 1774 1458 1831 his
1518 1779 1715 1830 tamen
1781 1773 1939 1830 Chri-

288 1866 465 1922 stiani
496 1866 1034 1938 distinguebantur,
1067 1869 1123 1920 et
1143 1864 1383 1937 agnosci
1440 1862 1610 1920 facile
1666 1866 1936 1935 poterant

290 1954 575 2026 singulari
606 1955 917 2024 modestia,
951 1953 1254 2026 patientia,
1289 1958 1345 2010 et
1370 1952 1752 2027 pristinorum
1777 1952 1938 2008 vitio-

291 2062 419 2098 rum
480 2045 905 2100 emendatione.
964 2044 1161 2115 Neque
1208 2043 1265 2099 id
1328 2044 1754 2115 incompertum
1814 2045 1939 2102 erat

289 2133 631 2203 gentilibus,
664 2150 811 2205 quos
846 2133 1062 2188 idcirco
1096 2139 1299 2189 auctor
1341 2137 1539 2189 noster
1586 2131 1746 2186 hisce
1779 2147 1935 2186 com-

289 2222 470 2293 pellat
518 2222 750 2278 verbis:
785 2246 811 2273 ‹‹
874 2224 953 2278 Ea
1008 2222 1324 2295 disciplina
1381 2220 1676 2294 patientia)
1728 2221 1939 2277 divina

288 2327 457 2382 agere
488 2328 594 2367 nos
626 2311 772 2367 satis
806 2311 1188 2367 manifestum
1216 2327 1345 2366 esse
1374 2310 1538 2366 vobis
1570 2313 1781 2381 potest,
1801 2325 1934 2365 cum

289 2404 453 2456 tanta
486 2400 789 2456 hominum
823 2400 1165 2470 multitudo,
1197 2417 1333 2473 pars
1365 2415 1511 2471 pene
1561 2400 1749 2469 major
1792 2398 1935 2456 civi-

288 2490 430 2545 tatIs
461 2489 773 2561 cujusque,
806 2490 865 2546 in
925 2487 1161 2546 silentio
1211 2493 1268 2545 et
1334 2488 1625 2544 modestia
1677 2486 1931 2559 agimus,

288 2577 507 2651 singuli
539 2578 685 2635 forte
718 2577 841 2633 noti
873 2578 1083 2651 magis,
1105 2594 1282 2650 quam
1306 2594 1510 2633 omnes
1537 2595 1549 2633 :
1572 2592 1675 2632 nec
1698 2574 1936 2631 aliunde

286 2665 440 2725 θη
475 2668 664 2739 magis
705 2667 1039 2735 noscibiles,
1074 2683 1252 2739 quam
1284 2667 1355 2723 de
1412 2665 1822 2722 emendatione
1850 2663 1933 2725 vi-

286 2757 503 2813 tiorum
538 2780 565 2806 ››
595 2756 851 2828 (Tertull.
887 2757 962 2813 ad
990 2755 1213 2829 Scapul.
1247 2773 1375 2828 cap.
1406 2755 1485 2827 2).

355 2845 525 2901 Tales
550 2845 732 2918 igitur
759 2849 888 2901 tum
912 2850 1078 2901 erant
1107 2844 1439 2913 christiani,
1471 2859 1720 2915 quorum
1751 2841 1935 2911 major

285 2939 431 3001 erat,
468 2951 643 3006 quam
677 2934 985 3006 gentilium
1020 2950 1322 2989 numerus.
1356 2931 1469 2987 Nec
1524 2932 1740 2987 mirum
1767 2945 1929 3000 sane,

286 3023 334 3078 si
369 3028 490 3079 tam
522 3023 685 3095 pium
718 3028 1107 3095 sanctumque
1136 3022 1364 3078 vivendi
1411 3037 1618 3093 genus,
1652 3019 1759 3075 etsi
1795 3034 1929 3074 cum

283 3112 533 3169 ethnicis
559 3112 848 3184 permisti,
878 3116 1395 3179 consectarentur;
1449 3107 1929 3181 quandoquidem

2048 526 2288 600 legitur,
2324 532 2495 597 tanta,
2532 526 2585 582 id
2621 530 2729 595 est,
2769 529 2888 581 tam
2921 543 3098 598 parva
3134 531 3191 583 et
3241 526 3451 599 exigua
3480 531 3569 584 est
3597 545 3697 584 au-

2048 618 2267 673 ctoritas
2299 617 2557 673 hominis
2590 616 2659 671 ad
2680 616 3007 687 exigendum
3037 616 3243 685 (Ibid.),
3288 617 3465 672 fidam
3496 616 3695 690 legum

2050 723 2082 761 a
2111 723 2173 762 se
2205 706 2459 761 latarum
2492 707 2841 775 custodiam,
2887 710 2949 761 ut
2977 708 3096 760 tam
3132 706 3298 761 facile
3329 704 3449 762 falli
3486 708 3692 778 possit,

2049 812 2219 867 quam
2244 798 2315 851 ab
2346 796 2621 851 omnibus
2652 796 2969 851 contemni.
3002 799 3080 850 Ea
3102 800 3191 851 est
3237 795 3390 850 enim
3448 795 3692 850 humani

2048 885 2267 959 ingenii
2298 885 2633 955 infirmitas,
2666 884 2941 956 utnullus
2974 884 3265 941 homoilla
3285 884 3485 942 omnia
3505 884 3695 957 possit

2046 974 2375 1047 praevidere,
2426 991 2552 1046 quae
2583 973 2805 1030 castoris
2861 974 3140 1030 omnibus
3199 974 3355 1031 bona
3406 979 3463 1030 et
3511 972 3689 1041 male,

2047 1071 2146 1119 aut
2176 1079 2409 1135 semper
2431 1080 2711 1119 mansura
2732 1068 2889 1118 sunt.
2916 1064 3105 1119 Tanta
3126 1063 3684 1136 veroimproborum

2046 1156 2136 1209 est
2160 1152 2406 1219 malitia,
2440 1158 2503 1208 ut
2533 1152 2770 1224 plurimi
2804 1169 3007 1225 pcenas
3036 1152 3597 1224 praevaricatoribus,
3655 1169 3689 1207 a

2049 1258 2401 1315 quacunque
2433 1242 2692 1298 humana
2720 1241 2845 1314 lege
2876 1240 3149 1312 indictas,
3184 1241 3340 1298 haud
3372 1240 3692 1298 difficiliter

2048 1334 2365 1391 declinent.

2120 1466 2393 1523 Pluribus
2416 1472 2694 1541 praeterea
2710 1466 2993 1539 exemplis
3013 1466 3414 1524 Tertullianus
3436 1470 3697 1526 ostendit

2049 1556 2221 1629 longe
2250 1556 2621 1629 perfectiores
2652 1572 2780 1612 esse
2809 1555 3301 1623 Christianorum,
3335 1572 3511 1629 quam
3544 1574 3693 1630 gen-

2047 1645 2263 1702 tillium
2291 1647 2468 1718 leges.
2504 1644 2763 1701 Primum
2779 1645 2966 1702 enim:
3006 1668 3027 1694 ι
3055 1646 3196 1713 Quid
3224 1645 3477 1719 plenius,
3504 1646 3697 1719 inquit

2050 1735 2253 1805 (Ibid.),
2311 1741 2398 1791 est
2450 1734 2673 1803 dicere;
2742 1734 2857 1791 Non
2914 1734 3151 1797 occides;
3209 1750 3284 1791 an
3343 1735 3585 1791 docere:
3618 1737 3698 1792 Ne

1968 1819 2015 1884 Β
2048 1826 2315 1881 irascaris
2345 1824 2584 1897 quidem
2607 1824 2634 1879 ‘I
2666 1846 2695 1874 »
2729 1823 2936 1894 (Matth.
2997 1841 3053 1894 v,
3075 1824 3138 1879 31
3174 1827 3232 1879 et
3280 1824 3471 1897 seqq.)
3507 1826 3696 1897 Atque

2047 1914 2128 1970 ita
2158 1914 2218 1970 in
2249 1913 2520 1970 omnibus
2553 1914 2771 1969 nostris
2802 1912 3103 1969 codicibus
3124 1917 3183 1969 et
3213 1912 3572 1969 editionibus
3589 1930 3693 1970 an-

2044 2003 2258 2075 tiquis:
2294 2005 2391 2059 sed
2429 2003 2623 2075 priora
2655 2003 2828 2059 verba
2872 2001 3123 2074 Rigaltio
3173 2019 3289 2058 non
3322 2001 3691 2074 placuerunt,

2047 2093 2347 2165 scribique
2386 2092 2596 2165 jussit:
2634 2092 2775 2160 Quid
2826 2090 3051 2164 plenius
3081 2091 3290 2147 dictum
3337 2103 3437 2147 est.
3494 2091 3692 2148 Voluit

2047 2182 2218 2254 pecul
2252 2182 2429 2237 dubio
2452 2182 2659 2254 purius
2689 2186 2745 2237 et
2795 2180 3169 2236 emendatius
3208 2180 3541 2251 loquentem
3598 2182 3684 2237 fa-

2046 2287 2173 2325 cere
2210 2269 2662 2326 Tertullianum.
2696 2270 2763 2324 At
2792 2269 2841 2325 si
2872 2268 2963 2324 lex
2984 2269 3267 2337 humana,
3305 2270 3496 2340 inquit
3555 2270 3686 2339 iste,

2044 2359 2316 2430 prohibet
2343 2357 2717 2427 adulterium,
2770 2357 2860 2413 lex
2919 2357 3116 2412 divina
3174 2361 3333 2413 arcet
3382 2357 3557 2414 etiam
3616 2359 3688 2414 ab

2046 2447 2353 2504 oculorum
2385 2448 2649 2503 solitaria
2679 2448 3123 2517 concupiscentia
3153 2446 3359 2518 (Ibid.).
3392 2446 3548 2502 Dixit
3601 2462 3687 2502 so-

2047 2538 2261 2603 litaria,
2291 2536 2347 2591 id
2408 2539 2517 2602 est,
2551 2534 2699 2602 sola,
2722 2539 2946 2591 secreta
2963 2538 3022 2591 et
3044 2535 3289 2591 occulta.
3345 2535 3442 2591 Sic
3489 2534 3688 2592 Cicero

2043 2626 2321 2681 virtutem
2354 2624 2675 2681 solitariam
2706 2639 2836 2679 esse
2866 2640 2983 2680 non
3010 2640 3183 2695 posse
3214 2624 3446 2695 asserit,
3479 2629 3539 2680 et
3578 2641 3688 2680 na-

2040 2719 2236 2771 turam
2269 2714 2414 2769 nihil
2444 2730 2642 2769 amare
2698 2713 3031 2769 solitarium
3086 2712 3293 2784 (Cicer.
3334 2712 3401 2769 de
3463 2714 3683 2770 Amicit.

2042 2822 2098 2876 p.
2122 2805 2212 2874 L3,
2242 2803 2346 2859 lin.
2376 2804 2409 2855 7
2444 2808 2501 2858 et
2530 2803 2639 2873 42).
2674 2802 2787 2858 Lex
2841 2801 3043 2875 itaque
3091 2802 3289 2857 divina
3346 2818 3462 2857 non
3513 2804 3688 2858 modo

2042 2892 2420 2959 adulterium,
2487 2890 2641 2947 sicut
2689 2890 2971 2957 humana,
3030 2891 3132 2946 sed
3193 2893 3478 2946 secretam
3528 2890 3684 2947 918

2041 2999 2275 3055 quoque
2299 2988 2356 3038 et
2420 2980 2711 3037 occultam
2770 2980 3078 3036 oculorum
3138 2979 3682 3051 concupiscentiam

2041 3072 2335 3145 prohibet.

284 3202 428 3258 nihil
447 3203 748 3274 antiquius
768 3202 1118 3274 chariusque
1138 3201 1454 3268 habebant,
1478 3197 1742 3271 quamiis
1759 3213 1928 3252 sanc-
1960 3192 2004 3259 C
2112 3207 2198 3260 Ad
2230 3205 2353 3260 hac
2383 3220 2537 3269 vero,
2569 3202 2659 3258 lex
2688 3202 2948 3259 humana
2976 3220 3091 3257 non
3139 3202 3490 3258 maleﬁcium
3551 3205 3683 3276 qui-

284 3292 534 3350 tissimis
565 3293 809 3365 obsequi
842 3292 1093 3365 legibus,
1126 3309 1274 3364 quas
1307 3292 1587 3347 noverant
1607 3287 1718 3345 sibi
1751 3304 1784 3342 a
1812 3286 1929 3342 Deo

284 3386 341 3438 et
395 3381 625 3438 Christo
680 3380 923 3438 Domino
956 3382 1146 3449 datas,
1205 3386 1262 3436 et
1320 3378 1598 3437 omnibus
1650 3373 1930 3433 humanis

283 3470 455 3544 longe
486 3471 945 3543 praestantiores.
974 3470 1133 3537 Quod
1170 3470 1404 3543 quidem
1427 3470 1553 3541 jam
1576 3466 1746 3522 nobis
1773 3466 1930 3537 :cum

286 3565 521 3617 auctore
554 3565 753 3618 nostro
785 3560 1156 3634 probandum
1183 3558 1496 3616 incumbit.

900 3719 1220 3760 ARTICULUS
1248 3719 1310 3759 ιι.

288 3815 565 3883 Quantum
616 3812 1061 3867 Christianorum
1120 3811 1260 3881 leges
1310 3809 1655 3883 perfectione
1687 3823 1787 3861 sua
1844 3812 1928 3860 at-

357 3902 459 3958 que
486 3888 815 3940 auctoritate
843 3884 993 3958 alias
1022 3879 1208 3958 omnes
1238 3898 1272 3935 a
1290 3879 1589 3958 gentilibus
1639 3879 1782 3958 latas
1831 3894 1928 3958 su-

354 3950 563 4028 perent,
622 3972 733 4026 qua
787 3956 1092 4028 sedulitate
1136 3950 1557 4028 observarentur
1612 3951 1701 4028 ab
1734 3950 1931 4028 iisdem

361 4023 709 4085 Christianis
737 4028 834 4096 qui
880 4026 1085 4081 idcirco
1145 4025 1351 4080 botulos
1404 4038 1599 4081 cruore
1640 4023 1925 4096 distentos,

355 4102 465 4157 sibi
493 4101 564 4155 ab
618 4092 848 4154 ethnicis
877 4097 1103 4167 oblatos,
1138 4098 1249 4167 ipso
1270 4097 1393 4151 vita:
1450 4094 1715 4165 periculo,
1772 4092 1929 4149 edere

358 4172 714 4230 recusabant.

353 4318 493 4371 Cum
530 4313 731 4386 religio
751 4311 1085 4368 Christiana
1115 4326 1148 4366 a
1176 4327 1311 4366 vero
1342 4315 1475 4377 Deo,
1507 4310 1753 4381 ejusque
1782 4306 1927 4363 Filio

284 4404 531 4460 fundata
558 4401 998 4473 constitutaque
1027 4400 1124 4470 sit,
1157 4416 1363 4455 omnes
1393 4398 1595 4471 procul
1649 4396 1826 4453 dubio
1856 4394 1926 4450 il-

284 4492 400 4549 lius
430 4493 589 4565 leges
621 4489 1061 4563 perfectissima
1093 4505 1221 4545 esse
1268 4489 1500 4544 debent.
1536 4487 1924 4553 Quamobrem

2040 3297 2197 3366 dem,
2229 3294 2332 3350 sed
2379 3292 2608 3364 injuriae
2668 3290 2953 3363 permittit
3010 3290 3341 3347 ultionem:
3412 3290 3503 3347 lex
3549 3310 3682 3351 vero

2041 3385 2238 3441 divina
2266 3386 2420 3439 vetat
2475 3381 2797 3454 ipsummet
2853 3379 3295 3452 maleloquium,
3344 3384 3403 3437 et
3454 3382 3685 3452 injuria:

2038 3476 2223 3533 vicem
2271 3474 2514 3529 reddere
2571 3472 2941 3544 (Tertullian.,
2976 3472 3060 3528 loc
3096 3474 3237 3543 cit.).
3278 3474 3349 3529 At
3396 3478 3683 3545 quantum

2040 3581 2108 3622 ea
2138 3565 2233 3620 lex
2253 3564 2530 3619 humanae
2560 3561 2852 3634 praecellat
2873 3562 2998 3632 jam
3024 3579 3057 3618 a
3076 3562 3248 3619 nobis
3276 3562 3417 3619 alibi
3440 3567 3686 3621 annota-

2040 3660 2169 3711 tum
2226 3657 2316 3709 est
2348 3653 2647 3723 (Dissertat
2692 3652 2751 3705 in
2808 3650 3004 3706 Minut.
3036 3667 3164 3723 cap.
3209 3652 3294 3722 13,
3350 3656 3441 3707 art
3488 3652 3580 3721 IV,
3628 3657 3688 3709 et

2041 3747 2317 3801 Dissertat
2362 3741 2422 3796 in
2469 3742 2742 3805 Lactant,
2810 3756 2936 3812 cap.
2985 3740 3077 3810 56,
3129 3744 3237 3795 art.
3302 3740 3325 3795 1
3364 3745 3421 3797 et
3470 3743 3683 3815 seqq).

2038 3834 2163 3895 Non
2199 3832 2484 3887 difﬁtetur
2513 3834 2706 3885 tamen
2738 3828 3132 3884 Tertullianus
3164 3831 3348 3885 bonas
3370 3846 3687 3903 essequee-

2038 3924 2174 3982 dam
2208 3921 2513 3977 hominum
2545 3918 2724 3991 leges,
2756 3919 2856 3973 sed
2882 3918 3183 3974 contendit
3213 3918 3318 3973 has
3340 3919 3682 3991 desumptas

2038 4013 2222 4068 fuisse
2256 4026 2325 4066 ex
2354 4008 2567 4066 divinis
2592 4008 2809 4080 Moysis
2831 4006 3201 4078 aliorumque
3258 4007 3678 4078 prophetarum

2036 4100 2225 4168 libris,
2249 4113 2501 4171 quorum
2555 4096 2995 4167 antiquitatem,
3053 4101 3119 4149 ut
3165 4111 3346 4166 supra
3398 4096 3676 4166 vidimus,

2036 4193 2207 4245 antea
2237 4187 2584 4260 probaverat
2608 4184 2786 4255 (Supr.
2822 4199 2949 4254 cap.
2984 4183 3036 4253 4,
3068 4186 3176 4237 art.
3202 4182 3275 4253 4).

2109 4330 2232 4389 Non
2267 4328 2459 4385 solum
2491 4330 2685 4381 autem
2716 4324 2927 4380 divina
2958 4322 3105 4396 legis
3136 4324 3325 4394 major
3354 4327 3463 4389 est,
3498 4340 3677 4396 quam

2036 4420 2308 4475 humanas
2339 4415 2636 4485 perfectio,
2686 4429 2888 4469 verum
2937 4411 3115 4468 etiam
3163 4412 3500 4485 auctoritas.
3560 4413 3677 4470 Deo

2037 4492 2254 4564 quippe
2279 4483 2421 4545 nihil
2454 4483 2689 4560 penitus
2720 4485 2897 4552 latet;
2957 4488 3015 4539 et
3070 4485 3290 4540 violatae
3348 4483 3494 4556 legis
3558 4502 3678 4541 sum

283 4581 631 4639 Tertulliani
662 4587 928 4651 tempore
958 4578 1073 4635 illis
1104 4578 1418 4635 Christiani
1454 4594 1518 4633 eo
1551 4576 1758 4647 majori
1791 4592 1931 4632 cura
1960 4566 2009 4631 D
2040 4597 2191 4648 reos,
2223 4578 2373 4635 sicut
2405 4574 2577 4648 paulo
2598 4579 2735 4630 ante
2766 4573 3099 4643 docuimus,
3131 4572 3362 4629 internis
3392 4589 3495 4645 pro
3557 4591 3680 4631 me-

284 4671 794 4745 obtemperabant,
813 4685 930 4741 quo
960 4669 1179 4724 certius
1203 4672 1486 4723 noverant
1506 4683 1604 4723 eas
1628 4681 1757 4721 esse
1773 4665 1926 4723 latas

284 4761 355 4817 ab
388 4760 587 4817 omnia
613 4760 866 4827 vidente,
890 4763 947 4814 et
977 4758 1398 4830 omnipotente,
1460 4756 1559 4828 qui
1620 4754 1833 4811 idcirco
1892 4773 1927 4811 a

286 4850 518 4905 nenime
549 4865 796 4922 prorsus
837 4863 942 4903 nec
999 4846 1140 4911 falli,
1176 4861 1282 4901 nec
1336 4845 1581 4918 impune
1628 4845 1924 4902 contemni

284 4942 493 5008 potest.
546 4937 745 4993 Palam
775 4936 972 5007 itaque
1004 4940 1204 4991 auctor
1234 4938 1431 4991 noster
1477 4934 1766 4991 universis
1825 4937 1922 4992 de-

287 5025 519 5079 nuntiat
548 5042 561 5080 :
596 5049 622 5075 ‹‹
650 5026 1049 5081 Innocentiam
1081 5041 1115 5079 a
1171 5023 1287 5078 Deo
1344 5023 1555 5091 edocti,
1605 5025 1921 5097 perfectam

282 5126 411 5167 eam
446 5112 737 5180 novimus,
772 5118 835 5168 ut
873 5131 907 5168 a
946 5112 1202 5184 perfecto
1253 5113 1535 5183 magistro
1585 5115 1920 5183 revelatam,

281 5204 339 5256 et
373 5199 622 5255 fideliter
646 5203 1039 5270 custodimus,
1074 5206 1140 5256 ut
1170 5201 1242 5256 ab
1272 5200 1784 5275 incomtemptibili
1834 5204 1920 5260 di-

281 5294 545 5360 spectore
604 5291 1005 5345 mandatum»
1056 5289 1295 5362 (Tertul.
1348 5292 1616 5363 Apologet.
1670 5310 1795 5366 cap.
1856 5296 1924 5349 46

280 5395 340 5450 p.
373 5379 519 5450 498).

346 5470 420 5524 At
449 5468 690 5524 saucitae
724 5486 757 5524 a
787 5467 929 5524 solis
981 5468 1327 5526 hominibus
1382 5468 1540 5543 leges
1598 5471 1921 5529 ethicorum

276 5556 451 5629 plane
501 5561 641 5614 sunt
688 5557 1044 5631 imperfectas
1093 5563 1459 5631 possuntque
1518 5560 1590 5616 ab
1648 5563 1925 5621 omnibus

276 5646 520 5721 impune
578 5650 799 5722 sperni,
856 5648 1217 5721 labefactari,
1249 5649 1486 5709 violari:
1529 5656 1672 5711 Nam
1693 5657 1921 5729 quanta,

566 5778 834 5847 Panos.
878 5777 930 5843 ι.

2037 4670 2146 4725 rito
2178 4665 2488 4739 suppliciis
2535 4662 2784 4734 castigat
2815 4662 3019 4735 (lbid.).
3052 4665 3125 4719 At
3172 4662 3418 4732 homini,
3477 4666 3681 4721 contra

2034 4761 2192 4831 leges
2222 4757 2511 4812 humanas
2542 4751 2759 4826 agenti,
2786 4750 3088 4823 contingit,
3118 4756 3182 4807 ut
3223 4752 3564 4824 plerumque,
3599 4752 3683 4810 ait

2034 4850 2253 4905 Auctor
2278 4850 2496 4916 noster,
2520 4844 2579 4898 in
2607 4843 2862 4898 admissis
2896 4840 3219 4910 delitescat,
3251 4840 3339 4897 vel
3361 4841 3494 4898 illas
3515 4858 3680 4915 sper-

2038 4942 2139 4995 nat
2163 4954 2235 4993 ex
2286 4935 2581 5001 voluntate,
2615 4928 2706 4987 vel
2734 4932 3051 4986 necessitate
3090 4930 3452 5002 delinquendi
3508 4931 3676 5002 (Ter-

2036 5027 2269 5083 tullian.
2304 5024 2605 5097 Apologet.,
2652 5037 2775 5092 cap.
2805 5020 2893 5089 45,
2928 5036 2983 5091 p.
3018 5018 3165 5089 497).
3199 5020 3267 5073 Et
3290 5019 3408 5074 hac
3438 5019 3678 5091 quidem

2037 5117 2303 5174 codicum
2337 5118 2669 5169 nostrorum
2692 5114 2749 5165 et
2774 5109 3065 5164 editorum
3123 5109 3298 5164 verba
3328 5109 3412 5164 sic
3462 5108 3677 5164 immu-

2037 5208 2181 5263 tavit
2212 5203 2502 5277 Rigaltius
2528 5219 2539 5256 :
2568 5202 2649 5255 Ea:
2707 5199 3047 5254 involuntaie
3096 5198 3178 5253 vel
3237 5198 3553 5253 necessitate
3587 5197 3677 5252 de-

2039 5296 2328 5368 linquenti.
2350 5293 2458 5349 Sed
2483 5292 2561 5348 ibi
2585 5288 2745 5345 nulla
2768 5288 3024 5342 indicata
3058 5286 3237 5340 ullius
3270 5285 3487 5341 codicis
3522 5287 3682 5342 varia

2036 5384 2307 5454 lectione,
2340 5383 2610 5438 observat
2665 5382 2929 5433 tantum:
2994 5376 3073 5428 Ex
3128 5374 3471 5430 involuntate
3524 5374 3681 5432 idem

2034 5491 2164 5532 esse
2198 5491 2265 5531 ac
2298 5490 2457 5528 casu.
2492 5469 2641 5537 Quid
2665 5483 2823 5538 ergo,
2857 5464 2906 5520 si
2950 5462 3347 5519 Tertullianus
3382 5464 3497 5519 haec
3556 5481 3684 5521 ver-

2034 5566 2130 5634 ba,
2171 5581 2242 5621 ea:
2300 5563 2579 5619 voluntate
2627 5555 2744 5611 illis
2782 5555 3060 5626 opponat,
3120 5552 3211 5607 vel
3265 5568 3335 5609 ex
3363 5556 3688 5611 necessitate

2035 5653 2265 5728 (Ibid)?
2292 5652 2498 5712 Nonne
2526 5642 2621 5706 hic
2651 5645 2810 5705 illius
2842 5656 3054 5702 sensus
3085 5657 3214 5701 esse
3243 5646 3466 5716 potest:
3504 5645 3686 5706 Homo

3341 5773 3418 5833 32
