4158 6336
451 317 605 378 1003

449 541 570 594 tate
599 556 726 610 sua,
758 544 858 595 aut
887 540 1084 611 aliqua
1115 542 1460 598 necessitate
1489 541 1731 615 peccat?

519 631 805 684 Praeterea
833 628 990 702 leges
1019 630 1311 697 humanae,
1355 631 1566 704 inquit,
1601 635 2080 704 pessumdantur,

450 717 750 786 recogitata
783 719 1052 775 brevitate
1081 720 1348 790 supplicii
1377 721 1447 776 ab
1479 720 1818 778 hominibus
1851 740 1967 778 non
1993 721 2086 777 ul-

450 809 544 861 tra
573 811 816 863 mertem
849 808 1170 881 inﬂigendi.
1204 809 1387 872 Quam
1409 811 1482 864 ob
1513 826 1749 868 causam
1774 811 2083 883 Epicurus,

451 895 637 966 pergit
665 895 784 966 ille,
815 912 1033 954 omnem
1077 901 1381 954 cruciatum
1410 899 1753 972 doloremque
1791 900 2082 972 depretiat,

450 985 722 1041 modicam
806 987 1024 1056 quidem
1095 989 1554 1058 contemptibilem
1631 988 2077 1059 pronuntiando,

447 1091 718 1147 magnum
746 1092 892 1144 vero,
914 1093 1022 1132 non
1049 1077 1372 1132 diuturnum
1398 1079 1580 1148 (Idem
1603 1077 1702 1132 lib.
1730 1079 1838 1134 iad
1856 1080 2084 1134 Nation.

449 1180 576 1235 cap.
614 1165 716 1232 10;
750 1165 850 1221 lib.
885 1181 924 1220 ιι
945 1165 1013 1220 ad
1047 1167 1216 1222 Uxor.
1268 1184 1372 1237 cap
1429 1168 1498 1234 3;
1558 1166 1700 1222 lib.1
1755 1166 1878 1222 adv.
1937 1167 2086 1222 Mar-

448 1268 592 1325 cion,
623 1271 672 1310 c.
705 1254 776 1323 6;
811 1255 886 1309 lib
915 1256 986 1310 de
1013 1255 1250 1326 Spectac.
1285 1273 1390 1327 cap
1437 1257 1543 1323 22;
1608 1256 1706 1310 lib.
1769 1254 1842 1311 De
1899 1256 2083 1310 Anim.

448 1359 574 1415 cap.
602 1344 672 1398 24
706 1361 718 1411 ;
755 1343 855 1399 lib.
887 1343 951 1400 de
979 1348 1152 1415 Fuga,
1185 1361 1312 1416 cap.
1349 1345 1456 1414 10).
1490 1343 1675 1399 Verbo
1738 1348 1935 1400 autem
1987 1345 2084 1400 de-

444 1433 656 1501 pretiat
685 1430 782 1488 ille
804 1432 1018 1506 saepius
1049 1434 1251 1502 utitur,
1276 1450 1387 1504 quo
1406 1433 1550 1488 nihil
1573 1432 1732 1488 aliud
1751 1433 2086 1505 signiﬁcare

445 1521 649 1593 voluit,
681 1537 858 1593 quam
903 1525 1188 1579 imminuit
1244 1523 1326 1578 rei
1383 1521 1633 1592 alicujus
1691 1521 1941 1593 pretium
1997 1521 2085 1578 vel

448 1610 938 1683 magnitudinem.
973 1610 1207 1684 Epicuri
1237 1627 1408 1684 porro
1446 1611 1686 1667 effatum
1715 1609 1932 1670 clarius
1988 1627 2086 1666 ex-

448 1699 615 1771 ponit
643 1699 871 1755 Cicero:
905 1722 933 1750 ‹‹
965 1699 1216 1766 Doloris,
1248 1699 1462 1771 inquit,
1498 1699 1928 1755 medicamenta
1985 1697 2087 1754 illa

448 1788 734 1860 Epicurea
756 1793 1040 1860 tanquam
1062 1789 1133 1844 de
1155 1787 1451 1844 narthecio
1475 1792 1773 1859 premant:
1795 1787 1844 1843 si
1867 1786 2082 1859 gravis,

448 1876 678 1946 brevis;
711 1877 762 1932 si
810 1876 1042 1950 longus,
1094 1877 1254 1933 levis.
1293 1899 1320 1927 ››
1360 1875 1511 1932 Alibi
1567 1893 1700 1932 vero
1741 1893 1754 1930 :
1794 1899 1822 1924 «
1863 1874 2086 1931 Doloris

450 1965 913 2040 magnitudinem
943 1966 1222 2022 brevitate
1269 1964 1622 2035 consolatur,
1682 1963 2083 2036 longinquita-

445 2059 565 2110 tem
599 2053 847 2110 levitate.
885 2077 905 2104 ι
942 2054 1117 2110 Plura
1149 2054 1198 2111 si
1229 2053 1451 2126 cupias.
1479 2051 1767 2110 Laertium
1798 2053 1960 2108 adire
1981 2069 2082 2124 po-

443 2142 607 2200 teris.
641 2143 1034 2215 Plutarchum,
1059 2149 1115 2200 et
1145 2143 1288 2200 alios
1313 2144 1514 2214 (Cicer.
1561 2142 1662 2196 lib.
1699 2159 1738 2196 11
1796 2141 1860 2197 de
1913 2142 2078 2211 ﬁnib.

443 2249 500 2305 p.
531 2234 621 2300 55,
653 2233 756 2288 lin.
793 2235 879 2301 10,
911 2238 967 2289 et
995 2234 1096 2288 lib.
1132 2252 1186 2291 ιν
1247 2234 1456 2288 Tuscul.
1509 2248 1566 2302 p.
1625 2233 1746 2297 190,
1799 2231 1903 2284 lin.
1967 2231 2034 2284 49
2064 2247 2077 2298 ;

439 2333 627 2389 Laert.
659 2332 761 2388 lib.
799 2333 864 2387 10
891 2333 958 2388 de
983 2335 1108 2390 Vita
1166 2333 1409 2405 Epicuri,
1439 2333 1465 2399 §
1502 2332 1638 2396 14ος
1673 2330 1924 2385 Plutarc.
1976 2328 2078 2386 lib.

437 2422 673 2480 dePoet.
733 2422 1017 2493 audiend.,
1073 2423 1182 2478 sub
1214 2422 1412 2486 ﬁnem,
1457 2421 1660 2492 p.36).

509 2511 826 2568 Christiani
844 2513 1022 2584 igitur
1033 2527 1167 2569 cum
1187 2528 1460 2566 summan
1480 2511 1676 2582 legum
1691 2523 1934 2564 suarum
1954 2521 2085 2578 per-

443 2601 749 2658 fectionem
772 2606 830 2658 et
851 2602 1255 2658 auctoritatem
1279 2602 1455 2672 probe
1474 2599 2082 2671 cognoscerent,tanta

442 2689 756 2748 sedulitate
783 2707 1004 2748 morem
1021 2689 1106 2746 eis
1131 2690 1434 2761 gerebant,
1465 2693 1528 2744 ut
1553 2685 1872 2760 periclitari
1900 2685 2078 2740 etiam

442 2779 631 2851 capite
661 2778 924 2846 mallent,
955 2795 1134 2850 quam
1165 2777 1389 2849 aliquid
1421 2793 1614 2849 agere,
1647 2774 1802 2846 quod
1839 2771 2081 2828 cuilibet

443 2867 559 2940 legi
585 2867 879 2925 adversari
907 2867 1228 2924 videbaiur.
1254 2869 1333 2922 Ex
1361 2866 1608 2921 inﬁnitis
1641 2868 1836 2920 autem
1867 2878 2075 2934 prepe-

439 2958 682 3014 modum
707 2955 1010 3029 exemplis,
1044 2957 1256 3027 quibus
1289 2956 1345 3011 id
1371 2953 1810 3011 evidentissime
1838 2949 2076 3022 probari

436 3050 650 3119 potest,
683 3063 866 3102 unum
891 3063 1045 3100 nunc
1079 3061 1408 3111 suemmus,
1460 3043 1614 3114 quod
1675 3038 2075 3096 Tertullianus

433 3139 631 3192 noster
661 3138 947 3191 memorat
978 3136 1134 3204 (tom.
1170 3133 1190 3187 Ι
1231 3135 1488 3204 Apparet.
1541 3149 1596 3201 p.
1655 3130 1796 3196 680;
1854 3129 2074 3184 Disser-

432 3233 531 3281 tat.
559 3224 717 3280 914
774 3226 835 3278 in
874 3223 1065 3278 Minut.
1128 3238 1255 3294 cap.
1295 3222 1349 3288 9,
1410 3225 1520 3276 art.
1563 3221 1634 3291 1).
1695 3221 2068 3289 Compertum

433 3314 686 3370 ethnicis
712 3318 836 3369 erat
864 3312 1055 3384 vigere
1087 3312 1243 3382 apud
1269 3312 1505 3367 eosdem
1537 3307 1902 3366 Christianos
1937 3323 2068 3362 eam

432 3403 643 3476 legem,
677 3419 792 3474 qua
819 3401 985 3473 ipsis,
1013 3406 1076 3456 ut
1097 3399 1235 3455 alibi
1266 3399 1809 3468 animadvertimus,
1848 3397 2074 3452 anima-

434 3491 582 3546 lium
615 3489 918 3559 sanguine,
951 3491 1253 3556 suﬁ‘ocatc,
1287 3494 1343 3543 et
1373 3487 1706 3544 morticinio
1738 3489 1862 3541 erat
1891 3484 2074 3539 inter-

441 3578 686 3634 dictum.
719 3579 1108 3641 Quamobrem
1131 3593 1368 3633 summa
1426 3575 1646 3632 ethnici
1701 3573 2073 3645 malignitate

437 3669 583 3724 inter
611 3671 950 3722 tentamenta
976 3661 1433 3731 Christianorum,
1458 3665 1537 3719 ait
1567 3662 1989 3726 Tertullianus,
2013 3660 2072 3714 id

441 3761 550 3824 est,
585 3761 648 3810 ut
676 3772 877 3811 eorum
927 3756 1100 3810 ﬁdem
1125 3759 1180 3808 et
1208 3753 1549 3825 religionem
1592 3756 1886 3807 tentarent
1916 3751 2075 3804 botu-

440 3845 519 3900 los
547 3860 740 3899 cruore
758 3844 1020 3900 distentos
1050 3842 1344 3914 offerebant
1374 3840 1741 3914 (Tertullian.
1794 3840 2072 3911 Apologet.

437 3951 564 4006 cap.
596 3933 651 4000 9,
677 3951 732 4006 p.
763 3934 913 4005 314).
946 3931 1188 3988 Botulus
1221 3937 1441 3998 autem,
1475 3930 1666 4002 inquit
1698 3929 1925 3996 Festus,
1987 3931 2077 3982 est

434 4040 619 4095 genus
651 4022 993 4090 farciminis,
1015 4022 1167 4092 quod
1195 4025 1428 4092 propter
1449 4018 1870 4075 connexionem
1903 4035 1936 4072 a
1966 4018 2070 4074 bo-

434 4111 508 4167 lis
539 4113 624 4168 sic
654 4111 985 4184 appellatur
1005 4111 1200 4180 (Fest,
1236 4109 1336 4164 lib.
1370 4127 1408 4164 ιι
1444 4114 1522 4165 De
1543 4109 1749 4164 verbor.
1778 4107 2066 4179 signi/50.).

434 4204 514 4256 De
541 4199 643 4257 illo
675 4201 849 4256 etiam
881 4200 1002 4256 haec
1035 4205 1175 4255 snnt
1198 4199 1480 4254 Martialis
1512 4198 1813 4253 carmina:

587 4385 682 4443 Qui
712 4384 862 4433 venit
889 4382 1104 4432 botulus
1134 4382 1308 4430 medio
1336 4382 1464 4430 mihi
1495 4385 1732 4444 tempore
1766 4381 2000 4441 brumas;

676 4447 889 4497 Saturni
917 4449 1372 4508 septemiveuerat
1401 4449 1534 4508 aute
1561 4444 1689 4492 dies.

918 4506 1165 4571 (Martial.
1199 4508 1288 4555 lib.
1324 4521 1422 4567 xw,
1455 4507 1614 4570 epigr.
1642 4506 1748 4558 123.

491 4683 721 4741 Ethnici
749 4685 946 4756 itaque
968 4684 1074 4741 hos
1096 4683 1322 4740 botulos
1346 4683 1611 4739 frustulis
1633 4683 2056 4747 carnis,misto-

421 4791 536 4849 que
568 4773 914 4830 animalium
946 4773 1234 4846 sanguine
1265 4774 1561 4828 confectos
1587 4773 1900 4842 oﬁ‘erendo,
1933 4789 2052 4828 cer-

417 4864 594 4920 tiores
629 4862 843 4919 ﬁebant
868 4862 1020 4928 illos,
1055 4880 1087 4916 a
1117 4863 1332 4934 quibus
1393 4862 1831 4932 rejiciebantur,
1889 4862 2051 4917 Chri-

969 317 1490 381 TEBTULLIANI
1538 321 1862 384 OPEllUM
1904 321 2104 384 PARS
2150 323 2197 384 l.
2233 356 2308 367 -
2336 319 2610 383 SERIES
2657 325 2705 396 l,
2750 318 3312 384 APOLOGETICA.

447 465 584 505 reus
623 449 968 522 plerumque
999 452 1302 522 delitescit,
1335 454 1566 524 quando
1611 459 1712 510 aut
1756 471 1826 511 ex
1877 456 2080 512 volun-
2109 467 2156 527 Α

3696 321 3862 384 1004

2789 472 3110 513 ARTICULUS
3151 473 3237 512 Ill.

2193 565 2316 618 Tam
2344 566 2531 638 castos,
2578 565 2751 633 fuisse
2810 563 3297 638 Christianorum,
3324 637 3328 638 ί
3357 579 3523 636 quam
3575 564 3859 638 deprava-

2263 640 2344 690 tos
2363 637 2655 707 gentilium
2678 651 2888 692 mores:
2925 641 3132 707 quanta
3197 635 3660 692 Christianorum
3707 653 3857 707 erga

2263 723 2450 762 omnes
2480 707 2696 762 dilectio
2724 711 2775 762 et
2804 709 3085 769 charitas;
3124 722 3224 762 cur
3250 723 3307 762 se
3338 708 3580 764 invicem
3598 711 3856 779 fratrum

2262 782 2485 834 nomine
2542 779 2915 850 appellarunt,
2975 779 3216 850 ipsisque
3250 780 3439 835 omnia
3468 790 3675 850 praeter
3701 796 3857 836 uxo-

2265 867 2353 905 res
2407 860 2582 906 essent
2644 851 3004 922 communia:
3065 865 3230 921 quam
3288 851 3518 922 impune
3554 853 3765 922 ethnici
3823 868 3859 908 e

2263 924 2540 978 contrario
2565 926 2872 978 secretiora
2901 919 3293 995 fraternitatis
3311 919 3451 992 jura
3485 921 3851 980 violaverim.

2263 1031 2462 1094 Qualis
2493 1047 2790 1102 quamque
2821 1031 2914 1102 pia
2942 1035 3002 1086 et
3031 1035 3236 1086 sancta
3270 1030 3445 1085 fuerit
3473 1029 3846 1088 Christiano-

2194 1137 2324 1175 rum
2357 1119 2584 1175 videndi
2620 1119 2788 1188 ratio,
2820 1124 2885 1174 ut
2913 1117 3311 1175 Tertullianus
3373 1124 3571 1176 noster
3607 1121 3853 1177 demon-

2195 1215 2363 1275 stret,
2395 1209 2630 1276 horum,
2657 1209 3148 1278 ethnicorumque
3168 1224 3360 1264 mores
3389 1214 3709 1281 comparat,
3771 1227 3846 1265 ac

2196 1299 2441 1355 istorum
2474 1303 2592 1354 tam
2623 1301 2858 1354 sanctos
2888 1301 2945 1352 et
2973 1301 3187 1367 castos,
3219 1313 3394 1368 quam
3455 1297 3686 1354 illorum
3738 1299 3850 1355 de-

2196 1392 2467 1460 pravatos
2495 1404 2562 1444 ac
2592 1391 2898 1458 corruptos
2931 1386 3113 1442 fuisse
3169 1385 3501 1442 luculenter
3557 1388 3846 1444 ostendit.

2195 1478 2458 1534 Primum
2505 1478 2662 1534 enim
2691 1477 3028 1545 Christiani,
3061 1477 3292 1533 tametsi
3321 1477 3498 1533 vitam
3530 1494 3664 1534 cum
3708 1479 3844 1535 eth-

2195 1568 2344 1624 nicis
2374 1585 2462 1639 eo,
2497 1585 2611 1640 quo
2643 1567 2919 1635 diximus,
2953 1567 3125 1623 modo
3157 1572 3417 1638 agerent,
3441 1571 3606 1624 tanta
3634 1572 3838 1626 tamen

2194 1656 2494 1712 charitatis
2512 1654 2822 1727 mutuique
2839 1656 3056 1712 amoris
3076 1654 3306 1711 vinculo
3325 1657 3626 1727 conjuncti
3647 1662 3843 1728 erant,

2195 1749 2259 1800 ut
2285 1744 2398 1816 ipsi
2437 1744 2821 1802 infensissimi
2842 1743 3076 1800 illorum
3097 1743 3294 1800 hostes
3311 1744 3531 1801 ethnici
3553 1745 3696 1801 illud
3718 1763 3842 1803 non

2116 1839 2164 1905 B
2194 1832 2490 1903 potuerint
2529 1849 2644 1888 non
2681 1831 2980 1887 admirari.
3014 1831 3226 1896 Quidni
3257 1831 3552 1889 enimvero
3584 1851 3699 1890 non
3733 1835 3842 1890 ad-

2193 1921 2388 1977 mirati
2420 1921 2686 1988 fuissent,
2720 1921 2874 1991 quod
2907 1919 3195 1991 optimum
3239 1925 3644 1992 agnoscentes,
3702 1922 3840 1978 imi-

2191 2010 2301 2066 tari
2333 2027 2448 2066 non
2478 2007 2787 2064 valebant?
2815 2011 3178 2080 Quapropter
3206 2008 3610 2066 Tertullianus
3632 2012 3839 2083 eoszita

2191 2101 2496 2170 loquentes
2553 2098 2904 2165 inducendo,
2973 2102 3248 2153 mutuum
3306 2097 3519 2154 horum
3605 2099 3835 2171 odium,

2191 2188 2686 2260 quemadmodum
2718 2185 3181 2241 Christianorum
3213 2202 3495 2254 amorem,
3528 2189 3829 2260 patefacit.

2189 2277 2282 2333 Sic
2303 2282 2499 2332 autem
2530 2275 2626 2331 ille
2659 2293 2672 2330 :
2711 2298 2738 2326 «
2767 2275 2930 2339 Vide,
2964 2275 3180 2346 inquit,
3212 2281 3277 2331 ut
3304 2275 3552 2332 invicem
3583 2278 3839 2350 diligant

2189 2367 2326 2440 (ipsi
2353 2367 2507 2423 enim
2539 2364 2788 2438 gentiles
2818 2365 3062 2420 invicem
3084 2365 3356 2435 oderunt)
3378 2371 3513 2422 etut
3534 2383 3640 2438 pro
3663 2367 3836 2424 alter-

2190 2461 2320 2511 utro
2351 2456 2528 2511 iidem
2560 2453 2872 2510 Christiani
2903 2452 3050 2509 mori
3081 2453 3200 2510 sint
3230 2455 3437 2524 parati.
3504 2455 3621 2527 Ipsi
3671 2457 3832 2513 enim

2189 2544 2260 2599 ad
2291 2543 2675 2599 occidendum
2693 2541 3038 2596 alterutrum
3062 2541 3379 2611 paratiores
3403 2563 3431 2591 »
3455 2542 3829 2614 (Tertullian,

2186 2633 2462 2704 Apologet.
2490 2649 2614 2704 cap.
2646 2631 2735 2698 39,
2761 2648 2816 2702 p.
2849 2630 2997 2701 467).
3024 2631 3320 2696 Quantum
3351 2633 3545 2686 autem
3576 2632 3830 2703 gentiles

2187 2739 2314 2778 sese
2343 2721 2592 2777 invicem
2621 2719 2870 2787 oderint,
2915 2723 2972 2774 et
2995 2719 3063 2775 ad
3099 2735 3160 2776 se
3217 2723 3420 2775 mutuo
3472 2721 3826 2779 occidendos

2188 2810 2404 2867 fuerint
2433 2809 2639 2882 parati,
2669 2825 2738 2865 ex
2766 2808 2919 2864 infra
2948 2807 3218 2864 dicendis
3236 2807 3616 2866 manifestum
3639 2812 3826 2866 omni-

2187 2901 2296 2956 bus
2328 2901 2446 2955 ﬁet.

2253 2990 2441 3045 Tanta
2460 3004 2590 3044 vero
2611 2991 2735 3044 erat
2751 2987 2879 3059 ipsa
2894 2985 3356 3042 Christianorum
3378 2986 3660 3057 charitas,
3681 2993 3747 3045 ut
3762 3005 3826 3046 se

2185 3083 2408 3145 mutuo,
2441 3082 2506 3133 ut
2534 3078 2658 3147 jam
2693 3076 2831 3131 alibi
2861 3075 3382 3131 animadvertimus
3405 3076 3718 3148 (Dissertat.
3765 3082 3827 3136 in

2101 3197 2144 3264 ρ
2184 3172 2371 3224 Minut
2388 3184 2513 3238 cap.
2541 3166 2627 3232 13,
2644 3170 2752 3221 art.
2769 3166 2843 3237 4),
2867 3165 3096 3264 Fratres
3111 3163 3471 3264 appellarent
3491 3182 3606 3222 non
3632 3165 3827 3224 solum

2180 3257 2367 3329 ipsius
2398 3255 2790 3325 naturaajure,
2812 3270 2926 3326 quo
2955 3253 3132 3310 etiam
3190 3253 3564 3310 ethnicorum
3611 3255 3821 3314 fratres

2181 3347 2330 3402 915
2362 3349 2547 3410 erant,
2579 3343 2679 3399 sed
2742 3340 3113 3415 quadruplici
3173 3341 3418 3413 insuper
3473 3342 3684 3411 titulo;
3748 3362 3816 3402 ac

2183 3435 2371 3507 primo
2402 3433 2664 3505 quidem,
2697 3432 2836 3504 quia
2865 3447 3048 3486 unum
3072 3431 3301 3486 Patrem
3323 3431 3528 3502 Deum,
3563 3433 3823 3492 ethnicis

2181 3523 2566 3594 incognitum,
2607 3526 2708 3577 aut
2755 3520 2826 3574 ab
2856 3520 2940 3576 eis
2998 3520 3368 3591 repudiatum
3421 3529 3816 3594 agnoverant;

2183 3612 2459 3680 secundo,
2491 3608 2700 3664 Christi
2733 3607 3013 3680 religione
3043 3607 3275 3675 imbuti,
3322 3625 3498 3664 unum
3554 3612 3816 3683 spiritum

2184 3702 2436 3756 biberunt
2490 3699 2800 3754 sanctitatis
2849 3695 3205 3768 (Tertullian.
3266 3698 3366 3752 loc.
3417 3700 3552 3767 cit.;
3622 3703 3814 3772 tertio,

2184 3789 2322 3862 quia
2350 3789 2421 3844 de
2440 3804 2554 3844 uno
2577 3785 3190 3858 uteroignorantiaa,in
3213 3801 3330 3856 qua
3342 3789 3602 3843 nondum
3620 3789 3820 3861 agnito

2182 3895 2315 3934 vero
2347 3879 2480 3942 Deo,
2511 3876 2572 3930 in
2603 3875 2768 3931 tetris
2794 3873 3154 3930 idololatriae
3212 3875 3470 3931 tenebris
3492 3877 3698 3934 tandiu
3722 3879 3823 3950 ja-

2182 3974 2438 4035 cueranl,
2471 3962 2542 4019 ad
2573 3979 2742 4018 unam
2771 3963 2947 4017 lucem
2974 3966 3311 4034 expaverunt
3364 3965 3642 4021 veritatis.
3701 3966 3818 4022 Ob-

2181 4053 2489 4127 stupetacti
2517 4052 2731 4124 quippe
2761 4055 2948 4120 erant,
2982 4051 3137 4122 quod
3166 4060 3338 4107 antea
3367 4068 3483 4108 non
3542 4070 3819 4126 cognove-

2178 4146 2295 4199 rint
2326 4141 2786 4199 absurdissimos
2825 4155 3050 4195 errores
3104 4156 3265 4208 suos,
3323 4157 3429 4196 nec
3477 4159 3818 4216 supremum

2179 4239 2378 4298 Deum,
2404 4246 2578 4303 quem
2595 4227 2681 4284 vel
2705 4227 2849 4294 solo,
2873 4225 3044 4284 sicuti
3062 4244 3240 4300 supra
3253 4229 3814 4304 ostendimus(supr.

2175 4340 2300 4394 cap.
2331 4325 2384 4388 5,
2421 4325 2530 4376 art.
2561 4318 2634 4389 1),
2667 4317 3034 4374 conscientia
3055 4334 3174 4372 sua:
3231 4316 3455 4375 lumine
3484 4325 3543 4375 et
3572 4320 3814 4379 stimulo

2171 4411 2258 4467 vel
2292 4409 2457 4465 inviti
2487 4423 2691 4464 omnes
2722 4421 3034 4477 agnoscere
3065 4407 3439 4478 cogebantur.

2241 4501 2455 4564 Quarto
2489 4496 2740 4567 denique
2763 4493 2934 4550 titulo
2965 4511 3093 4550 sese
3112 4494 3362 4552 fratrum
3401 4496 3634 4554 nomine
3655 4513 3812 4555 com-

2093 4571 2138 4634 Π
2170 4589 2483 4661 pellebant,
2507 4589 2666 4656 quia,
2695 4584 2886 4656 inquit
2914 4583 3106 4640 adhuc
3125 4585 3346 4641 Auctor
3361 4589 3809 4653 noster,exsub-

2162 4680 2369 4735 stantia
2397 4676 2671 4748 familiari
2693 4676 2897 4744 fratres
2925 4689 3116 4729 sumus
3148 4673 3410 4744 (Tertull.
3443 4676 3627 4748 ibid.).
3660 4677 3806 4734 Nam

2163 4767 2312 4823 hanc
2341 4767 2492 4821 inter
2521 4781 2583 4820 se
2623 4762 2809 4819 multo
2837 4761 3110 4834 amplius,
3135 4779 3314 4833 quam
3336 4763 3546 4820 fratres
3575 4780 3808 4836 germa-

2163 4857 2243 4922 ni,
2269 4855 2470 4928 partiri
2501 4852 2783 4910 solebant.
2819 4850 2942 4907 Uno
2978 4851 3149 4908 verbo
3181 4852 3404 4924 omnia,
3435 4852 3518 4910 ait
3573 4855 3804 4910 Tertul-

412 4952 615 5009 stiana
646 4951 943 5024 religionis
973 4968 1102 5007 esse
1134 4967 1330 5005 revera
1362 4957 1698 5005 sectatores.
1729 4954 1875 5007 Cum
1915 4969 2048 5008 vero
2158 4943 2351 5000 lienus
2385 4944 2598 5013 (Ibid),
2627 4941 2782 5013 apud
2814 4941 2973 5012 ipsos
3003 4939 3177 5012 plane
3197 4946 3366 4998 erant
3385 4941 3706 5000 indiscreta
3734 4960 3802 5001 ac

411 5058 510 5098 eos
539 5045 900 5114 respuerent,
925 5041 1117 5112 palam
1150 5039 1422 5094 omnibus
1451 5040 1737 5094 faciebant
1780 5057 1841 5096 se
1875 5041 2048 5097 malle
2157 5034 2512 5089 communia.

408 5130 614 5203 capitis
645 5131 844 5187 subire
875 5129 1200 5202 periculum
1251 5146 1424 5198 quam
1481 5128 1705 5200 legibus
1763 5130 1887 5183 suis
1937 5146 2044 5184 un-

2223 5131 2372 5186 Tum
2394 5129 2575 5203 igitur
2607 5147 2675 5184 ea
2699 5126 2925 5198 sedulo,
2959 5130 3023 5181 ut
3067 5124 3392 5197 plurimum
3426 5128 3634 5185 saltem
3693 5131 3794 5186 ob-

402 5237 578 5291 quam
610 5221 906 5292 refragari.
933 5224 1129 5290 Neque
1168 5218 1304 5273 huic
1351 5222 1580 5272 tantum
1642 5217 1891 5288 aliisque
1941 5218 2042 5273 Dei
2153 5220 2480 5287 servabant,
2515 5236 2641 5290 quae
2673 5218 2744 5274 de
2774 5214 2980 5288 primis
3009 5213 3354 5272 Christianis
3387 5217 3682 5274 memoria
3734 5219 3795 5275 in

400 5324 466 5363 ac
486 5309 701 5364 Christi
733 5309 982 5380 legibus,
1017 5308 1116 5363 sed
1152 5307 1330 5378 hujus
1351 5305 1526 5362 etiam
1554 5306 1814 5362 consiliis
1839 5305 2042 5377 pleris-

397 5412 510 5467 que
540 5396 837 5465 omnibus,
869 5396 1103 5452 etiamsi
1134 5396 1207 5450 iis
1241 5412 1355 5450 non
1388 5395 1650 5466 obligati,
1685 5395 1886 5449 eadem
1946 5411 2036 5451 se-

2149 5307 2382 5363 Actibus
2400 5307 2813 5380 Apostolorum
2845 5303 3143 5376 proditum
3174 5303 3469 5376 legimus:
3506 5327 3531 5358 α
3592 5306 3789 5362 Multi-

2145 5396 2367 5452 tudinis
2397 5395 2761 5452 oredentium
2783 5398 2908 5449 erat
2928 5409 3027 5448 cor
3044 5408 3230 5447 unum
3251 5397 3308 5448 et
3331 5393 3529 5449 anima
3543 5412 3793 5466 una,nec

394 5483 644 5541 dulitate
674 5486 976 5558 parebant.
1011 5485 1223 5540 Verum
1256 5484 1376 5540 haec
1412 5483 1724 5554 unicuique
1783 5484 2032 5540 clariora
2145 5484 2463 5557 quisquam
2494 5501 2721 5550 eorum,
2754 5499 2882 5556 quas
2914 5481 3298 5553 possidebant
3325 5481 3550 5554 aliquid
3608 5500 3785 5540 suum

394 5574 536 5628 ﬁent
563 5589 632 5629 ex
657 5573 770 5641 his,
799 5590 927 5644 quae
958 5574 1028 5628 de
1069 5572 1303 5628 illorum
1330 5572 1592 5629 moribus
1635 5589 1669 5628 a
1724 5571 2029 5629 Tertullia-

395 5676 470 5716 no
511 5660 745 5733 tradita,
778 5677 933 5718 nunc
955 5663 1294 5735 exponenda
1323 5666 1480 5718 sunt.

2142 5574 2388 5645 dicebat,
2422 5574 2524 5630 sed
2551 5576 2718 5630 erant
2744 5572 2864 5630 illis
2893 5570 3092 5627 omnia
3120 5571 3459 5627 communia
3489 5593 3519 5620 »
3550 5572 3663 5628 Act.
3704 5588 3784 5645 ιν,

2137 5665 2250 5739 32).
2283 5666 2362 5723 De
2384 5682 2502 5724 suis
2531 5665 2709 5723 etiam
2738 5663 2927 5723 aetatis
2955 5661 3306 5722 Christianis
3331 5664 3592 5723 Iraeneus
3618 5661 3784 5724 hunc
