4158 6324
347 335 501 399 1006

338 826 538 882 lariter
568 830 625 882 et
659 826 840 882 libere
870 826 1078 881 dantes
1109 839 1195 892 ea,
1228 839 1342 878 non
1379 839 1509 894 quae
1538 826 1680 878 sunt
1740 821 1987 888 minora,

339 920 535 987 utpote
567 918 855 987 majorum
897 931 1061 987 spem
1094 913 1398 979 habentes,
1435 911 1606 966 vidua
1636 910 1735 965 illa
1762 916 1819 966 et
1851 928 1987 982 pau-

337 1022 470 1077 pere
504 1005 599 1061 hic
632 1011 820 1061 totum
851 1004 1071 1060 victum
1105 1020 1279 1058 suum
1312 1002 1576 1056 mittente
1609 1000 1667 1055 in
1698 999 1983 1073 gazophy-

336 1094 553 1149 tacium
591 1094 937 1166 Dei»(lren.
972 1092 1073 1148 lib.
1123 1109 1179 1147 IV
1240 1094 1422 1147 Contr.
1475 1090 1667 1147 haeres.
1715 1107 1841 1162 cap.
1896 1091 1981 1158 18,

334 1201 464 1255 pag.
499 1185 625 1255 250,
659 1200 780 1240 nov.
813 1183 987 1251 edit.).

404 1273 731 1345 Cyprianus
765 1278 982 1342 tamen,
1018 1270 1364 1326 Tertulliani
1400 1268 1827 1341 discipulus,de
1852 1270 1977 1339 jam

331 1363 647 1419 imminuta
676 1362 873 1426 illa,de
904 1379 1020 1434 qua
1056 1361 1247 1416 adhuc
1280 1359 1977 1433 postea,Christianorum

326 1451 614 1508 charitate
637 1451 727 1507 his
760 1451 950 1506 verbis
982 1449 1399 1521 conqueritur;
1429 1472 1455 1499 ‹‹
1482 1449 1696 1504 Domos
1727 1452 1866 1503 tunc
1924 1452 1979 1503 et

328 1542 541 1597 fundos
570 1541 1007 1608 venundabant,
1039 1544 1095 1595 et
1124 1539 1429 1595 thesauros
1461 1537 1571 1594 sibi
1604 1537 1661 1593 in
1694 1536 1838 1593 coelo
1890 1553 1976 1592 re-

327 1634 631 1702 ponentes,
662 1630 1073 1687 distribuenda
1106 1630 1161 1684 in
1196 1646 1340 1685 usus
1370 1627 1759 1699 indigentium
1792 1626 1978 1699 pretia

324 1718 609 1791 apostolis
635 1719 979 1775 offerebant.
1001 1720 1073 1773 At
1117 1736 1271 1774 nunc
1330 1719 1401 1775 de
1461 1716 1813 1790 patrimonio
1872 1732 1975 1771 nec

322 1807 579 1864 decimas
611 1809 853 1876 damus;
890 1813 946 1864 et
976 1825 1109 1863 cum
1134 1809 1386 1864 vendere
1410 1808 1617 1879 jubeat
1667 1805 1971 1874 Dominus,

321 1898 575 1953 emimus
604 1898 823 1969 potius,
855 1903 910 1952 et
942 1914 1249 1968 augemus.
1284 1898 1374 1951 Sic
1398 1896 1457 1952 in
1490 1895 1659 1951 nobis
1693 1895 1973 1951 emarcuit

320 1985 514 2058 virgor
544 1986 698 2052 ﬁdei,
733 1987 816 2041 sic
848 1986 1210 2041 credentium
1241 1986 1421 2041 robur
1472 1984 1734 2058 elanguit
1758 2008 1786 2033 ››
1846 1983 1970 2056 (Cy-

319 2075 508 2145 prian.
542 2076 606 2130 de
635 2077 779 2131 unit.
814 2076 1013 2131 Eccles.
1049 2092 1179 2147 pag.
1216 2075 1320 2131 119
1348 2080 1403 2130 et
1435 2092 1596 2147 seqq.
1623 2075 1762 2130 lnfr.
1838 2091 1965 2146 cap.

312 2163 401 2234 15,
435 2168 549 2219 art.
579 2166 657 2235 2).
689 2164 816 2220 Alio
848 2171 1043 2221 autem
1076 2166 1135 2220 in
1192 2164 1341 2221 libro
1403 2182 1608 2221 rursus
1668 2163 1967 2237 proposito

311 2252 637 2324 primorum
703 2253 1167 2311 Christianorum
1227 2253 1489 2327 exemplo
1548 2270 1662 2312 non
1733 2253 1878 2325 petit
1936 2270 1969 2309 a

315 2342 463 2410 suis,
497 2348 561 2398 ut
590 2344 947 2416 patrimonia
979 2346 1310 2417 fundosque
1326 2362 1465 2401 suos
1512 2345 1802 2400 vendant:
1864 2344 1965 2399 sed

316 2432 465 2503 «qui
497 2449 822 2503 possessor,
874 2434 1089 2505 inquit,
1142 2434 1365 2490 reditus
1417 2451 1482 2489 ac
1535 2435 1759 2490 fructus
1827 2452 1965 2490 suos

319 2536 452 2576 cum
486 2521 849 2578 fraternitate
881 2523 1156 2594 partitur,
1207 2523 1349 2578 dum
1393 2521 1807 2595 largitionibus
1832 2541 1965 2595 gra—

319 2608 487 2665 tuitis
519 2610 854 2667 communis
884 2628 951 2667 ac
974 2612 1179 2682 justus
1210 2616 1318 2681 est,
1353 2612 1449 2667 Dei
1474 2613 1675 2681 Patris
1706 2613 1967 2669 imitator

319 2704 427 2754 est.
466 2700 722 2770 n(ldem,
780 2700 846 2756 de
913 2705 1081 2772 Oper,
1118 2706 1167 2756 et
1222 2702 1562 2774 Eteemosyn.
1623 2719 1756 2775 pag.
1815 2703 1963 2773 208).

317 2787 520 2843 Nonne
553 2805 690 2861 ergo
725 2793 783 2845 et
814 2790 941 2862 ipse
974 2808 1209 2862 quoque
1237 2791 1634 2847 Tertullianus
1659 2796 1856 2848 noster
1897 2792 1967 2848 de

314 2877 523 2933 iisdem
555 2877 717 2950 loqui
748 2879 980 2935 videtur
1011 2882 1297 2936 bonorum
1331 2882 1764 2953 fundorumque
1813 2881 1964 2937 redi-

314 2966 492 3034 tibus,
526 2984 675 3038 quos
691 2967 869 3023 sinon
895 2969 1376 3041 0mnes,plurimi
1406 2970 1617 3026 saltem
1650 2970 1967 3026 Christiani

318 3072 453 3111 cum
487 3055 615 3111 aliis
647 3058 907 3113 maxima
936 3057 1289 3115 liberalitate
1320 3061 1856 3116 communicabant.

390 3146 480 3200 Ab
504 3161 573 3201 ea
600 3163 734 3202 vero
752 3164 1034 3219 perquam
1061 3148 1405 3220 longissime
1426 3150 1670 3205 aberant
1699 3149 1966 3221 gentiles,

321 3235 421 3307 qui
446 3241 680 3308 propter
710 3255 817 3293 sua
844 3239 996 3294 bona
1018 3240 1441 3296 fraternitatem
1462 3258 1693 3297 omnem
1725 3242 1965 3297 dirime-
1999 3233 2042 3299 C

323 3326 484 3397 bant,
518 3333 692 3401 atque
722 3328 942 3386 idcirco
976 3349 1331 3404 magnopere
1363 3334 1747 3403 mirabantur,
1818 3336 1969 3405 quod

318 3418 498 3484 nulla,
533 3419 613 3473 ait
644 3419 856 3475 iterum
890 3420 1312 3491 Tertullianus,
1364 3422 1427 3478 de
1469 3432 1652 3478 nostra
1701 3425 1971 3494 fraterni-

321 3510 432 3562 tate
478 3508 632 3563 916
691 3510 955 3580 tragaedia
1006 3512 1280 3567 exclamat
1353 3512 1615 3584 (Tertull.
1690 3516 1969 3586 Apologet.

323 3613 449 3667 cap.
480 3597 573 3666 39,
617 3616 673 3670 p.
708 3600 855 3671 431).
888 3600 1033 3665 Quid
1066 3602 1223 3657 enim
1260 3604 1627 3674 frequentius
1654 3603 1711 3657 in
1761 3608 1970 3675 tragoe-

324 3686 458 3757 diis,
492 3704 670 3759 quam
704 3690 774 3744 de
826 3691 1116 3761 perfracta
1172 3692 1246 3747 ab
1298 3692 1549 3748 ethnicis
1611 3694 1973 3748 fraternitate

324 3776 785 3833 exclamationes
809 3780 1142 3851 ‘IAtprzeter
1164 3786 1400 3837 caeteras
1420 3782 1476 3836 in
1500 3799 1569 3838 ea
1599 3783 1972 3853 potissimum

327 3866 868 3938 deprehenduntur,
902 3886 1079 3939 quam
1113 3871 1333 3926 Seneca
1364 3871 1433 3926 de
1452 3874 1623 3927 Atreo
1655 3877 1711 3927 et
1730 3873 1975 3944 Thyeste

326 3956 676 4026 composuit.
704 3958 843 4023 Quis
876 3957 1033 4013 enim
1066 3959 1289 4015 nesciat
1338 3961 1395 4014 in
1454 3977 1522 4015 ea
1570 3961 1973 4032 repraesentari

326 4045 580 4100 fabulam
612 4046 686 4101 ab
716 4046 971 4117 Horatio,
1007 4047 1489 4119 Ovidio,aliisque
1517 4050 1733 4122 saepius
1762 4051 1973 4105 deean-

324 4136 529 4203 tatam,
564 4150 680 4204 qua
741 4133 1033 4191 tinxerant
1092 4136 1403 4209 Thyestem
1450 4138 1524 4192 ab
1578 4140 1749 4194 Atreo
1798 4139 1976 4194 fratre

325 4238 453 4293 suo,
484 4224 655 4294 cujus
686 4241 924 4280 uxorem
948 4230 1331 4298 stupraverat,
1397 4243 1573 4299 regno
1631 4227 1971 4299 spoliatum,

325 4312 613 4385 datosque
643 4314 695 4370 ei
719 4314 870 4370 filios
898 4314 955 4369 in
984 4315 1244 4371 convivio
1267 4318 1679 4373 comedendos.
1730 4317 1810 4373 De
1867 4317 1975 4373 hac

329 4403 485 4458 enim
520 4403 783 4460 horribili
808 4404 1091 4477 tragcedia
1119 4405 1394 4462 Horatius
1416 4407 1658 4462 canebat
1684 4423 1695 4460 :

541 4540 652 4604 Nec
678 4554 873 4602 pueros
902 4553 1082 4589 coram
1118 4542 1319 4604 popufo
1341 4541 1525 4591 Medea
1557 4541 1797 4591 trucidet.

506 4602 611 4652 Aut
642 4601 881 4652 humana
912 4604 1087 4666 palam
1118 4601 1314 4666 coquat
1343 4608 1465 4653 exta
1495 4605 1734 4653 nefarius
1762 4606 1973 4654 Atrens.

917 4667 1139 4728 (Horat,
1173 4667 1237 4716 de
1254 4667 1367 4715 Art.
1398 4669 1531 4729 poet.
1562 4681 1610 4718 v.
1659 4668 1788 4729 185.)

327 4802 398 4851 At
436 4796 649 4855 belluis
678 4799 822 4872 ipsis
855 4800 1101 4857 diriores
1161 4802 1378 4857 ethnici
1420 4802 1569 4858 hanc
1628 4801 1968 4874 tragoediam

324 4903 556 4942 summa
586 4905 717 4945 cum
744 4891 1039 4962 voluptate
1070 4892 1440 4964 spectabant,

399 4975 608 5032 Verum
639 4978 956 5035 Christiani
990 4982 1061 5036 ab
1094 4981 1254 5037 hisce
1306 4980 1678 5053 spectaculis,
1738 4980 1969 5036 sceleri-

327 5064 461 5133 bus,
491 5070 550 5119 et
579 5065 903 5123 alienorum
935 5070 1220 5126 bonorum
1247 5072 1541 5137 aviditate,
1567 5074 1647 5126 ita
1694 5071 1967 5127 abhorre-

326 5152 486 5217 bant,
518 5156 581 5206 ut
602 5154 748 5209 nihil
802 5156 972 5226 plane
1024 5159 1431 5231 indiscretum,
1482 5164 1635 5215 sicut
1692 5160 1966 5231 diximus,

328 5240 625 5309 haberent,
682 5253 884 5313 praeter
930 5263 1147 5304 uxores.
1216 5250 1360 5307 Nam
1413 5249 1523 5303 «in
1583 5250 1717 5316 isto,
1778 5250 1971 5321 inquit

322 5328 741 5399 Tertullianus,
784 5333 907 5389 solo
948 5338 1309 5394 consortium
1368 5337 1672 5404 solvimus,
1730 5339 1787 5393 in
1849 5357 1964 5411 quo

317 5419 443 5475 solo
475 5421 667 5476 caeteri
711 5421 979 5479 homines
1022 5427 1385 5482 consortium
1445 5431 1760 5482 exercent»
1803 5430 1966 5496 (Ter-

317 5508 448 5564 tull.
482 5510 756 5582 Apotoget.
792 5528 922 5583 cap.
953 5514 1042 5581 39,
1103 5531 1233 5586 pag.
1294 5516 1441 5587 431),
1507 5532 1646 5571 suas
1704 5516 1969 5573 videlicet

326 5616 532 5655 uxores
582 5599 713 5657 aliis
769 5602 1072 5673 tradendo,
1134 5608 1234 5659 aut
1301 5602 1446 5660 alias
1515 5607 1963 5677 corrumpendo.

327 5688 438 5747 Sed
468 5690 589 5748 haec
615 5689 676 5748 in
693 5692 1079 5765 sequentibus
1109 5693 1374 5755 articulis
1404 5693 1892 5754 examinabimus.

1264 329 1335 390 D.
1386 329 1481 389 LE
1526 328 1849 391 NOURRY
1895 330 2550 401 OBSERVATIONES
2598 340 2857 403 NOVIE.

338 467 579 542 scripsit
608 467 667 523 in
703 468 944 523 modum
975 481 988 519 :
1015 487 1042 515 ‹‹
1069 462 1153 519 Illi
1177 462 1442 535 quidem,
1474 462 1682 534 Judaei,
1734 462 1994 521 decimas
2025 474 2079 540 Α
2144 494 2153 497 ν

339 575 584 615 suorum
618 560 992 614 consecratas
1024 555 1357 610 habebant:
1396 552 1495 624 qui
1554 557 1747 608 autem
1796 569 1990 624 perce-

339 652 552 721 perunt
582 647 935 711 libertatem,
974 645 1029 699 id
1083 649 1171 700 est
1228 642 1565 708 Christiani,
1618 643 1817 697 omnia
1864 660 1991 714 quas

336 742 479 794 sunt
512 736 795 809 ipsorum,
831 736 902 791 ad
926 733 1263 790 Dominicos
1296 733 1617 787 decernunt
1674 748 1839 797 usus,
1900 732 1989 786 hi-

3603 343 3759 409 1006

2713 490 3035 532 ARTICULUS
3065 491 3140 532 ιν.

2106 558 2421 636 Ostenditur
2464 569 2670 636 quanta
2720 567 2891 635 fuerit
2939 566 3382 622 Christianorum
3455 566 3697 636 noema

2172 635 2419 709 castitas,
2452 635 2502 690 et
2533 654 2693 707 quam
2722 647 2931 692 certum
2958 640 3032 694 sit
3061 638 3247 708 plures
3298 640 3356 692 in
3410 635 3756 709 υἱνσῑῖῐααέιε

2171 708 2330 782 statu
2366 708 2444 762 ad
2500 704 2727 763 inertem
2787 726 2955 781 usque
3005 704 3419 782 perseverasse:

2172 776 2238 853 ab
2262 777 2353 853 [iis
2381 781 2625 836 moribus
2654 776 2898 837 abessent
2945 776 3167 848 ethnici,
3226 784 3373 838 inter
3422 776 3553 853 qu'os
3616 780 3752 839 Cato

2167 851 2219 973 fit
2251 850 2495 973 (Socrates
2525 870 2652 907 suas
2702 870 2902 910 uxores
2958 858 3156 911 cynicis
3216 856 3275 909 in
3320 850 3750 911 matrimonium

2206 936 2249 973 et
2272 931 2449 978 erunt.

2206 936 2449 978 eaerunt.

2166 1042 2289 1105 Qua
2311 1046 2583 1103 severiori
2614 1047 2740 1120 lege
2782 1047 3140 1104 adulterium
3201 1048 3311 1105 sibi
3368 1048 3747 1107 interdictum

2094 1130 2278 1187 fuisse
2309 1140 2589 1191 noverant
2617 1136 2955 1200 Christiani,
2998 1154 3063 1193 eo
3100 1138 3310 1209 majori
3369 1155 3510 1195 cura
3548 1140 3746 1196 datam

2093 1222 2367 1293 conjugio
2419 1226 2593 1281 ﬁdem
2664 1229 2996 1283 servabant.
3066 1228 3455 1294 Quamobrem
3541 1244 3744 1285 omnes
3816 1282 3825 1285 _
3932 1278 3937 1279 κ

2092 1308 2453 1369 Christianos
2484 1316 2762 1385 conjuges
2795 1318 3245 1388 diligentissima,
3275 1317 3469 1389 inquit
3514 1317 3744 1373 Tertul-

2090 1397 2376 1466 lianus,et
2405 1404 2729 1473 ﬁdelissima
2756 1408 2981 1461 castitas
3011 1444 3027 1462 .
3078 1449 3089 1460 .
3128 1451 3141 1463 .
3182 1449 3194 1463 .
3238 1449 3249 1462 .
3284 1408 3351 1463 ab
3402 1410 3627 1479 stupris,
3688 1416 3743 1465 et

2088 1488 2155 1541 ab
2187 1494 2338 1545 omni
2356 1504 2483 1563 post
2517 1496 2937 1551 matrimonium
2966 1512 3188 1552 excessu
3246 1496 3504 1568 sapiebat
3561 1498 3729 1568 (Ibid.

2087 1592 2214 1648 cap.
2237 1578 2290 1645 9,
2325 1596 2459 1653 pag.
2492 1583 2638 1654 314).
2672 1584 2871 1656 Neque
2932 1584 2989 1639 id
3040 1602 3073 1640 a
3132 1585 3303 1641 nobis
3346 1602 3501 1641 nunc
3544 1587 3737 1643 fusius

2086 1667 2477 1737 probandum,
2531 1675 2682 1742 quod
2744 1689 2813 1729 ex
2869 1673 3008 1729 alibi
3061 1674 3234 1731 dictis
3292 1676 3616 1746 (Dissertat.
3676 1677 3737 1732 in

2084 1756 2329 1814 Lactant.
2363 1777 2490 1833 cap.
2523 1762 2614 1831 27,
2647 1768 2755 1819 art.
2788 1765 2823 1817 5
2846 1768 2900 1820 et
2921 1766 2999 1835 6),
3025 1768 3201 1836 atque
3232 1764 3384 1821 infra
3443 1765 3732 1838 dicendis,

2003 1860 2051 1926 Β
2085 1845 2231 1901 nulli
2262 1848 2511 1906 dubium
2532 1868 2661 1908 esse
2691 1857 2902 1923 potest.

2149 1938 2220 1990 At
2242 1954 2357 1993 non
2391 1940 2558 2010 pauci
2592 1942 2830 2012 quidem
2864 1959 3046 2015 supra
3072 1941 3336 1999 divinum
3389 1942 3535 1999 illud
3587 1960 3733 2015 pran-

2078 2029 2313 2096 ceptum
2346 2045 2515 2100 agere
2538 2029 2762 2101 aliquid
2821 2031 3146 2103 cupientes,
3206 2049 3309 2103 per
3365 2032 3547 2088 totius
3607 2033 3729 2089 vitm

2078 2129 2197 2169 sua:
2218 2116 2574 2174 curriculum
2594 2119 2651 2175 in
2666 2119 2939 2176 caelibatu
2952 2126 3011 2176 et
3035 2120 3364 2193 virginitate
3386 2138 3729 2193 permanere

2076 2210 2631 2263 consueverant.Sed
2650 2210 3422 2282 andias,quaaso,Auctorem
3454 2213 3724 2268 nostrum

2076 2291 2195 2347 haec
2247 2295 2373 2350 suis
2436 2298 2627 2353 verbis
2677 2305 3090 2355 enarrantem:
3145 2298 3450 2362 «Quidam
3536 2298 3725 2356 multo

2076 2382 2401 2441 securiores
2432 2390 2613 2442 totam
2645 2388 2760 2443 vim
2786 2388 2965 2459 hujus
2989 2389 3436 2457 erroris,contra
3466 2388 3731 2460 conjugii

2068 2470 2228 2540 jura,
2252 2473 2474 2546 virgine
2505 2478 2869 2533 continentia
2901 2470 3223 2549 depellunt,
3285 2494 3454 2533 senes
3513 2477 3731 2550 pueri»

2077 2560 2333 2627 (Tertull.
2365 2563 2475 2620 loc.
2502 2566 2653 2636 cit.),
2686 2567 2743 2621 id
2777 2572 2886 2637 est,
2920 2584 2953 2622 a
3013 2566 3203 2639 prima
3260 2566 3520 2639 pueritia:
3566 2570 3738 2623 astate

2076 2650 2146 2703 ad
2171 2666 2465 2708 summam
2496 2671 2685 2727 usque
2726 2660 3110 2726 senectutem,
3157 2660 3213 2711 et
3271 2656 3545 2711 ultimum
3598 2656 3731 2713 vita

2076 2738 2349 2810 spiritum
2370 2741 2656 2799 illibatam
2680 2746 3106 2801 conservabant
3136 2743 3733 2817 virginitatemNerm

2076 2828 2233 2883 enim
2266 2830 2647 2903 philosophia
2682 2838 3028 2901 sectatores,
3063 2834 3151 2889 ait
3182 2832 3469 2889 Eusebius
3500 2833 3729 2897 (Euseb.

2079 2918 2227 2973 Orat.
2259 2919 2325 2975 de
2344 2921 2515 2977 Laud.
2542 2922 2887 2979 Constantin.
2925 2940 3051 2995 cap.
3088 2924 3174 2993 17,
3210 2940 3342 2995 pag.
3388 2923 3538 2991 661),
3598 2921 3729 2979 Dei-

2078 3024 2191 3078 que
2230 3009 2484 3066 cultores
2538 3012 2667 3079 viri,
2718 3031 2894 3069 sacrae
2955 3011 3258 3081 mulieres,
3316 3017 3372 3067 et
3427 3011 3723 3083 virginum

2076 3096 2260 3168 chori,
2295 3100 2579 3157 aChristo
2612 3102 2936 3158 didicerant
2966 3118 3095 3157 sese
3140 3100 3318 3157 etiam
3372 3116 3476 3173 per
3530 3100 3724 3155 horri-

2080 3186 2227 3243 biles
2250 3192 2725 3259 persecutionum
2771 3191 3057 3264 procellas
3118 3190 3386 3247 addicere
3433 3194 3723 3262 perpetua

2080 3276 2260 3331 animi
2293 3280 2671 3352 corporisque
2702 3280 3065 3336 castitati.De
3087 3280 3194 3335 hac
3218 3283 3415 3335 autem
3448 3282 3733 3350 perpetua

2083 3365 2467 3436 plurimorum
2503 3370 2965 3425 Christianorum
2997 3371 3265 3425 castitate
3289 3372 3348 3424 et
3397 3367 3737 3439 virginitate

2083 3458 2474 3515 disseruimus
2508 3461 2564 3515 in
2598 3462 3002 3533 superioribus
3035 3460 3551 3517 dissertationibus
3579 3458 3735 3513 917

2085 3547 2301 3603 nostris
2332 3551 2588 3618 (Dissert.
2624 3554 2683 3606 in
2714 3552 2907 3606 Minut.
2943 3568 3069 3623 cap.
3107 3552 3198 3619 10,
3220 3550 3414 3617 artJ;
3450 3550 3740 3605 Dissertat.

2085 3638 2142 3690 in
2166 3638 2411 3693 Lactant.
2439 3657 2565 3710 cap.
2592 3641 2682 3709 27,
2716 3645 2827 3695 art.
2861 3643 2939 3709 6).

2159 3726 2374 3782 Verum
2406 3729 2477 3783 ab
2512 3728 2620 3784 hac
2673 3730 2938 3801 corporis
2999 3728 3351 3785 castimonia
3397 3725 3743 3799 longissime

2083 3818 2293 3873 remoti
2326 3823 2491 3873 erant
2524 3819 2795 3890 gentiles.
2829 3820 2953 3875 Non
2982 3818 3176 3875 solum
3200 3818 3357 3874 enim
3414 3818 3741 3886 amicarum,

2084 3907 2278 3978 inquit
2303 3907 2724 3977 Tertullianus,
2775 3911 3137 3965 matrimonia
3194 3916 3487 3979 usurpant,
3542 3906 3634 3960 sed
3684 3908 3741 3960 et

2082 4012 2185 4051 sua
2242 3998 2434 4053 amicis
2491 4000 2894 4067 patientissime
2966 3999 3401 4054 subministrant
3467 3991 3735 4067 (Tertull.

2083 4084 2362 4156 Apotoget.
2397 4103 2522 4159 cap.
2557 4088 2805 4159 39,pag.
2866 4088 3009 4159 467).
3068 4087 3191 4142 Duo
3237 4090 3435 4140 autem
3490 4082 3570 4138 ibi
3630 4098 3730 4138 no-

2083 4178 2168 4229 tat
2196 4174 2418 4231 violatae
2444 4194 2476 4231 a
2498 4176 2817 4247 gentilibus
2840 4175 3129 4231 castitatis
3178 4172 3417 4246 ﬂagitia.
3470 4171 3733 4228 Primum

2083 4269 2173 4319 est
2204 4264 2624 4321 adulterorum.
2660 4265 2759 4337 qui
2792 4264 3049 4337 geniales
3082 4264 3404 4320 amicorum
3445 4261 3735 4318 aliorum‘

2086 4370 2197 4424 que
2230 4358 2385 4409 toros
2417 4356 2910 4411 contemerabant.
2944 4357 3016 4409 At
3046 4352 3593 4425 frequentissimum
3613 4353 3739 4407 erat

2083 4442 2225 4498 illud
2251 4443 2464 4510 scelus,
2498 4444 2558 4498 in
2589 4445 2740 4515 quod
2765 4443 3084 4513 Juvenalis,
3112 4442 3327 4515 aliique
3377 4442 3554 4497 etiam
3605 4457 3740 4514 gen-

2085 4532 2217 4588 tiles
2240 4538 2416 4605 poctzc
2450 4538 2569 4590 tam
2620 4550 2794 4606 saepe,
2858 4550 3035 4606 quam
3084 4533 3290 4588 merito
3350 4530 3731 4587 invehuntur.

2003 4610 2049 4673 D
2084 4623 2449 4694 Quapropter
2487 4623 2873 4696 Hieronymus
2906 4640 2918 4677 :
2983 4646 3010 4672 «
3044 4621 3337 4693 Quidquid
3414 4621 3736 4708 tragoedias,

2085 4712 2298 4784 inquit,
2332 4716 2563 4767 tument
2596 4730 2611 4781 ;
2643 4716 2699 4767 et
2728 4713 2954 4781 domos,
2992 4713 3187 4780 urbes,
3247 4727 3545 4784 regnaque
3589 4710 3736 4766 sub—

2084 4802 2275 4872 vertit,
2318 4818 2565 4857 uxorum
2606 4801 2999 4873 pellicumque
3056 4799 3348 4856 contentio
3407 4804 3538 4855 est»
3578 4798 3732 4872 (Ilie-

2083 4909 2309 4964 ronym.
2337 4890 2438 4946 lib.
2471 4909 2511 4947 11
2543 4890 2671 4948 adv.
2703 4892 2981 4947 Jovinian.
3016 4908 3149 4963 pag.
3188 4890 3331 4961 191).

2152 4981 2321 5037 Aliud
2357 4982 2577 5036 crimen
2613 4981 2803 5053 priore
2836 4998 2951 5035 non
2983 4981 3167 5035 levius
3200 4979 3435 5035 illorum
3465 4978 3593 5046 fuit,
3631 4977 3733 5051 qui

2084 5087 2327 5125 uxorum
2360 5087 2601 5125 suarum
2636 5069 2982 5141 pudicitiam
3008 5069 3213 5125 amicis
3278 5068 3732 5140 prostituebant.
3782 5060 3783 5065 “

2083 5161 2320 5215 Duobus
2344 5163 2538 5215 autem
2592 5159 2646 5214 id
2712 5161 2920 5231 probat
2975 5157 3369 5213 Tertullianus
3425 5154 3729 5227 exemplis.

2082 5248 2335 5305 Socratis
2394 5249 2594 5316 Grzcci,
2645 5253 2701 5303 et
2750 5249 2996 5303 Romani
3051 5247 3307 5313 Catonis,
3374 5244 3475 5315 qui
3532 5248 3729 5300 tamen

2080 5338 2502 5410 sapientissimi
2537 5340 2689 5410 apud
2718 5339 2823 5393 has
2876 5338 3142 5391 nationes
3200 5334 3728 5390 existimabantur:

2078 5427 2272 5483 «Nam
2306 5427 2365 5482 hi
2402 5444 2609 5483 uxores
2651 5444 2812 5495 suas,
2874 5425 3087 5496 inquit,
3144 5423 3349 5479 amicis
3398 5420 3730 5477 communi-

2078 5521 2374 5584 caverunt,
2403 5534 2547 5588 qnas
2580 5516 2638 5570 in
2698 5514 3141 5570 matrimonium
3192 5513 3479 5568 duxerant
3518 5511 3730 5568 libero-

2079 5622 2209 5662 rum
2243 5622 2440 5677 causa,
2474 5610 2529 5660 et
2551 5605 2709 5669 alibi,
2746 5626 2773 5653 ››
2798 5603 2855 5658 id
2880 5608 2988 5672 est,
3024 5602 3228 5669 altero,
3262 5603 3363 5658 sed
3405 5601 3576 5674 plane
3612 5600 3729 5657 illi-

2076 5694 2192 5753 cito
2212 5694 2539 5767 infamique
2561 5692 2999 5763 matrimonio,«
3013 5692 3399 5751 creandorum
3428 5714 3455 5745 η
3483 5690 3725 5768 (Tertul-
