4158 6336
421 370 572 436 1007

941 375 1464 437 TERTULLIANI
1509 372 1835 439 OPEllUM
1887 375 2080 437 PARS
2127 374 2170 436 Ι.
2199 411 2274 420 -
2307 375 2578 437 SERlES
2627 379 2670 450 l,
2720 375 3283 441 APOLOGETICA.

3657 377 3820 443 1008

420 508 559 563 lian.
594 508 864 579 Apoloqet.
889 524 1014 580 cap.
1043 508 1130 578 39,
1173 523 1302 579 pag.
1355 508 1501 578 431.)
1552 507 1906 564 Plutarchus
1936 526 2043 564 au-
2076 514 2132 579 Α
2163 508 2348 565 litiam
2407 509 2632 581 legerit,
2679 514 2738 566 et
2785 509 3027 566 Catonis
3105 515 3387 583 sequatur
3455 513 3818 586 exemplum,

419 602 536 653 tem
570 596 630 651 in
661 596 790 651 Vita
811 595 1043 653 Catonis
1074 595 1310 652 Minoris
1354 601 1550 653 narrat
1574 614 1636 654 se
1684 615 1717 652 a
1773 597 2053 665 Thrasea,

422 689 479 741 et
515 685 669 740 hunc
691 701 724 740 a
753 685 1036 755 Munatio,
1060 686 1323 756 ejusdem
1349 685 1582 742 Catonis
1626 686 2054 756 contubernali,

423 775 716 846 accepisse
735 773 1168 843 Horthensium,
1202 775 1459 830 amicitia
1489 792 1608 846 pra:
1638 775 1860 831 caeteris
1889 777 2057 830 Cato-

425 863 484 919 ni
514 863 913 933 conjunctum,
946 864 1020 918 ab
1051 880 1114 920 eo
1138 863 1435 936 petivisse,
1468 868 1532 918 ut
1579 880 1755 935 quam
1813 865 2060 919 duxerat

426 968 665 1008 uxorem
696 951 960 1007 Martiam
1001 951 1252 1024 Philippi
1286 951 1565 1021 ﬁliam,ex
1597 969 1713 1024 qua
1743 958 1914 1008 antea
1935 951 2059 1025 plu-

422 1058 515 1098 res
546 1041 698 1098 filios
719 1046 1077 1114 susceperat,
1109 1046 1167 1097 et
1195 1049 1314 1096 lum
1349 1042 1537 1096 adhuc
1594 1041 1834 1114 gravida
1911 1044 2055 1108 erat,

419 1130 481 1186 in
512 1130 952 1188 matrimonium
987 1131 1097 1186 sibi
1131 1131 1294 1185 daret
1322 1131 1635 1197 (Plutarch.
1677 1130 1737 1185 in
1792 1132 1894 1186 Vit.
1956 1131 2056 1185 Ca-

417 1223 532 1278 ton.
560 1222 811 1277 minor...
847 1237 972 1292 pag.
1004 1221 1110 1273 770
1141 1224 1196 1274 et
1228 1227 1441 1290 seqq.).
1477 1219 1660 1274 Amici
1681 1236 1814 1274 vero
1874 1219 2058 1291 preci-

417 1311 530 1367 bus
562 1309 730 1366 facile
761 1310 947 1368 victus
979 1309 1135 1379 Cato,
1168 1307 1329 1362 illam
1362 1309 1436 1378 ci,
1475 1312 1758 1380 praesente
1805 1325 1869 1362 ac
1926 1324 2060 1380 pro-

417 1399 592 1456 hante
620 1399 889 1471 Philippo
922 1397 1078 1453 illius
1111 1402 1294 1468 patre,
1320 1397 1631 1452 concessit.
1685 1397 1789 1450 Sed
1831 1401 2059 1450 mortuo

417 1492 616 1559 postea
647 1487 976 1544 Hortensio.
1008 1489 1148 1542 Cato
1171 1485 1440 1540 Martiam
1475 1501 1638 1538 suam
1691 1485 1905 1539 iterum
1963 1501 2056 1537 ac-

419 1578 772 1650 cepit,quam
808 1575 1152 1631 Hortensius
1183 1575 1472 1630 bonorum
1505 1589 1745 1628 suorum
1770 1573 2057 1628 hatredem

418 1665 753 1738 reliquerat.
785 1665 1175 1730 Quamobrem
1226 1662 1500 1718 Caesaruti
1556 1661 1811 1732 loquitur
1840 1661 2061 1716 Plutar—

418 1755 591 1822 chus,
646 1754 732 1809 illi
781 1749 1179 1831 φιλοπλουτίαν
1239 1750 1532 1826 προσφέρει
1598 1748 1687 1803 καὶ
1749 1747 2058 1824 μισθαρνίαν

419 1841 507 1898 ἐπὶ
537 1846 614 1914 τῷ
639 1842 1211 1916 γάμῳξεωρνοὺναυίι
1266 1841 1586 1904 avaritiam,
1643 1844 1692 1895 et
1750 1841 1810 1894 in
1863 1840 2054 1911 conju-

419 1935 512 2002 gio
541 1931 803 1988 mercedis
829 1933 1190 2002 acceptionem
1221 1929 1398 2000 (Ibid..
1432 1944 1563 2000 pag.
1593 1929 1741 1998 781i).

493 2021 730 2077 Brevius
777 2021 1015 2092 quidem
1100 2020 1309 2090 hisque
1363 2017 1559 2073 verbis
1614 2017 1916 2088 Appianus
1995 2016 2051 2070 id

415 2110 708 2166 retulit:«
743 2109 1010 2165 Martiam
1034 2107 1280 2180 Philippi
1332 2107 1511 2162 ﬁliam
1579 2123 1712 2161 cum
1769 2105 2054 2176 virginem

414 2201 554 2256 Cato
576 2199 859 2266 duxisset,
891 2197 1054 2252 valde
1086 2196 1446 2266 dilectam,et
1473 2194 1878 2252 communium
1913 2193 2054 2248 libe-

414 2305 611 2345 rorum
635 2288 758 2359 jam
786 2292 1058 2356 matrem,
1087 2287 1389 2342 Hortensio
1420 2287 1596 2342 cessit
1643 2283 1851 2349 amico,
1912 2282 2054 2337 libe-

414 2393 634 2449 rorum,
664 2380 721 2432 et
750 2377 1009 2432 fecundae
1043 2375 1261 2439 uxoris,
1289 2375 1523 2445 ’quibus
1573 2378 1816 2429 eatenus
1855 2387 2055 2427 carue-

417 2470 526 2538 rat,
549 2466 786 2538 cupido,
819 2466 1001 2521 donec
1018 2482 1086 2520 ex
1115 2464 1213 2519 illo
1245 2479 1477 2534 quoque
1537 2468 1782 2518 matrem
1841 2461 2057 2516 factam

418 2557 658 2613 domum
692 2553 911 2626 recepit
943 2554 1111 2623 quasi
1143 2552 1490 2608 usuariam»
1525 2551 1794 2622 (Appian.
1848 2548 1950 2603 lib.
1993 2565 2056 2618 ιι,

421 2645 486 2701 de
537 2644 660 2700 bell.
721 2643 870 2698 civil.
912 2647 1031 2713 post
1090 2641 1256 2711 med.,
1312 2656 1444 2712 pag.
1530 2640 1677 2709 266).
1764 2637 2057 2708 Scriptum

423 2749 658 2806 quoque
712 2749 746 2788 a
799 2731 1080 2787 Strabone
1129 2729 1380 2801 legimus
1425 2728 1550 2801 lege
1597 2728 1752 2800 apud
1803 2727 2059 2798 Tapyros

423 2826 743 2895 receptum,
772 2820 957 2876 utviri
990 2835 1196 2875 uxores
1227 2835 1386 2888 suae,
1419 2821 1733 2889 postquam
1765 2817 1912 2872 duos
1960 2817 2062 2870 aut

420 2917 540 2969 tres
584 2910 798 2966 liberos
838 2912 1238 2981 susceperant,
1298 2905 1426 2962 aliis
1457 2906 1716 2963 locarent
1759 2905 1816 2960 in
1861 2902 2061 2958 matri-

422 3000 657 3058 monio:
725 2997 982 3071 Καθάπερ
1038 2997 1125 3051 καὶ
1182 2994 1363 3051 Κάτων
1453 2994 1726 3068 ⁶Ορτησίῳ
1822 2988 2057 3061 δεηθέντι

421 3085 645 3161 ἐξέδωκε
712 3087 811 3155 τήν
866 3085 1108 3161 Μαρκίαν
1181 3086 1262 3162 sip’
1346 3085 1506 3156 ἡμῶν
1591 3082 1726 3137 κατὰ
1797 3079 2056 3135 ”παλαιὸν

423 3174 708 3250 ⁸Ριιιιμιιιίων
765 3172 904 3236 ἔθυς’
961 3178 1120 3231 Sicut
1175 3177 1341 3232 etiam
1385 3178 1520 3232 Cato
1578 3172 1910 3228 Horthemio
1966 3186 2056 3226 ro-

419 3269 577 3338 ganti
606 3267 870 3324 Martium
897 3282 1056 3320 suam
1083 3269 1276 3320 nostra
1321 3267 1479 3319 astate
1533 3262 1788 3328 tradidit,
1844 3263 2058 3316 secutus
2088 3254 2131 3320 C

420 3359 659 3410 veterem
688 3355 1054 3409 Romanorum
1081 3352 1532 3408 consuetudinem
1579 3350 1796 3421 (Strab.
1849 3347 1926 3404 lib
2007 3365 2063 3402 ιι

2165 597 2331 653 nulla
2389 599 2541 670 apud
2572 615 2671 654 eos
2704 599 2922 669 conjux
2943 598 3176 670 propria
3206 604 3313 670 est,
3346 601 3445 656 sed
3504 605 3569 657 ut
3601 602 3820 675 cuique

2165 685 2397 742 libitum
2435 686 2628 754 fuerit,
2650 687 2944 759 pecudum
2976 686 3470 745 morelasciviunt
3493 713 3522 740 »
3543 690 3815 762 (August.

2167 774 2231 830 de
2259 775 2373 845 ﬁde
2401 784 2451 831 et
2481 776 2686 846 operib.
2721 792 2848 847 cap.
2879 777 2915 830 6
2941 795 2954 844 ;
2987 777 3052 832 de
3086 779 3219 832 Bon.
3250 778 3474 852 conjug.
3523 795 3650 850 cap.
3709 780 3816 844 l8;

2169 862 2502 936 Hieronym.
2536 863 2636 919 lib.
2700 881 2739 930 ι,
2788 865 2917 920 adv.
2967 867 3157 923 Jovin.
3219 882 3349 938 pag.
3409 867 3547 935 188;
3581 867 3685 923 lib.
3746 885 3812 940 ιι,

2167 969 2300 1026 pag.
2334 955 2483 1025 201).

2240 1045 2588 1115 Quanquam
2619 1045 2815 1098 autem
2845 1041 3044 1114 plures
3078 1043 3294 1100 fuerint
3320 1043 3556 1100 Catonis
3577 1045 3817 1101 nomine

2167 1131 2454 1203 insigniti,
2495 1147 2745 1202 quorum
2777 1131 3118 1204 genealogis
3150 1133 3220 1186 ab
3255 1137 3319 1187 Α.
3361 1132 3544 1188 Gellio
3574 1133 3814 1190 exhibe-

2167 1225 2264 1276 tur
2292 1219 2459 1288 (Gell.
2493 1219 2593 1275 lib.
2627 1237 2728 1274 xm
2762 1221 2909 1275 Noct.
2942 1222 3108 1276 Attic.
3141 1236 3268 1293 cap.
3307 1221 3394 1292 19)
3425 1240 3438 1289 ;
3499 1239 3567 1278 ex
3621 1223 3819 1279 citatis

2167 1313 2362 1363 tamen
2403 1309 2792 1379 scriptoribus
2817 1313 3044 1363 constat
3073 1308 3261 1378 illum,
3296 1311 3367 1363 de
3397 1327 3513 1382 quo
3557 1313 3816 1384 agimus,

2169 1398 2446 1452 Catonem
2473 1397 2654 1452 fuisse
2687 1397 3036 1467 Uticensem,
3063 1398 3165 1468 qui
3195 1398 3324 1454 ideo
3382 1399 3573 1454 Minor
3619 1401 3818 1473 appel-

2168 1486 2339 1554 latur,
2373 1487 2510 1557 quia
2539 1486 2772 1541 Catonis
2803 1487 3057 1540 Censorii
3088 1503 3154 1541 ex
3213 1487 3353 1553 filio,
3415 1493 3480 1543 ut
3528 1489 3610 1544 ait
3654 1490 3816 1546 idem

2169 1575 2410 1641 Gellius,
2442 1591 2622 1646 nepos
2644 1580 2788 1630 erat.
2823 1574 2939 1630 Cur
2989 1591 3149 1647 ergo,
3197 1575 3425 1648 inquiet
3480 1577 3718 1650 aliquis,
3781 1597 3818 1635 a

2167 1663 2523 1719 Tertulliano
2555 1667 2751 1718 nostro
2783 1665 2994 1719 Censor
3044 1665 3328 1720 vocatur?
3359 1665 3662 1722 Enimvero
3722 1669 3817 1724 di-

2168 1758 2320 1809 serte
2375 1752 2592 1807 ibidem
2651 1752 2926 1823 scripsit:
2975 1773 3005 1800 ‹‹
3055 1753 3316 1810 Lenones
3400 1755 3815 1829 (manuscripti

2173 1841 2356 1896 nostri
2386 1838 2631 1905 codices,
2664 1841 2857 1894 Lenon
2891 1840 2999 1912 est)
3020 1840 3409 1915 philosophus
3436 1845 3723 1914 Socrates,
3757 1850 3821 1902 et

2087 1887 2134 1952 Β
2163 1887 2998 1999 ᾶέιῖἐιένῐεῖίεζζῖξιῖοὶιῐιέἧίᾷἷιῖ¹
3018 1887 3815 2006 ἧιίὸὶᾎξγὲῖ.”ξεῖρῖ”ἕρῖ’“ῥὶιξῖ

2163 2018 2307 2087 467).
2358 2016 2633 2087 Nunquid
2686 2015 2868 2086 igitur
2921 2015 3000 2070 ibi
3056 2017 3349 2072 memoriae
3406 2018 3567 2074 illius
3604 2017 3814 2092 ’ἀμάρ-

2162 2125 2333 2177 τημα.
2389 2111 2446 2161 et
2503 2121 2664 2161 error
2718 2104 2849 2160 est?
2891 2107 2964 2160 At
3021 2105 3156 2160 huic
3210 2108 3548 2178 responderi
3611 2114 3814 2180 potest

2165 2199 2437 2250 Catonem
2471 2210 2504 2248 a
2533 2192 2896 2248 Tertulliano
2927 2207 3042 2248 non
3076 2193 3380 2265 dignitate,
3445 2197 3548 2251 sed
3608 2197 3814 2252 animo

2169 2299 2517 2353 morumque
2545 2282 2852 2352 severitate
2875 2283 3181 2338 Censorem
3217 2283 3518 2355 appellari.
3579 2285 3811 2343 Etenim

2159 2374 2286 2444 jam
2317 2372 2576 2428 citatusa
2613 2370 2778 2427 nobis
2811 2371 3082 2427 Lucanus
3104 2373 3376 2428 canebat:

2326 2533 2336 2544 .
2407 2533 2421 2545 .
2492 2533 2502 2544 .
2572 2496 2632 2544 Hi
2667 2509 2859 2554 mores,
2880 2495 2994 2545 haec
3023 2494 3139 2545 duri
3175 2497 3394 2548 immota
3415 2498 3624 2550 Catonis

2325 2560 2477 2609 Secta
2497 2558 2611 2620 fuit,

3159 2621 3354 2672 Lucan.
3383 2623 3474 2674 lib.
3504 2637 3555 2685 ιι,
3589 2638 3639 2676 v.
3671 2627 3807 2687 379.)

2169 2735 2656 2793 videlicetstcica.
2691 2737 2766 2790 Eo
2805 2733 2981 2790 etiam
3039 2751 3216 2791 sensu
3273 2752 3486 2794 nomen
3543 2740 3823 2797 Censoris

2171 2825 2241 2880 ab
2269 2823 2502 2880 Horatio
2533 2822 2816 2895 accipitur
2841 2838 2853 2877 :

2322 2939 2387 3004 At
2413 2939 2505 3004 qui
2534 2938 2830 3004 legitimum
2861 2939 3038 3002 cupiet
3070 2938 3258 3004 fecisse
3286 2955 3503 3003 poema.

2322 3001 2454 3052 Cum
2487 3001 2685 3051 tabulis
2716 3001 2954 3051 animum
2983 3002 3219 3051 censoris
3248 3001 3424 3053 sumet
3455 3004 3682 3056 honesti.

2602 3064 2801 3128 (Horat.
2840 3064 2930 3113 lib.
2961 3078 3013 3126 ιι,
3047 3066 3202 3127 epist.
3231 3068 3278 3125 2,
3305 3079 3355 3116 ν.
3387 3069 3521 3130 379.)

2170 3175 2236 3229 Et
2256 3171 2393 3228 alibi
2425 3172 2497 3227 de
2528 3176 2649 3226 arte
2678 3170 2935 3242 poetica:

2407 3315 2418 3326 .
2491 3315 2501 3325 .
2537 3278 2739 3326 Censor
2767 3277 3160 3340 castigatorque
3191 3278 3476 3330 minorum.

2885 3341 2966 3396 (de
2987 3341 3102 3399 Art,
3130 3343 3264 3404 poet.
3289 3355 3340 3392 γ.
3374 3346 3481 3394 174.
3512 3353 3527 3406 )

429 3441 617 3511 Georg.
645 3457 778 3513 pag.
801 3443 955 3511 265).
998 3441 1112 3496 Nec
1171 3441 1484 3496 defuerunt
1538 3442 1740 3510 poetis,
1800 3437 1900 3509 qui
1957 3436 2067 3490 hoc
2173 3444 2309 3496 Cato
2338 3444 2531 3495 autem
2593 3437 2712 3502 ille,
2765 3435 3027 3508 Appiano
3085 3437 3275 3494 adhuc
3315 3443 3486 3508 teste,
3547 3443 3813 3501 «habitu

429 3530 664 3587 Catonis
695 3530 909 3584 factum
942 3529 1064 3584 suis
1097 3528 1430 3584 cecinerunt
1458 3525 1840 3595 carminibus,
1860 3525 2067 3597 hisque
2174 3529 2286 3585 fuit
2312 3527 2400 3581 vir
2419 3523 2682 3581 omnium
2712 3523 3649 3600 gravissimus,tenacissimusque
3679 3549 3816 3603 pro-

431 3618 802 3690 potissimum
837 3619 1109 3673 Lucanus
1131 3633 1145 3673 :

529 3749 743 3800 Interea
773 3751 972 3800 Phcebo
1001 3749 1201 3813 gelidas
1231 3750 1462 3811 pellente
1493 3750 1757 3809 tenebras,

531 3813 753 3862 Pulsatae
788 3827 1015 3862 sonuere
1046 3813 1200 3875 fores,
1232 3826 1364 3874 quas
1392 3817 1575 3861 ancta
1602 3813 1788 3861 relicto

528 3875 773 3937 Hortensi
799 3889 1028 3924 mrerens
1057 3875 1248 3937 irrupit
1272 3877 1454 3924 Martia
1488 3875 1662 3934 busto,

525 3936 807 4000 Quondam
837 3939 985 4000 virgo
1003 3939 1132 3986 toris
1159 3935 1394 3986 melioris
1417 3937 1604 4000 juncta
1631 3935 1819 4000 mariti.

524 3999 643 4049 Mox
673 4001 762 4050 ubi
793 3999 1047 4050 connubii
1078 4002 1302 4061 pretium
1340 3999 1645 4062 mercesque
1675 3999 1848 4046 soluta
1871 4001 1968 4058 est,

520 4062 696 4134 :I‘ertja
715 4063 822 4124 jam
849 4063 1067 4134 soboles
1095 4063 1229 4134 alios
1250 4062 1500 4110 fmcunula
1533 4064 1754 4134 penates

522 4122 805 4189 impleti—ira
834 4125 992 4189 datur
1007 4140 1026 4172 :
1055 4127 1296 4189 geminas
1317 4139 1347 4173 a
1368 4122 1626 4187 sanguine
1648 4122 1832 4172 matris

518 4185 842 4237 Permistura
871 4185 1074 4237 domos:

888 4295 1103 4356 (Lucan.
1137 4293 1228 4342 lib.
1252 4308 1305 4352 ιι,
1326 4306 1376 4342 v.
1400 4294 1489 4342 826
1511 4296 1562 4342 et
1582 4297 1748 4355 seqq.)

487 4372 637 4429 Tum
690 4373 900 4430 deinde
956 4373 1109 4429 918
1169 4372 1446 4428 describit
1502 4373 1791 4442 quomodo
1851 4389 2058 4428 rursus

418 4458 554 4518 Cato
577 4466 712 4533 post
760 4462 1050 4518 Hortensii
1112 4468 1356 4518 mortem
1415 4461 1574 4516 illam
1624 4461 1882 4516 secundo
1940 4477 2058 4517 ma-

415 4549 688 4606 trimonio
717 4550 989 4607 habuerit
1020 4567 1033 4604 :

504 4687 623 4738 Non
658 4691 796 4740 soliti
817 4690 990 4741 lusere
1020 4692 1177 4750 sales,
1198 4706 1297 4740 nec
1319 4705 1461 4741 mere
1491 4691 1687 4741 Sabino

503 4752 720 4815 Excepit
737 4754 900 4803 tristis
929 4756 1142 4804 comitia
1163 4754 1295 4803 festa
1318 4755 1462 4802 alarii
1476 4770 1550 4802 us.

503 4811 736 4889 Pignora
756 4817 900 4889 nulla
913 4817 1128 4889 domus,
1153 4817 1281 4889 nulli
1303 4817 1474 4866 coiere
1507 4815 1788 4889 prepinqui
1811 4832 1823 4865 :

498 4875 985 4942 {ungunturtacith
1005 4875 1344 4942 contentique
1369 4875 1580 4940 auspice
1604 4875 1760 4928 Bruto
1783 4895 1794 4928 :

498 4938 590 4988 Ille
612 4938 712 4990 nec
732 4940 1034 4991 horriﬁcam
1059 4948 1243 4991 sancto
1263 4938 1486 4990 dimovit
1516 4943 1580 4990 ab
1601 4955 1693 4991 ore

496 4998 796 5062 Caesariem,
815 5004 1054 5069 duroque
1075 5004 1309 5069 admovit.
1338 5004 1531 5067 gaudia
1552 5004 1722 5053 vultu.

1146 5066 1299 5120 (Ibid.
1337 5081 1382 5113 v.
1417 5069 1502 5115 367
1534 5070 1584 5115 el
1611 5066 1778 5130 seqq.)

472 5169 730 5244 Denique
762 5179 826 5229 ut
857 5175 1246 5247 Augustinum
1271 5173 1533 5245 aliosque
1592 5173 1806 5229 missos
1862 5173 2037 5230 facia-

393 5271 549 5328 mus,
583 5260 974 5336 Hieronymus
1005 5265 1283 5319 adversus
1315 5263 1690 5318 Jovinianum
1729 5261 1811 5317 sic
1840 5263 2036 5334 dispu-

390 5347 570 5402 tatzcc
609 5351 776 5406 Duxit
807 5369 1044 5408 uxorem
1081 5352 1349 5407 Martium
1391 5352 1531 5406 Cato
1567 5368 1674 5405 non
1724 5350 2030 5421 virginem,

389 5434 491 5490 sed
526 5439 733 5494 Martia
764 5440 916 5496 inter
946 5441 1320 5497 Hortensium
1365 5441 1763 5509 Catonemque
1808 5438 2031 5494 discur-

388 5522 468 5578 rit
495 5529 552 5579 et
575 5527 700 5582 sine
723 5529 939 5586 Catone
969 5531 1156 5586 vivere
1212 5529 1421 5584 Martia
1488 5529 1694 5599 potuit.
1719 5550 1746 5578 »
1800 5528 1868 5582 Et
1925 5529 2029 5583 ite-

2177 3616 2372 3690 positi,
2406 3619 2470 3670 ut
2499 3613 2597 3685 qui
2621 3613 2854 3683 justum
2906 3629 2971 3668 ac
3026 3612 3338 3671 honestum
3370 3633 3485 3672 non
3536 3635 3604 3674 ex
3648 3620 3812 3694 vulgi

2178 3706 2440 3762 moribus
2471 3704 2792 3768 metiretur,
2825 3702 2926 3756 sed
2959 3701 3130 3758 rectis
3177 3720 3244 3777 ac
3295 3707 3595 3777 generosis
3632 3711 3815 3766 ratio-

2176 3795 2371 3864 nibus,
2392 3817 2418 3844 »
2439 3795 2538 3848 aut
2565 3791 2718 3846 sicut
2749 3796 3013 3845 Lucanus
3034 3776 3268 3847 rursum
3301 3795 3551 3851 cecinit:

2357 3917 2582 3968 Justitiaa
2603 3913 2786 3976 cultor,
2819 3912 2974 3976 rigidi
3006 3919 3246 3965 servator
3279 3916 3508 3968 honesti.

2879 3978 3091 4038 (Lucan.
3128 3977 3214 4027 lib.
3249 3992 3303 4037 ιι,
3334 3993 3387 4030 v.
3417 3981 3546 4042 388.)

2169 4099 2307 4156 Atis
2335 4092 2705 4168 quantumvis
2737 4090 3041 4147 severioris
3090 4092 3409 4166 disciplinis
3441 4097 3807 4173 praedicator,

2170 4204 2407 4246 uxorem
2440 4182 2821 4242 nihilominus
2851 4196 3019 4236 suam
3050 4182 3378 4255 Hortensio,
3429 4186 3618 4242 amico
3674 4206 3808 4261 suo,

2167 4279 2319 4335 919
2343 4283 2540 4333 contra
2592 4268 2848 4342 conjugii
2899 4270 3036 4340 jura
3081 4270 3396 4344 fidemque,
3444 4276 3600 4348 turpi
3650 4277 3810 4334 leno-

2166 4369 2318 4425 cinio
2340 4361 2660 4422 collocavit.

2236 4456 2508 4529 Ejusdem
2549 4448 2814 4508 criminis
2861 4450 3078 4505 Auctor
3119 4453 3320 4505 noster
3365 4449 3659 4511 Socratem
3709 4473 3805 4514 ac-

2163 4546 2434 4603 cusat.At
2464 4546 2688 4598 certum
2720 4537 2957 4610 quidem
3025 4541 3117 4592 est
3174 4537 3371 4610 ipsum
3431 4540 3575 4598 duas
3626 4543 3805 4601 simul

2078 4623 2126 4686 D
2161 4635 2434 4692 habuisse
2465 4645 2703 4686 uxores:
2762 4625 3138 4698 Xanthippen
3199 4625 3488 4697 videlicet,
3547 4635 3605 4687 et
3658 4637 3803 4706 Myr-

2157 4725 2424 4792 rhonem,
2448 4718 2719 4775 Aristidis
2749 4715 3058 4786 cujusdam
3090 4715 3299 4785 ﬁliam,
3330 4716 3419 4773 vel
3452 4735 3521 4775 ex
3551 4719 3669 4777 ﬁlia
3699 4740 3799 4779 ne-

2156 4819 2329 4887 ptem.
2365 4812 2487 4875 Quo
2520 4804 2879 4863 autemillud
2913 4803 3182 4876 pluribus
3213 4805 3464 4864 testibus
3498 4809 3796 4878 Athenaeo,

2155 4901 2402 4967 Laertio,
2453 4895 2782 4966 Plutarcho,
2848 4893 3216 4965 Hieronymo,
3275 4893 3484 4966 Cyrillo
3548 4897 3796 4955 Alexan-

2152 4990 2342 5055 drino,
2373 4986 2734 5042 Theadcreto
2765 4983 3220 5048 demonstratur,
3254 4998 3320 5037 eo
3352 4984 3601 5054 probatu
3639 4987 3794 5043 dim-

2150 5078 2320 5134 cilius
2350 5081 2436 5132 est
2466 5081 2666 5130 utrum
2696 5071 2794 5127 ille
2819 5073 3107 5138 Socrates,
3133 5085 3248 5126 non
3293 5087 3464 5128 secus
3512 5091 3579 5130 ac
3634 5075 3792 5146 Caio,

2147 5184 2384 5224 uxorem
2418 5180 2585 5220 suam
2609 5178 2744 5217 cum
2784 5159 2990 5215 amicis
3046 5159 3172 5214 suis
3211 5176 3413 5217 revera
3463 5166 3795 5220 communi-

2145 5256 2376 5312 caverit.
2411 5249 2769 5324 (Athenlib.
2815 5264 2918 5304 xm
2978 5248 3211 5319 Deipnos
3259 5250 3388 5304 init.
3445 5267 3578 5324 pag.
3646 5253 3791 5323 555;

2145 5347 2330 5401 Laert.
2362 5344 2464 5400 lib.
2497 5358 2575 5397 xu
2595 5341 2652 5394 in
2709 5340 2819 5393 Vit.
2863 5341 3077 5393 Sacral.
3111 5337 3140 5408 §
3180 5337 3255 5391 26
3307 5355 3320 5404 ;
3373 5338 3670 5397 Plutarch.
3731 5342 3791 5398 in

2141 5435 2243 5490 fin.
2308 5435 2408 5489 Vit.
2443 5428 2663 5487 Aristid.
2699 5442 2828 5499 pag.
2853 5425 2959 5479 355
2992 5449 3006 5493 ;
3046 5423 3379 5497 Hieronym.
3432 5425 3533 5482 lib.
3567 5446 3610 5484 ιι
3666 5432 3788 5486 abv.

2136 5525 2424 5583 Jovinian.
2460 5535 2591 5592 pag.
2617 5517 2752 5585 190;
2785 5512 2983 5588 Cyrill.
3026 5512 3129 5568 lib.
3180 5530 3258 5582 vi,
3307 5515 3517 5571 advers.
3575 5518 3786 5574 Julian.

389 5623 520 5665 rum
558 5612 615 5667 in
648 5619 916 5686 sequenti
951 5619 1130 5675 libro:
1175 5642 1194 5667 α
1235 5620 1566 5684 Scotorum,
1612 5615 1826 5687 inquit,
1871 5618 2029 5672 natio
2139 5630 2270 5686 pag.
2306 5613 2427 5680 186,
2458 5615 2515 5666 et
2544 5609 2643 5664 lib.
2693 5623 2792 5674 vn,
2863 5617 3000 5676 pag.
3052 5602 3194 5670 226;
3256 5603 3602 5663 ThGOdOPOt-
3642 5611 3785 5663 tom-

390 5711 598 5754 uxores
623 5705 890 5775 proprias
918 5723 1030 5762 non
1064 5707 1257 5778 habet,
1285 5711 1343 5762 et
1401 5706 1571 5776 quasi
1619 5704 1875 5763 Platonis
1923 5723 2026 5780 po-

2138 5705 2228 5773 IV,
2262 5717 2436 5758 serm.
2465 5700 2550 5754 l2.
2586 5698 2653 5755 de
2685 5695 2880 5751 γίνεαι.
2911 5695 3021 5748 act.
3063 5706 3196 5764 pag.
3256 5691 3408 5766 673).
3469 5694 3611 5751 Vide
3684 5711 3788 5752 au.
