4158 6322
410 315 562 381 1009

1326 323 1396 384 D.
1444 325 1541 385 LE
1585 326 1909 387 NOURRY
1956 327 2603 390 OBSERVATIONES
2650 329 2908 393 NOVIE.

3667 334 3822 397 1010

407 455 524 507 tem
559 454 756 508 utrum
788 453 860 509 ad
893 453 1239 510 solvendum
1274 454 1521 525 hujusce
1562 457 1930 514 difﬁcultatis
1961 476 2059 515 no-
2088 459 2143 527 Α
2173 464 2349 515 mutat
2371 460 2735 530 Christianus,
2759 460 2869 519 hoc
2897 466 3007 532 est,
3069 466 3134 519 ut
3163 461 3426 535 Apostoli
3458 462 3651 521 verbis
3690 469 3818 523 uta-

406 541 547 597 dum
580 557 647 597 ea
670 542 989 609 sufficiant,
1036 562 1163 615 qum
1222 545 1467 617 Cyrillus
1524 547 1952 604 Alexandrinus
2000 555 2056 604 et

407 630 809 688 Theodoretus
859 634 1251 690 tradiderunt.
1312 636 1522 708 (Cyrill.
1594 642 1651 693 et
1705 637 2051 694 Theodoret.

409 716 519 773 loc.
553 718 697 790 cit.),
732 721 969 777 ductam
1003 740 1035 779 a
1065 723 1303 779 Socrate
1333 725 1702 799 Xanthippen
1726 725 2051 799 κοινωτὲρὰν

409 828 527 870 πως
561 829 616 880 ;,
650 812 966 885 aliquando
998 814 1407 889 Vulgatiorem,
1460 834 1590 873 cum
1628 835 1744 890 qua
1776 818 1924 874 clam
1957 819 2057 877 ille

410 916 760 973 congressus
793 904 1195 976 Lamproclem
1228 906 1415 961 filium
1458 908 1740 980 suscepit.

484 988 558 1043 De
583 993 830 1062 utroque
854 1009 1025 1063 porro
1081 998 1139 1049 et
1186 994 1421 1051 Socrate
1480 1002 1535 1050 et
1584 996 1797 1052 Catone
1831 997 2055 1052 addidit

404 1077 799 1135 Tertullianus
832 1084 1057 1138 :Nescio
1078 1084 1295 1154 quidem
1332 1101 1407 1140 an
1438 1087 1645 1141 invitas
1678 1104 1883 1142 uxores
1915 1104 2053 1142 suas

407 1166 614 1223 amicis
647 1168 769 1225 suis
824 1170 881 1225 in
942 1172 1317 1228 matrimonio
1376 1173 1709 1229 locaverint.
1745 1176 1866 1240 Quo
1895 1176 2051 1231 enim

408 1258 577 1327 pacto
610 1255 732 1312 fieri
760 1258 950 1329 potuit
971 1264 1034 1313 ut
1076 1259 1196 1315 haec
1254 1260 1382 1315 dum
1443 1277 1648 1317 uxores
1680 1280 1711 1317 a
1759 1264 1896 1319 viris
1928 1263 2051 1320 suis

405 1349 653 1416 nuptum
684 1346 863 1403 invite
893 1347 1025 1404 aliis
1047 1349 1193 1404 data:
1227 1349 1347 1404 sint
1370 1350 1397 1404 ?
1430 1350 1630 1406 Nonne
1680 1368 1815 1425 ergo
1849 1358 2054 1409 auctor

409 1438 606 1489 noster
628 1435 698 1489 ad
761 1436 977 1491 Lucani
1006 1438 1181 1493 verba
1221 1437 1496 1495 allusisse
1524 1440 1773 1508 videtur,
1836 1442 2051 1512 quibus

411 1522 613 1578 Martia
668 1524 969 1596 Catonem,
1034 1526 1115 1581 uti
1166 1526 1444 1594 diximus,
1497 1530 1687 1583 virum
1746 1546 1919 1585 suum
1967 1531 2051 1587 sic

408 1611 661 1668 allocuta
692 1614 873 1671 fuisse
905 1616 1248 1689 perhibetur
1276 1618 1302 1671 ?

502 1718 637 1799 Puni
666 1721 886 1799 sanguis
914 1722 1103 1799 inerat,
1134 1722 1261 1771 dum
1308 1724 1681 1799 visomat‘erua,
1712 1730 1893 1799 peregi

499 1780 848 1851 {ussa,_Caio,
880 1785 1202 1851 etgeminos
1231 1786 1408 1848 accepi
1442 1788 1565 1835 freta
1596 1780 1832 1851 maritos,

502 1843 803 1911 Yisceribus
832 1843 987 1911 lassis
1021 1851 1282 1910 partuque
1319 1843 1581 1899 eihausta
1607 1843 1858 1911 revertor,

499 1905 615 1977 iam
648 1908 778 1977 nulli
809 1905 1077 1977 tradenda
1106 1905 1221 1959 viro
1249 1925 1260 1959 :
1294 1911 1362 1960 da
1390 1912 1595 1977 hedera
1626 1916 1783 1977 prisci

502 1968 710 2019 Illibata
731 1971 849 2028 tori,
874 1972 943 2021 da
971 1976 1181 2022 tantum
1214 1987 1409 2022 nomen
1442 1976 1599 2024 inane

499 2030 784 2098 Connubii,
816 2033 971 2098 liceat
993 2037 1201 2084 tumulo
1243 2037 1535 2098 scripsisse,
1561 2039 1774 2087 Catonis

496 2092 709 2162 Martia,
743 2096 1085 2162 nec‘dubium
1114 2099 1274 2162 longo
1305 2092 1580 2162 quaeratur
1607 2103 1659 2150 in
1684 2116 1799 2150 aevo

498 2154 747 2207 Mutarim
783 2159 999 2223 primas,
1027 2154 1251 2224 expulsa
1279 2154 1346 2211 an
1378 2163 1587 2223 tradita,
1620 2165 1801 2214 tmdas.

1246 2243 1458 2300 (Lucan.
1490 2244 1582 2294 lib.
1614 2259 1670 2308 11,
1704 2260 1755 2294 v.
1787 2248 1918 2311 234.)

476 2346 621 2402 Nam
649 2346 728 2403 ibi
761 2347 999 2419 quidem
1056 2350 1385 2422 postulasse
1416 2351 1656 2421 dicitur,
1701 2359 1767 2410 ut
1821 2360 2051 2412 mortuo

406 2434 738 2505 Hortensio,
800 2438 858 2493 in
913 2440 1232 2510 pristinum
1293 2442 1738 2499 matrimonium
1780 2451 2052 2502 aCatone

404 2525 741 2596 recipiatur.
784 2528 891 2582 Sed
922 2528 1073 2584 hane
1115 2528 1417 2600 petitionis
1480 2548 1599 2586 sua:
1657 2533 1824 2588 ati‘ert
1876 2536 2049 2591 ratio-

406 2630 565 2683 nem,
600 2621 659 2670 ut
692 2617 910 2687 posteri
942 2617 1131 2673 sciant
1156 2635 1217 2673 se
1249 2636 1362 2674 non
1422 2620 1718 2692 repulsam
1778 2629 1834 2678 et
1882 2640 2049 2695 repu-

405 2703 628 2759 diatam
661 2705 734 2760 ab
764 2706 892 2778 ipso
950 2710 1183 2778 Catone,
1233 2725 1266 2762 a
1314 2725 1429 2779 quo
1486 2712 1703 2766 tradita
1743 2712 2051 2769 Hortensio

406 2792 612 2849 fuerat.
646 2794 727 2849 Ab
760 2794 859 2850 illo
890 2801 1084 2851 autem
1135 2796 1286 2852 tradi
1317 2798 1509 2868 potuit
1566 2817 1670 2855 nec
1714 2800 1915 2864 invita,
1948 2819 2052 2858 nec

403 2898 761 2954 repugnans.
796 2884 945 2948 Quia
974 2890 1169 2941 tamen
1203 2887 1367 2958 prius
1399 2888 1623 2944 dixerat
1658 2892 2049 2964 peregijussa,

404 2970 597 3043 colligi
632 2976 960 3043 potesteam
988 2978 1191 3028 contra
1212 2973 1570 3030 voluntatem
1602 2993 1768 3032 suam
1792 2978 2049 3048 primum

404 3059 716 3132 reliquisse
748 3061 1051 3129 maritum,
1085 3067 1142 3117 et
1166 3063 1495 3118 secundum
1553 3064 1867 3137 accepisse.
1922 3071 2048 3123 Non

405 3149 558 3206 male
581 3149 762 3223 igitur
789 3150 1194 3207 Tertullianus
1236 3152 1453 3208 fatetur
1483 3152 1538 3207 id
1574 3153 1687 3208 sibi
1706 3170 1835 3210 esse
1864 3155 2049 3211 incer-

2167 565 2317 617 mur,
2350 553 2724 607 masculorum
2745 552 3061 609 concubitor
3102 570 3212 608 non
3248 561 3336 608 est
3358 554 3428 624 (Il
3457 554 3577 610 Cor.
3614 556 3816 625 v1,10;

2164 640 2347 695 ITim.
2380 658 2419 710 1,
2457 642 2566 712 10).
2602 642 2747 696 Nam
2810 642 2887 697 ibi
2951 646 3152 697 auctor
3201 646 3401 698 noster
3449 642 3817 701 Christianos

2164 729 2398 800 opponit
2434 732 2675 797 Socrati,
2729 732 2798 785 de
2856 748 2966 801 quo
2999 730 3119 785 haec
3168 732 3462 787 seribit:«
3499 733 3648 804 Lego
3681 750 3820 804 par-

2166 822 2280 873 tem
2314 820 2614 876 sententia:
2646 821 2847 876 Attica:
2878 822 2931 875 in
2967 822 3263 877 Socratem
3300 839 3311 876 :
3339 826 3646 895 corruptor
3675 824 3815 879 ado-

2164 905 2508 963 lescentium
2546 910 3035 981 pronuntiatur.»
3090 912 3198 965 Sed
3260 910 3353 966 hic
3384 911 3815 969 adhucimmu-

2164 1001 2319 1051 tatus
2350 1016 2382 1051 a
2414 998 2664 1069 Rigaltio
2694 998 3035 1054 Tertulliani
3089 1005 3306 1065 textus,
3342 1001 3442 1072 qui
3502 1000 3561 1056 in
3595 1002 3814 1060 nostris

2163 1087 2464 1143 codicibus
2498 1093 2553 1143 et
2582 1088 2712 1144 aliis
2763 1089 2993 1145 excusis
3052 1089 3329 1145 omnibus
3381 1090 3464 1146 sic
3514 1091 3812 1150 habetur:

2169 1194 2191 1222 ι
2227 1176 2446 1247 Lego...
2483 1176 2539 1231 in
2571 1177 2868 1233 Socratem
2914 1185 3317 1250 corruptorem
3349 1179 3811 1237 adolescentium

2164 1266 2607 1336 pronuntiatum
2668 1290 2694 1316 ››
2753 1267 3014 1335 (Tertull.
3052 1269 3319 1340 loc.cit.).
3367 1269 3514 1336 Quid
3547 1286 3685 1343 ergo
3733 1253 3818 1327 ibi

2164 1354 2387 1426 absque
2443 1354 2620 1410 ullius
2680 1355 2851 1428 plane
2892 1357 3110 1412 codicis
3168 1358 3527 1429 testimonio,
3561 1364 3619 1415 et
3668 1376 3815 1416 con-

2159 1447 2249 1498 tra
2275 1446 2620 1500 concordem
2672 1446 2937 1501 omnium
3025 1446 3309 1501 librorum
3358 1447 3531 1503 fidem
3593 1449 3811 1505 mutari

2160 1533 2407 1588 debebat
2438 1533 2465 1588 ?
2488 1534 2686 1589 Nonne
2720 1534 2828 1590 hoc
2852 1534 3130 1607 loquendi
3173 1536 3346 1592 modo
3391 1536 3538 1593 satis
3569 1538 3723 1593 clare
3754 1542 3813 1596 et

2162 1622 2365 1678 Latine
2386 1623 2736 1694 exprimitur
2765 1641 2935 1680 verus
2994 1624 3103 1681 iste
3169 1624 3516 1682 Tertulliani
3552 1643 3805 1685 sensus:

2162 1710 2243 1766 Ab
2274 1711 2729 1768 Atheniensibus
2763 1713 2890 1769 ideo
2926 1713 3105 1769 latam
3129 1732 3196 1770 ex
3227 1720 3387 1787 parte
3421 1716 3477 1771 in
3503 1716 3805 1774 Socratem

2080 1838 2126 1901 B
2161 1801 2365 1855 mortis
2388 1802 2762 1869 sententiam,
2782 1803 2920 1874 quia
2942 1821 3057 1858 non
3091 1804 3284 1859 solum
3308 1805 3447 1861 deos
3482 1806 3806 1877 negavisse,

2164 1890 2263 1944 sed
2297 1889 2698 1946 adolescentes
2729 1891 2905 1947 etiam
2938 1892 3271 1964 corrupisse
3304 1896 3711 1951 accusabatur.
3739 1900 3811 1952 At

2163 1982 2312 2033 certe
2346 1978 2525 2050 hujus
2559 1980 2794 2035 nefandi
2828 1980 3064 2037 sceleris
3114 1999 3227 2037 non
3264 1982 3444 2037 semel
3476 1984 3810 2056 postulatur

2162 2085 2195 2123 a
2230 2068 2505 2133 Luciano,
2530 2070 2629 2140 qui
2673 2069 2839 2125 illum
2873 2069 3087 2126 alicubi
3120 2071 3399 2127 fatentem
3434 2090 3597 2127 reum
3636 2075 3807 2130 indu-

2162 2158 2239 2213 cit
2270 2158 2531 2226 (Lucian.
2575 2161 2740 2215 Vitar.
2803 2160 3047 2215 Auctior.
3108 2177 3241 2232 pag.
3299 2162 3422 2233 {93)
3455 2162 3635 2230 ;alibi
3677 2181 3807 2220 vero

2162 2248 2400 2318 perjurii
2452 2247 2779 2320 insimulat,
2838 2253 3039 2321 utpote
3081 2250 3180 2322 qui
3225 2251 3513 2321 juraverit
3545 2269 3607 2309 se
3668 2271 3804 2310 cum

2152 2335 2471 2405 juvenibus
2500 2336 2841 2393 innocenter
2859 2338 3079 2393 versari
3111 2337 3316 2409 (Idem,
3350 2340 3450 2394 lib.
3488 2358 3549 2409 11,
3607 2346 3805 2398 [ίαν-αν.

2161 2424 2375 2493 histor.,
2405 2425 2529 2497 397)
2552 2443 2565 2493 ;
2592 2426 2859 2496 quamvis
2887 2426 3242 2499 Hyacinthus
3266 2433 3322 2483 et
3364 2429 3672 2487 Narcissus
3746 2449 3809 2488 se

2162 2513 2232 2567 ab
2266 2530 2331 2568 eo
2362 2513 2610 2585 turpiter
2633 2514 2937 2570 adamatos
2956 2515 3148 2587 palam
3174 2518 3808 2576 testiﬁcarenturPraa-

2160 2605 2315 2657 terea
2346 2603 2656 2659 Athenaeus
2684 2603 2855 2659 illum
2919 2604 3110 2676 arguit
3147 2605 3586 2677 ﬂagitiosissimi
3619 2609 3678 2663 in
3708 2610 3810 2666 Al-

2162 2691 2448 2747 cibiadem
2479 2694 2719 2763 amoris,
2767 2693 2921 2749 sicut
2950 2700 3151 2765 postea
3182 2696 3431 2767 Cyrillus
3466 2697 3809 2755 Alexandri-

2162 2798 2272 2835 nus
2305 2786 2359 2836 et
2385 2782 2787 2838 Theodoretus
2845 2783 3124 2854 (Athenae.
3181 2784 3284 2839 lib.
3335 2803 3388 2853 v,
3441 2788 3809 2858 Deipnosoph.

2161 2887 2285 2942 cap.
2325 2870 2409 2937 19,
2444 2888 2575 2944 pag.
2607 2873 2747 2939 219;
2797 2871 2989 2945 Cyrill.
3046 2872 3145 2929 lib.
3200 2891 3249 2929 v1
3300 2877 3356 2930 in
3415 2877 3622 2932 Julian.
3670 2895 3805 2952 pag.

2162 2960 2667 3029 l37;Theodoret.
2696 2978 2871 3017 serm.
2911 2963 2972 3016 12
3029 2962 3094 3017 de
3150 2965 3278 3017 viri.
3341 2964 3454 3022 Act.
3488 2984 3622 3038 pag.
3653 2968 3805 3037 672).

2160 3050 2308 3113 Quin
2343 3050 2516 3105 etiam
2542 3050 2600 3105 hi
2630 3051 2745 3106 duo
2780 3053 3130 3123 posteriores
3192 3053 3388 3124 ipsum
3440 3055 3807 3114 detestandis

2160 3137 2508 3194 libidinibus
2531 3140 2821 3196 exarsisse
2853 3140 3169 3196 affirmant.

401 3244 547 3295 tum.
581 3207 693 3295 Sved
727 3245 1027 3312 utcunque
1057 3258 1151 3296 res
1181 3257 1242 3297 se
1269 3207 1272 3208 ν
1299 3240 1531 3312 habeat,
2081 3207 2123 3274 Ο
2229 3248 2300 3300 At
2329 3246 2563 3317 quibus,
2598 3247 2850 3318 inquies,
2885 3246 3135 3302 testibus
3166 3248 3399 3319 probari
3450 3254 3638 3321 potest
3668 3268 3805 3309 eum

404 3328 736 3401 corruptela
793 3328 965 3401 longe
1026 3329 1272 3386 aberant
1318 3329 1657 3397 Christiani,
1729 3333 1830 3405 qui
1885 3351 2051 3390 sacra

405 3417 682 3474 connubii
732 3419 891 3489 jura,
934 3435 967 3474 a
1024 3423 1138 3473 Deo
1188 3418 1470 3491 stabilita,
1527 3438 1761 3477 summa
1819 3440 2052 3495 semper

405 3507 597 3563 studio
628 3512 787 3563 sarta
810 3513 961 3564 tecta
989 3508 1320 3565 servabant.
1377 3510 1485 3565 Sed
1519 3512 1813 3581 quomodo
1864 3512 1921 3567 id
1954 3514 2050 3569 ille

403 3598 729 3666 confirmet,
758 3598 817 3653 in
848 3598 1229 3669 subsequenti
1288 3598 1556 3667 articulo,
1590 3600 1638 3655 si
1697 3599 1879 3669 lubet,
1911 3619 2047 3658 exa-

399 3685 775 3743 minabimus.

1001 3801 1318 3840 ARTICULUS
1350 3801 1400 3839 ν.

403 3874 679 3945 Quomodo
710 3875 1084 3930 Tertullianus
1140 3874 1473 3929 demonstret
1518 3877 1829 3930 maximam
1875 3878 2049 3945 [uisse

473 3946 915 4002 Christianorum
945 3948 1265 4001 castitatem
1295 3950 1345 4001 et
1375 3948 1666 4015 gentilium
1697 3950 2044 4003 incontinen-

468 4020 652 4074 tiam:
716 4019 839 4073 illos
893 4033 1085 4072 sexum
1142 4018 1441 4087 femineum
1492 4034 1603 4073 non
1633 4028 1879 4085 mutasse,
1926 4036 2043 4074 cor-

468 4094 658 4160 ruptos
704 4105 828 4145 vero
877 4106 911 4143 a
962 4090 1182 4144 Socrate
1229 4088 1638 4146 adolescentes:
1700 4090 2045 4147 Christianos

466 4164 732 4218 uxoribus
760 4162 877 4217 suis
927 4161 1116 4216 datam
1172 4160 1333 4231 ﬁdem
1377 4178 1620 4217 servasse
1647 4180 1671 4226 ;
1707 4164 2046 4233 Aristippum

468 4234 678 4307 perdite
716 4235 984 4289 amavisse
1012 4233 1289 4307 Phrynem
1332 4235 1694 4307 meretricem,
1746 4251 1816 4289 ac
1871 4235 2045 4305 Speu-

471 4305 694 4378 sippum
731 4308 961 4377 periisse
1009 4308 1070 4361 in
1124 4305 1434 4360 adulterio:
1495 4305 1831 4361 Christianos
1879 4309 2045 4361 salvis

468 4378 647 4434 oculis
675 4391 728 4433 et
758 4394 899 4435 caeco
919 4379 1106 4433 animo
1135 4378 1341 4432 vidisse
1396 4379 1551 4433 920
1594 4379 1874 4445 mulieres,
1911 4395 2044 4448 quas

470 4451 829 4516 Democritus,
907 4466 978 4504 ne
1058 4452 1479 4519 concupisceret,
1556 4465 1612 4503 se
1685 4452 2039 4506 excaecauit:

469 4522 714 4579 ethnicos
738 4522 1118 4577 Christianam
1148 4523 1420 4591 feminam
1446 4521 1525 4575 ad
1556 4521 1804 4576 lenonem
1840 4522 2041 4592 potius,

2160 3353 2271 3390 non
2308 3337 2479 3391 modo
2512 3337 2583 3391 ob
2612 3341 2835 3406 spretos
2859 3340 2915 3391 et
2946 3338 3278 3407 repudiatos
3309 3339 3619 3409 gentilium
3644 3342 3807 3411 deos,

2159 3425 2259 3479 sed
2293 3430 2365 3480 ob
2398 3424 2552 3479 hunc
2577 3442 2810 3497 quoque
2862 3442 3161 3496 nunquam
3203 3426 3348 3481 satis
3377 3431 3803 3486 exsecrandum

2159 3513 2619 3569 adolescentium
2678 3531 2937 3570 amorem
2986 3515 3058 3570 ab
3119 3514 3567 3573 Atheniensibus
3621 3519 3804 3575 luisse

2158 3604 2570 3658 eondexnatum
2607 3607 2629 3659 Ρ
2659 3604 2921 3659 Primum
2976 3603 3158 3660 habes
3188 3604 3510 3677 Platonem,
3546 3609 3647 3679 qui
3680 3625 3799 3664 me-

2160 3693 2355 3747 moriae
2415 3693 2713 3749 mandavit
2795 3694 3068 3749 eumdem
3141 3697 3434 3751 Socratem
3509 3715 3543 3752 a
3604 3697 3801 3754 Melito

2158 3781 2592 3850 insimulatum,
2648 3784 2800 3854 quod
2856 3787 3061 3854 praeter
3119 3785 3221 3855 jus
3270 3788 3326 3840 et
3396 3786 3483 3841 fas
3544 3803 3802 3844 corrum-

2157 3873 2721 3943 peretjuventutem,
2783 3872 3013 3944 diisque
3070 3873 3316 3944 negatis,
3377 3890 3555 3930 novos
3612 3874 3800 3933 intro-

2157 3962 2411 4017 duceret.
2475 3963 2692 4017 Eadem
2751 3978 2883 4017 vero
2948 3962 3212 4017 Laertius
3259 3962 3486 4033 repetit.
3548 3963 3801 4022 Verum-

2154 4054 2348 4106 tamen
2385 4050 2699 4123 Xenophon
2761 4055 3007 4105 conatus
3039 4054 3129 4105 est
3159 4068 3290 4106 eum
3329 4055 3579 4123 utroque
3603 4053 3799 4110 crimi-

2155 4156 2247 4207 ne,
2280 4157 2344 4193 ac
2378 4141 2748 4210 potissimum
2796 4140 2981 4209 primo
3010 4139 3259 4194 liberare
3316 4140 3599 4213 (Xenoph.
3634 4141 3739 4200 lib.
3780 4161 3799 4199 1

2157 4228 2492 4284 Memorabil.
2547 4245 2675 4300 pag.
2719 4229 2812 4281 7H
2870 4233 2925 4281 et
2955 4229 3143 4299 seqq.)
3180 4246 3191 4296 ;
3253 4233 3379 4283 tum
3422 4230 3561 4301 quia
3608 4232 3800 4287 conti-

2154 4317 2411 4372 nentiam
2436 4334 2668 4373 summo
2702 4316 2893 4371 studio
2927 4316 3123 4384 coluit,
3156 4320 3277 4371 tum
3331 4317 3469 4389 quia
3499 4318 3649 4375 hanc
3679 4320 3795 4376 vir-

2152 4410 2336 4460 tutem
2374 4406 2609 4461 assidue
2642 4404 2962 4476 discipulos
2996 4422 3134 4460 suos
3184 4406 3447 4461 docebat.
3491 4408 3614 4464 Non
3648 4410 3799 4465 diffi-

2154 4499 2308 4549 tetur
2338 4499 2533 4550 tamen
2569 4493 2949 4562 Alcibiadem,
3000 4495 3497 4566 quemadmodum
3538 4498 3798 4567 Critian),

473 4612 638 4667 quam
669 4596 878 4650 ιευηετη
905 4581 1242 4667 ᾳᾳηιηαηῃο,
1290 4609 1447 4648 suam
1486 4592 1794 4667 ρνοάεάίδεε
1840 4581 2040 4650 ῖηιεηιζ
2074 4581 2122 4644 D
2156 4586 2213 4640 in
2245 4583 2402 4639 illius
2432 4585 2678 4639 traditos
2725 4583 3120 4655 disciplinam,
3154 4585 3411 4655 perditos
3447 4587 3626 4643 fuisse
3659 4589 3799 4645 ado-

468 4665 786 4739 perantiam
816 4674 869 4722 et
902 4665 1343 4721 Christianorum
1372 4666 1697 4721 castitatem.

473 4784 750 4840 Nostrum
783 4783 1222 4855 subsequamur
1252 4785 1581 4847 Auctorem,
1627 4799 1693 4837 ac
1743 4781 2049 4837 videamus

403 4874 696 4943 quomodo
726 4873 1059 4929 inchoatam
1085 4870 1630 4927 deChristianorum
1647 4871 2045 4926 ethnicorum-

402 4976 515 5030 que
545 4963 812 5017 castitate
840 4960 1339 5033 comparationem
1367 4965 1791 5031 prosequatur:
1826 4983 1854 5010 «
1887 4959 2042 5014 Chri-

402 5048 954 5123 stianus,inquit,ad
986 5067 1187 5106 sexum
1214 5066 1315 5105 nec
1350 5050 1576 5104 feminea
1607 5054 1796 5105 mutat
1827 5072 1854 5099 ››
1887 5051 2044 5121 (Ter-

405 5136 634 5193 tullian.
668 5140 914 5210 Aploget.
949 5159 1075 5212 cap,
1106 5141 1195 5208 46,
1220 5155 1350 5210 pag.
1411 5139 1560 5210 500).
1597 5140 1681 5193 Ita
1713 5139 1951 5210 quidem
1986 5140 2045 5194 in

406 5227 659 5283 editione
691 5228 948 5300 Rigaltii,
984 5230 1083 5302 qui
1133 5228 1401 5284 observat
1434 5226 1521 5282 bis
1568 5228 1800 5283 duobus
1831 5228 2043 5297 verbis,

406 5315 476 5371 ad
510 5331 712 5371 sexum
739 5316 986 5389 feminae,
1012 5318 1166 5372 idem
1217 5333 1344 5372 esse
1404 5332 1469 5372 ac
1522 5318 1823 5388 [cmineum
1852 5334 2047 5373 sexum

402 5413 597 5461 mutat.
632 5405 743 5461 Sed
788 5405 941 5461 unde
991 5406 1139 5461 hanc
1188 5405 1496 5462 lectionem
1543 5407 1883 5478 sumpserit,
1943 5423 2046 5463 nec

404 5496 548 5568 ipse,
584 5511 688 5551 nec
719 5494 815 5551 alii
848 5496 973 5567 ejus
1018 5511 1299 5567 sequaces
1332 5495 1499 5551 nobis
1534 5495 1954 5551 indicaverunt.
1981 5497 2042 5551 In

402 5586 617 5642 nostris
672 5590 865 5642 autem
928 5585 1228 5641 codicibus
1290 5585 1730 5658 manuscriptis,
1796 5584 2045 5657 aliisque

405 5676 679 5734 omnibus
736 5674 911 5734 editis
966 5675 1219 5749 legimus
1273 5692 1287 5731 :
1346 5675 1548 5732 Sexum
1605 5692 1701 5732 nec
1746 5676 2045 5748 femineum

2157 4674 2442 4729 lsscentes
2468 4674 2615 4730 92]
2657 4673 3256 4745 acdissolutissimos,
3286 4676 3388 4731 sed
3448 4694 3563 4733 non
3616 4679 3800 4750 prius,

2160 4764 2371 4834 inquit,
2404 4780 2581 4835 quam
2614 4764 2685 4818 ab
2717 4762 2816 4817 illo
2848 4762 3279 4818 discessissent.

2228 4875 2444 4926 Verum
2477 4870 2597 4926 haec
2631 4870 2725 4925 ille
2754 4870 2957 4941 majori
2981 4869 3222 4926 forsitan
3245 4870 3301 4925 in
3336 4872 3628 4930 Socratem
3663 4891 3800 4946 pro-

2160 4959 2643 5033 pensione,quam
2676 4959 2939 5015 veritatis
2964 4959 3250 5015 studio.Si
3284 4962 3443 5017 enim
3474 4978 3641 5020 veros
3672 4981 3799 5021 esss

2157 5048 2464 5121 gentilium
2499 5051 2637 5104 deos
2670 5049 3085 5120 arbitrabatur,
3106 5055 3161 5104 et
3193 5049 3439 5116 colebat,
3463 5068 3565 5107 cur
3596 5070 3797 5109 eorum

2158 5139 2309 5194 facta
2365 5144 2421 5194 et
2473 5138 2693 5210 ﬂagitia
2741 5138 2958 5193 imitari
3004 5138 3355 5193 verebatur?
3406 5139 3619 5196 Deinde
3666 5158 3799 5199 vero

2156 5228 2420 5297 quamvis
2443 5228 2535 5284 ille
2568 5227 2818 5299 publicis
2845 5229 2902 5282 in
2917 5226 3133 5283 scholis
3154 5228 3573 5284 continentiam
3593 5231 3800 5302 pradi-

2158 5317 2444 5385 cavisset;
2479 5334 2669 5373 nonne
2705 5317 3035 5389 philosOphi
3067 5315 3333 5387 gentiles,
3387 5322 3450 5371 ut
3498 5316 3637 5373 alibi
3660 5320 3802 5375 dixi-

2157 5407 2640 5477 mus(Dissertat.
2678 5408 2737 5461 in
2787 5407 3029 5460 Lactant.
3090 5420 3218 5475 cap.
3278 5404 3366 5474 35,
3425 5409 3534 5461 art.
3596 5407 3669 5479 4),
3729 5425 3796 5466 ea

2155 5494 2865 5568 consueverantprivatim
2896 5498 2951 5549 et
2994 5494 3149 5548 domi
3207 5509 3397 5565 agere,
3445 5511 3572 5566 quae
3604 5497 3798 5569 palam

2156 5590 2212 5643 et
2242 5585 2300 5641 in
2332 5585 2548 5642 scholis
2566 5584 2690 5641 suis
2714 5582 3184 5639 eondemnabant
3212 5582 3517 5655 ?Denique
3546 5586 3673 5660 ipse
3694 5587 3799 5644 Xe-

2158 5675 2389 5748 nophon
2430 5690 2640 5746 negare
2672 5690 2786 5731 non
2818 5673 3007 5746 potuit
3036 5673 3331 5731 Socratem
3370 5675 3697 5747 turpissimi
3744 5681 3801 5734 in
