4158 6356
342 385 495 447 1011

863 387 1384 449 TERTULLIANI
1433 385 1756 447 OPERUM
1799 383 1997 444 PARS
2041 381 2490 443 l.—SERIES
2535 385 2582 458 l,
2630 384 3197 447 APOLOGETICA.

3584 385 3748 448 1012

340 518 738 575 adolescentes
772 518 988 574 amoris
1009 522 1370 589 accusatum,
1397 519 1567 588 cujus
1597 517 1791 589 reipsa
1811 531 1974 572 reum
2007 517 2061 582 Α
2090 514 2426 586 significare
2463 515 2709 586 videtur,
2743 520 2808 571 ut
2831 516 3071 587 quidam
3101 520 3332 589 putant,
3357 518 3415 573 in
3443 518 3736 575 adulterio

343 605 528 662 fuisse
558 606 796 679 plurimi
829 606 1002 660 sicuti
1059 606 1449 675 ostendimus,
1497 623 1843 678 persuasum
1879 605 1979 660 ha-

342 697 616 751 buerunt.
644 695 783 759 Quis
815 700 1008 750 autem
1044 695 1209 750 facile
1233 695 1345 750 sibi
1369 713 1481 751 non
1516 695 1890 767 persuadebit
1923 694 1979 748 in

343 783 473 839 lata:
503 786 784 839 adversus
841 783 1008 838 illum
1062 784 1366 840 sententia:
1418 789 1578 856 parte
1614 785 1821 838 factam
1855 797 1981 837 esse

343 871 523 942 hujus
553 873 733 927 etiam
768 872 1005 927 sceleris
1039 873 1397 928 mentionem
1427 873 1453 926 ?

411 980 692 1035 Praeterea
722 977 1201 1046 Cbristianus,ait
1222 984 1424 1035 auctor
1455 978 1840 1044 noster,uxori
1861 995 1979 1034 suae

342 1067 449 1126 soli
478 1068 775 1124 masculus
833 1068 1092 1123 noscitur
1122 1066 1384 1139 (Tertull.
1418 1067 1696 1140 Apologet.
1731 1084 1856 1140 cap.
1890 1069 1977 1135 46,

342 1172 476 1230 pag.
507 1156 1039 1228 500).Prohibitnm
1078 1157 1368 1227 siquidem
1403 1173 1573 1211 omne
1603 1157 1980 1228 impudicitiae

343 1261 530 1319 genus
562 1261 914 1318 magnopere
946 1245 1520 1317 aversabatur,atque
1553 1245 1714 1300 uxori
1739 1247 1979 1314 suae,si-

345 1338 444 1390 cut
469 1334 749 1401 vidimus,
778 1335 949 1389 fidem
1007 1350 1232 1405 semper
1265 1336 1553 1390 servabat.
1607 1335 1822 1390 Contra
1848 1351 1980 1390 vero

343 1424 497 1480 inter
525 1424 810 1494 ethnicos,
845 1423 1039 1495 inquit
1071 1423 1200 1478 ille:
1235 1446 1261 1474 «
1283 1424 1420 1478 Novi
1454 1429 1509 1478 et
1541 1424 1826 1496 Phrynem
1861 1441 1980 1478 me-

345 1513 640 1581 retricem,
671 1512 940 1584 Diogenis
973 1529 1150 1583 supra
1208 1513 1601 1568 recumbentis
1657 1512 1845 1567 ardori
1888 1530 1982 1567 su-

343 1600 600 1657 bantem.
635 1621 662 1648 »
698 1602 758 1656 In
790 1600 1222 1673 antiquioribus
1279 1600 1527 1673 Rigaltio
1575 1601 1932 1656 editionibus
1963 1619 1975 1656 :

344 1711 373 1742 «
393 1693 580 1762 Supra
601 1690 935 1745 recubantis
968 1691 1232 1745 ardorem
1258 1689 1588 1745 subantem.
1626 1712 1652 1739 υ
1676 1691 1738 1745 In
1763 1692 1980 1746 nostris

338 1795 473 1836 vero
507 1778 924 1850 manuscriptis
967 1779 1267 1834 codicibus
1302 1795 1313 1834 :
1348 1784 1585 1850 «Supra
1633 1781 1976 1835 recumben-

339 1868 417 1924 tis
449 1869 714 1924 ardorem
745 1868 1078 1924 subantem.
1110 1889 1137 1918 ››
1163 1868 1241 1923 Ibi
1276 1872 1473 1924 autem
1501 1869 1753 1940 exagitat
1773 1869 1978 1941 Dioge-
2009 1885 2056 1950 B

340 1956 454 2023 nis,
491 1956 774 2030 Phrynem
823 1957 1045 2028 perdite
1076 1957 1350 2028 amantis,
1411 1956 1582 2029 plane
1629 1957 1973 2014 indomitam

338 2045 664 2101 libidinem.
695 2045 992 2117 Scriptum
1027 2049 1223 2101 autem
1276 2046 1348 2100 ab
1396 2047 1673 2102 Athenaeo
1726 2046 1976 2118 legimus

338 2134 706 2207 Aristippum
740 2152 772 2190 a
803 2151 968 2191 servo
990 2151 1097 2190 suo
1123 2135 1654 2208 increpitum,quod
1682 2136 1975 2208 ingentem

339 2222 676 2294 percuniam
708 2224 949 2295 Phrynm
973 2224 1280 2294 conferret,
1304 2240 1430 2295 quas
1453 2241 1585 2280 cum
1618 2225 1868 2295 Diogene
1881 2241 1976 2297 cy-

339 2313 470 2368 nico
501 2313 682 2385 gratis
703 2311 1078 2368 volutabatur
1107 2313 1340 2384 (Athen.
1394 2313 1494 2368 lib.
1555 2331 1677 2380 XIII,
1727 2314 1978 2384 Deipno-

342 2401 508 2472 soph.
540 2418 674 2474 pag.
697 2402 846 2471 588).
879 2401 960 2457 De
1018 2401 1119 2456 illa
1175 2406 1368 2457 autem
1418 2403 1647 2475 Phryne
1705 2404 1980 2458 famosis-

339 2489 492 2546 sima
519 2490 822 2546 meretrice
854 2506 958 2546 nos
982 2489 1200 2561 aliquid
1227 2490 1364 2546 alibi
1400 2508 1502 2545 nec
1528 2491 1703 2547 semel
1722 2492 1978 2547 diximus

338 2579 550 2649 (tom.I
608 2579 870 2649 Apparat.
932 2594 1065 2651 pag.
1095 2579 1202 2633 744
1250 2597 1262 2646 ;
1313 2581 1600 2636 Dissertat.
1660 2583 1720 2635 in
1775 2582 1974 2637 Arnob.

337 2682 465 2740 cap.
497 2667 588 2737 20,
617 2671 727 2722 art.
759 2667 832 2738 3).
1136 2684 1138 2687 ·

407 2772 669 2828 Ροεῐὴωο
698 2788 830 2827 vero
862 2771 1299 2827 Tertullianus:
1335 2794 1364 2822 ‹‹
1423 2773 1625 2842 Audio,
1679 2774 1890 2848 inquit,
1924 2781 1979 2832 et

338 2861 650 2934 quemdam
683 2860 1070 2933 Spensippum
1104 2863 1172 2916 de
1198 2861 1453 2918 Platonis
1483 2863 1679 2919 schola
1712 2865 1770 2920 in
1813 2866 1976 2921 adul-

335 2951 483 3008 terio
510 2951 756 3022 periisse
813 2970 839 3002 ιι
894 2951 1161 3023 (Tertull.
1225 2951 1493 3022 Apologet.
1543 2969 1668 3024 cap.
1704 2955 1789 3022 46,
1842 2972 1972 3026 pag.

333 3040 532 3112 500).A
553 3040 722 3096 nobis
751 3043 945 3095 autem
971 3039 1106 3095 alibi
1139 3041 1481 3098 adnotatum
1513 3043 1772 3098 esthunc
1794 3047 1976 3116 Speu-

336 3129 573 3201 sippum
606 3129 785 3185 fuisse
819 3129 1074 3184 Platonis
1105 3146 1172 3184 ex
1205 3146 1418 3196 sorore,
1451 3131 1718 3188 videlicet
1738 3133 1972 3205 Potone,

336 3223 402 3274 ut
432 3218 513 3274 ait
545 3217 1292 3317 Laertius,ﬂlium,ejusque
1322 3220 1378 3274 in
1415 3221 1758 3278 Academica
1775 3222 1975 3278 schola
2005 3251 2048 3317 C

335 3323 734 3364 successorem
759 3309 924 3377 (tom.
961 3309 979 3362 Ι
1010 3307 1277 3379 Apparat.
1339 3325 1470 3382 pag.
1525 3311 1655 3366 1131
1701 3316 1759 3367 et
1788 3313 1922 3366 1134
1958 3330 1971 3380 ;

333 3398 527 3452 Laert.
566 3395 670 3451 lib.
730 3413 784 3450 1v
817 3398 876 3450 in
938 3397 1036 3451 Vit.
1098 3397 1289 3468 Speus.
1323 3400 1349 3465 §
1383 3400 1456 3467 1).
1504 3401 1578 3454 At
1606 3400 1721 3466 ille,
1772 3403 1973 3458 eodem

329 3483 554 3540 Laertio
577 3488 744 3550 teste,
793 3484 1006 3539 dicitur
1069 3483 1312 3558 ὀργίλος,
1371 3484 1458 3540 καὶ
1518 3484 1734 3557 ἡδονῶν
1795 3489 1972 3558 ἥττων

329 3571 575 3639 ἧν,θναι
624 3573 942 3639 iracundus,
999 3578 1051 3628 et
1073 3576 1448 3646 voluptatibus
1502 3578 1720 3634 deditus
1767 3580 1971 3653 (lbid.).

331 3664 635 3716 Testatum
671 3677 897 3732 quoque
927 3662 1238 3719 Athenmus
1288 3665 1424 3720 fecit
1464 3665 1632 3721 illum
1691 3668 1761 3722 ab
1811 3668 1972 3724 volu-

337 3747 543 3821 ptariis
577 3749 963 3820 Epicureis,et
983 3751 1310 3822 Cyrenaicis
1342 3770 1454 3808 non
1479 3755 1677 3825 procul
1697 3756 1973 3828 abfuisse,

336 3838 506 3910 eique
537 3837 947 3909 exprobratum
984 3857 1017 3893 a
1066 3839 1338 3911 Dionysio
1382 3845 1624 3913 tyranno
1661 3845 1972 3900 Lasthenize

337 3927 661 3984 meretricis
693 3943 949 3982 amorem
1010 3927 1134 3999 (lib.
1178 3946 1282 3995 x11,
1339 3947 1463 4002 cap.
1498 3931 1585 3999 l2,
1638 3950 1766 4005 pag.
1798 3935 1920 4006 546)
1959 3953 1970 3990 :

339 4011 646 4085 Φιλήδονος
693 4014 760 4083 ἦν
800 4015 888 4069 καὶ
939 4014 1311 4086 Σπεύσιππος,
1371 4019 1398 4071 ὁ
1453 4015 1742 4084 Πλάτωνος
1789 4043 1973 4098 συγγεο

335 4105 456 4176 νὴς,
517 4102 606 4158 καὶ
661 4100 922 4179 διάδοχος
975 4111 1076 4173 τῆς
1135 4103 1383 4180 σχολῆς.
1449 4108 1722 4172 Διονύσιος
1773 4115 1900 4185 γοῦν
1944 4114 1971 4167 ὁ

333 4199 432 4262 τῆς
480 4191 732 4254 Σικελίας
787 4191 1068 4268 τύραννος,
1131 4194 1181 4248 ἐν
1229 4199 1296 4268 τῇ
1324 4197 1457 4270 πρὸς
1489 4197 1650 4252 αὐτὸν
1707 4199 1969 4276 ἐπιστολῇ

332 4281 467 4336 κατά
511 4287 609 4350 τῆς
662 4279 985 4359 φιληδονίας
1031 4283 1196 4337 αὐτοῦ
1236 4283 1424 4352 εἷ’πὼν,
1473 4286 1560 4340 καὶ
1612 4287 1967 4365 φιλαργυρίαν

331 4370 476 4444 αὖτῷ
527 4367 795 4443 ὀνειδίζει,
841 4371 930 4425 καὶ
973 4373 1063 4426 τὸν
1109 4373 1427 4438 Λασθενείας
1482 4383 1579 4445 τῆς
1642 4376 1967 4453 Ἀρκαδικῆς

331 4457 524 4534 ἔρωτα,
557 4457 679 4529 ἥτις
733 4457 1026 4522 Πλάτωνος
1056 4461 1304 4531 ἠκηκόει.
1345 4465 1732 4538 l’oluptuarius
1762 4487 1972 4543 quoque

331 4550 668 4621 Speusippus
693 4551 826 4620 fuit,
859 4551 1104 4606 Platonis
1123 4569 1398 4611 successor
1444 4564 1495 4611 et
1546 4564 1828 4628 cognatus.
1866 4561 1968 4616 Ita-

2091 605 2521 675 deprehensum
2555 605 2811 660 animam
2845 607 3056 677 egisse,
3085 607 3184 661 sed
3217 607 3288 662 ad
3338 624 3508 664 suam
3545 625 3740 680 usque

2091 697 2336 748 mortem
2369 695 2425 748 in
2459 694 2745 750 adulterio
2775 694 3122 750 volutatum.

2160 783 2351 853 Pergit
2381 789 2585 838 auctor
2613 788 2810 839 noster
2845 800 2856 838 :
2889 807 2917 834 ‹‹
2942 784 3315 841 Christianus
3338 786 3514 842 salvis
3545 787 3738 843 oculis

2090 870 2338 926 feminas
2371 888 2484 926 non
2519 873 2671 928 videt
2717 895 2744 924 »
2799 873 3060 945 (Tertull.
3102 867 3385 946 'Apologet.
3439 893 3566 946 cap.
3639 877 3734 944 46,

2091 977 2222 1032 pag.
2256 963 2401 1033 200).
2435 963 2525 1017 Sic
2558 963 2708 1016 enim
2741 963 2861 1017 haec
2893 963 2950 1016 in
2972 965 3390 1036 manuscriptis
3421 966 3729 1021 codicibus

2089 1053 2145 1104 et
2176 1049 2430 1121 Rigaltii,
2460 1068 2525 1106 ac
2556 1052 2946 1122 posteriorum
2978 1053 3333 1108 editionibus
3364 1053 3614 1125 legimus
3639 1073 3652 1122 ;
3675 1055 3739 1109 in

2089 1138 2260 1192 editis
2290 1156 2421 1194 vero
2451 1141 2880 1212 antiquioribus
2907 1159 2918 1196 :
2957 1165 2976 1186 η
3009 1141 3377 1198 Christianus
3401 1143 3576 1198 salvis
3591 1160 3731 1198 ocu-

2087 1225 2160 1280 lis
2193 1227 2467 1282 feminam
2497 1228 2670 1283 videt.
2697 1250 2724 1278 »
2758 1230 2830 1283 At
2860 1229 3026 1284 facile
3047 1230 3397 1302 intelligitur
3426 1231 3585 1287 hunc
3603 1248 3737 1288 esse

2089 1315 2430 1371 Tertulliani
2463 1333 2702 1372 sensum
2729 1333 2742 1373 :
2773 1318 3410 1376 TametsiChristianus
3432 1319 3621 1377 salvos
3643 1338 3740 1376 sa-

2091 1421 2314 1476 nesque
2347 1407 2605 1479 corporis
2663 1406 2861 1462 oculos
2909 1408 3142 1476 habeat,
3202 1409 3451 1465 feminas
3508 1414 3733 1477 tamen,

2090 1513 2236 1568 quas
2258 1496 2453 1550 animo
2483 1495 2879 1564 concupiscat,
2941 1512 3056 1550 non
3083 1497 3246 1552 videt.
3311 1495 3410 1552 Ille
3451 1497 3734 1553 continuo

2088 1586 2301 1654 adjecit
2335 1600 2346 1638 :
2383 1607 2409 1633 «
2446 1583 2646 1638 Animo
2677 1584 2952 1638 adversus
3003 1583 3306 1640 libidinem
3365 1601 3552 1641 caecus
3583 1591 3673 1642 est
3702 1608 3732 1638 ››

2091 1674 2272 1746 (Ibid).
2301 1672 2468 1726 Novit
2498 1671 2713 1743 quippe
2742 1672 2921 1727 latam
2953 1690 2986 1728 a
3008 1673 3237 1729 Christo
3272 1673 3463 1746 legem
3491 1693 3504 1731 :
3539 1676 3737 1732 Omnis

2089 1765 2185 1834 qui
2213 1762 2418 1817 viderit
2448 1761 2736 1816 mulierem
2765 1763 2841 1817 ait
2895 1765 3396 1834 concupiscendam
3445 1781 3585 1832 eam,
3609 1766 3735 1836 jam

2087 1851 2385 1908 maechatus
2406 1855 2483 1906 est
2511 1866 2639 1905 eam
2671 1850 2728 1904 in
2757 1850 2916 1906 corde
2945 1867 3044 1907 suo
3075 1852 3288 1923 (Matth.
3321 1870 3378 1922 v,
3399 1853 3734 1925 28).ltaque

2089 1945 2152 1996 ut
2180 1956 2352 1995 verus
2382 1939 2593 1995 Christi
2651 1939 2980 2010 discipulus
3011 1940 3148 1995 huic
3179 1947 3468 2014 praecepto
3499 1943 3734 1998 satisfa-

2086 2029 2218 2098 ciat,
2249 2027 2444 2098 salvis,
2477 2027 2713 2099 quidem
2737 2030 3030 2100 corporeis
3059 2031 3232 2086 oculis
3259 2033 3501 2102 feminas
3529 2031 3678 2087 videt
3709 2053 3732 2100 ,-

2087 2119 2188 2174 sed
2220 2119 2438 2187 animo,
2471 2135 2584 2189 quo
2606 2134 2705 2175 eas
2734 2118 3322 2190 concupiscat,caacus
3352 2125 3409 2177 et
3439 2121 3728 2177 immotus

2087 2211 2196 2264 est.

2157 2297 2385 2361 Quanta
2415 2299 2607 2352 autem
2641 2313 2671 2351 e
2693 2295 2981 2352 contrario
3011 2300 3165 2352 esset
3184 2297 3489 2367 gentilium
3530 2297 3728 2354 homi-

2087 2403 2226 2442 num
2260 2387 2432 2442 etiam
2493 2386 2979 2458 phi1030phorum
3013 2387 3462 2457 incontinentia,
3493 2388 3729 2444 Tertul-

2088 2475 2280 2531 lianus
2313 2476 2569 2530 ostendit
2601 2475 2906 2531 Democriti
2937 2478 3235 2548 exemplo:
3270 2499 3299 2527 «
3335 2478 3727 2544 Democritus,

2087 2564 2302 2637 inquit,
2334 2565 2671 2620 excaecando
2686 2564 3254 2636 semetipsum,qnod
3276 2565 3583 2622 mulierem
3601 2566 3732 2624 sine

2087 2653 2560 2724 concupiscentia
2618 2653 2876 2724 aspicere
2907 2671 3021 2710 non
3054 2659 3272 2726 posset,
3303 2659 3362 2710 et
3399 2655 3642 2726 doleret,
3676 2656 3730 2712 si

2089 2760 2202 2799 non
2235 2748 2391 2798 esset
2409 2743 3145 2814 potitus,incontinentiam
3177 2744 3584 2800 emendatione
3599 2761 3733 2815 pro-

2087 2835 2338 2889 ﬁtetur»
2374 2833 2640 2900 (Tertull.
2703 2833 2884 2904 ibid.).
2945 2833 3058 2888 Sed
3113 2833 3183 2887 de
3244 2832 3353 2888 hac
3398 2832 3731 2889 voluntaria

2085 2919 2395 2975 Democriti
2426 2920 2699 2988 caecitate,
2751 2921 2996 2991 ejusque
3028 2936 3206 2975 causa
3235 2924 3426 2990 potest
3454 2936 3581 2976 esse
3606 2937 3726 2976 non

2085 3009 2324 3066 minima
2381 3009 2686 3064 dubitandi
2737 3010 2904 3065 ratio.
2965 3015 3109 3065 Nam
3165 3009 3510 3066 Plutarchus
3551 3009 3729 3081 plane

2087 3099 2436 3170 penitusque
2467 3102 2640 3169 negat
2670 3097 2837 3153 illum
2897 3117 3036 3155 suos
3067 3103 3277 3171 sponte
3315 3116 3421 3156 sua
3469 3099 3596 3154 ideo
3628 3115 3730 3155 ex-

2085 3188 2359 3244 stinxisse
2388 3187 2608 3253 oculos,
2642 3204 2714 3242 ne
2757 3188 3018 3243 animum
3049 3193 3446 3258 avocaret,nec
3466 3189 3734 3244 sinerent

2087 3277 2261 3332 rebus
2311 3276 2436 3332 sola
2464 3279 2656 3331 mente
2701 3277 3006 3333 cernendis
3063 3277 3362 3334 immorari
3407 3276 3726 3349 (Plutarch.

2083 3365 2148 3421 de
2176 3366 2428 3422 curiosit.
2460 3381 2592 3435 pag.
2623 3366 2748 3432 521,
2775 3369 2915 3420 tom.
2937 3366 3028 3436 II).
3055 3366 3209 3422 Nihil
3241 3370 3439 3422 autem
3473 3365 3544 3422 de
3565 3364 3729 3421 illius

2082 3455 2340 3510 caecitate
2371 3453 2565 3508 Cicero
2613 3462 2765 3510 certo
2819 3455 3192 3526 pronuntiare
3243 3457 3513 3511 videtur:
3546 3477 3575 3503 «
3617 3455 3728 3510 De-

2085 3543 2388 3608 mocritus,
2423 3541 2741 3614 inquit,qui
2771 3560 2902 3599 vere
2943 3543 3168 3600 falsone
3199 3560 3608 3616 quaereremus,
3643 3543 3732 3598 di-

2083 3633 2235 3687 citur
2263 3631 2448 3687 oculis
2479 3648 2541 3687 se
2572 3631 2832 3703 privasse
2866 3649 2881 3689 :
2909 3637 3064 3689 certe
3125 3638 3191 3688 ut
3247 3649 3424 3705 quam
3481 3632 3726 3688 minime

2083 3725 2317 3780 animus
2342 3741 2375 3778 a
2431 3723 2883 3795 cogitationibus
2913 3724 3350 3780 abduceretur»
3378 3722 3585 3794 (Cicer.
3619 3722 3722 3778 lib.

2081 3832 2115 3869 v
2144 3815 2211 3870 de
2229 3815 2384 3884 ﬁnib.
2419 3829 2551 3885 pag.
2588 3814 2712 3877 113,
2743 3814 2848 3868 lin.
2877 3815 2988 3885 43).
3022 3814 3084 3870 Si
3114 3815 3271 3869 enim
3329 3814 3432 3883 ibi,
3489 3817 3555 3868 ut
3591 3813 3726 3886 qui-

2082 3906 2216 3960 dam
2251 3903 2580 3976 opinantur,
2600 3903 2911 3960 delendum
2947 3905 3020 3959 sit
3049 3905 3292 3959 verbum
3326 3919 3721 3976 quereremus,

2081 4011 2148 4050 ac
2177 3993 2488 4066 legendum
2519 3993 2751 4064 falsone,
2783 3991 2953 4064 plane
3001 3995 3070 4051 de
3101 3992 3201 4049 illa
3231 3993 3542 4049 Democriti
3566 3992 3727 4049 caeci-

2080 4086 2200 4139 tate
2245 4082 2491 4138 dubium
2571 4085 2626 4136 et
2680 4082 2993 4154 ancipitem
3053 4099 3114 4138 se
3175 4083 3355 4138 fuisse
3406 4081 3723 4155 significat.

2079 4171 2354 4238 Quamvis
2383 4175 2576 4227 autem
2611 4172 2851 4228 verbum
2882 4187 3277 4246 quazreremus,
3304 4173 3374 4229 ab
3407 4189 3474 4229 eo
3496 4173 3724 4244 profec-

2080 4267 2205 4318 tum
2230 4260 2429 4326 fuerit,
2469 4259 2586 4315 alio
2618 4265 2816 4316 tamen
2856 4262 3030 4316 verbo
3073 4261 3299 4328 dicitur,
3342 4261 3488 4318 satis
3525 4264 3726 4332 aperte

2079 4351 2410 4406 declaratid
2446 4367 2478 4403 a
2510 4367 2570 4404 se
2605 4366 2718 4403 non
2753 4365 2924 4420 posse
2954 4354 3109 4405 certo
3169 4349 3472 4406 afﬁrmari.
3505 4349 3721 4405 Verum

2078 4440 2256 4496 Aulus
2288 4439 2507 4495 Gellius
2539 4438 2889 4494 testiﬁcatur
2945 4439 3004 4494 in
3051 4439 3307 4494 historiae
3347 4440 3552 4495 Graecas
3604 4456 3728 4495 mo-

2077 4531 2375 4587 numentis
2406 4531 2610 4585 iactam
2643 4529 2995 4585 mentionem
3019 4529 3456 4601 Democriti,qui
3479 4547 3541 4585 se
3570 4528 3724 4586 ultro

335 4654 438 4709 que
461 4639 759 4709 Dionysius
814 4639 1029 4696 Siciliae
1056 4646 1333 4712 tyrannus
1365 4646 1420 4698 in
1451 4663 1549 4701 sua
1580 4647 1650 4702 ad
1681 4665 1807 4703 cum
1845 4653 1964 4722 epi-

2087 4619 2401 4675 luminibus
2423 4617 2728 4674 oculorum
2763 4619 3009 4689 orbavit,
3034 4623 3098 4673 ut
3128 4619 3510 4690 cogitationes
3540 4617 3723 4674 animi

333 4728 474 4782 stola
502 4728 795 4797 voluptatis
825 4729 1076 4784 studium
1108 4733 1477 4805 reprehendit,
1537 4740 1836 4794 avaritiam
1869 4757 1968 4796 ex-

334 4815 577 4887 probrat,
610 4823 662 4871 et
690 4831 935 4872 amorem
967 4819 1212 4877 Arcadiae
1236 4823 1592 4891 Lastheneiaa,
1629 4843 1753 4898 quae
1782 4831 1970 4885 Plato-

335 4919 462 4960 nem
493 4902 764 4960 audiebat.
791 4905 953 4960 Prius
985 4910 1178 4963 tamen
1216 4909 1337 4966 haec
1399 4915 1737 4971 Lastheneia
1769 4918 1838 4972 ab
1870 4918 1969 4975 illo

334 4997 577 5051 vocatur
609 4990 871 5068 Σαρδική,
908 4995 1262 5070 δανιιίεεηδίδ,
1297 5006 1353 5055 et
1385 5020 1417 5056 a
1465 5003 1695 5061 Laertio
1716 5009 1968 5060 Μαντινι-

331 5084 402 5152 κὴ
439 5086 723 5142 Mantinea
757 5086 966 5157 (Laert.
1009 5088 1107 5141 Vit.
1135 5087 1412 5164 Ptaton,§
1446 5093 1531 5162 45,
1564 5099 1620 5150 et
1650 5095 1751 5151 lib.
1785 5115 1839 5151 IV
1867 5100 1966 5154 Vit.

334 5175 548 5248 Speus.,
581 5177 609 5244 §
637 5176 714 5246 2).

402 5265 557 5321 922
582 5264 738 5320 Duas
770 5281 941 5336 porro
974 5266 1082 5322 iste
1109 5266 1179 5322 de
1229 5273 1417 5326 morte
1459 5272 1766 5346 Speusippi
1798 5276 1974 5331 refert

330 5353 634 5426 Opiniones
665 5353 821 5426 (Ibid.
855 5357 882 5422 ἓ
911 5354 944 5409 3
966 5360 1022 5410 et
1050 5356 1098 5426 4)
1127 5372 1140 5412 :
1174 5361 1231 5412 et
1261 5358 1512 5429 primam
1539 5362 1970 5432 quidem,illum

335 5443 609 5515 paralysi,
670 5459 934 5511 moerere,
996 5461 1060 5498 ac
1117 5445 1278 5502 senio
1336 5448 1689 5517 confectum,
1726 5458 1970 5509 mortem

337 5535 449 5588 sibi
483 5537 688 5604 sponte
719 5533 1104 5601 conscivisse;
1152 5539 1470 5594 secundam
1502 5557 1657 5610 vero,
1691 5543 1974 5615 pediculis

341 5622 849 5677 elfervescentihus
907 5622 1083 5678 vitam
1134 5625 1216 5680 illi
1251 5633 1530 5700 ereptam.
1590 5634 1730 5687 Cum
1778 5634 1973 5706 itaque

339 5706 737 5765 Tertullianus
795 5709 874 5764 ait
923 5726 1055 5766 eum
1101 5715 1160 5767 in
1219 5716 1486 5776 adulterio
1536 5723 1787 5792 periisse,
1857 5741 1973 5784 non

2078 4707 2136 4763 in
2170 4706 2634 4780 contemplandis
2652 4711 2871 4762 naturae
2905 4707 3230 4763 rationibus
3261 4707 3726 4778 essentvegetio-

2079 4815 2192 4868 res,
2224 4798 2656 4868 exactioresque
2684 4795 2849 4865 (Gell.
2882 4795 2982 4851 lib.
3014 4797 3219 4854 xNoct.
3252 4798 3412 4853 Attio.
3446 4814 3570 4868 cap.
3635 4795 3722 4866 17,

2078 4903 2210 4960 pag.
2243 4888 2390 4958 541).
2439 4888 2584 4942 Tum
2637 4887 3002 4943 continenter
3043 4887 3266 4944 Laberii
3325 4887 3466 4944 citat
3491 4903 3723 4954 versus,

2079 4976 2293 5049 quibus
2324 4975 2603 5031 describit
2625 4975 2870 5046 hujusce
2895 4976 3195 5042 caecitatis,
3216 4976 3328 5031 sibi
3361 4977 3433 5033 ab
3464 4975 3562 5032 illo
3586 4994 3726 5033 con-

2079 5065 2257 5132 scitae,
2291 5065 2463 5120 aliam
2501 5064 2681 5120 fuisse
2713 5065 3205 5137 rationem,quam
3238 5065 3348 5122 hoc
3368 5081 3534 5122 versu
3557 5071 3728 5139 poeta

2081 5154 2368 5227 expressit
2394 5172 2406 5209 :

2333 5306 2478 5356 Malis
2515 5305 2652 5355 bene
2676 5319 2790 5356 esse
2812 5319 2880 5355 ne
2911 5304 3352 5357 videretcivlbus.

2081 5461 2235 5518 θη
2270 5460 2656 5532 Hieronymus
2688 5461 2908 5526 autem,
2941 5459 3173 5516 nemine
3195 5457 3497 5531 sigillatim
3537 5457 3731 5530 appel-

2079 5551 2425 5618 1ato,narrat
2439 5549 2722 5622 quosdam
2738 5547 3120 5621 philosophos
3135 5549 3245 5606 sibi
3261 5547 3461 5605 oculos
3480 5547 3725 5618 eruisse,

2085 5657 2161 5696 ne
2194 5658 2226 5696 a
2255 5638 2747 5711 contemplatione
2774 5637 3156 5712 philosophiae
3215 5641 3617 5703 avocarentur,
3669 5641 3728 5694 et

2082 5731 2267 5785 totam
2289 5726 2695 5799 cogitationem
2753 5727 2824 5782 ad
2859 5727 3073 5784 mentis
3104 5728 3420 5801 puritatem
3454 5725 3728 5797 cogerent
