4158 6322
335 360 492 422 1013

1282 366 1355 424 D.
1401 366 1499 426 LE
1544 367 1869 430 NOURRY
1914 368 2553 435 OBSERVATIONES
2599 374 2859 437 ΝΟΥΕ.

3592 383 3747 448 1014

326 494 683 568 (Hieronym.
718 494 821 551 lib.
856 513 896 552 ιι
930 496 1051 552 adv.
1087 498 1153 554 Jo
1200 499 1318 555 vin.
1375 514 1508 571 pag.
1559 501 1687 570 203,
1719 502 1981 591 etrepist.
2014 504 2065 571 Α
2100 520 2217 576 quo
2250 505 2649 578 importunius
2679 508 2894 564 ethnici
2926 508 3229 569 clamitare
3258 511 3525 572 solebant
3553 517 3748 591 philo-

324 584 416 652 55,
448 584 519 640 ad
549 585 839 654 Abigaum.
877 603 1005 657 pag.
1040 586 1189 658 589).
1243 587 1385 650 Quis
1438 594 1633 645 autem
1671 590 1837 647 facile
1871 592 1984 648 sibi
2097 594 2316 665 sophos
2348 612 2547 667 parem
2581 601 2756 669 atque
2796 599 3159 657 Christianos
3207 605 3453 674 proﬁteri
3481 584 3745 665 innocen-

330 674 673 746 persuaderi
706 692 821 731 non
853 676 1008 732 sinet
1038 676 1432 734 Democritum
1487 696 1671 735 unum
1704 680 1887 737 fuisse
1916 696 1985 737 ex
2098 686 2256 749 tiam,
2309 686 2600 755 justitiam,
2666 689 3022 758 patientiam,
3082 691 3433 749 sobrietatem
3480 695 3740 767 (Tertull.

332 762 425 819 bis
457 764 845 837 philosophis,
879 781 947 822 ac
978 766 1224 821 forsitan
1267 767 1669 838 praacipuum?

401 853 677 918 Quamvis
707 854 906 927 itaque
938 855 1180 927 quidam
1229 857 1302 912 de
1342 857 1675 914 voluntaria
1714 862 1843 931 ejus
1874 878 1980 916 caa-

329 944 503 999 citate
535 942 837 1001 dubitasse
864 944 1192 1015 videantur,
1227 945 1425 1017 plures
1456 951 1653 1004 tamen
1703 949 1862 1004 illius
1896 954 1979 1005 te-

327 1036 447 1089 stes
479 1033 810 1089 citavimus.
843 1038 919 1089 At
943 1037 1096 1089 certe
1118 1034 1289 1106 longe
1313 1036 1617 1107 pauciores
1643 1044 1976 1111 occurrunt,

324 1121 426 1195 qui
456 1124 728 1180 eumdem
780 1124 1181 1179 Democritum
1213 1124 1423 1189 oculis,
1457 1142 1529 1181 ne
1560 1128 1811 1183 feminas
1842 1146 1977 1185 con-

328 1211 677 1283 cupisceret,
709 1212 970 1285 seipsum
1006 1212 1267 1284 privasse
1311 1214 1637 1285 perhibent.
1673 1218 1977 1289 Expendas

326 1304 522 1357 tamen
554 1301 724 1358 velim
760 1305 958 1357 utrum
992 1303 1269 1375 Sophiste
1313 1304 1605 1361 Himerius
1638 1309 1789 1377 apud
1827 1308 1974 1365 Pho-

324 1389 473 1445 tium
506 1390 651 1446 illud
711 1391 873 1447 hisce
923 1392 1115 1447 verbis
1157 1408 1271 1448 non
1305 1392 1678 1451 indicaverit:
1714 1396 1883 1451 Ἐκὼν
1919 1394 1975 1450 δὲ

322 1477 492 1532 ἐνόσει
526 1482 683 1550 σῶμα
715 1478 1063 1553 Δημόκριτος
1119 1480 1211 1534 ἳνα
1272 1481 1483 1557 ὑγιαίνῃ
1544 1483 1609 1537 τὰ
1665 1486 1967 1560 κρείττονα·

322 1569 642 1642 Voluntaria
673 1570 1015 1626 Democritus
1058 1571 1244 1627 morbo
1288 1588 1487 1643 corpus
1527 1575 1728 1645 aﬁecit,
1772 1580 1831 1630 ut
1873 1594 1970 1648 po-

307 1658 429 1713 tior
452 1675 585 1729 pars
607 1674 747 1713 sana
775 1667 911 1715 esset
939 1660 1189 1731 (Photius
1219 1662 1480 1717 Biblioth.
1516 1665 1642 1718 cod.
1676 1666 1801 1733 243,
1835 1682 1967 1737 pag.

321 1746 501 1818 1087).
536 1747 739 1803 Nonne
788 1749 944 1804 enim
1004 1749 1113 1805 hoc
1169 1752 1427 1821 generali
1486 1751 1765 1823 loquendi
1797 1756 1968 1811 modo

320 1841 709 1907 spontaneam
742 1837 1073 1909 designavit
1122 1838 1282 1894 illius
1338 1842 1677 1910 caecitatem,
1712 1860 1838 1915 qua:
1867 1861 1967 1900 vo-

317 1922 507 1980 luerat
534 1926 819 1995 animum,
853 1928 1137 1999 potiorem
1159 1929 1249 1983 sui
1279 1935 1524 2001 partem,
1547 1932 1797 1987 sanare?
1829 1934 1968 1990 Utut

311 2013 410 2079 sit,
438 2019 592 2071 certe
623 2016 944 2072 Christiani
976 2017 1303 2074 voluntaria
1334 2020 1677 2091 hujusmodi
1708 2024 1965 2081 caecitate

316 2119 465 2174 opus
494 2119 609 2159 non
641 2104 955 2176 habebant,
983 2106 1084 2178 qui
1106 2108 1303 2163 animo
1325 2110 1396 2164 ad
1428 2112 1963 2183 concupiscendum

313 2191 469 2257 caci,
495 2209 611 2248 non
635 2192 825 2249 solum
848 2195 1245 2267 prescriptam
1270 2196 1391 2268 lege
1414 2199 1613 2256 divina
1630 2203 1963 2260 castitatem

312 2297 548 2338 summo
578 2283 772 2339 studio
803 2284 1091 2353 colebant,
1124 2287 1226 2342 sed
1262 2286 1499 2359 plurimi
1528 2291 1725 2361 etiam,
1759 2309 1963 2364 quem-

312 2371 632 2429 admodum
666 2372 841 2445 paulo
888 2378 1023 2430 ante
1074 2375 1416 2434 dicebamus
1474 2379 1659 2451 (supr.
1692 2381 1801 2437 hoc
1831 2399 1958 2455 cap.

310 2462 419 2514 art.
453 2461 529 2531 4),
562 2465 683 2518 toto
713 2462 845 2518 vitae
874 2479 993 2518 suae
1024 2466 1287 2536 tempore
1315 2466 1375 2521 in
1418 2467 1773 2539 virginitatis
1805 2476 1960 2528 statu

312 2564 685 2620 perseverare
717 2557 1164 2609 consueverant.

382 2638 645 2711 Denique
702 2640 1100 2697 Tertullianus
1159 2644 1376 2699 recenti
1446 2645 1641 2702 adhuc
1695 2650 1959 2722 exemplo

310 2726 521 2785 evincit
576 2730 940 2787 Christianos
1000 2732 1072 2787 de
1131 2734 1421 2790 servanda
1477 2736 1742 2795 castitate
1795 2743 1959 2797 tanto

310 2817 498 2889 magis
517 2817 798 2875 sollicitos
822 2819 1255 2892 fuisse,quanto
1281 2822 1689 2895 impudentius
1711 2827 1831 2883 haec
1852 2828 1959 2885 vir-

310 2910 409 2963 tus
440 2908 512 2963 ab
544 2908 795 2965 ethnicis
817 2907 1157 2965 lmdebatur.
1179 2911 1351 2978 Audi,
1376 2929 1592 2983 quaso,
1618 2916 1833 2987 quibus
1862 2918 1958 2975 ille

309 2996 503 3052 verbis
536 2996 643 3054 hos
675 2998 962 3054 castitatis
994 3015 1193 3055 osores
1224 2999 1573 3073 alloquetur,
1606 3009 1663 3059 et
1686 3008 1957 3078 exagitet.

320 3104 340 3134 ι
374 3086 661 3157 Proxime,
693 3088 907 3160 inquit,
965 3089 1037 3144 ad
1087 3088 1357 3146 lenonem
1411 3092 1747 3151 damnando
1790 3097 1955 3154 Chri-

310 3175 585 3245 stianam,
613 3177 811 3248 potius
861 3193 1040 3250 quam
1098 3180 1171 3234 ad
1222 3178 1471 3247 leonem,
1531 3184 1782 3241 confessi
1814 3188 1955 3243 estis

2094 773 2365 845 Apologet.
2401 792 2527 848 cap.
2562 778 2650 842 46,
2686 794 2817 848 pag.
2848 779 2995 850 500).
3031 779 3174 836 Nam
3202 785 3265 836 ut
3287 782 3485 853 plures
3515 786 3745 845 omitta-

2094 878 2249 929 mus,
2281 864 2484 919 eodem
2516 866 2715 921 Celsus
2749 867 2921 923 modo
2970 872 3173 925 contra
3220 870 3580 931 Christianos
3618 876 3738 933 dis-

2092 952 2336 1022 putabat
2364 953 2545 1027 (Orig.
2579 954 2676 1010 lib.
2713 972 2729 1011 l
2763 956 2946 1011 Contr.
2982 957 3117 1013 Cels.
3153 976 3283 1032 pag.
3314 962 3388 1032 6).
3417 962 3571 1019 Nihil
3604 967 3736 1023 novi

2090 1041 2456 1107 aiebat,nihil
2481 1045 2676 1115 magni
2701 1046 2769 1100 de
2796 1047 3059 1102 moribus
3082 1047 3403 1106 christiana
3426 1052 3737 1126 disciplina

2089 1130 2310 1201 attulit,
2342 1134 2496 1203 quod
2530 1150 2662 1188 cum
2718 1133 2848 1190 aliis
2907 1136 3167 1208 antiquis
3221 1138 3589 1214 philosophis
3619 1160 3733 1202 non

2087 1220 2263 1276 fuerit
2293 1238 2625 1293 commune,
2658 1228 2715 1280 et
2745 1226 2817 1279 ab
2850 1225 2933 1281 eis
2965 1228 3266 1283 traditum.

2155 1310 2552 1368 Tertullianus
2582 1314 2762 1385 igitur
2790 1314 3056 1372 ethnicos
3088 1316 3145 1373 id
3186 1318 3528 1389 objicientes
3557 1337 3731 1395 gene-

2084 1400 2189 1454 rali
2223 1402 2476 1471 primum
2510 1404 2735 1457 ratione
2766 1404 2975 1460 refellit
3002 1410 3059 1460 et
3090 1412 3405 1480 expugnat.
3438 1410 3496 1466 Si
3526 1411 3727 1485 iidem,

2083 1488 2298 1561 inquit,
2331 1491 2449 1546 sint
2480 1491 2967 1564 philosophorum
3000 1512 3065 1550 ac
3103 1496 3568 1557 Christianorum
3603 1519 3728 1558 mo-

2082 1594 2195 1646 res,
2228 1581 2564 1652 eeedemque
2595 1584 2863 1651 virtutes,
2916 1585 3149 1656 utrique
3206 1589 3460 1658 profecto
3514 1591 3729 1649 debent

2080 1668 2345 1723 eamdem
2379 1669 2593 1725 habere
2624 1672 2959 1743 proﬁtendae
3005 1674 3305 1747 religionis
3330 1694 3447 1733 sua:
3483 1679 3724 1739 faculta-

2080 1759 2218 1811 tem.
2254 1757 2369 1812 Cur
2401 1775 2537 1831 ergo
2594 1760 2932 1830 Christiani,
2986 1780 3101 1819 non
3133 1770 3329 1822 autem
3362 1767 3717 1842 philosophi,

2078 1846 2214 1916 diis,
2248 1848 2401 1902 sicut
2456 1848 2610 1905 infra
2666 1850 3053 1922 explicabitur
3106 1854 3367 1925 (Tertull.
3430 1858 3536 1912 loc.
3571 1860 3719 1932 cit.),

2075 1937 2388 2007 sacriﬁcare
2422 1944 2519 1993 aut
2550 1940 2817 2010 dejerare,
2866 1950 2964 1997 aut
3012 1943 3267 2000 lucernas
3296 1947 3527 2003 meridie
3555 1966 3725 2007 vanas

2072 2028 2319 2096 proferre
2348 2027 2661 2099 (Rigaltius
2692 2034 2893 2085 contra
2924 2032 3460 2105 manuscriptorum
3494 2042 3551 2093 et
3596 2039 3718 2095 edi-

2073 2118 2268 2171 torum
2300 2117 2570 2173 codicum
2626 2119 2799 2176 ﬁdem
2850 2123 3210 2194 prostituere)
3262 2126 3721 2197 compelluntur?

2075 2226 2103 2253 «
2135 2206 2251 2259 Cur
2291 2205 2646 2279 philosophi,
2700 2210 2891 2281 pergit
2938 2215 3142 2267 auctor
3188 2219 3405 2284 noster,
3456 2217 3594 2273 deos
3625 2236 3717 2275 ve-

2073 2295 2226 2347 stros
2256 2293 2450 2364 palam
2501 2296 2835 2363 destruunt,
2873 2301 2929 2353 et
2963 2301 3462 2371 superstititiones
3491 2311 3718 2363 vestras

2072 2383 2510 2439 commentariis
2533 2400 2766 2457 quoque
2783 2388 3468 2456 accusant,laudantibus
3482 2396 3717 2452 vobis?»

2071 2470 2238 2527 Tales
2271 2472 2488 2544 quippe
2520 2474 2759 2530 fuerunt
2787 2476 3090 2548 Diagoras,
3132 2479 3495 2553 Theodorus,
3529 2489 3587 2540 et
3614 2486 3719 2542 Ni-

1972 2572 1975 2573 '
2071 2576 2333 2632 cagoras,
2366 2563 2435 2617 de
2468 2563 2683 2633 quibus
2710 2564 2848 2620 alibi
2880 2566 3108 2638 egimus
3134 2569 3501 2639 (Dissertat.in
3526 2575 3717 2632 Minut.

2071 2667 2196 2721 cap.
2229 2652 2319 2717 23,
2355 2655 2463 2706 art.
2496 2654 2550 2719 2,
2583 2656 2641 2709 et
2671 2654 2960 2710 Dissertat.
2991 2671 3170 2727 super.
3206 2675 3333 2731 cap.
3370 2661 3455 2725 l4.
3490 2667 3600 2720 art.
3636 2666 3708 2736 1).

2069 2740 2178 2795 Sed
2212 2740 2351 2811 quia
2383 2740 2481 2797 ille
2540 2742 2774 2814 adjecit,
2830 2745 3217 2802 Laudantibus
3274 2750 3423 2806 vobis
3450 2752 3712 2821 (Tertull.
3788 2764 3791 2765 ⁷

2068 2830 2352 2901 Apologet.
2385 2848 2507 2902 cap.
2546 2832 2631 2898 14,
2682 2848 2815 2905 pag.
2865 2834 3013 2907 348),
3058 2837 3247 2909 magis
3282 2838 3522 2897 forsitan
3554 2842 3713 2900 indi-

2067 2936 2200 2975 care
2228 2921 2460 2975 videtur
2488 2926 2782 2978 Socratem
2814 2924 2887 2979 ab
2918 2941 2983 2980 eo
3008 2926 3288 2997 proxime,
3315 2933 3373 2984 et
3392 2935 3582 3003 antea,
3615 2951 3715 2992 no-

2068 3010 2221 3065 mine
2270 3027 2376 3065 suo
2426 3010 2807 3082 appellatum,
2857 3017 3034 3085 atque
3083 3016 3421 3087 Epicurum,
3467 3023 3712 3096 ejusque

2067 3100 2377 3170 asseclam,
2409 3104 2465 3156 et
2494 3101 2909 3158 admiratorem
2945 3104 3299 3177 Lucretium,
3346 3113 3519 3181 atque
3549 3112 3707 3170 Cice-

2066 3206 2290 3256 ronem,
2333 3206 2367 3245 a
2397 3206 2511 3261 quo
2540 3190 2848 3262 gentilium
2880 3193 2960 3247 dii
2991 3192 3053 3248 in
3074 3194 3199 3249 suis
3230 3196 3301 3251 de
3334 3196 3571 3257 illorum
3606 3218 3709 3259 na-

305 3264 495 3322 labem
524 3266 819 3339 pudicitia:
849 3266 1004 3339 apud
1035 3284 1142 3324 nos
1192 3269 1534 3327 atrociorem
1568 3274 1729 3328 omni
1760 3292 1951 3347 paena,
1985 3253 2028 3320 C
2065 3284 2198 3335 tura
2216 3253 2384 3335 libris
2414 3253 2677 3334 lundvitus
2705 3280 3010 3337 tolluntur.

305 3358 363 3410 et
391 3355 548 3411 omni
603 3361 789 3411 morte
818 3356 1138 3429 reputari»
1187 3358 1451 3426 (Tertull.
1503 3361 1781 3433 Apologet.
1825 3382 1950 3438 cap.

304 3445 395 3511 50,
430 3461 565 3518 pag.
595 3445 744 3517 530).
778 3446 1149 3518 Quamquam
1199 3453 1395 3504 autem
1454 3451 1624 3507 nobis
1656 3454 1954 3525 incognita

305 3533 382 3589 sit
411 3533 513 3589 illa
543 3534 755 3591 mulier
777 3535 1131 3605 Christiana,
1162 3536 1221 3592 in
1247 3538 1493 3595 dubium
1522 3543 1716 3597 tamen
1751 3543 1949 3601 nullus

300 3639 569 3680 revocare
600 3628 812 3697 potest,
847 3625 990 3697 quin
1013 3642 1102 3695 ea,
1126 3626 1301 3699 paulo
1326 3632 1459 3684 ante
1482 3628 1854 3701 iniquissimo
1884 3652 1949 3691 ac

296 3711 644 3786 turpissimo
671 3714 896 3785 judicio
928 3716 1001 3770 ad
1052 3714 1323 3787 lupanar,
1373 3718 1474 3773 ubi
1506 3721 1790 3789 pudicitia
1820 3725 1947 3794 ejus

296 3808 751 3875 expugnaretur,
786 3804 1064 3860 damnata
1094 3805 1288 3861 fuerit.
1335 3807 1408 3862 At
1454 3824 1569 3863 non
1605 3810 1782 3866 unius
1812 3815 1945 3869 tan-

298 3896 424 3948 tum
457 3891 744 3961 mulieris,
770 3894 872 3948 sed
904 3893 1151 3949 aliarum
1182 3893 1443 3966 plurium
1477 3898 1809 3955 castitatem
1840 3902 1945 3957 im-

297 3981 637 4055 probissimi
668 3981 941 4038 homines
972 3982 1225 4038 ludibrio
1259 3983 1612 4041 habuerunt.
1638 3987 1943 4046 Neminem

296 4076 491 4128 autem
524 4086 652 4127 esse
681 4075 985 4143 putamus,
1018 4072 1119 4142 qui
1152 4072 1211 4127 in
1236 4074 1396 4130 Actis
1422 4080 1741 4147 martyrum
1776 4078 1945 4150 plura

289 4162 525 4218 illarum
549 4159 815 4233 exempla
845 4178 961 4217 non
992 4161 1217 4234 legerit.

903 4306 1134 4361 CAPUT
1173 4305 1318 4361 XIII.

288 4398 462 4466 Quam
510 4396 739 4452 absvrde
790 4395 999 4451 ethnici
1054 4396 1389 4463 iactaverint
1442 4412 1600 4468 pares
1654 4414 1766 4454 esse
1796 4400 1937 4455 alias

353 4468 805 4541 philosophorum
852 4483 1078 4541 suorum
1124 4473 1283 4539 atque
1333 4468 1773 4525 Christianorum
1822 4474 1936 4527 vir-

354 4547 537 4610 tutes;
568 4558 634 4616 ac
661 4540 922 4616 quomodo
968 4541 1334 4616 Tertullianus
1364 4544 1477 4595 tam
1524 4542 1725 4597 horum
1758 4559 1931 4616 veras,

352 4630 525 4685 quam
557 4614 783 4669 illorum
812 4614 980 4682 falsas
1010 4627 1129 4668 esse
1155 4613 1517 4669 demonstret.

806 4744 1090 4784 ARTICULU
1099 4744 1127 4784 S
1167 4745 1353 4785 PRIMU
1362 4745 1411 4783 8.

284 4821 457 4889 Quam
488 4820 780 4874 immeritis
811 4818 1092 4884 laudibus,
1136 4820 1354 4883 statuis,
1389 4826 1440 4873 et
1466 4820 1699 4875 salariis
1728 4820 1932 4877 ethnici

355 4894 784 4947 remunerarunt
811 4890 1171 4962 philosophos,
1206 4891 1303 4959 qui
1337 4900 1523 4962 sponte
1550 4909 1651 4947 sua
1681 4892 1929 4949 destrue-

356 4963 487 5018 bant
514 4962 738 5018 deorum
767 4964 996 5028 cultum,
1055 4963 1117 5017 in
1171 4963 1444 5033 principes
1488 4964 1784 5031 latrabant,
1818 4983 1929 5021 non

353 5033 653 5104 ejiciebant
672 5036 1108 5105 dwmones,quos
1130 5036 1455 5089 secundum
1479 5036 1616 5092 deos
1639 5053 1751 5092 esse
1773 5040 1927 5093 arbi-

353 5106 666 5174 trahantur,
700 5108 923 5179 tametsi
958 5106 1289 5161 christianos
1347 5112 1536 5163 contra
1593 5110 1678 5177 ius
1716 5117 1767 5163 et
1818 5112 1924 5179 fas,

345 5184 569 5248 propter
590 5193 754 5231 suum
784 5178 1059 5235 duntaxat
1090 5194 1306 5245 nomen,
1340 5182 1492 5234 omni
1528 5178 1925 5248 suppliciorum

351 5265 547 5318 genere
574 5258 880 5304 enecarent.

353 5366 475 5422 Non
510 5364 693 5420 solam
728 5363 1195 5420 Christianorum
1227 5365 1715 5438 ethnicorumque
1747 5368 1920 5424 casti-

274 5462 451 5514 tatem
484 5455 883 5512 Tertullianus
914 5460 1130 5523 noster,
1165 5457 1266 5511 sed
1299 5472 1503 5513 omnes
1536 5462 1920 5530 utrorumque

2131 3390 2274 3441 Cum
2304 3402 2438 3441 vero
2497 3391 2699 3443 auctor
2748 3398 2945 3445 noster
2993 3390 3220 3446 addidit
3265 3394 3425 3461 (Ibid.
3455 3411 3583 3468 cap.
3618 3399 3706 3465 46,

2059 3492 2193 3547 pag.
2227 3477 2401 3547 500):
2435 3499 2461 3525 ‹‹
2497 3477 2957 3548 Superstitiones
2989 3484 3214 3536 vestras
3245 3490 3545 3552 accusant,
3574 3509 3599 3535 η
3633 3489 3704 3542 ad

2060 3564 2365 3631 Senecam,
2419 3582 2594 3637 quem
2646 3566 2810 3637 prius
2859 3567 3154 3633 citaverat,
3204 3569 3359 3626 haud
3410 3573 3587 3630 dubie
3617 3592 3707 3631 re-

2058 3653 2265 3724 spexit.
2300 3654 2383 3708 Ibi
2418 3655 2633 3726 quippe
2661 3654 2862 3723 iidem,
2888 3656 3082 3728 inquit
3102 3658 3286 3731 (lbid.)
3317 3677 3439 3733 cap.
3481 3664 3699 3737 l2,pag.

2053 3744 2202 3813 337),
2235 3763 2257 3790 ι
2280 3744 2443 3811 estis,
2470 3744 2569 3816 qui
2597 3746 2877 3801 Senecam
2899 3745 3154 3818 aliquem
3179 3748 3446 3820 pluribus
3468 3757 3526 3807 et
3544 3770 3704 3810 ama-

2056 3833 2311 3888 rioribus
2345 3834 2413 3888 de
2446 3838 2638 3889 vestra
2685 3836 3100 3906 superstitione
3148 3844 3517 3908 perorantem
3560 3859 3696 3914 pro-

2054 3922 2227 3977 batis.
2260 3942 2290 3975 δ)
2322 3924 2455 3987 Qum
2487 3923 2724 3995 quidem
2752 3924 2983 3979 Senecae
3010 3928 3186 3982 verba
3215 3927 3353 3983 alibi
3385 3929 3697 3989 retulimus

2053 4016 2227 4082 atque
2259 4012 2411 4067 infra
2440 4013 2631 4067 adhuc
2664 4030 2890 4085 suoque
2918 4014 3043 4069 loco
3076 4015 3421 4085 proferenda
3451 4022 3608 4075 sunt.

2122 4118 2271 4182 Quin
2318 4119 2518 4189 etiam,
2553 4120 2704 4190 quod
2735 4120 3001 4191 plerique,
3054 4120 3135 4175 ait
3165 4122 3356 4177 adhuc
3382 4125 3697 4182 Tertullia-

2049 4224 2161 4262 nus
2193 4206 2361 4275 (lbid.
2398 4224 2525 4279 cap.
2562 4210 2648 4278 46,
2692 4225 2822 4279 pag.
2869 4210 3020 4279 500),
3050 4210 3360 4282 philosophi
3390 4214 3445 4267 in
3473 4215 3693 4285 princi-

2046 4312 2138 4368 pes
2171 4298 2401 4351 latrant.
2455 4301 2516 4351 ln
2549 4297 2805 4368 quodam
2834 4297 3116 4353 Vaticano
3174 4300 3370 4357 codice
3401 4303 3689 4375 scriptum

2046 4390 2324 4440 notarunt
2352 4384 2635 4451 lacerant,-
2675 4386 2774 4439 scd
2817 4386 3012 4441 minus
3042 4387 3209 4442 bene.
3243 4388 3388 4444 Nam
3421 4391 3491 4445 de
3520 4391 3692 4447 indu-

2043 4474 2187 4530 stria
2236 4473 2453 4528 dixisse
2501 4473 2732 4528 videtur
2782 4473 3013 4540 latrant,
3068 4476 3294 4548 hocque
3342 4479 3516 4535 verbo
3556 4496 3688 4551 per-

2042 4562 2329 4634 stringere
2350 4562 2938 4634 cynicos.lmperator
2953 4565 3246 4636 siquidem
3264 4566 3686 4641 Vespasianus,

1960 4629 2007 4693 D
2045 4656 2190 4707 teste
2220 4652 2515 4722 Suetonio,
2570 4674 2597 4701 ‹‹
2646 4652 3007 4708 Demetrium
3056 4654 3357 4725 Cynicum,
3390 4657 3448 4712 in
3480 4658 3688 4717 itinere

2042 4740 2275 4796 obvium
2335 4740 2444 4796 sibi
2523 4747 2657 4812 post
2726 4742 3189 4813 damnationem,
3250 4762 3316 4802 ac
3374 4750 3441 4802 ut
3496 4765 3685 4822 neque

2040 4846 2367 4901 assurgere,
2421 4846 2607 4901 neque
2666 4831 2925 4887 salutare
2982 4849 3044 4888 se
3102 4834 3465 4907 dignantem,
3524 4837 3685 4895 obla-

2036 4923 2289 4975 trantem
2322 4920 2497 4975 etiam
2530 4921 2727 4976 nescio
2758 4922 2921 4992 quid,
2955 4923 3096 4979 satis
3126 4923 3332 4981 habuit
3361 4942 3565 4983 canem
3589 4944 3684 5000 ap-

2037 5008 2254 5082 pellare
2287 5032 2314 5059 »
2364 5014 2623 5080 (Sueton.
2676 5011 2777 5066 lib.
2824 5028 2949 5079 VIII,
3001 5015 3062 5068 in
3112 5016 3222 5070 Vit.
3271 5016 3481 5087 Vespas.
3515 5018 3543 5085 §
3572 5018 3681 5089 13).

2034 5103 2245 5154 Narrat
2273 5116 2406 5155 vero
2432 5100 2766 5172 Xiphilinus
2785 5102 3057 5158 eumdem
3078 5102 3508 5175 Vespasianum
3532 5104 3683 5161 Mar-

2035 5189 2185 5245 ciani
2217 5188 2453 5244 hortatu
2486 5189 2542 5243 in
2577 5190 2847 5246 exsilium
2883 5191 3116 5247 misisse
3138 5191 3682 5265 philosophos,pro-

2032 5283 2234 5350 pterea
2255 5279 2411 5349 quod
2436 5296 2548 5333 non
2574 5283 2803 5335 tantum
2830 5281 3160 5335 Demetrius
3182 5280 3279 5336 ille
3300 5282 3679 5353 Cynicus,sed

2031 5368 2128 5424 alii
2158 5384 2388 5439 quoque
2420 5369 2749 5441 philosophi
2793 5369 2978 5423 multa
3022 5370 3415 5441 ignominiosa
3446 5371 3679 5443 publice

2030 5457 2289 5513 dicerent
2306 5457 2609 5527 (Xiphilin.
2635 5460 2877 5527 Epitom.
2902 5456 3003 5511 lib.
3024 5475 3079 5523 x,
3100 5474 3231 5530 pag.
3254 5459 3361 5513 220
3382 5463 3439 5515 et
3459 5464 3670 5533 seqq.).

270 5547 517 5605 virtutes
554 5546 709 5603 924
763 5546 916 5601 inter
972 5561 1034 5601 se
1092 5545 1390 5617 componit
1446 5563 1510 5602 ac
1554 5546 1763 5603 horum
1796 5552 1915 5603 tam
2027 5547 2300 5603 Privatim
2362 5552 2555 5602 autem
2608 5548 2792 5601 eidem
2854 5546 3146 5601 Demetrio
3206 5564 3320 5603 non
3380 5550 3668 5622 quiscenti

272 5641 598 5711 corruptas,
622 5653 799 5709 quam
820 5635 1054 5691 illorum
1080 5636 1365 5707 perfectas
1382 5653 1509 5693 esse
1531 5638 1914 5693 demonstrat.

2026 5637 2201 5693 scribi
2226 5638 2445 5707 jussit:
2482 5659 2509 5687 ‹‹
2532 5636 2774 5691 Etiamsi
2800 5634 2981 5690 multa
3000 5652 3140 5708 agas
3172 5642 3357 5694 morte
3382 5639 3582 5713 digna,
3602 5659 3668 5699 ac

272 5727 413 5786 Eam
444 5742 574 5785 vero
606 5724 1100 5800 comparationem
1153 5742 1218 5783 eo
1276 5727 1605 5785 accuratius
1636 5727 1916 5801 instituit,
2016 5726 2224 5799 jubere
2254 5727 2403 5783 925
2462 5725 2684 5797 possim
2717 5730 2771 5782 te
2803 5726 3018 5782 idcirco
3064 5729 3271 5795 occidi,
3307 5726 3414 5804 ἐγὼ
3447 5726 3503 5785 δὶ
3533 5731 3667 5786 κύνα
