4158 6338
487 430 642 490 1015

1001 423 1528 486 TERTULLIANI
1576 422 1893 485 OPEBUM
1947 421 2141 482 PARS
2187 419 2232 480 l.
2271 454 2344 463 —
2376 418 2646 480 SERIES
2690 419 2738 492 Ι,
2783 417 3340 482 APOLOGETICA.

3731 419 3893 480 1016

485 558 822 617 ὑλακτοῦντα
876 553 936 610 οὐ
985 553 1216 633 φονιὺω.
1262 556 1372 625 Ego
1419 569 1547 610 vero
1593 569 1786 610 canem
1835 555 2125 608 latrantem

2240 549 2458 606 dictum
2486 553 2596 618 est,
2629 565 2804 606 suum
2836 563 3046 605 nomen
3094 547 3326 621 publico
3371 548 3506 606 odio
3545 547 3779 622 dignos,
3814 565 3886 606 ac

480 667 589 708 non
619 647 826 706 occido.

559 739 756 808 Neque
787 735 932 791 satis
969 731 1294 806 gentilibus
1338 731 1447 787 fuit
1493 730 1838 802 hujusmodi
1873 729 2127 802 philoso-

482 827 630 901 phos
658 829 715 880 et
746 825 894 879 ferre
923 823 1233 894 patienter,
1266 824 1324 876 et
1352 819 1592 876 laudare
1618 836 1631 875 :
1669 842 1696 870 ‹‹
1728 819 1838 874 Sed
1875 817 2126 882 facilius,

476 915 675 986 inquit
705 917 909 968 auctor
940 915 1157 979 noster,
1192 909 1410 966 statuis
1438 913 1494 964 et
1524 908 1756 964 salariis
1788 922 2126 963 remunera-

479 1006 698 1061 bantur
733 1024 760 1052 »
821 999 1088 1073 (Tertull.
1152 999 1432 1072 Apologet.
1467 1013 1592 1069 cap.
1648 997 1735 1066 4'3,
1793 1014 1923 1069 pag.
1982 996 2126 1061 497;

479 1091 612 1148 Ibid.
649 1107 776 1162 cap.
829 1090 918 1154 14,
967 1104 1100 1160 pag.
1151 1088 1298 1155 3/18).
1331 1087 1534 1141 Nonne
1582 1091 1776 1141 autem
1815 1084 1919 1150 ibi,
1950 1083 2127 1139 tacito

479 1179 730 1238 Socratis
762 1177 1020 1244 nomine,
1053 1193 1288 1232 auream
1313 1175 1473 1230 illius
1501 1173 2128 1246 designatimaginem,

485 1286 659 1344 quam
691 1269 862 1325 sicuti
897 1267 1172 1339 superius
1216 1265 1652 1331 animadvertit,
1686 1264 1925 1336 ipsimct
1952 1266 2128 1318 Athe-

482 1359 738 1425 nienses,
773 1374 806 1412 a
838 1355 1055 1428 quibus
1089 1358 1275 1410 morte
1306 1353 1593 1408 multatus
1617 1353 1890 1423 fuerat,in
1911 1350 2128 1423 templo

481 1451 685 1522 postea
732 1445 1090 1502 collocarunt
1113 1444 1141 1499 Ἰ
1183 1443 1446 1498 Aliorum
1477 1457 1614 1498 vero
1644 1440 2126 1514 philosophorum

482 1542 707 1595 statuas
739 1534 787 1591 si
846 1534 950 1589 tibi
1009 1533 1254 1589 indicari
1312 1531 1571 1604 petieris,
1604 1529 1739 1586 audi
1789 1527 2124 1585 Juvenalcm

481 1627 750 1683 indoctos
781 1623 1167 1695 castigantem
1219 1621 1510 1690 homines,
1543 1618 1644 1692 qui
1694 1617 1902 1674 falsam
1934 1617 2127 1673 erudi-

485 1716 730 1778 tionem,
764 1712 971 1786 positis
1001 1711 1059 1766 in
1093 1727 1201 1765 sua
1231 1725 1463 1782 quaque
1493 1707 1848 1764 bibliotheca
1877 1706 2129 1779 philoso-

487 1805 738 1878 phorum
769 1801 1004 1872 statuis,
1037 1803 1094 1854 et
1142 1797 1525 1870 imaginibus,
1562 1812 1625 1853 se
1675 1795 1820 1853 satis
1851 1795 2129 1867 probasse

489 1891 951 1949 arbitrabantur.
984 1889 1068 1944 En
1098 1886 1259 1942 illius
1287 1884 1586 1942 carmina:

586 2034 792 2086 lndocti
821 2035 1069 2097 primum,
1101 2044 1410 2097 quanquam
1438 2030 1596 2097 plena
1619 2029 1803 2097 omnia
1840 2041 2030 2092 gypso.

581 2091 863 2160 Chrysippi
886 2091 1149 2160 invenias.
1181 2091 1308 2160 Nam
1337 2091 1758 2160 perfectissimus
1787 2091 1977 2160 horum

581 2160 635 2232 ἓξ
665 2153 788 2232 in.“
801 2153 1142 2232 ,λτίοεοιριεω
1172 2153 1404 2232 similes
1429 2155 1523 2232 νει
1544 2155 1785 2232 Pisans.
1805 2153 1948 2232 sane

581 2224 644 2273 Et
665 2213 819 2286 Iubet
844 2221 1164 2283 archetypos
1193 2219 1264 2280 (1)
1296 2219 1535 2280 pluteum
1577 2229 1790 2266 servare
1817 2213 2120 2265 Cloanthus.

978 2290 1222 2341 Juvenal.
1253 2290 1406 2340 Satir.
1438 2303 1490 2350 il,
1521 2303 1573 2339 v.
1608 2291 1635 2339 4
1665 2291 1718 2338 et
1744 2292 1915 2351 seqq.)

551 2424 757 2482 Plures
787 2440 956 2498 porro
986 2422 1472 2496 philosophorum
1503 2420 1790 2494 imagines
1816 2417 2121 2492 Menagius

484 2513 542 2570 in
573 2530 684 2570 sua
714 2513 1022 2569 Laertiana
1050 2511 1301 2568 editione
1337 2511 1589 2567 exhibet.

554 2601 815 2657 Dabatur
844 2601 1088 2672 insuper
1116 2599 1485 2672 philosOphis
1532 2599 1836 2668 salarium,
1870 2596 1988 2653 sive
2017 2613 2122 2652 an-

481 2705 639 2745 nona
668 2693 726 2745 et
753 2705 996 2759 merces,
1046 2706 1080 2744 a
1122 2688 1264 2755 sale,
1325 2689 1408 2743 uti
1442 2692 1639 2744 monet
1692 2685 1916 2743 Plinius
1949 2683 2120 2756 (Plin.

483 2777 584 2834 lib.
615 2795 752 2834 xxxi
783 2779 974 2834 Natur.
1004 2777 1136 2833 hist.
1173 2793 1300 2848 cap.
1348 2777 1404 2842 7,
1437 2791 1568 2848 pag.
1600 2776 1748 2846 809),
1783 2775 1868 2830 sic
1911 2789 2122 2843 cogno-

484 2866 728 2922 minata.
761 2867 1062 2922 Testatum
1117 2866 1409 2920 enimvero
1465 2863 1828 2936 Capitolinus
1885 2863 2022 2918 facit
2050 2863 2121 2917 ab

485 2955 786 3011 Antonino
817 2954 1184 3026 imperatore“
1205 2953 1569 3020 mandatum,
1601 2957 1667 3007 ut
1709 2951 2039 3007 rhetoribus
2068 2955 2127 3006 et

478 3042 852 3116 philosophis
883 3059 986 3114 per
1013 3059 1216 3098 omnes
1247 3041 1574 3113 provincias
1612 3040 1825 3097 salaria
1853 3045 1912 3096 et
1942 3040 2123 3095 hono-

483 3149 579 3189 res
610 3127 1265 3203 deferrentur(Capitol.
1299 3130 1357 3185 in
1393 3133 1503 3186 Vit.
1539 3131 1800 3186 Antoniu.
1833 3130 1942 3184 sub
1974 3129 2122 3200 ﬂn.).

478 3224 556 3276 At
591 3219 878 3276 Lucianus
909 3219 1203 3275 memoriis
1234 3219 1494 3290 prodidit
1516 3218 1774 3290 (Lucian.
1809 3219 2121 3286 Eunuchus,

2237 639 2599 712 quibuslibet
2655 639 2989 712 plectendos
3044 639 3199 695 920
3256 636 3584 710 suppliciis.
3642 637 3888 711 Propter

2237 745 2412 784 suum
2446 729 2660 784 etenim
2694 728 3029 800 piissimum
3052 726 3281 784 vivendi
3305 743 3491 799 genus
3510 726 3886 799 iisdem,qui-

2236 816 2347 871 bus
2375 815 2708 888 philosOphi
2739 814 3216 882 cumulabantur,
3240 814 3496 887 praemiis
3540 820 3598 872 et
3627 815 3884 883 salariis,

2237 921 2304 961 eo
2336 905 2634 977 digniores
2665 909 2848 974 erant,
2877 921 2991 976 quo
3023 905 3236 976 saepius
3265 904 3559 960 daemones
3588 921 3657 960 ex
3685 906 3887 960 obses-

2238 1011 2436 1050 sorum
2470 994 2775 1049 hominum
2807 993 3150 1065 corporibus
3180 992 3302 1049 solo
3333 993 3661 1059 Christi,uti
3683 999 3881 1049 osten-

2238 1083 2457 1155 dimus,
2492 1083 2715 1139 nullius
2743 1100 2878 1139 vero
2909 1082 3244 1155 philosOphi
3279 1083 3513 1138 nomine
3545 1083 3883 1153 ejiciebant.

2307 1177 2376 1228 Et
2405 1177 2558 1228 certe
2589 1176 2879 1244 quomodo
2911 1173 3206 1228 daemones
3256 1171 3442 1244 fugari
3477 1176 3749 1244 poterant
3775 1189 3882 1228 no-

2239 1261 2394 1317 mine
2424 1261 2928 1334 philosophorum,
2962 1262 3059 1333 qui
3093 1260 3536 1317 arbitrabantur
3564 1277 3684 1328 eos,
3704 1265 3769 1316 ut
3799 1262 3886 1317 ait

2237 1350 2426 1406 adhuc
2457 1351 2872 1418 Tertullianus,
2906 1367 3036 1407 esse
3065 1350 3358 1406 secundum
3387 1350 3531 1420 deos,
3558 1349 3615 1405 id
3665 1355 3774 1418 est,
3799 1352 3884 1406 si-

2238 1440 2353 1495 cuti
2387 1441 2626 1512 quidem
2677 1439 2899 1511 volunt,
2955 1440 3066 1496 diis
3115 1440 3432 1512 proximos,
3465 1445 3592 1509 aut,
3653 1444 3715 1496 ut
3744 1439 3884 1496 aliis

2238 1527 2444 1599 placet,
2476 1534 2758 1601 tanquam
2789 1530 2950 1596 deos,
2983 1529 3296 1584 habebant.
3329 1528 3476 1586 Nam
3518 1527 3758 1600 scripsit
3787 1527 3887 1583 Ci-

2238 1633 2368 1672 cero
2393 1634 2406 1672 :
2439 1639 2459 1666 α
2484 1618 2564 1674 De
2580 1619 2818 1674 absente
2841 1619 3165 1674 secundum
3185 1616 3832 1689 praesentemjudicare.
3856 1640 3885 1667 ι»

2238 1706 2554 1762 Suetonius
2583 1723 2714 1763 vero
2745 1708 2815 1763 de
2859 1706 3098 1762 Claudio
3145 1707 3494 1778 imperatore
3525 1723 3539 1761 :
3606 1726 3628 1754 ι
3659 1707 3888 1762 Absen-

2239 1794 2397 1851 tibus
2426 1798 2750 1854 secundum
2784 1801 3100 1869 praesentes
3129 1795 3306 1851 dabat
3353 1818 3381 1845 »
3413 1799 3674 1865 (Sueton.
3707 1794 3810 1850 lib.
3846 1811 3885 1849 ν

2159 1927 2209 1992 Β
2243 1886 2344 1941 Vit.
2381 1884 2572 1942 Ctaud.
2629 1888 2656 1954 §
2705 1886 2813 1958 15),
2872 1885 2981 1940 hoc
3028 1889 3136 1953 est,
3197 1885 3436 1984 perinde
3467 1902 3536 1985 ac
3589 1890 3882 1986 tanquam

2237 1978 2435 2030 essent
2466 1979 2799 2046 praesentes.
2830 1975 2939 2029 Sed
2988 1978 3230 2044 utraque
3273 1972 3576 2046 explicatio
3617 1972 3677 2029 in
3708 1989 3883 2028 eum-

2231 2063 2363 2118 dem
2397 2063 2576 2120 ferme
2606 2080 2845 2120 sensum
2878 2062 3103 2134 recidit,
3135 2062 3408 2135 quamvis
3454 2061 3578 2118 haac
3607 2062 3876 2119 secunda

2229 2150 2420 2224 potior
2447 2151 2735 2208 videatur.

2301 2239 2596 2312 Quidquid
2626 2240 2723 2312 sit,
2754 2238 3152 2296 Tertullianus
3194 2243 3392 2313 aperte
3422 2239 3678 2296 declarat
3705 2240 3874 2311 (Ter-

2231 2328 2360 2385 tull.
2394 2329 2502 2384 loc.
2559 2329 2686 2402 cit.)
2735 2329 3116 2402 philosophos
3147 2329 3518 2388 existimasse
3573 2330 3873 2385 daemones

2231 2414 2342 2472 sibi
2367 2431 2496 2472 esse
2543 2415 2873 2488 superiores
2924 2431 2991 2473 ac
3038 2416 3351 2480 dominari.
3402 2421 3607 2489 Itaque
3636 2421 3878 2472 tantum

2231 2503 2395 2562 abest
2422 2508 2486 2560 ut
2516 2509 2756 2577 possent
2783 2503 2916 2560 illos
2949 2505 3172 2578 fugare,
3223 2505 3362 2576 quin
3407 2505 3556 2578 ipsis
3587 2506 3878 2576 obseque-

2231 2593 2466 2650 bantur.
2499 2593 2644 2649 Nam
2703 2592 2992 2661 Socrates,
3055 2593 3142 2649 uti
3191 2599 3394 2650 auctor
3424 2598 3624 2650 noster
3673 2611 3882 2666 prose-

2232 2681 2696 2754 quitur,tametsi
2719 2681 3048 2754 Appollinis
3070 2683 3486 2751 oraculo,sicut
3507 2682 3646 2738 alibi
3677 2684 3881 2739 obser-

2231 2776 2426 2828 vatum
2450 2787 2483 2825 a
2505 2772 2674 2828 nobis
2702 2771 2810 2826 fuit
2829 2772 3141 2843 (Dissertat.
3160 2773 3220 2826 in
3240 2771 3437 2829 Minui.
3467 2772 3649 2828 Octav.
3670 2789 3797 2844 cap.
3817 2774 3878 2842 3,

2233 2866 2340 2916 art.
2375 2862 2410 2914 2
2455 2866 2512 2916 et
2540 2862 2612 2928 3;
2671 2861 2806 2916 Ibid.
2838 2865 2896 2916 et
2949 2865 3095 2916 tom.
3139 2861 3162 2915 I
3219 2861 3488 2932 Apparat.
3546 2877 3679 2933 pag.
3713 2861 3882 2930 1115)

2233 2949 2496 3005 omnium
2528 2949 3000 3022 sapientissimus
3028 2950 3398 3006 renuntiatus
3431 2951 3624 3019 fuerit,
3651 2949 3883 3006 solebat

2233 3039 2440 3094 dicere.
2473 3039 2535 3094 Si
2563 3039 2898 3096 daemonium
2949 3038 3181 3112 (supple
3215 3040 3420 3111 meum)
3463 3039 3776 3112 permittat,
3810 3045 3881 3094 ut

2232 3127 2341 3183 hoc
2372 3127 2458 3183 vel
2516 3127 2659 3184 illud
2689 3129 2901 3184 faciam
2960 3127 3222 3199 (Tertull.
3269 3127 3381 3186 loc.
3448 3127 3544 3184 cit.
3603 3133 3661 3184 et
3707 3145 3875 3201 supr.

2235 3232 2359 3288 cap.
2392 3219 2504 3287 22).
2567 3218 2627 3271 In
2681 3216 2789 3272 hac
2845 3215 3000 3272 enim
3058 3221 3115 3271 et
3169 3215 3302 3272 aliis
3360 3217 3878 3273 dissertationibus

477 3325 573 3366 seu
597 3310 903 3378 Pamphit.,
939 3324 1070 3381 pag.
1103 3309 1225 3376 535)
1249 3308 1637 3364 constitutum
1669 3309 1740 3363 ab
1771 3307 2124 3380 imperatore
2154 3291 2197 3359 C
2235 3305 2598 3361 ostendimus
2646 3306 2938 3376 quomodo
2987 3309 3346 3362 asseveraret
3395 3306 3511 3361 sibi
3560 3323 3594 3362 a
3623 3306 3881 3379 pueritia

485 3396 793 3472 μισθοφορά
848 3416 930 3456 τις
987 3394 1049 3450 οὗ
1102 3394 1283 3471 φαύλη
1336 3413 1446 3453 non
1502 3398 1763 3468 exiguum
1819 3397 2121 3464 salarium,

480 3482 629 3540 ἀλλὰ
659 3485 872 3560 μυρίαι,
903 3485 1076 3542 decies
1117 3487 1270 3542 mitte
1314 3502 1684 3556 nummorum,
1735 3485 1957 3552 stoicis,
2000 3486 2122 3556 pla-

479 3573 712 3640 tonicis,
747 3574 1056 3644 epicureis,
1104 3575 1518 3646 peripateticis,
1569 3573 1817 3645 aliisque
1865 3573 2124 3645 philoso-

471 3661 616 3741 phis
673 3661 1145 3717 distribuendum
1183 3704 1197 3728 ,
1256 3667 1321 3718 ut
1394 3661 1758 3735 iuventutem
1827 3663 2122 3718 docerent.

486 3751 690 3806 Nonne
719 3751 894 3804 etiam
957 3750 1316 3822 Augustinus
1358 3751 1430 3807 de
1485 3751 1694 3806 iisdem
1736 3750 2124 3822 philosophis,

488 3837 658 3894 sicuti
691 3841 748 3893 et
776 3837 930 3904 aliis,
962 3837 1083 3894 haec
1140 3855 1269 3910 qua;
1319 3840 1388 3894 ad
1451 3840 1812 3910 propositum
1860 3845 2125 3895 nostrum

489 3944 606 3984 non
637 3943 844 3999 parum
877 3928 1232 3994 conducunt,
1256 3927 1433 3984 verba
1463 3927 1648 3983 facit?
1675 3929 1943 4000 (August.
1976 3928 2078 3984 lib.
2109 3945 2128 3983 ι

488 4016 553 4072 de
578 4016 743 4073 (linit.
778 4031 906 4087 cap.
940 4016 994 4083 3,
1029 4033 1160 4087 pag.
1215 4016 1292 4086 4.)
1325 4037 1353 4066 ‹‹
1403 4015 1581 4071 Nobis
1611 4015 1828 4073 ethnici
1887 4033 2127 4073 succen-

487 4108 638 4171 sent,
671 4121 803 4160 cum
853 4105 923 4159 de
953 4104 1068 4160 diis
1115 4121 1314 4161 eorum
1345 4103 1485 4160 talia
1541 4105 1816 4175 dicimus,
1858 4122 1960 4161 nec
1991 4122 2129 4162 suc-

487 4197 729 4249 censent
758 4193 1096 4250 auctoribus
1141 4194 1286 4263 suis,
1338 4210 1484 4267 quos
1518 4199 1581 4249 ut
1629 4195 1941 4261 edicerent,
1976 4211 2126 4250 mer-

484 4283 686 4340 cedem
719 4282 1027 4351 dederunt,
1052 4283 1435 4354 doctoresque
1465 4283 1624 4355 ipsos
1644 4283 1886 4355 insuper
1904 4287 1961 4338 et
1981 4283 2128 4339 sala-

486 4371 572 4427 rio
604 4369 838 4442 publico
869 4375 926 4427 et
955 4371 1277 4427 honoribus
1306 4372 1687 4443 dignissimos
1716 4371 2068 4429 habuerunt.
2100 4395 2122 4422 ι

557 4460 681 4524 Qua
729 4475 866 4531 ergo
925 4458 982 4514 hi
1035 4460 1223 4515 fronte
1278 4477 1464 4533 quove
1518 4461 1713 4517 furore
1763 4461 2128 4518 Christianos

489 4546 750 4619 quolibet
779 4546 1202 4618 suppliciorum
1235 4565 1446 4620 genere
1482 4550 1833 4620 torquebant
1861 4555 1918 4605 et
1949 4549 2127 4605 truci-

2233 3395 2490 3452 astitisse
2519 3396 2868 3463 darmonem,
2918 3411 3032 3466 quo
3077 3411 3180 3450 nec
3229 3395 3496 3451 consulto
3529 3411 3634 3451 nec
3664 3412 3878 3467 appro-

2233 3485 2407 3540 bante
2431 3484 2572 3539 nihil
2599 3501 2858 3556 unquam
2881 3485 3090 3556 agebat
3106 3485 3312 3557 (Idem,
3338 3485 3611 3556 Apotogct.
3634 3500 3762 3556 cap.
3784 3486 3874 3552 46,

2235 3590 2362 3646 pag.
2410 3573 2556 3643 500).
2607 3575 2678 3629 At
2706 3573 2756 3627 is
2815 3573 2941 3645 ipso
2974 3572 3360 3629 nihilominus
3409 3573 3564 3629 idem
3605 3574 3879 3629 Socrates

2235 3661 2491 3718 moriens
2544 3661 2804 3734 praecipit
2857 3661 3072 3733 gallum
3124 3662 3501 3730 gallinaceum
3557 3663 3879 3733 AEsculapio

2231 3753 2530 3823 prosecari,
2562 3766 2662 3805 seu
2715 3750 2976 3806 mactari.
3028 3751 3134 3806 Sed
3167 3751 3304 3822 quia
3353 3749 3576 3822 aliquid
3626 3751 3699 3806 de
3726 3751 3876 3806 veri-

2235 3845 2354 3896 tate
2410 3840 2692 3912 sapiebat,
2725 3841 2864 3895 deos
2921 3856 3050 3895 esse
3098 3839 3348 3912 negavit.
3406 3841 3540 3904 Qua
3571 3839 3808 3912 quidem
3842 3857 3878 3896 a

2237 3929 2407 3986 nobis
2439 3929 2552 3984 alia
2577 3927 2634 3983 in
2657 3927 3066 3985 dissertatione
3094 3928 3378 4000 explicata
3398 3933 3539 3984 sunt
3569 3929 3875 3999 (Disseruit.

2236 4020 2296 4074 in
2325 4021 2567 4074 Lactant.
2600 4033 2726 4088 cap.
2775 4017 2864 4089 39,
2915 4020 3023 4073 art.
3058 4018 3109 4085 1,
3158 4022 3211 4072 et
3261 4018 3546 4074 Dissertat.
3590 4020 3644 4072 in
3677 4018 3874 4074 Minut.

2238 4109 2418 4165 Octav.
2453 4106 2560 4162 loc.
2595 4106 2738 4174 cit.).

2307 4199 2378 4252 At
2408 4212 2574 4269 porro
2604 4195 2872 4251 Socrates
2921 4195 3041 4251 sive
3082 4196 3222 4252 deos
3271 4195 3590 4268 agnoverit,
3622 4196 3741 4253 sive
3772 4213 3878 4253 ne-

2238 4284 2480 4358 gaverit,
2511 4301 2623 4340 non
2659 4287 2882 4356 poterat
2921 4283 3126 4356 utique
3156 4285 3471 4354 daemones,
3523 4302 3692 4357 quos,
3725 4285 3880 4342 sicut

2237 4373 2334 4430 alii
2365 4372 2600 4441 ethnici,
2633 4373 2771 4428 deos
2801 4377 2903 4427 aut
2945 4372 3038 4428 his
3086 4374 3385 4444 proximos
3428 4390 3556 4430 esse
3603 4383 3878 4429 autuma-

2238 4463 2356 4533 bat,
2390 4463 2611 4534 fugare,
2645 4465 2746 4516 aut
2789 4477 2857 4517 ex
2887 4461 3260 4516 obsessorum
3305 4461 3590 4533 expellere
3622 4464 3878 4534 corpori-

2238 4553 2368 4607 bus.
2403 4550 2574 4622 Atqui
2608 4549 2658 4606 si
2689 4549 2938 4606 facultas
2989 4553 3216 4605 tantum
3251 4550 3597 4606 beneficium
3626 4550 3880 4607 ethnicis

489 4636 748 4691 dabant:
783 4635 1164 4707 philosophos
1193 4652 1326 4692 vero
1367 4653 1505 4693 suos
1553 4637 1794 4710 impune
1846 4639 2126 4705 ferebant,
2161 4658 2206 4722 Ι)
2239 4640 2551 4713 praestandi
2607 4639 2952 4696 Christianis
3009 4655 3284 4694 concessa
3336 4639 3466 4706 fuit,
3525 4639 3572 4695 si
3605 4640 3878 4696 meliores

490 4723 834 4789 laudabant,
867 4725 1211 4794 magnisque
1241 4727 1693 4782 remunerabant
1723 4727 2042 4790 beneflciis.
2072 4731 2131 4784 et

492 4811 766 4884 praemiis,
821 4813 1055 4868 tametsi
1113 4813 1332 4870 similes
1391 4821 1776 4888 utrorumque
1833 4832 2025 4873 mores
2063 4833 2130 4874 ac

489 4899 736 4956 virtutes
783 4899 1007 4955 similes
1066 4917 1195 4957 esse
1248 4904 1663 4960 venditarent?
1717 4907 1783 4960 At
1813 4904 2128 4961 Christiani

490 4986 742 5044 ethnicis
775 5003 887 5042 non
923 4985 1131 5042 virtute
1155 5006 1324 5058 pares
1355 4994 1582 5046 tantum
1615 4995 1800 5057 erant,
1833 4992 1932 5047 sed
1959 4991 2129 5064 longe

487 5077 810 5134 sanctiores
862 5076 1433 5150 prmstantioresque,
1483 5080 1979 5152 quemadmodum
2039 5080 2124 5134 in-

483 5165 802 5223 victissime
836 5166 1388 5223 demonstravimus.

556 5255 718 5312 Unde
746 5253 926 5326 igitur
953 5255 1492 5325 tantajudiciorum
1516 5255 1952 5328 discrepantia?
1981 5257 2130 5323 Quia

479 5343 829 5416 philosophi,
892 5346 952 5397 ut
1011 5346 1165 5398 recte
1221 5343 1470 5399 advertit
1521 5343 1960 5414 Tertullianus,
2017 5361 2127 5400 non

485 5433 788 5489 Christiani
831 5433 1304 5501 cognominantur
1350 5431 1610 5500 (Tertull.
1664 5433 1944 5505 Apotoget.
1997 5450 2122 5505 cep.

487 5523 573 5589 46,
605 5538 737 5593 pag.
771 5522 916 5589 500).
957 5518 1185 5574 Ethnici
1219 5520 1372 5575 enim
1408 5538 1523 5576 non
1575 5537 1809 5576 summa
1858 5522 1984 5576 sine
2014 5522 2124 5577 ini-

485 5609 706 5678 quitate
735 5607 1180 5665 conclamabant
1203 5608 1568 5666 Christianos
1609 5611 1681 5666 ob
1726 5608 1937 5678 solum,
1969 5612 2125 5668 sicut

560 5731 641 5803 (1)
671 5730 734 5788 Id
764 5734 874 5802 est,
905 5729 1316 5788 Bibliothecam.

2236 4734 2402 4786 erant
2431 4729 2687 4798 illorum,
2720 4743 2898 4799 quam
2937 4725 3244 4799 gentilium
3281 4743 3471 4782 mores
3519 4744 3586 4784 ac
3611 4727 3875 4795 virtutes,

2239 4836 2354 4875 non
2386 4821 2656 4891 poterant
2689 4815 2892 4888 utique
2923 4816 3098 4872 iidem
3128 4815 3519 4888 gentiles,nisi
3549 4821 3751 4873 contra
3772 4818 3877 4889 jus

2235 4923 2410 4964 omne
2455 4912 2512 4962 et
2568 4906 2674 4973 fas,
2727 4904 2859 4961 illos
2905 4905 3090 4976 poenis
3139 4904 3562 4977 tormentisque
3600 4906 3877 4961 omnibus

2236 5012 2496 5064 enecare,
2526 4995 2633 5051 hos
2655 5010 2789 5050 vero
2809 4993 3038 5067 magnis
3060 4994 3289 5050 afficere
3319 4993 3595 5051 laudibus
3620 5012 3686 5050 ac
3706 4995 3879 5052 bene-

2237 5085 2399 5141 ﬂciis.
2432 5086 2536 5142 Sed
2570 5101 2889 5154 sequamur
2913 5083 3101 5138 adhuc
3122 5083 3549 5140 Tertullianum
3582 5089 3875 5141 utrorum-

2236 5189 2349 5246 que
2379 5175 2622 5230 virtutes
2653 5172 2992 5246 singulatim
3023 5175 3482 5244 comparantem.

2849 5355 3051 5414 Anricu
3061 5375 3165 5414 Lus
3206 5376 3267 5414 ιι.

2235 5477 2415 5545 Quam
2445 5473 2683 5550 absurde
2707 5473 3038 5550 Christianis
3063 5476 3290 5550 scientia
3311 5475 3684 5550 etdisciptina
3711 5479 3878 5550 aequi-

2300 5550 2577 5621 parentur
2624 5545 2946 5621 philosophi
2999 5545 3264 5621 gentiles,
3320 5545 3536 5618 gloria!
3565 5545 3872 5621 libidinosi,

2301 5618 2615 5690 affectante:
2670 5634 2726 5673 se
2783 5618 2970 5674 docere
3017 5620 3326 5688 veritatem,
3385 5636 3552 5691 quam
3606 5622 3668 5677 in
3711 5618 3874 5678 sacra
