4158 6342
280 400 434 461 1017

1205 397 1278 456 D.
1325 396 1421 454 LE
1465 394 1795 455 NOUthY
1840 390 2487 454 OBSERVATIONES
2532 388 2785 450 NOV/E.

3543 387 3697 448 1018

271 533 561 603 Scriptura
590 533 896 597 inventam,
928 528 1223 603 captanda“
1264 528 1549 603 pOpularis
1599 540 1767 603 cura,"
1801 542 1931 592 gra-
1964 527 2016 592 Α
2052 524 2209 580 tione
2258 524 2452 595 pravis
2499 521 2871 595 epinionibus
2936 519 3095 575 illam
3160 517 3589 589 adulterabant,
3625 537 3696 575 ne

346 598 428 660 tia
482 614 869 682 corruperant,
928 598 1125 673 ct'qui
1176 618 1211 656 α
1256 598 1585 682 _Spartiati's,
1646 598 1929 664 Thebanis,

346 678 577 745 Argivis
605 676 787 732 solum
814 682 1021 731 vertere
1051 674 1319 745 compulsi
1346 678 1498 727 sunt.

347 801 559 857 Mirum
595 817 736 856 sane
766 816 941 871 quam
993 815 1141 854 vana
1172 803 1227 852 et
1261 798 1489 852 insulsa
1538 798 1931 853 ostentatione

271 892 425 947 027
475 889 694 945 ethnici
745 890 1107 958 objectarent
1153 905 1352 959 parem
1386 904 1513 942 esse
1548 886 1930 959 philosopho-

273 996 405 1035 rum
436 983 881 1049 suorum,atque
906 976 1375 1032 Christianorum
1408 976 1929 1043 scientiam,disci-

272 1068 517 1141 plinam,
560 1073 617 1122 et
665 1068 1015 1138 sapientiam
1064 1064 1429 1133 (Tertullian.
1463 1065 1564 1121 lib.
1601 1084 1638 1120 ιι
1696 1067 1767 1121 ad
1794 1070 1921 1123 Nat.

270 1174 403 1231 pag.
467 1157 617 1229 585).
670 1157 817 1211 Nam
877 1156 1077 1225 hujus,
1130 1164 1191 1209 ut
1241 1155 1453 1209 citatus
1506 1156 1925 1213 aTerlulliano

269 1246 544 1303 Salomon
579 1246 903 1301 rectissime
934 1246 1100 1300 docet
1134 1260 1145 1298 :
1182 1246 1409 1299 Initium
1434 1247 1721 1314 sapientia:
1750 1249 1926 1299 metus

268 1338 329 1391 in
364 1338 525 1390 Deum
561 1337 753 1404 (Ereti.
790 1354 826 1400 1,
864 1335 969 1400 16).
1014 1335 1081 1389 Et
1128 1333 1247 1389 haec
1307 1334 1545 1404 quidem
1600 1335 1777 1389 verba
1821 1336 1925 1391 dc-

273 1429 512 1497 sumpta
571 1430 711 1480 sunt
763 1441 830 1479 ex
879 1422 1268 1479 Ecclesiastici
1317 1423 1488 1487 libro,
1517 1440 1691 1495 quem
1724 1428 1927 1479 auctor

272 1522 491 1579 noster,
525 1519 699 1585 atque
731 1513 849 1579 alii,
883 1512 1035 1567 sicut
1065 1512 1201 1567 alibi
1222 1512 1583 1568 ostendimus
1607 1515 1921 1585 (Dissertat.

267 1605 329 1659 in
360 1606 611 1659 Lactant.
647 1618 771 1673 cap.
809 1603 897 1669 11,
941 1606 1050 1657 art.
1102 1602 1181 1671 3),
1228 1600 1524 1657 Salomoni
1576 1602 1923 1658 nominatim

264 1692 556 1747 tribuunt.
595 1690 748 1745 Licet
778 1693 971 1745 autem
1008 1690 1059 1745 ei
1092 1690 1548 1760 abjudicaretur,
1584 1710 1696 1745 non
1729 1692 1924 1747 minus

268 1797 405 1836 vera
434 1784 559 1835 erat
591 1779 712 1835 haec
763 1780 1075 1835 sententia.
1124 1784 1195 1834 At
1253 1781 1544 1850 quomodo
1590 1780 1923 1852 philosophi

270 1868 523 1967 gentiles
553 1873 823 1941 poterant
858 1869 1092 1924 initium
1140 1868 1355 1924 habere
1404 1869 1706 1941 sapientiae
1739 1870 1921 1926 Deum
1954 1904 2003 1968 B

268 1957 551 2026 timendo,
584 1974 757 2029 quem
819 1974 1124 2029 nunquam
1174 1960 1581 2030 agnoverunt?
1612 1959 1925 2015 Christiani

281 2050 479 2101 autem
540 2062 674 2101 eum
732 2062 928 2102 revera
985 2046 1436 2116 cognoscebant,
1488 2064 1553 2102 ac
1618 2049 1927 2119 timebant,

281 2138 456 2205 atque
486 2134 701 2190 idcirco
741 2134 851 2189 hoc
885 2135 1109 2207 praediti
1140 2140 1305 2191 erant
1335 2136 1635 2207 sapientia».
1665 2137 1853 2193 initio.

350 2245 633 2298 Praeterea
662 2242 723 2298 hi
781 2260 895 2299 non
927 2241 1117 2297 solum
1150 2259 1219 2298 ex
1246 2242 1376 2311 hoc,
1409 2244 1509 2299 sed
1544 2244 1673 2301 aliis
1700 2261 1930 2316 quoque

280 2347 458 2387 sacrze
490 2332 806 2404 Scriptum
852 2330 1043 2397 libris,
1088 2335 1373 2404 tanquam
1418 2332 1630 2389 divinis
1680 2334 1931 2406 purissi-

282 2420 509 2490 misque
542 2421 801 2477 fontibus
832 2420 1105 2477 haustam
1138 2421 1440 2478 veritatem
1491 2423 1644 2479 hanc
1696 2425 1928 2495 sapien-

280 2510 421 2566 tiam
457 2511 807 2578 necessario,
842 2512 924 2565 ait
955 2510 1375 2581 Tertullianus,
1408 2519 1841 2585 consectantur,
1868 2520 1931 2570 ut
1974 2556 1977 2557 ν

278 2604 505 2656 aeternas
536 2600 712 2656 saluti
745 2618 865 2656 suae
896 2599 1207 2656 consulant
1256 2601 1617 2673 (Tertullian.
1650 2606 1926 2675 Apologu-

279 2705 407 2761 cap.
441 2690 530 2754 46,
563 2705 693 2761 pag.
726 2690 876 2760 500).
924 2688 1179 2744 Gentiles
1214 2706 1345 2744 vero
1398 2690 1732 2763 phiIOSOphi
1783 2693 1929 2748 veri-

279 2782 483 2846 tatem,
521 2779 732 2850 inquit,
767 2779 1045 2850 aﬂ'ectant,
1095 2784 1148 2833 et
1198 2780 1497 2851 aﬂeclando
1545 2787 1926 2853 corrumpunt,

280 2872 339 2923 ut
370 2869 467 2939 qui
510 2867 759 2937 gloriam
805 2871 1028 2939 captant
1078 2868 1236 2940 (Ibid.
1290 2886 1416 2941 cap.
1450 2870 1539 2939 47,
1592 2888 1729 2943 pag.
1777 2873 1926 2943 515).

284 2957 438 3013 Nihil
467 2950 685 3028 quippe
710 2956 794 3012 eis
826 2958 1012 3029 magis
1053 2958 1211 3013 cordi
1260 2964 1403 3025 erat,
1438 2977 1611 3031 quam
1647 2965 1710 3015 ut
1741 2962 1929 3017 nomi-

282 3047 398 3115 nis,
457 3047 647 3114 f'amee,
680 3064 745 3102 ac
794 3064 953 3102 vanae
1002 3046 1197 3119 glorias
1245 3048 1641 3104 celebritatem
1698 3068 1930 3122 quoquo

284 3137 457 3192 modo
508 3140 964 3208 aucuparentur.
1006 3138 1367 3209 Quapropter
1433 3139 1502 3193 ab
1560 3138 1660 3193 illo
1730 3146 1933 3210 postea

282 3230 559 3282 vocantur
574 3227 772 3296 gloriae
791 3232 843 3282 et
873 3228 1199 3297 eloquentiae
1220 3227 1390 3282 solius
1413 3228 1701 3283 libidinosi
1721 3230 1927 3300 (Idem,

279 3315 344 3371 de
376 3316 553 3370 Anim.
586 3332 711 3386 cap.
748 3316 825 3387 7),
860 3316 914 3371 id
949 3320 1057 3383 est,
1089 3314 1435 3372 avidissimi.
1467 3317 1593 3373 Alio
1626 3324 1819 3374 antem
1868 3320 1928 3375 in

280 3404 430 3460 libro
479 3404 873 3475 PhilosOphus,
924 3405 1139 3477 inquit,
1196 3407 1388 3477 gloria:
1447 3408 1679 3462 animal.
1738 3409 1933 3480 Atque

282 3494 403 3550 haec
435 3494 691 3550 auctoris
724 3494 909 3551 nostri
939 3494 1114 3550 verba
1145 3494 1535 3567 Hieronymus
1568 3497 1719 3552 haud
1756 3498 1933 3555 dubie

282 3587 609 3651 mutuatus,
659 3583 849 3656 ipsius
901 3584 1202 3641 sententiae
1243 3586 1593 3657 subscripsit
1628 3603 1639 3642 :
1678 3610 1702 3636 (ι
1735 3587 1932 3643 Philo-

282 3673 503 3745 sophus
555 3672 750 3745 gloriae
800 3673 1040 3742 animal,
1086 3678 1143 3730 et
1191 3674 1493 3747 popularis
1546 3693 1701 3731 aurae
1760 3682 1935 3749 atque

282 3779 584 3817 rumorum
650 3761 762 3818 vile
794 3762 1152 3835 mancipium
1190 3787 1216 3813 »
1247 3765 1606 3837 (Hieronym,
1639 3765 1808 3839 epist.
1840 3768 1931 3838 54,

281 3854 354 3907 ad
381 3852 704 3907 Pammach.
732 3868 863 3924 pag.
895 3853 1043 3924 585).
1078 3855 1149 3907 At
1173 3853 1481 3918 Lucianus,
1501 3854 1610 3909 etsi
1636 3854 1931 3924 ethnicus,

281 3941 389 3997 bos
446 3940 829 4013 phil080phos
878 3942 1047 4014 longe
1095 3942 1287 3998 acrius
1334 3943 1673 3999 insectatur.
1730 3944 1931 4000 Palam

283 4031 503 4104 quippe
534 4034 829 4087 asseverat
866 4029 999 4087 illos
1032 4047 1217 4103 genus
1248 4048 1376 4088 esse
1406 4032 1929 4108 hominumﬁpyev,

280 4123 612 4203 φιλόνεικον,
644 4119 948 4195 κενὸδοξον,
1008 4123 1300 4200 ὀξύχολον,
1339 4121 1667 4200 ὑπόλιχνον,
1705 4127 1927 4199 ὑπόμω-

281 4236 393 4291 ρον,
443 4211 845 4292 τετυφωμένον,
895 4209 1106 4289 ὕϐρεως
1166 4212 1470 4283 ἀνάπλεων,
1529 4214 1618 4269 καὶ
1670 4214 1762 4270 ’ἱνα
1812 4219 1931 4281 καθ’

276 4306 525 4381 Ὅμηρον
573 4300 732 4375 εἷ’πω,
784 4304 954 4379 ἄχθος
1007 4303 1266 4379 ἀρούρης.
1328 4307 1590 4371 Otiosum,
1622 4310 1929 4363 contentio-

276 4411 419 4465 sum,
480 4396 675 4466 gloria
727 4395 972 4460 avidum,
1007 4396 1357 4463 iracundum,
1411 4396 1558 4464 gula:
1604 4397 1928 4468 studiosum,

275 4486 525 4555 stultum,
584 4487 913 4554 fastuosum,
972 4486 1444 4550 contumeliosum,
1507 4494 1561 4540 et
1634 4490 1697 4540 ut
1752 4487 1931 4543 verbis

280 4576 587 4630 Homericis
622 4574 833 4645 dicam,
878 4576 1109 4631 Telluris
1158 4576 1363 4631 inutile
1410 4574 1617 4646 pondus
1661 4575 1927 4644 (Lucian.

2045 614 2333 685 patefacta
2381 611 2589 684 vulgus
2631 612 2906 666 insanum
2974 609 3312 675 offenderet,
3355 612 3411 663 et
3458 613 3521 663 ut
3580 610 3689 681 ipsi

2046 702 2257 757 falsam
2291 720 2447 757 vanae
2480 700 2828 755 eruditionis
2858 698 3102 769 gloriam
3155 698 3263 751 sibi
3300 703 3589 769 parerent,
3622 715 3688 755 ac

2040 798 2407 846 venarentur.
2457 789 2995 852 Verumenimvero,
3040 809 3068 835 ‹‹
3126 791 3187 839 In
3237 791 3547 857 quantum,
3608 787 3690 843 ait

2038 880 2455 945 Tertullianus,
2491 880 2690 934 odium
2726 880 2928 943 flagrat
2964 876 3196 940 veritas,
3230 874 3287 929 in
3321 880 3550 930 tantum
3586 876 3684 947 qui

2037 984 2161 1023 eam
2208 986 2273 1021 ex
2312 970 2419 1022 aide
2449 973 2707 1039 pricstat,
2750 965 3011 1021 offendit.
3064 964 3167 1027 Qui
3223 969 3413 1018 autem
3458 963 3683 1020 adulte-

2036 1062 2147 1129 rat,
2196 1056 2303 1112 hoc
2355 1056 2602 1111 maxime
2656 1055 2892 1109 nomine
2963 1053 3212 1125 gratiam
3271 1053 3424 1109 928
3486 1054 3688 1126 pangit

2036 1148 2187 1216 apud
2224 1146 2605 1200 insoctatores
2636 1143 2896 1199 veritatis
2931 1166 2956 1191 ››
3002 1141 3371 1215 (Tertullian.
3408 1144 3680 1214 Apologet.

2035 1252 2158 1305 cap.
2196 1237 2281 1299 46,
2322 1251 2446 1304 μεὶς.
2481 1236 2623 1301 500).
2662 1235 2729 1288 Et
2779 1233 2899 1288 bzec
2948 1232 3207 1302 quidem,
3259 1246 3362 1285 nec
3413 1230 3578 1304 plura
3624 1232 3681 1287 in

2034 1324 2288 1395 Rigaltii,
2339 1330 2395 1379 ot
2431 1324 2764 1378 subsecutis
2813 1322 2944 1377 aliis
2991 1320 3368 1376 editionibus.
3421 1325 3482 1375 In
3539 1322 3684 1376 anti~

2035 1414 2341 1483 quioribus
2372 1430 2526 1473 vero.
2566 1430 2667 1468 nec
2699 1430 2810 1466 non
2853 1412 2910 1465 in
2945 1410 3163 1465 nostris
3212 1410 3512 1466 codicibus
3553 1426 3681 1466 ma-

2036 1502 2378 1572 nuscriptis,
2416 1508 2546 1571 post
2579 1502 2815 1553 verbum
2853 1500 3127 1555 adulterat
3159 1498 3428 1553 additum
3484 1504 3590 1567 est,
3626 1503 3683 1555 et

2034 1593 2269 1662 affectat,
2324 1607 2387 1644 ac
2436 1595 2569 1661 post
2614 1606 2822 1644 nomen
2893 1590 3160 1654 veritatis,
3222 1586 3455 1659 legitur,
3516 1606 3682 1660 quam

2034 1681 2196 1754 (editi
2223 1682 2354 1752 qua)
2414 1681 2691 1747 itlusores,
2748 1685 2799 1735 et
2844 1686 3189 1751 corruptores
3245 1682 3466 1737 inimice
3521 1681 3680 1750 (editi

2037 1771 2279 1842 mimice)
2306 1770 2617 1841 philosophi
2664 1772 2940 1841 aﬂertanl.
2993 1771 3107 1827 Cur
3151 1777 3345 1828 autem
3394 1770 3681 1844 Rigaltius

2036 1861 2235 1915 omnia
2282 1859 2401 1913 haec
2454 1858 2817 1923 resocaverit,
2854 1859 3131 1915 rationem
3167 1862 3215 1917 si
3271 1878 3518 1933 quaeras,
3552 1859 3681 1914 nul-

2034 1949 2150 2005 lam
2201 1949 2272 2003 ab
2317 1965 2381 2003 eo
2432 1949 2626 2003 datam
2661 1948 2941 2004 invenies.
2992 1950 3137 2013 Quid
3173 1951 3354 2021 ergo?
3401 1950 3681 2020 Nunquid

2036 2038 2377 2093 obscuriora
2397 2054 2465 2093 ea
2493 2054 2620 2093 esse
2652 2038 2895 2109 putavit,
2926 2042 2983 2093 et
3012 2038 3139 2095 ideo
3169 2039 3470 2095 tollenda?
3510 2039 3684 2093 Recte

2038 2128 2298 2199 quidem,
2331 2128 2380 2182 si
2425 2128 2631 2199 ipsius.
2676 2144 2789 2182 non
2827 2128 3053 2198 antiqui
3088 2130 3355 2185 Auctoris
3383 2129 3557 2185 verba
3588 2144 3680 2183 es-

2038 2222 2189 2282 sent,
2223 2234 2347 2288 quae
2389 2216 2792 2288 supprimendi
2838 2216 3037 2272 nullus
3068 2218 3273 2285 editor,
3310 2218 3418 2274 nisi
3454 2217 3683 2273 reddita

2041 2310 2281 2371 ratione,
2303 2307 2405 2376 jus
2429 2323 2689 2376 unquam
2714 2305 3014 2362 habuit.At
3040 2323 3230 2362 nonne
3253 2323 3490 2363 sensum
3524 2306 3683 2361 hunc

2040 2396 2330 2467 optimum
2362 2395 2627 2451 efficiunt
2646 2396 2673 2449 ?
2702 2396 2998 2459 Quantum
3025 2397 3238 2452 veritas
3261 2396 3393 2451 odio
3410 2396 3680 2462 habetur,

2038 2490 2267 2541 tantum
2300 2485 2398 2556 qui
2431 2500 2559 2540 eam
2591 2484 2815 2540 sincere
2847 2486 3031 2554 docet,
3065 2486 3114 2541 is
3137 2486 3282 2541 alios
3304 2484 3683 2548 oli‘endit.Qui

2040 2580 2234 2630 autem
2266 2591 2395 2630 eam
2444 2574 2767 2629 affectando
2800 2574 3108 2644 adulterat,
3143 2577 3238 2629 hoc
3286 2577 3407 2645 ipso
3457 2576 3685 2630 nomine

2039 2665 2300 2720 eamdem
2332 2663 2579 2737 gratiam
2606 2665 2756 2735 apud
2786 2663 2943 2719 illius
2967 2664 3345 2719 insectatores
3370 2664 3684 2736 init,quam

2042 2757 2312 2812 illusores
2340 2760 2397 2811 et
2428 2759 2817 2827 corruptores.
2854 2756 3241 2820 Quamobrem
3274 2754 3521 2827 gentiles
3554 2754 3685 2827 phi-

2040 2845 2269 2916 losophi
2300 2845 2556 2917 agnitam
2595 2844 2891 2899 veritatem
2925 2850 3207 2916 tanquam
3243 2844 3403 2899 mimi
3436 2844 3684 2899 aliorum

2040 2937 2215 3004 dicta,
2250 2936 2419 2999 facta,
2462 2939 2518 2989 et
2550 2950 2851 3005 personas,
2886 2934 3153 2989 ali'ectant
3180 2951 3244 2989 ac
3279 2937 3685 3005 corrumpunt.

2041 3025 2267 3080 Dixisse
2317 3029 2512 3079 autem
2563 3023 2963 3078 Tertullianus
3004 3024 3256 3086 videtur,
3305 3022 3686 3094 philosophos

2040 3115 2344 3170 affectasse
2389 3114 2691 3167 veritatem
2743 3128 2858 3167 non
2915 3113 3151 3182 quidem
3204 3113 3448 3176 inimice,
3508 3116 3572 3166 ut
3626 3111 3687 3167 in

2039 3204 2342 3259 codicibus
2397 3202 2815 3273 manuscriptis
2874 3202 3149 3272 scriptum
3210 3206 3300 3256 est
3358 3201 3687 3256 scribarum

1962 3276 2004 3343 C
2042 3292 2372 3356 oscitantis,
2407 3291 2505 3362 qui
2542 3308 2608 3345 ex
2639 3290 2825 3361 prima
2870 3290 3063 3345 littera
3094 3308 3143 3345 m
3194 3292 3341 3345 duas
3376 3292 3437 3344 in
3485 3290 3687 3345 effece-

2042 3385 2179 3437 runt
2212 3398 2224 3437 :
2260 3382 2360 3436 sed
2396 3381 2585 3451 potius
2615 3380 2852 3447 mimice,
2914 3380 3412 3450 quemadmodum
3458 3379 3516 3433 in
3573 3378 3686 3433 alio

2041 3470 2190 3525 libro
2222 3469 2387 3532 dixit,
2414 3469 2637 3523 Mithrae
2672 3468 2913 3523 militem
2949 3485 3077 3523 esse
3107 3468 3266 3534 quasi
3285 3471 3523 3523 mimum
3545 3484 3687 3521 mar-

2043 3561 2179 3632 tyrii
2210 3560 2416 3629 (Idem,
2450 3560 2522 3613 de
2553 3558 2749 3613 Coron.
2784 3560 2842 3612 in
2873 3558 2968 3626 ﬁn.
3003 3574 3134 3629 pag.
3171 3559 3316 3628 131).

2115 3686 2353 3741 Fatetur
2378 3685 2576 3755 itaque
2607 3684 2679 3738 ab
2710 3682 2913 3737 iisdem
2952 3682 3319 3755 philosophis
3350 3683 3563 3755 szepius
3588 3701 3688 3739 co-

2042 3775 2265 3848 gnitam
2288 3774 2590 3830 veritatem
2625 3790 2638 3827 :
2674 3795 2700 3821 ‹‹
2736 3772 2875 3839 Quis
2906 3771 3083 3839 enim,
3117 3772 3327 3843 inquit,
3361 3777 3687 3844 poetarum,

2043 3865 2179 3936 quis
2210 3863 2630 3933 sophistarum,
2664 3861 2761 3933 qui
2796 3878 2907 3916 non
2960 3862 3031 3915 de
3081 3861 3494 3932 prophetarum
3533 3862 3691 3917 fonte

2042 3952 2369 4024 potaverit?
2398 3952 2534 4006 Inde
2561 3951 2742 4023 igitur
2791 3954 2847 4005 et
2887 3949 3217 4021 philosophi
3262 3950 3419 4004 sitim
3466 3949 3688 4021 ingenii

2042 4042 2135 4098 sui
2167 4043 2500 4114 rigaverunt
2522 4062 2548 4089 η
2581 4039 2841 4111 (Tertull.
2868 4040 3086 4109 Apolog.
3111 4055 3237 4109 cap.
3269 4040 3353 4101 47,
3380 4055 3511 4110 pag.
3534 4039 3683 4111 515).

2041 4137 2334 4188 Hactenus
2366 4130 2542 4185 editio
2574 4128 2903 4199 Rigaltiana
2935 4144 3064 4181 cum
3127 4127 3258 4181 aliis
3310 4132 3482 4199 atque
3509 4127 3686 4182 etiam

2044 4220 2464 4291 manuscriptis
2512 4217 2728 4272 nostris
2776 4216 3073 4271 codicibus
3124 4216 3221 4270 sed
3276 4216 3332 4269 in
3384 4215 3512 4271 istis
3544 4215 3685 4286 hmo,

2042 4313 2341 4380 amputata
2392 4326 2426 4362 a
2478 4305 2750 4378 Rigaltio,
2785 4306 3009 4376 adjecta
3055 4311 3193 4361 sunt
3250 4322 3262 4361 :
3322 4304 3391 4359 Ut
3450 4322 3578 4375 quae
3618 4305 3689 4359 de

2042 4401 2261 4456 nostris
2292 4397 2527 4461 habent,
2555 4413 2621 4451 ea
2652 4398 2989 4466 comparent
3020 4393 3155 4449 illis.
3193 4417 3218 4444 ››
3254 4395 3462 4448 Verum
3495 4394 3543 4448 si
3566 4393 3689 4449 hinc

2042 4489 2319 4561 Rigaltio,
2351 4493 2452 4541 aut
2499 4484 2832 4541 errantibus
2882 4484 3263 4555 typographis
3326 4483 3686 4553 exciderunt,

2041 4579 2174 4651 quis
2206 4579 2485 4647 majorem
2518 4575 2645 4645 eius
2670 4573 3029 4644 diligentiam
3064 4590 3176 4627 non
3202 4572 3602 4628 desiderabit?
3631 4573 3686 4629 Si

278 4665 589 4720 Icaromeni
635 4679 766 4737 pag.
812 4664 919 4717 739
951 4668 1008 4719 et
1057 4664 1261 4735 seqq.).
1304 4663 1477 4721 Plura
1527 4663 1717 4720 adhuc
1747 4664 1843 4721 ille
1872 4665 1932 4720 in
1963 4656 2010 4720 D
2040 4685 2172 4724 vero
2203 4667 2249 4722 is
2296 4665 2454 4721 solus
2490 4664 2723 4736 proprio
2776 4666 2959 4717 marte
2998 4679 3063 4717 ea
3115 4661 3378 4731 abstulit,
3416 4662 3549 4733 quis
3581 4679 3685 4716 au-

280 4770 387 4809 suo
417 4753 488 4809 de
536 4753 711 4809 sectis
760 4753 988 4827 dialogo
1032 4754 1217 4825 (Idem
1248 4753 1581 4825 Hieronym.
1616 4770 1748 4825 pag.
1782 4754 1931 4824 284),

283 4843 381 4898 ubi
414 4849 568 4898 certo
600 4860 661 4899 se
708 4844 779 4898 ad
840 4843 1118 4899 omnibus
1171 4843 1465 4915 accepisse
1514 4848 1767 4898 testatur
1796 4843 1931 4915 Epi-

280 4946 485 4986 cureos
515 4937 820 5003 corruptos
851 4930 1076 4987 deliciis
1107 4946 1173 4986 ac
1202 4930 1605 5002 voluptatibus
1631 4948 1645 4998 ;
1697 4931 1931 5002 Peripa-

279 5018 487 5074 toticos
521 5020 799 5090 parandis
844 5019 1340 5092 cumulandisque
1374 5020 1595 5075 divitiis
1628 5019 1928 5087 inservire,

279 5113 337 5164 et
369 5108 658 5179 quosdam
690 5125 756 5162 ex
788 5107 903 5164 illis
932 5109 1246 5165 immodice
1277 5110 1705 5176 contentiosos;
1738 5109 1927 5164 Plato-

281 5197 443 5252 nicos
483 5200 843 5265 arrogantes,
880 5197 1145 5268 turgidos
1193 5199 1345 5253 fastu
1395 5198 1598 5267 nimie,
1632 5203 1688 5253 et
1732 5197 1930 5269 gloria:

279 5285 764 5359 cupientissimos
796 5305 809 5353 ς
845 5284 913 5339 Οἳ
944 5281 1315 5353 Πλατωνικοὶ,
1349 5287 1563 5357 inquit,
1598 5283 1928 5362 τετύφωνται

276 5376 363 5430 καὶ
400 5369 686 5451 φιλόδοξοί
721 5370 842 5426 εἶσι.
895 5376 1029 5437 Quas
1078 5374 1313 5445 quidem
1360 5375 1473 5429 huc
1522 5376 1928 5445 congessimus

277 5468 347 5523 ad
381 5481 608 5530 eorum,
640 5480 766 5534 qua:
817 5479 948 5518 mox
999 5464 1210 5518 Auctor
1259 5468 1458 5519 noster
1504 5464 1771 5518 dicturus
1814 5468 1925 5532 est,

278 5555 777 5626 anticipationem.
826 5553 937 5607 Sed
988 5554 1059 5608 de
1116 5554 1208 5606 bis
1233 5554 1358 5623 jam
1408 5551 1626 5623 aliquid
1662 5552 1721 5606 in
1754 5570 1925 5624 supe-

282 5645 417 5701 riori
450 5642 855 5699 dissertatisne
886 5640 1291 5697 delibavimus.

349 5749 688 5825 Philosophi
718 5750 900 5823 igitur
948 5746 1321 5805 fraudulenta
1368 5747 1629 5805 veritatis
1668 5752 1925 5807 ostenta-

2042 4758 2267 4814 daciam
2300 4755 2461 4809 illius
2507 4752 2717 4824 poterit
2749 4752 3068 4807 excusare?
3122 4756 3266 4806 Nam
3300 4752 3419 4807 haec
3449 4752 3516 4807 ad
3549 4752 3689 4807 Tor-

2040 4846 2275 4902 tulliani
2325 4844 2662 4899 institutum
2716 4841 2964 4895 maxime
3014 4842 3254 4896 faciunt.
3318 4843 3687 4897 Prolmndum

2040 4935 2330 5008 siquidem
2363 4936 2702 5003 susceperat
2730 4931 2977 5003 gentiles
3009 4931 3389 5003 philosophos
3420 4931 3692 4988 Christia-

2042 5030 2131 5085 nis
2165 5028 2407 5084 scientia
2440 5025 2680 5080 omnino
2715 5029 3059 5095 przepostere
3088 5026 3403 5096 adaquari.
3438 5028 3509 5079 At
3545 5023 3685 5079 illud

2040 5124 2190 5175 recte
2230 5135 2295 5171 eo
2345 5118 2730 5179 demonstrat,
2765 5116 2917 5185 quod
2972 5120 3033 5169 ut
3085 5132 3252 5169 suam
3304 5131 3434 5168 rum
3492 5118 3687 5167 nostra

2038 5206 2363 5265 doctrinam
2430 5208 2874 5277 compararent,
2924 5222 2991 5259 ex
3033 5221 3198 5259 sacro
3266 5201 3684 5273 prophetarum

2038 5299 2195 5354 fonte
2225 5294 2491 5352 hortulos
2541 5311 2701 5362 suos,
2734 5298 2799 5348 ut
2846 5294 3138 5350 Ciceronis
3190 5290 3381 5347 verbis
3424 5295 3680 5356 utamur,

2037 5388 2421 5459 irrigaverant
2451 5384 2656 5456 (Idem,
2688 5382 2792 5438 loc.
2843 5382 2942 5438 cit.
2995 5398 3155 5452 supr.
3211 5397 3336 5451 cap.
3373 5380 3426 5445 4,
3458 5383 3566 5433 art.
3604 5380 3678 5447 4).

2034 5482 2235 5547 Neque
2288 5474 2345 5528 id
2395 5472 2561 5528 valde
2592 5469 2829 5526 difﬁcile
2872 5470 3017 5540 ipsis
3064 5471 3204 5525 erat.
3252 5470 3420 5523 Sacra
3468 5465 3684 5539 quippe

2033 5565 2257 5622 Veteris
2286 5562 2639 5617 Testamenti
2672 5560 2977 5629 Scriptura
3017 5558 3290 5612 omnibus
3323 5556 3680 5613 ethnicorum

2035 5650 2646 5713 commentationibus,
2681 5648 2763 5702 uti
2797 5649 2920 5718 ipse
2947 5648 3045 5716 ait,
3090 5651 3146 5703 et
3178 5664 3283 5703 nos
3315 5646 3467 5701 haud
3503 5648 3680 5703 semel

2034 5743 2420 5809 ostendimus,
2444 5742 2535 5795 est
2556 5736 2723 5806 longe
2745 5736 3059 5809 antiquior.
3086 5737 3261 5795 Plura
3282 5737 3476 5809 itaque
3505 5738 3679 5794 docu-
