4158 6374
438 443 595 502 1019

941 444 1465 505 TERTULLIANI
1511 445 1835 508 OPERUM
1879 446 2083 505 PARS
2126 447 2175 506 l.
2221 479 2298 489 —
2342 446 2615 507 SEBIES
2658 446 2708 518 Ι,
2753 444 3311 505 APOLOGETICA.

3685 444 3848 503 1020

432 576 628 629 menta
657 587 725 629 ex
753 573 935 629 sacris
968 574 1185 630 nostrie
1215 574 1405 646 libris,
1439 576 1591 632 sicut
1643 576 1781 633 alibi
1825 594 1858 632 a
1904 576 2073 633 nobis
2105 578 2153 645 Α
2256 577 2447 634 Variis
2504 595 2675 651 porro
2734 577 2792 633 id
2850 574 3251 633 Tertullianus
3300 578 3508 649 probat
3564 576 3839 649 (Tertull.

430 663 738 735 probatum
795 667 903 731 est,
954 664 1127 719 furati
1176 670 1333 733 sunt,
1389 670 1454 720 ut
1495 666 1844 722 Christianis
1904 682 2075 738 pares

431 752 675 808 scientia
706 752 1078 806 crederentur
1103 754 1298 824 (Supr.
1332 770 1458 826 cap.
1491 756 1547 820 6,
1579 758 1687 809 art.
1733 756 1764 809 4
1813 758 1869 809 et
1913 770 2073 826 seqq.

433 845 577 898 tom.
636 842 657 896 Ι
715 841 975 912 Apparat.
1038 857 1169 913 pag.
1227 844 1354 911 384,
1410 844 1535 913 531,
1593 844 1697 897 909
1729 847 1785 899 et
1829 845 1966 898 1112
2022 847 2079 899 et

434 931 625 1002 seqq.)

504 1021 609 1075 Ast
634 1018 965 1091 philosophi
1000 1018 1083 1074 illi
1113 1043 1141 1071 «
1174 1020 1393 1092 gloriae,
1423 1021 1503 1076 ait
1555 1022 1972 1092 Tertullianus,
2023 1028 2079 1078 et

433 1106 773 1179 eloquentiae
807 1107 986 1164 solius
1014 1108 1335 1180 libidinosi,
1369 1110 1416 1165 si
1450 1109 1589 1182 quid
1624 1111 1680 1165 in
1713 1110 1893 1166 sacris
1924 1110 2075 1166 Scri-

434 1196 622 1271 pturis
653 1196 1039 1265 otl'enderunt,
1073 1199 1315 1269 digestis
1344 1216 1411 1254 ex
1452 1216 1555 1270 pro
1594 1199 1861 1254 instituto
1886 1200 2076 1254 curio-

435 1286 634 1343 sitaris
682 1286 754 1342 ad
804 1286 1040 1359 propria
1087 1303 1260 1358 opera
1306 1292 1658 1344 verterunt»
1712 1288 2073 1357 (Tertullian.

436 1374 721 1449 Apologet.
755 1391 880 1447 cap.
913 1376 1002 1447 47,
1035 1392 1165 1449 pag.
1196 1377 1344 1448 515).
1397 1378 1503 1432 Sed
1557 1377 1845 1450 Rigaltius
1877 1378 1958 1432 ibi
1987 1394 2074 1432 re-

436 1463 795 1521 luctantibus
826 1464 1060 1536 scriptis
1090 1465 1379 1539 editisque
1429 1467 1581 1523 929
1624 1466 1944 1537 codicibus,
1978 1468 2074 1522 de-

435 1553 573 1610 levit
628 1570 837 1609 nomen
894 1554 1214 1626 Scripturis,
1267 1560 1440 1627 atque
1472 1555 1619 1611 illud
1665 1555 1889 1625 digestis
1936 1557 2075 1610 sub-

435 1643 756 1702 stantivum
806 1658 955 1713 esse,
989 1660 1173 1715 eoque
1222 1645 1375 1700 idem
1435 1662 1500 1702 ac
1550 1646 1709 1701 libris
1761 1645 2073 1715 signiﬁcari

434 1732 772 1805 suspicatus
803 1736 910 1787 est.
946 1732 1053 1788 Sed
1090 1750 1414 1805 perperam.
1461 1736 1686 1791 Etenim
1721 1734 2073 1806 adjectivum

436 1826 546 1889 est,
579 1822 732 1894 quod
767 1822 919 1877 idem
951 1826 1121 1877 sonat
1152 1840 1217 1878 ac
1247 1822 1523 1895 dispositis
1569 1830 1624 1881 et
1671 1826 1958 1893 ordinatis,
1992 1822 2073 1878 vel

435 1909 729 1982 explicati:
759 1914 814 1965 et
843 1909 1259 1982 interpretatis.
1284 1912 1477 1968 Primo
1503 1913 1715 1986 quippe
1745 1930 1921 1969 sensu
1952 1912 2078 1967 Vir-
2105 1953 2153 2018 B

437 1998 614 2071 gilius
643 1998 788 2055 dixit
817 1999 888 2054 de
915 1999 1132 2073 Sibylla
1165 2018 1177 2056 :

572 2134 915 2201 Quaecunque
944 2135 998 2183 in
1023 2135 1159 2184 foliis
1188 2136 1469 2201 descripsit
1496 2138 1733 2187 carmina
1760 2138 1936 2201 Virgo,

572 2196 774 2259 Digerit
800 2197 854 2245 in
884 2210 1183 2247 numerum.

1054 2278 1258 2343 (Virgil.
1290 2279 1325 2329 l.
1355 2292 1413 2329 ιιι
1441 2280 1644 2330 Eneid.
1678 2292 1728 2329 v.
1760 2280 1891 2341 445.)

438 2409 497 2466 id
528 2412 638 2479 est,
670 2409 864 2483 inquit
919 2411 1173 2478 Servius,
1218 2413 1470 2485 ordinat,
1501 2420 1556 2468 et
1603 2413 1865 2486 disponit
1893 2413 2075 2485 (Serv.

440 2498 599 2568 ibib.,
630 2514 762 2572 pag.
792 2500 942 2571 595).
976 2500 1129 2556 Alibi
1176 2501 1350 2557 etiam
1394 2502 1503 2558 hoc
1552 2504 1807 2559 secundo
1852 2501 2076 2574 signifi-

443 2592 578 2644 catu
613 2605 626 2645 :

702 2755 716 2770 .
783 2723 859 2773 Ita
886 2722 1083 2787 digerit
1108 2724 1287 2773 omnia
1312 2724 1551 2784 Calchas,

1061 2787 1223 2850 (Virg.
1254 2786 1291 2836 l.
1321 2799 1357 2835 ιι
1382 2788 1610 2849 Eadd;
1639 2801 1686 2839 γ.
1709 2786 1835 2838 182.)

446 2909 584 2981 sive,
616 2909 699 2965 uti
731 2910 922 2966 adhuc
969 2910 1202 2967 Servius
1254 2912 1669 2984 interpretatur
1710 2912 1889 2984 (Serv.
1922 2908 2082 2979 ibid.,

442 3014 500 3071 p.
531 2998 680 3068 233),
716 2997 977 3054 numinis
1027 3001 1501 3069 commotionem,
1533 3000 1619 3057 vel
1651 3000 1853 3069 futuri,
1884 3000 1941 3055 id
1974 3000 2081 3070 est,

450 3086 817 3143 oraculorum
850 3088 1113 3144 ordinem
1146 3090 1368 3161 pandit,
1418 3106 1517 3146 seu
1567 3089 1817 3156 ordinat,
1863 3091 1920 3144 et
1965 3086 2085 3143 dis-

447 3175 628 3248 ponit.

519 3264 737 3322 Deinde
769 3266 1058 3339 Rigaltius
1090 3267 1211 3324 hac
1241 3269 1434 3336 verba,
1468 3270 1549 3323 Ex
1574 3283 1679 3340 pro
1706 3268 1977 3333 instituto,
2002 3264 2085 3321 sic

449 3354 661 3425 corrigi
692 3354 986 3427 scribique
1014 3355 1217 3422 voluit,
1248 3357 1459 3413 Exinde
1495 3365 1761 3429 regestum
1785 3371 1886 3428 pro
1917 3356 2082 3410 insti-

451 3446 585 3508 tuto,
617 3458 682 3497 ac
710 3444 944 3499 tandem
976 3444 1173 3500 addito
1204 3444 1312 3501 hoc
1341 3446 1513 3501 verbo
1542 3453 1839 3519 regestum,
1871 3458 2084 3498 nomen

449 3547 615 3603 opera
654 3530 815 3587 nullo
859 3532 1055 3589 codice
1103 3535 1298 3605 citato,
1353 3535 1581 3605 penitus
1632 3532 1929 3589 resecavit.
1973 3531 2086 3587 No-

454 3618 683 3675 biscum
742 3624 934 3676 tamen
986 3622 1209 3678 faciunt
1256 3640 1460 3680 omnes
1502 3623 1702 3680 inediti
1751 3622 2000 3689 codices,
2035 3623 2092 3674 et

455 3711 589 3763 ante
618 3709 887 3764 eumdem
936 3710 1249 3782 Rigaltium
1295 3712 1471 3780 editi;
1524 3712 1634 3768 nisi
1687 3712 1839 3784 quod
1889 3711 1949 3765 in
1996 3709 2090 3765 his

457 3796 894 3867 antiquioribus
942 3799 1193 3871 legimus
1253 3817 1323 3856 ex
1368 3801 1754 3872 improstituto.
1815 3800 1924 3856 Sed
1982 3801 2091 3855 hoc

457 3890 795 3957 corruptum
828 3888 1075 3943 videtur.
1110 3889 1171 3943 In
1204 3890 1699 3962 subsequentibus
1747 3895 1937 3947 autem
1969 3892 2097 3948 edi-

450 3974 709 4030 tionibus
769 3975 1000 4032 sublata
1058 3978 1167 4033 fuit
1214 3979 1543 4051 praepositio
1592 3997 1684 4046 ex,
1716 3996 1781 4035 ac
1811 3980 2096 4053 scriptum

364 4140 368 4145 ἱ
456 4063 801 4135 simpliciter
829 4082 925 4136 pro
973 4069 1243 4124 instituto.
1280 4068 1487 4125 Melius
1531 4069 1789 4140 quidem,
1822 4071 1920 4125 sed
1955 4070 2095 4125 deii-

456 4152 582 4208 nire
628 4169 743 4209 non
791 4156 1078 4212 audemus
1109 4173 1234 4228 qum
1268 4175 1397 4213 vera
1430 4159 1508 4213 sit
1534 4158 1873 4215 Tertulliani
1907 4158 2096 4225 lectio,

456 4240 639 4297 donec
668 4240 1044 4317 incorruptus
1066 4245 1280 4318 aliquis
1310 4248 1486 4304 codex
1515 4250 1856 4320 reperiatur.

527 4330 745 4388 Sensus
774 4336 969 4389 tamen
1002 4335 1130 4405 ejus
1177 4335 1271 4392 hic
1317 4336 1517 4409 procul
1565 4338 1740 4394 dubio
1789 4354 1915 4395 esse
1941 4338 2098 4393 vide-

459 4422 559 4475 tur
590 4436 601 4476 :
636 4420 695 4476 Si
728 4421 1062 4495 philosophi
1109 4442 1177 4481 ex
1224 4426 1407 4482 sacris
1451 4427 1787 4498 Scripturis,
1820 4432 1974 4483 recte
2003 4444 2100 4483 or-

459 4509 677 4566 dinatis
704 4514 761 4565 et
789 4511 1109 4583 explicatis,
1143 4514 1361 4587 aliquid
1408 4517 1527 4571 veri
1577 4517 1903 4586 hauserint,
1952 4516 2098 4573 illud

460 4615 564 4670 pro
605 4599 981 4668 curiositatis,
1033 4618 1134 4657 seu
1189 4603 1381 4659 nimim
1438 4620 1535 4661 eas
1584 4606 1736 4662 male
1774 4606 2099 4678 explicandi

2185 667 2464 740 Apologet.
2512 683 2639 739 cap.
2686 668 2776 734 47,
2828 681 2962 738 pag.
3012 666 3136 737 515)
3182 664 3670 739 philosophorum
3705 665 3841 737 opi-

2186 756 2461 811 nionibus
2504 760 2563 812 et
2609 756 2905 812 erroribus
2954 756 3026 810 de
3066 754 3167 811 Dei
3198 759 3433 821 natura,
3466 754 3750 826 qualitate
3782 759 3843 810 et

2186 844 2585 917 providentia:
2621 846 2692 900 de
2723 844 2929 900 mundi
2970 844 3284 905 creatione.
3316 853 3370 899 et
3402 844 3837 912 diuturnitate;

2186 934 2258 988 de
2281 934 2549 989 humanas
2570 934 2778 990 animae
2801 937 3033 1001 natura,
3076 949 3257 1005 quam
3278 933 3376 988 alii
3405 933 3838 1006 incorpoream,

2186 1022 2467 1089 divinam,
2502 1027 2559 1078 et
2605 1027 2903 1093 aeternam,
2938 1022 3037 1077 alii
3088 1022 3497 1078 dissolubilem
3531 1026 3588 1078 et
3627 1039 3840 1094 corpo-

2187 1128 2343 1167 ream
2375 1127 2503 1167 esse
2553 1112 3009 1178 arbitrabantur,
3043 1115 3219 1184 atque
3250 1112 3319 1167 de
3358 1110 3517 1167 illius
3550 1115 3681 1183 post
3712 1126 3841 1166 cor-

2187 1202 2343 1273 poris
2375 1201 2675 1257 interitum
2727 1205 2903 1268 statu,
2955 1200 3162 1272 pcenis,
3198 1204 3255 1255 et
3302 1199 3579 1272 praemiis.
3625 1203 3843 1256 Omnes

2186 1294 2381 1346 autem
2432 1291 2623 1346 varias
2673 1290 2845 1345 hasce
2891 1289 3127 1345 illorum
3158 1289 3465 1362 opiniones
3514 1288 3657 1344 alibi
3688 1306 3840 1344 enu-

2186 1379 2502 1435 cleavimus
2551 1394 2617 1435 ac
2664 1378 3055 1434 discussimus
3103 1383 3293 1449 (Supr.
3347 1395 3475 1449 cap.
3527 1378 3581 1447 5,
3636 1382 3747 1433 art.
3781 1378 3841 1446 4,

2186 1472 2243 1523 et
2270 1484 2396 1540 cap.
2447 1469 2502 1536 9,
2554 1469 2722 1523 arti
2778 1472 2836 1523 et
2865 1484 3075 1539 seqq.;
3129 1468 3419 1523 Dissertat.
3468 1469 3529 1522 in
3582 1470 3844 1523 Lactant.

2186 1572 2312 1628 cap.
2344 1558 2431 1623 12,
2464 1561 2570 1612 art.
2607 1559 2630 1611 1
2668 1564 2723 1612 et
2753 1573 2916 1628 seqq.
2944 1573 2958 1624 ;
2991 1573 3118 1627 cap.
3153 1557 3239 1627 14,
3273 1560 3381 1612 art.
3419 1557 3443 1611 1
3480 1560 3537 1612 et
3566 1556 3600 1610 2
3632 1573 3841 1628 seqq.;

2186 1648 2243 1700 et
2272 1661 2397 1717 cap.
2430 1646 2522 1711 23,
2555 1649 2665 1700 art.
2701 1646 2726 1699 1
2761 1649 2818 1700 et
2848 1661 2967 1716 seq.
2995 1662 3009 1712 ;
3056 1649 3113 1699 et
3143 1661 3268 1715 cap.
3301 1644 3393 1711 28,
3425 1648 3537 1700 art.
3566 1646 3599 1698 4
3646 1649 3705 1700 et
3746 1644 3836 1717 6).

2256 1733 2453 1805 Neque
2483 1734 2541 1788 in
2574 1733 2683 1789 hoc
2731 1737 2959 1788 tantum
3014 1732 3359 1803 Apologetico
3396 1734 3611 1787 Auctor
3639 1737 3849 1787 noster

2186 1823 2266 1879 ita
2295 1824 2573 1878 adversus
2605 1822 2989 1894 philosophos
3028 1821 3271 1892 gentiles
3325 1821 3609 1892 disputat,
3642 1822 3746 1875 sed
3777 1820 3844 1875 in

2186 1914 2442 1968 secundo
2472 1912 2628 1967 980
2685 1911 2861 1966 etiam
2895 1910 2965 1965 ad
2992 1912 3255 1969 Nationes
3303 1908 3479 1977 libro,
3513 1909 3615 1965 ubi
3646 1909 3848 1965 adhuc

2184 2003 2391 2074 probat
2413 2000 2825 2073 philosophicas
2858 2000 3156 2070 sapientiai
3182 1999 3499 2053 vanitatem
3524 1998 3847 2054 imbecilli-

2184 2095 2485 2162 tatemque
2497 2089 2866 2161 apertissime
2879 2088 3276 2145 demonstrari
3289 2104 3359 2143 ex
3372 2087 3717 2159 opinionum
3741 2104 3848 2145 va-

2185 2179 2413 2247 rietate,
2455 2195 2580 2250 quas
2630 2194 2747 2233 non
2796 2177 3032 2233 aliunde
3073 2192 3251 2249 quam
3284 2177 3355 2232 de
3385 2176 3647 2232 veritatis
3676 2175 3847 2248 igno-

2186 2269 2377 2325 rantia
2405 2266 2680 2323 manavit.
2715 2266 2942 2322 Etenim
2988 2287 3018 2317 «
3068 2265 3202 2321 licet
3255 2281 3358 2337 per
3412 2264 3850 2333 curiositatem,

2186 2357 2401 2429 inquit,
2433 2356 2783 2412 omnimodas
2818 2354 3163 2411 litteraturae
3203 2353 3590 2427 inspicienda
3620 2353 3848 2409 divinis

2189 2462 2423 2520 quoque
2451 2445 2785 2517 Scripturis,
2812 2448 2877 2499 ut
2898 2442 3353 2516 antiquioribus,
3373 2442 3635 2514 posssint
3653 2442 3850 2499 videri

2186 2537 2543 2603 incursasse,
2577 2538 2635 2589 et
2655 2533 2790 2589 inde
2838 2532 3127 2590 nonnulla
3155 2532 3483 2604 dempsisse
3512 2553 3540 2583 η
3574 2530 3846 2603 (Tertull.

2187 2625 2291 2681 lib.
2321 2639 2363 2680 ιι
2393 2623 2478 2679 ad
2504 2624 2627 2679 Nat.
2660 2640 2787 2695 cap.
2818 2622 2914 2693 2);
2968 2621 3413 2693 simplicitatem
3462 2623 3660 2676 tamen
3708 2622 3847 2692 ejus

2189 2712 2593 2785 despicientes,
2625 2715 2684 2767 et
2711 2710 2906 2784 gloriae
2956 2710 3199 2765 libidine
3245 2709 3490 2781 insuper
3539 2710 3724 2777 ducti,
3758 2710 3849 2765 in-

2190 2807 2422 2858 ventam
2453 2802 2513 2856 in
2567 2800 2748 2857 sacris
2779 2799 2995 2855 nostris
3044 2798 3367 2871 Scripturis
3394 2797 3696 2854 veritatem
3730 2799 3849 2854 im-

2192 2893 2514 2961 mutarunt,
2546 2892 2603 2946 et
2631 2888 3127 2944 adulteraverunt.

2265 3002 2452 3069 Atque
2478 3020 2498 3047 σι
2525 2997 2666 3051 Inde
2691 3000 2749 3051 et
2770 3013 2803 3051 a
2824 2994 3180 3067 quibusdam
3205 3009 3438 3065 quoque
3459 2992 3636 3065 (sicut
3656 2992 3759 3049 ille
3783 2993 3849 3049 in

2192 3088 2553 3161 Apologetico,
2603 3084 2704 3157 ait)
2749 3085 2935 3156 ejecta
2976 3082 3368 3156 philosophia,
3402 3099 3435 3138 a
3462 3082 3778 3151 Thebanis,
3813 3101 3852 3140 ιι

2191 3176 2586 3250 8partiatis,et
2599 3173 2991 3246 Argivis,dum
3014 3172 3082 3228 ad
3108 3175 3310 3227 nostra
3329 3171 3849 3228 contaminantur»

2197 3264 2564 3340 (Tertullian.
2587 3263 2859 3336 Apologet.
2884 3277 3011 3333 cap.
3035 3260 3124 3329 17,
3145 3276 3274 3333 pag.
3308 3260 3456 3332 515).
3484 3261 3568 3316 Ita
3599 3261 3847 3332 quidem

2196 3356 2256 3412 in
2288 3353 2523 3426 Rigaltii
2556 3350 3095 3425 posterioribusque
3127 3349 3507 3404 editionibus.
3539 3353 3615 3404 At
3644 3350 3705 3404 in
3737 3368 3844 3406 no-

2195 3445 2333 3502 stris
2364 3441 2660 3499 codicibus
2682 3438 3186 3511 manuscriptis,et
3203 3437 3622 3495 vetustioribus
3643 3439 3843 3496 editis:

2197 3556 2226 3586 «
2258 3534 2417 3599 Inde,
2451 3530 2675 3602 opinor,
2727 3533 2784 3584 et
2824 3546 2857 3583 a
2902 3528 3370 3599 quibusdam.....
3400 3528 3845 3599 Spartiacis.....

2198 3623 2339 3677 dum
2372 3621 2442 3676 ad
2494 3622 2691 3674 nostra
2719 3617 2893 3689 (male
2935 3616 2995 3671 in
3048 3615 3347 3671 nonnullis
3393 3614 3775 3683 editionibus.
3808 3635 3846 3673 ι

2198 3710 2770 3779 vestra)conantur,»
2795 3706 3271 3762 subaudiendum
3289 3703 3574 3760 imitando
3598 3722 3865 3761 corrum-

2206 3817 2340 3875 pere
2366 3819 2378 3869 ;
2413 3799 2567 3855 sicut
2597 3798 2743 3853 dixit
2773 3820 2801 3848 «
2835 3813 3007 3869 poma
3036 3798 3325 3851 conantur
3354 3816 3383 3845 ››
3418 3794 3574 3865 (Ibid.
3600 3811 3728 3867 cap.
3764 3796 3858 3865 40,

2206 3906 2337 3964 pag.
2367 3889 2511 3961 478),
2546 3886 2754 3960 supple
2781 3890 3018 3941 matura
3066 3884 3209 3954 ﬁeri.
3262 3885 3376 3939 Cur
3400 3887 3618 3954 autem,
3652 3901 3685 3939 a
3715 3901 3860 3956 quo,

2206 3997 2270 4036 ac
2319 3979 2487 4050 cujus
2538 3991 2734 4048 opera,
2784 3978 2884 4031 aut
2931 3971 3286 4046 negligentia
3337 3972 3626 4028 omissum
3677 3973 3863 4029 fuerit

2204 4070 2445 4125 verbum
2494 4066 2710 4138 opinor,
2769 4080 2835 4119 ac
2878 4063 3020 4135 quid
3068 4062 3150 4117 ibi
3198 4065 3422 4129 noceat,
3475 4060 3644 4117 nobis
3702 4062 3865 4119 sicut

2209 4157 2409 4215 nullus
2441 4155 2638 4224 edixit,
2693 4154 2778 4209 ita
2818 4151 3278 4209 Tertullianeum
3328 4166 3457 4206 esse
3504 4148 3673 4206 facile
3722 4150 3862 4207 aliis

2209 4245 2607 4320 persuadebis.
2659 4244 2738 4299 Eo
2787 4243 3004 4314 quippe
3064 4256 3238 4296 sensu
3297 4238 3438 4295 alibi
3501 4239 3690 4295 utitur
3746 4240 3862 4297 hoc

2156 4342 2157 4345 “
2208 4336 2410 4404 verbo,
2436 4334 2533 4391 ubi
2566 4334 2636 4389 de
2666 4348 2727 4387 re
2757 4331 2869 4387 sibi
2901 4330 3144 4386 minime
3174 4328 3353 4385 dubie.
3382 4327 3646 4385 disserit.

2278 4442 2360 4497 Ad
2394 4441 2637 4512 ejectam
2666 4454 2799 4494 vero
2843 4437 2915 4493 ab
2948 4435 3199 4492 ethnicis
3230 4433 3665 4507 philosophiam
3697 4436 3859 4507 quod

2209 4530 2436 4596 attinet,
2468 4529 2777 4585 Athenaeus
2808 4529 3008 4582 narrat
3056 4524 3118 4597 (l.
3167 4541 3245 4594 χι,
3293 4540 3343 4580 c.
3398 4524 3489 4591 12,
3537 4541 3595 4595 p.
3638 4524 3768 4591 542,
3802 4528 3863 4580 et

2209 4619 2311 4677 lib.
2342 4635 2467 4687 xm,
2499 4635 2625 4690 cap.
2657 4618 2714 4687 9,
2748 4633 2803 4688 p.
2840 4615 2961 4685 160)
3004 4611 3337 4685 Sophistas,
3368 4628 3435 4667 ac
3466 4613 3614 4668 duos
3646 4611 3859 4684 Epicu-

463 4706 613 4745 curaa
658 4690 956 4781 instituto,
993 4698 1281 4781 Aveterunt
1336 4697 1406 4751 ad
1452 4697 1685 4769 propria
1736 4713 1932 4770 opera,
1990 4698 2099 4754 hoc
2129 4698 2176 4763 D
2209 4726 2336 4766 reos
2367 4706 2748 4781 philosophos
2784 4703 3039 4760 Alcaeum
3070 4706 3128 4757 at
3153 4701 3473 4756 Philiscum
3508 4701 3651 4757 urbe
3681 4717 3793 4756 sua
3823 4718 3862 4756 a

463 4782 574 4844 est,
606 4778 677 4833 ad
707 4778 886 4837 falsas
913 4779 1069 4853 vulgi
1111 4783 1414 4852 opiniones
1457 4786 1883 4859 popularesque
1937 4804 2093 4844 erro-

463 4883 576 4923 res.
609 4867 752 4924 Cum
785 4869 941 4925 enim
982 4871 1205 4928 divinas
1253 4890 1376 4929 esse
1402 4892 1517 4930 non
1550 4878 1870 4945 crederent,
1898 4880 2090 4935 datam

462 4955 573 5011 sibi
634 4960 985 5028 putaverunt
1031 4959 1163 5016 illas
1206 4961 1617 5035 interpolandi,
1674 4971 1731 5022 et
1780 4984 1883 5038 pro
1929 4967 2095 5024 libito

458 5044 878 5116 interpretandi
907 5047 1261 5107 facultatem.
1280 5051 1477 5124 Neque
1507 5054 1680 5110 etiam
1703 5055 2096 5129 intelligentes

460 5149 661 5190 earum
693 5134 1045 5191 documenta
1074 5137 1444 5208 obscuritate,
1476 5148 1529 5195 et
1557 5141 1818 5199 Judaicis
1869 5144 2096 5200 umbris

460 5222 709 5294 obvolvi,
732 5225 1025 5296 aspernati
1048 5230 1188 5283 sunt
1208 5227 1364 5284 illius
1388 5228 1820 5303 simplicitatem
1852 5233 2094 5304 (Tertul-

460 5313 599 5370 lian.
634 5314 766 5370 ibid.
800 5331 931 5389 pag.
965 5318 1112 5388 515).
1148 5318 1511 5392 Quapmpter
1563 5324 1717 5393 quod
1750 5306 1813 5378 in
1846 5324 1939 5379 his
1970 5341 2094 5380 cer-

460 5407 585 5461 tum
614 5409 970 5477 repererunt,
1004 5407 1340 5479 effecerunt,
1369 5409 1657 5466 incertum
1702 5429 1767 5467 ac
1797 5428 1930 5468 vera
1958 5414 2093 5485 reji-

460 5491 699 5559 cientes,
733 5498 835 5549 aut
883 5495 1034 5551 veris
1066 5494 1212 5551 falsa
1262 5497 1594 5568 miscentes,
1628 5499 2094 5559 interverterunt.

463 5581 573 5638 Sed
606 5581 677 5638 de
728 5582 817 5638 his
875 5583 1045 5655 plura
1086 5585 1354 5642 Clemens
1409 5586 1854 5662 Alexandrinus,
1889 5598 1954 5648 ut
1992 5611 2097 5650 suo

459 5669 587 5725 loco
618 5671 1029 5729 annotavimus
1061 5678 1222 5743 (tom.
1252 5676 1273 5730 Ι
1304 5676 1568 5748 Apparal.
1602 5695 1741 5751 pag.
1778 5681 1877 5737 871
1912 5686 1968 5739 et
1998 5685 2100 5741 113

461 5762 517 5816 st
547 5763 758 5832 seqq.).

2204 4798 2506 4865 Romanis,
2536 4812 2738 4852 omnes
2768 4794 3031 4865 ejusdem
3067 4795 3235 4847 sectae
3264 4790 3477 4862 Oppido
3510 4807 3617 4846 suo
3648 4807 3681 4844 a
3710 4793 3861 4845 Mes-

2205 4886 2407 4957 seniis,
2452 4899 2834 4957 quoscunque
2877 4883 3053 4937 etiam
3082 4895 3262 4952 regno
3305 4895 3413 4934 suo
3444 4879 3517 4933 ab
3547 4878 3856 4950 Antiocho,

2207 4993 2272 5033 ac
2330 4973 2694 5048 Lysimacho,
2753 4976 2810 5028 et
2881 4986 2950 5027 ex
3006 4968 3200 5025 Attice
3255 4967 3488 5040 publico
3547 4967 3858 5040 Sophoclis

2206 5065 2394 5122 edicto
2420 5064 2491 5120 ab
2521 5060 2975 5119 Atheniensibus
3004 5057 3305 5130 expulsos,
3338 5073 3404 5112 ac
3447 5057 3687 5113 tandem
3719 5056 3859 5128 phi-

2205 5152 2554 5225 losophiam,
2580 5156 2755 5223 atque
2782 5147 3153 5217 rhetoricam,
3188 5162 3223 5201 α
3262 5145 3719 5203 Lacedaemoniis
3749 5147 3856 5201 ad-

2206 5242 2448 5299 missam
2498 5257 2613 5297 non
2660 5239 2859 5295 fuisse.
2893 5237 3171 5309 Ejusdem
3213 5249 3347 5289 vero
3400 5234 3855 5290 Atheniensium

2205 5331 2420 5388 decreti
2452 5328 2721 5385 meminit
2765 5326 2961 5383 Julius
3019 5322 3246 5389 Pollux,
3278 5324 3431 5394 quod
3481 5322 3647 5396 νόμος
3704 5322 3859 5377 ἀττι-

2204 5418 2299 5482 κὸς
2331 5421 2402 5476 ab
2434 5436 2499 5476 eo
2528 5422 2769 5475 vocatur
2795 5414 3048 5487 (Pollux,
3097 5413 3198 5468 lib.
3250 5428 3330 5478 xi,
3380 5430 3509 5484 pag.
3543 5413 3689 5484 427).
3721 5415 3859 5468 Non

2206 5508 2346 5565 dicit
2375 5513 2569 5565 tamen
2602 5506 2749 5563 illud
2795 5522 2828 5561 a
2880 5501 3161 5576 Sophocle
3215 5501 3440 5571 datum,
3474 5503 3576 5558 sed
3628 5502 3854 5558 factum

2206 5600 2487 5655 duntaxat
2516 5596 2645 5666 ejus
2676 5593 3052 5650 mentionem.
3093 5590 3307 5645 Verum
3342 5589 3618 5647 Athenae
3651 5594 3857 5663 aperte

2208 5688 2531 5760 sull‘agatur
2560 5684 2846 5752 Laertius,
2881 5682 2979 5754 qui
3039 5679 3308 5737 similiter
3356 5680 3609 5735 asseruit
3646 5680 3853 5735 condi-

2206 5784 2327 5836 tam
2359 5792 2555 5834 revera
2585 5775 2658 5834 ab
2690 5774 2891 5834 eodem
2922 5769 3206 5844 Sophocle
3235 5768 3423 5842 legem
3456 5784 3575 5842 qua
3602 5768 3852 5827 vetitum
