4158 6322
188 397 324 455 1021

1093 399 1165 456 D.
1217 398 1309 456 LE
1352 396 1678 457 NOURRY
1722 394 2374 456 OBSERVATIONES
2420 393 2682 455 ΝονΑῐ.

3438 392 3592 454 1022

186 527 306 595 fuit,
342 544 411 583 ne
443 526 577 600 quis
609 527 819 583 scholis
853 528 1357 601 philosophorum,
1393 527 1507 583 nisi
1538 530 1747 583 senatu
1772 530 1828 583 st
1856 530 1907 598 Α
1940 526 2281 601 gritate,vel
2306 526 2805 600 quemadmodum
2834 524 3009 597 vulgo
3040 523 3275 592 dicitur,
3300 524 3371 579 de
3392 523 3558 580 humi

183 615 344 689 plebe
377 618 734 687 approbante
768 621 1058 688 praeesset,
1094 633 1263 671 secus
1312 616 1495 689 capile
1543 615 1827 687 plectere-

181 708 271 759 tur
301 708 509 774 (Laert.
544 705 644 761 lib.
679 723 735 772 v,
791 708 847 760 in
903 707 1007 762 Vit.
1040 706 1376 777 Theophras.
1412 706 1579 778 @38).
1612 705 1719 761 Sed
1753 705 1824 760 ad

181 794 540 867 propositum
594 799 860 850 nostrum
913 800 1014 851 aut
1064 795 1209 850 nihil
1254 799 1352 849 aut
1384 810 1593 867 parum
1627 794 1764 849 facit
1794 812 1828 849 a

180 901 289 955 quo
322 888 375 937 et
407 886 699 956 quomodo
728 902 795 939 ea
828 884 915 939 lex
946 886 1180 940 condita
1202 883 1376 939 fuerit
1400 903 1411 940 :
1437 883 1656 939 sufﬁcit
1685 900 1826 939 sane

180 978 237 1027 ut
267 975 393 1045 ejus
419 975 591 1043 jussu
627 976 836 1045 rejects
862 974 939 1029 sit
970 974 1359 1047 philosophia.

241 1062 418 1118 Nobis
449 1069 645 1119 autem
669 1066 733 1119 A.
760 1063 979 1119 Gellius
1011 1064 1244 1120 exhibet
1266 1062 1618 1135 illud,atque
1648 1061 1824 1118 etiam

176 1152 329 1207 aliud
362 1158 603 1209 senatus
636 1154 994 1219 consultum,
1039 1154 1319 1224 additque
1364 1152 1601 1207 tertium
1651 1170 1684 1207 a
1724 1156 1826 1207 Do-

176 1241 414 1297 mitiano
480 1242 808 1313 imperante
876 1244 1283 1312 constitutum,
1331 1259 1442 1312 quo
1492 1241 1825 1315 philosophi

174 1348 284 1385 non
316 1330 507 1386 solum
537 1332 740 1397 Roma,
761 1332 858 1386 sed
889 1330 1050 1386 Italia
1080 1348 1314 1402 quoque
1345 1330 1637 1386 interdicti
1664 1334 1823 1397 sunt,

173 1424 345 1492 atque
378 1420 593 1475 idcirco
627 1421 950 1492 Epictetum
1000 1422 1134 1475 inde
1181 1420 1579 1476 Nicomediam
1630 1435 1823 1476 seces-

170 1508 316 1565 sisse
343 1508 489 1580 (Gel.
526 1508 626 1563 lib.
660 1525 731 1563 xv
781 1509 934 1563 Noct.
986 1510 1090 1564 Att.
1134 1524 1261 1579 cap.
1310 1509 1416 1579 Ui).
1468 1508 1822 1563 Mentionem

167 1615 401 1670 quoque
480 1598 657 1668 hujus
724 1598 901 1653 edicti
980 1599 1297 1654 Suetonius
1368 1598 1509 1653 facit
1556 1598 1819 1669 (Sueton.

166 1687 267 1743 lib.
299 1703 400 1741 vm
432 1686 490 1741 in
526 1689 627 1742 Vit.
662 1687 858 1743 Domit.
897 1686 943 1760 §.
982 1688 1088 1759 10).
1142 1688 1251 1742 Sed
1302 1687 1690 1743 Philostratus
1721 1688 1822 1742 ad-

168 1776 316 1832 didit
343 1779 575 1830 tantum
609 1780 889 1831 terrorem
926 1776 1060 1831 inde
1091 1777 1398 1832 incussum
1430 1775 1820 1846 philosophis,

168 1868 233 1920 ut
265 1868 491 1920 mutato
534 1865 756 1931 habitu,
790 1865 887 1921 alii
923 1866 981 1920 in
1015 1864 1379 1937 Hispaniam,
1411 1864 1511 1920 alii
1542 1865 1600 1919 in
1634 1864 1821 1937 Libyes

168 1958 225 2009 et
246 1954 493 2025 Scythiae
518 1954 751 2010 deserta
792 1954 1179 2026 confugerint,
1213 1954 1311 2010 alii
1346 1954 1674 2009 Domitiano
1697 1970 1825 2009 sese

176 2042 548 2114 adjunxerint
568 2043 855 2099 scelerum
875 2042 1820 2115 consiliarios(Philostrat.lib.vn,

174 2129 238 2184 de
272 2132 373 2186 Vit.
408 2131 584 2202 Apoll.
639 2148 695 2202 p.
748 2132 897 2202 877).
933 2133 1190 2205 Denique
1218 2133 1365 2187 981
1424 2136 1487 2187 ut
1536 2131 1706 2204 plura
1733 2136 1821 2188 ta-

175 2208 434 2287 ceamus,
467 2218 606 2275 alibi
654 2220 1177 2277 animadvertimus
1222 2221 1436 2277 litteris
1467 2239 1501 2277 a
1529 2221 1821 2278 Clemente

173 2308 565 2365 Alexandrino
617 2310 967 2365 mandatum
1028 2311 1199 2366 toties
1256 2314 1512 2367 Graecam
1561 2310 1819 2383 philoso-

175 2398 373 2469 phiam
407 2399 673 2470 psriissc,
707 2400 936 2472 quoties
966 2417 1000 2455 a
1043 2400 1490 2472 magistratibus
1527 2400 1821 2472 prohibita

174 2487 283 2542 fuit
308 2489 472 2559 (tom.
495 2490 513 2543 Ι
536 2491 799 2561 Apparat.
828 2507 959 2561 pag.
979 2490 1125 2562 823).
1152 2492 1435 2545 Caeterum
1460 2491 1667 2546 merito
1690 2490 1819 2562 phi-

170 2576 395 2649 losophi
456 2578 630 2633 hasce
674 2596 875 2650 poenas
925 2583 1232 2651 propterea
1302 2580 1615 2647 dederunt,
1663 2580 1817 2652 quod

170 2665 428 2739 agnitam
462 2668 763 2724 veritatem
797 2668 1275 2739 adulteraverint,
1308 2686 1374 2724 ac
1403 2671 1472 2725 de
1502 2670 1821 2737 veritate,ut

170 2756 251 2811 ait
305 2757 726 2829 Tertullianus,
786 2758 1219 2831 disputaverint
1284 2764 1471 2815 contra
1528 2761 1819 2816 veritatem

168 2845 409 2917 (Tertul.
455 2848 736 2920 Apologet.
792 2864 917 2921 cap.
983 2849 1071 2919 46,
1122 2865 1254 2921 pag.
1290 2850 1439 2921 500).
1474 2850 1582 2905 Sed
1628 2850 1688 2905 in
1738 2853 1817 2906 tot

168 2950 430 2990 errorum
472 2938 748 3009 abyssum
796 2954 896 2993 eos
942 2938 1322 3010 praecipitavit
1370 2956 1519 2995 caeca
1547 2939 1818 2995 humana:

168 3023 362 3092 glorias
392 3030 449 3081 et
478 3043 631 3081 auras
662 3027 963 3099 popularis
991 3027 1281 3099 cupiditas
1311 3045 1377 3085 ac
1407 3029 1608 3085 libido.

240 3114 456 3170 Verum
505 3116 845 3187 Christiani,
896 3117 1111 3189 spretis
1158 3117 1466 3174 hominum
1518 3118 1815 3175 laudibus.

167 3203 472 3260 veritatem
502 3206 561 3260 in
613 3206 796 3262 sacris
845 3206 1165 3278 Scripturis
1213 3208 1511 3281 traditam,
1555 3225 1818 3266 necessa-

168 3292 273 3361 rio,
306 3293 497 3365 inquit
525 3294 941 3363 Tertullianus,
984 3317 1012 3345 ‹‹
1045 3301 1329 3369 appetunt
1353 3302 1410 3353 et
1438 3298 1661 3370 integre
1693 3315 1813 3355 ser-
1846 3280 1890 3347 (αἶ

166 3387 323 3450 vant,
349 3388 413 3440 ut
443 3385 543 3456 qui
578 3386 752 3441 saluti
786 3402 907 3440 sua:
938 3393 1146 3442 curant
1174 3409 1200 3436 ››
1228 3388 1429 3459 (Ibid).
1462 3392 1652 3460 Atque
1682 3389 1819 3445 inde

164 3474 449 3531 adversus
479 3475 860 3548 compellatos
892 3493 926 3531 a
970 3493 1032 3531 se
1062 3476 1309 3549 gentiles
1340 3477 1447 3534 rite
1478 3478 1774 3535 concludit
1802 3496 1815 3535 :

169 3583 192 3613 σ
230 3563 429 3633 Neque
480 3565 550 3620 de
596 3565 864 3633 scientia,
899 3584 1088 3640 neque
1136 3568 1207 3623 de
1242 3567 1573 3641 disciplina,
1615 3573 1681 3624 ut
1710 3586 1817 3640 pu-

164 3651 326 3721 tatis,
369 3670 675 3724 sequamur
705 3676 733 3704 ››
780 3656 989 3727 (lbid.).
1040 3656 1214 3712 Nulla
1261 3658 1462 3728 igitur,
1513 3657 1704 3731 magis
1751 3674 1818 3713 ac

162 3746 515 3812 praepostera
531 3746 888 3815 comparatio
910 3747 983 3802 ab
1005 3746 1253 3802 ethnicis
1275 3746 1398 3802 ﬁeri
1421 3748 1814 3819 potuit,quam

162 3836 445 3903 utrosque
486 3834 735 3889 scientia
763 3840 820 3891 et
853 3836 1167 3908 disciplina
1195 3837 1579 3908 adaequando.
1621 3838 1815 3909 Neque

161 3921 373 3993 potiori
423 3924 558 3992 jure
606 3925 983 3980 venditabant
1028 3926 1284 3998 aequales
1344 3943 1630 3999 paresque
1687 3945 1817 3985 esse

162 4010 310 4068 alias
341 4011 577 4067 illorum
619 4012 885 4083 virtutes,
919 4016 1075 4086 quod
1118 4016 1245 4086 jam
1287 4032 1422 4071 cum
1454 4016 1813 4074 Tertulliano

161 4104 363 4156 nostro
394 4105 483 4157 est
512 4102 983 4174 expendendum.

758 4260 1076 4301 ARTICULUS
1117 4262 1201 4301 ιιι.

157 4352 356 4426 Quam
386 4355 719 4426 praepostere
763 4353 995 4423 gentiles
1034 4353 1419 4409 contenderint
1463 4371 1655 4426 parem
1700 4371 1815 4412 esse

228 4422 685 4550 philosophorum
725 4422 954 4479 suorum
991 4428 1154 4496 atque
1198 4422 1636 4483 Christianorum
1679 4444 1812 4499 pro-

272 4496 499 4550 itatem.
530 4505 725 4550 contra
765 4513 928 4550 auam
981 4498 1240 4550 Dioaenes
1279 4499 1592 4550 superbiam
1626 4501 1812 4550 Plato-

272 4498 499 4570 itatem,
530 4505 725 4553 contra
765 4513 928 4567 quam
981 4498 1240 4568 Diogenes
1279 4499 1592 4570 superbiam
1625 4498 1812 4555 Plato-

230 4570 321 4622 nis
378 4569 495 4623 alia
550 4570 809 4640 superbia
874 4570 1212 4625 wnculcavit
1266 4586 1278 4625 :
1328 4569 1605 4627 summam
1639 4573 1814 4640 fuisse

233 4640 682 4716 Christianorum
731 4641 1349 4716 modestiamtcontra
1395 4660 1561 4714 quam
1603 4644 1814 4716 Pytha-
1848 4650 1893 4715 ι)

228 4729 395 4782 geras
412 4718 468 4768 et
480 4714 661 4769 Zenon
682 4714 1047 4784 tyrannidem
1060 4715 1486 4786 affectaverunt;
1502 4714 1817 4785 maximam

230 4786 405 4854 [uisse
461 4786 644 4841 animi
690 4786 1121 4843 christianorum
1167 4788 1580 4858 aequalitatem,
1625 4793 1816 4845 contra

231 4872 397 4931 quam
447 4858 722 4930 Lycurgus
775 4860 1202 4928 apocarteresim
1248 4861 1488 4931 aptavit:
1535 4869 1815 4916 servatam

230 4929 422 4983 sedulo
479 4945 513 4982 α
559 4929 877 4987 christianis
923 4932 1107 5003 ﬁdem,
1138 4929 1330 4987 contra
1385 4948 1552 5003 quam
1592 4933 1813 4988 Anaxa-

231 5014 410 5076 goras
430 5004 655 5076 negavit
695 5003 998 5075 hospitibus
1044 5003 1387 5068 depositum;
1415 5006 1617 5060 miram
1643 5007 1814 5076 fuisss

233 5070 676 5149 Cliristianorum
702 5070 1132 5149 simplicitatem,
1165 5085 1354 5131 contra
1383 5093 1549 5149 quam
1570 5148 1579 5149 ί
1604 5070 1814 5133 Aristo-

230 5142 364 5197 teles
395 5159 429 5195 a
460 5143 572 5216 loco
600 5162 697 5200 suo
744 5142 973 5203 dimovit
1007 5149 1315 5216 Hermiam,
1344 5142 1403 5203 ei
1443 5148 1707 5205 adulatus
1736 5157 1815 5205 est

231 5214 542 5292 Alexandro
598 5217 816 5292 Magno,
858 5224 1019 5292 atque
1067 5214 1377 5291 Aristippus
1420 5222 1499 5292 fin
1558 5238 1812 5292 purpura

228 5287 610 5359 nepotabatur,
656 5287 706 5345 et
750 5287 974 5361 Hippias
1023 5287 1253 5346 civitati
1276 5287 1519 5347 insidias
1558 5287 1806 5365 paravit.

228 5394 314 5450 Ad
346 5394 597 5451 morales
630 5395 775 5452 alias
798 5395 1265 5453 Christianorum
1298 5402 1473 5471 atque
1501 5398 1804 5471 gentilium

154 5485 402 5539 virtutes
434 5484 483 5541 si
511 5489 709 5542 nostro
741 5503 872 5541 cum
904 5486 1263 5544 Tertulliano
1292 5492 1809 5559 transeamus,non

154 5574 360 5629 minus
392 5576 649 5646 profecto
702 5576 1018 5632 discrimen
1053 5576 1203 5633 inter
1234 5577 1387 5648 illas,
1422 5594 1599 5651 quam
1632 5595 1812 5651 supra

155 5668 535 5737 memoratas,
613 5666 1042 5739 deprehendere
1120 5670 1228 5723 est.
1292 5668 1349 5723 Si
1423 5668 1489 5723 de
1534 5668 1812 5740 probitate

154 5750 477 5826 enimvero,
510 5753 662 5812 sicut
708 5755 805 5815 ille
851 5754 1011 5829 loqui
1051 5760 1230 5829 amat,
1263 5773 1365 5816 seu
1399 5773 1631 5817 morum
1662 5758 1809 5817 ints-

1934 614 2116 671 litatis
2146 616 2362 671 virtute
2393 620 2646 672 certetur
2672 615 2826 671 inter
2846 613 3095 686 gentiles
3112 617 3165 668 et
3188 612 3552 670 Christianos
3581 634 3594 672 :

1936 727 1963 754 ‹‹
1992 706 2155 773 Ecce,
2198 706 2388 777 inquit
2414 705 2530 775 ille,
2565 703 2895 774 lutulentis,
2928 702 3017 758 vel
3052 703 3207 759 sicut
3237 702 3375 757 alibi
3406 703 3593 777 scrip-

1936 795 2034 862 sit,
2067 794 2416 850 cmuulentis
2448 795 2698 867 pedibus
2748 792 3033 866 Diogenes
3084 793 3371 864 superbos
3405 792 3593 849 Plato-

1935 882 2028 937 nis
2058 890 2214 938 toros
2255 884 2369 937 alia
2417 884 2693 954 superbia
2744 882 3013 938 deculeat
3052 905 3075 933 ι
3132 880 3397 947 (Tertull.
3448 882 3594 953 Apo-

1935 972 2093 1043 loget.
2128 990 2249 1044 cap.
2301 974 2387 1041 46,
2424 990 2554 1043 pag.
2587 973 2713 1040 500,
2760 976 2817 1027 et
2862 971 2964 1027 lib.
3021 972 3085 1026 de
3134 970 3285 1026 Pall.
3334 986 3462 1042 cap.
3515 970 3591 1039 4).

1934 1060 2137 1117 Nonne
2194 1067 2388 1117 autem
2449 1062 2837 1133 Hieronymus
2893 1061 2963 1116 ad
3033 1060 3190 1115 hunc
3246 1058 3591 1115 Tertulliani

1934 1150 2126 1205 locum
2184 1150 2529 1206 collineasse
2559 1150 2809 1219 videtur,
2869 1149 2969 1204 ubi
3030 1148 3222 1204 aiebat
3275 1148 3589 1220 Diogenem

1934 1241 2138 1296 lutatis
2168 1240 2414 1312 pedibus
2445 1241 2815 1295 conculcasse
2857 1237 3117 1294 Platonis
3150 1237 3345 1293 divitis
3379 1242 3536 1294 toros
3566 1237 3594 1294 ?

1933 1328 2291 1401 (Hieronym.
2326 1328 2428 1383 lib.
2463 1345 2504 1383 ιι
2535 1327 2657 1383 adv.
2687 1328 3008 1385 Jovianian.
3043 1342 3172 1398 pag.
3204 1327 3352 1394 203;
3410 1328 3588 1381 Laert.

1931 1417 2034 1473 lib.
2068 1434 2125 1473 v1
2156 1418 2213 1473 in
2251 1420 2352 1474 Vit.
2383 1418 2607 1489 Diogen.
2658 1420 2685 1486 §
2742 1418 2855 1489 26.)
2917 1417 3028 1472 Sed
3084 1419 3218 1471 ante
3272 1418 3594 1488 utrumque

1934 1508 2202 1563 Laertius
2233 1512 2431 1562 narrat
2461 1507 2776 1577 Diogenem
2830 1506 2970 1561 dum
3002 1506 3266 1562 Platonis
3297 1504 3591 1581 στρώματα

1932 1597 2185 1653 calcaret
2241 1598 2480 1662 dixisse,
2540 1596 2703 1651 Ποιτῶ
2768 1594 2870 1662 τὴν
2942 1591 3236 1656 Πλάτωνος
3293 1613 3585 1648 κενοσπου-

1933 1682 2074 1753 δίαν,
2132 1688 2287 1743 Caico
2334 1688 2583 1742 Platonis
2634 1688 2802 1742 inane
2852 1684 3118 1752 studium,
3172 1683 3406 1757 ipsique
3461 1684 3589 1742 Pla-

1930 1778 2126 1832 tonem
2174 1776 2549 1849 respondisse
2610 1792 2623 1830 :
2684 1774 2851 1830 ’Όσον
2908 1776 3004 1828 τοῦ
3062 1773 3231 1851 τύφου
3292 1769 3587 1851 διαφαίνεις

1932 1862 2107 1919 δοκῶν
2176 1865 2251 1938 μὴ
2311 1865 2686 1941 τιτυφοΰσθαι·
2724 1866 3004 1934 Quantum
3059 1866 3267 1935 fastum
3334 1864 3587 1935 ostendis,

1933 1957 2030 2028 qui
2056 1956 2212 2012 nullo
2257 1959 2469 2011 tumere
2516 1957 2669 2026 fastu
2714 1955 2903 2010 videri
2947 1956 3143 2026 cupis!
3200 1957 3322 2019 aut,
3374 1957 3438 2007 ut
3488 1951 3588 2007 alii

1933 2045 2148 2118 ferunt,
2181 2046 2328 2102 dixit
2354 2046 2638 2119 Diogenes
2671 2063 2685 2102 :
2725 2047 2884 2099 Πατῶ
2926 2044 3019 2098 τὸν
3068 2040 3363 2103 Ηλάτωνος
3389 2040 3585 2119 τύφον,

1934 2136 2096 2193 Calco
2123 2138 2371 2193 Platonis
2398 2139 2642 2209 fastum;
2694 2135 2789 2190 cui
2824 2134 2983 2190 Plato
3014 2134 3291 2207 rspondit
3332 2148 3345 2187 :
3381 2130 3584 2205 Ἐτιρῳ

1928 2246 1989 2301 γι
2016 2225 2190 2304 τύφῳ.
2226 2226 2327 2282 Sed
2371 2227 2483 2281 alio
2520 2228 2688 2297 fastu.
2739 2224 2855 2281 Cur
2902 2227 3097 2280 autem
3154 2223 3309 2280 982
3369 2224 3588 2278 Auctor

1931 2320 2132 2372 noster
2161 2315 2372 2371 dixerit
2402 2314 2708 2381 lutulentis,
2737 2314 2855 2370 sive
2884 2314 3227 2383 cumulantis,
3253 2315 3374 2381 aut,
3407 2315 3472 2366 ut
3501 2313 3585 2367 ait

1930 2405 2354 2477 Hieronymus,
2390 2405 2604 2475 lutatis,
2639 2420 2741 2460 seu
2764 2402 2888 2458 luto
2912 2402 3140 2458 infectis
3187 2402 3437 2473 pedibus,
3478 2417 3582 2456 au-

1930 2496 2056 2551 dies
2113 2512 2181 2552 ex
2238 2495 2441 2551 eodem
2495 2494 2722 2549 Laertio
2772 2494 2978 2548 ductos
3025 2492 3098 2547 ab
3148 2491 3257 2547 hoc
3324 2491 3581 2564 Diogene

1930 2584 2250 2657 discipulos
2281 2584 2407 2641 sine
2456 2584 2665 2640 calceis
2716 2578 3109 2651 ἀνυποδήτους,
3142 2598 3275 2638 cum
3304 2580 3404 2636 ille
3433 2600 3578 2656 γυμο

1926 2680 2043 2737 νοῑς
2098 2674 2227 2729 ποσὶ
2270 2672 2434 2749 χιόνα
2478 2670 2657 2728 ἐπάτει
2711 2673 2876 2728 nudis
2916 2671 3144 2744 pedibus
3194 2672 3376 2726 nivem
3403 2671 3585 2725 calca-

1930 2764 2332 2829 bat.Quamvis
2362 2780 2497 2837 ergo
2526 2767 2749 2819 tantam
2783 2765 3186 2834 paupertatem
3220 2758 3413 2831 palam
3447 2775 3584 2832 pro-

1929 2856 2212 2923 fiteretur,
2246 2870 2361 2909 non
2394 2854 2591 2909 minus
2622 2857 2819 2908 tamen
2851 2867 3029 2923 quam
3073 2849 3234 2905 dives
3281 2848 3444 2905 Plato
3477 2865 3584 2905 su-

1928 2944 2140 3018 perbiae
2171 2948 2228 3000 et
2256 2942 2600 3015 arrogantiaa
2630 2942 2767 2997 vitio
2802 2940 3040 2995 inﬂatus
3071 2942 3214 2995 erat.

2000 3051 2281 3123 Superbis
2325 3050 2523 3122 itaque
2571 3049 2688 3105 illis
2751 3045 3115 3121 philosophis
3182 3043 3581 3101 Tertullianus

1928 3139 2037 3197 rite
2083 3139 2324 3212 opponit
2375 3138 2794 3205 Christianum,
2850 3135 2950 3207 qui
3000 3152 3098 3191 nec
3145 3136 3204 3189 in
3250 3148 3574 3205 pauperem,

1931 3229 2115 3285 multo
2147 3228 2344 3284 minus
2376 3228 2436 3282 in
2470 3227 2709 3282 divitem
2738 3224 2998 3295 superbit.
3033 3221 3581 3294 (Tertullian.,Apo-

1929 3320 2086 3390 loget.
2121 3335 2247 3390 cap.
2277 3318 2364 3386 46,
2400 3332 2533 3388 pag.
2581 3316 2724 3383 500;
2773 3313 2909 3370 Ibid.
2959 3329 3081 3385 cap.
3130 3313 3222 3379 25,
3256 3327 3387 3383 pag.
3422 3311 3576 3379 422).

1928 3407 2278 3464 Christianis
2307 3407 2624 3474 enimvero,
2666 3401 3049 3459 fraternitatis
3080 3400 3332 3467 vinculo,
3376 3407 3440 3455 ut
3472 3416 3571 3455 su-

1929 3515 2033 3572 pra
2064 3495 2611 3565 animadvertimus,
2629 3498 2687 3550 et
2718 3490 3052 3550 sanctitatis
3085 3489 3295 3563 spiritu
3331 3491 3584 3561 conjun-

1928 3587 2058 3655 ctis,
2091 3586 2289 3643 omnia
2320 3588 2530 3657 praeter
2572 3599 2801 3652 uxores,
2833 3579 3174 3636 communia
3223 3583 3411 3645 erant,
3451 3576 3586 3633 nul-

1928 3679 2100 3751 laque
2131 3678 2203 3733 de
2234 3676 2533 3748 superiore
2580 3673 2767 3745 gradu
2814 3674 2919 3728 aut
2948 3670 3233 3744 dignitate
3264 3669 3584 3725 contentio.

1997 3786 2219 3843 Dehinc
2247 3800 2380 3840 vero
2413 3783 2461 3839 si
2495 3786 2725 3853 agatur,
2760 3779 2953 3851 inquit
2994 3777 3394 3835 Tertullianus
3422 3776 3582 3847 (Ibid.

1926 3893 2053 3949 cap.
2106 3876 2195 3943 46,
2225 3889 2356 3947 pag.
2387 3872 2537 3941 500),
2571 3872 2637 3926 de
2682 3869 2963 3937 modestia,
3001 3884 3129 3941 quae
3177 3868 3234 3922 in
3267 3866 3463 3921 animo
3495 3868 3585 3921 est

1925 3965 2235 4022 continens
2285 3961 2605 4019 moderatio
2654 3960 3065 4032 cupiditatum,
3100 3956 3261 4011 nulla
3308 3971 3447 4011 sane
3490 3954 3579 4009 in-

1924 4054 2090 4111 stitui
2121 4056 2311 4127 potest
2331 4051 2694 4108 Christianos
2725 4049 2876 4104 inter
2905 4052 2962 4103 et
2991 4046 3239 4120 gentiles
3270 4060 3579 4116 compara-

1922 4145 2024 4201 tio.
2082 4143 2226 4199 Nam
2272 4143 2651 4215 Pythagoras,
2702 4138 2786 4193 uti
2837 4136 2935 4192 ills
2982 4136 3082 4203 ait,
3122 4133 3270 4206 apud
3322 4133 3571 4205 Thurios,

1923 4237 2111 4291 Zenon
2139 4232 2293 4306 apud
2319 4233 2686 4289 Priennenses
2716 4226 3068 4300 tyrannidem
3096 4225 3378 4297 affectant.
3405 4223 3584 4280 Litte-

1924 4327 2006 4382 ris
2037 4325 2253 4398 quippe
2284 4341 2318 4379 a
2348 4321 2574 4378 Laertio
2624 4319 2921 4392 proditum
2970 4315 3225 4390 legimus
3270 4315 3573 4371 incensam

1922 4432 1957 4471 a
1985 4410 2337 4470 Crotoniatis
2356 4409 2588 4466 Milonis
2619 4409 2883 4477 domum,
2910 4404 3008 4459 ubi
3043 4408 3185 4459 tunc
3217 4406 3342 4457 erat
3372 4401 3581 4471 Pytha-

1923 4520 2117 4578 goras,
2148 4496 2461 4575 τυραννίδος
2508 4496 2742 4561 ἐπίθεσιν
2806 4488 3224 4565 εὐλαϐούμενοι,
3278 4492 3412 4547 Cum
3460 4492 3581 4563 eius

1925 4592 2275 4666 tyrannidem
2308 4592 2609 4646 metuerent
2637 4588 2851 4659 (Laert.
2903 4584 3003 4640 lib.
3054 4600 3175 4653 vm,
3209 4584 3269 4638 in
3327 4583 3426 4638 Vit.
3462 4586 3577 4654 Py-

1926 4682 2139 4755 thah.§
2178 4681 2289 4748 38).
2343 4678 2588 4735 Excitati
2640 4681 2838 4733 autem
2892 4675 3072 4744 hujus
3131 4671 3407 4741 incendii,
3460 4688 3577 4742 quo

1924 4773 2119 4829 vivum
2172 4770 2562 4843 Pythagoram
2615 4766 2777 4822 exuri
2826 4763 3119 4833 volebant,
3153 4778 3219 4817 ao
3268 4760 3401 4817 belli
3463 4760 3578 4831 ipsi

1924 4860 2327 4935 discpulisqus
2359 4860 2489 4929 ejus
2516 4856 2661 4912 illati
2687 4854 3043 4911 mentionem
3076 4852 3311 4907 Tzetzes
3329 4853 3386 4905 et
3410 4850 3578 4906 Jam-

1923 4952 2116 5009 blicus
2144 4950 2327 5005 fecere
2345 4950 2548 5020 (Tzetz.
2572 4944 2809 5001 chiliad.
2831 4942 3056 5012 ll,v.67
3079 4945 3135 4997 et
3151 4956 3315 5013 seqq.
3329 4958 3343 5009 ;
3358 4939 3574 4995 Jambl.

1923 5042 1983 5097 in
2022 5043 2120 5099 Vit.
2154 5038 2389 5112 Pythag.
2424 5052 2551 5108 cap.
2586 5035 2677 5102 35,
2710 5039 2851 5089 tom.
2890 5034 2907 5088 Ι
2939 5034 3206 5104 Apparet.
3258 5046 3315 5101 p.
3352 5029 3489 5084 1246
3519 5032 3576 5084 et

1922 5130 2432 5203 ssqq.).Quorsum
2451 5141 2587 5199 ergo
2610 5124 2754 5180 illud
2776 5122 3114 5179 incendium
3139 5124 3195 5176 et
3211 5116 3574 5187 bellum,nisi

1922 5223 2023 5294 qui
2052 5237 2145 5276 res
2173 5236 2373 5288 novas,
2397 5234 2463 5274 ac
2487 5214 2859 5289 tyrannidem
2893 5226 3178 5283 usurpare
3200 5207 3568 5272 moliebatur,

1921 5314 2119 5381 aut,ut
2140 5309 2223 5365 ait
2242 5306 2530 5376 Laertius,
2552 5305 2656 5361 hoc
2679 5303 2798 5370 alii,
2825 5318 2897 5358 ne
2927 5300 3023 5355 ille
3061 5300 3334 5363 tentaret,
3372 5310 3569 5350 revera

1919 5398 2247 5457 timebant?
2275 5398 2409 5455 Jam
2456 5412 2590 5453 vero
2620 5392 3058 5451 observavimus
3086 5387 3373 5442 Zenonem
3405 5383 3567 5439 Elea-

1920 5495 2058 5557 tem,
2093 5505 2225 5545 cum
2260 5505 2293 5544 a
2338 5492 2584 5561 tyranne
2631 5480 2901 5554 Demysio
2941 5495 3040 5535 seu
3074 5474 3335 5532 Nearcho
3366 5472 3438 5529 ad
3469 5488 3567 5528 ar-

1920 5595 2132 5637 canum
2166 5576 2403 5649 aliquod
2435 5574 2592 5631 haud
2641 5570 2814 5627 dubie
2861 5564 3285 5638 conjurationis
3318 5563 3566 5635 proden-

1918 5670 2061 5727 dum
2106 5667 2465 5724 cruciatibus
2511 5663 2902 5733 torqueretur,
2945 5656 3210 5729 linguam
3259 5667 3428 5710 suam
3469 5668 3563 5707 ex-

1919 5759 2118 5833 puisse
2148 5757 2207 5814 in
2238 5760 2577 5829 tyrannum.
2610 5748 2789 5807 Nobis
2825 5745 3065 5821 quidem
3094 5761 3213 5803 non
3244 5743 3385 5804 latet
3412 5741 3565 5801 hanc
