4158 6360
547 361 697 425 1023

1062 363 1585 424 TERTULLIANI
1631 363 1954 425 OPERUM
2001 365 2094 422 PA
2112 365 2203 423 RS
2247 362 2293 422 l.
2328 393 2405 407 —
2433 363 2706 425 SERIES
2749 363 2800 437 Ι,
2842 361 3406 424 APOLOGETICA.

3795 361 3957 422 1024

550 497 731 552 animi
767 496 1168 552 fortitudinem
1204 497 1538 552 Anaxarcho
1577 515 1611 552 a
1641 497 2017 570 quibusdam,
2049 501 2187 568 puta
2213 497 2268 565 Α
2299 497 2510 569 (nostri
2540 497 2769 553 codices
2818 513 2998 552 manu
3053 497 3296 568 antiqua
3336 496 3578 565 exarati,
3621 495 3959 569 priscaeque

550 587 756 652 Plinio,
835 592 891 640 et
973 585 1199 640 Valerio
1281 587 1550 653 Maximo,
1626 585 1754 642 aliis
1821 585 2185 641 Diomedonti

545 675 744 730 tribui.
783 675 891 730 Sed
925 673 1122 745 plures
1153 674 1269 743 alii,
1304 691 1337 729 a
1385 675 1552 729 nobis
1602 675 1727 730 loco
1776 675 2034 746 proxime
2065 689 2187 728 me-

545 770 768 820 morato
799 763 1043 829 laudati,
1077 780 1204 816 eam
1233 764 1444 818 Zenoni
1497 763 1673 820 Eleati
1732 764 2054 818 ascribunt.
2107 764 2187 817 Ex

542 853 616 907 iis
666 857 860 907 autem
909 869 1064 907 unus
1110 857 1198 908 est
1259 853 1631 920 Plutarchus,
1685 854 1782 925 qui
1843 853 2188 908 testificatur

539 941 828 996 Zenonem
879 940 1241 996 Parmenidis
1297 939 1570 1014 γνώριμον
1644 942 1970 1014 discipulum
2029 941 2186 1012 (Plu-

541 1029 724 1084 tarcb.
757 1029 859 1084 lib.
893 1045 933 1097 ι,
965 1029 1037 1083 ad
1067 1029 1232 1083 Colot.
1268 1046 1397 1100 pag.
1434 1031 1614 1100 1126),
1666 1029 1752 1083 vel
1807 1031 1973 1085 sicuti
2033 1028 2184 1094 aliis,

541 1123 689 1174 teste
724 1119 963 1184 Laertio,
995 1117 1234 1189 placuit,
1260 1124 1469 1172 natura
1499 1124 1600 1173 aut
1632 1119 1944 1188 adoptione
1977 1117 2184 1182 ﬁlium,

542 1204 720 1260 tantis
751 1206 1059 1262 tormentis
1105 1223 1138 1260 a
1176 1206 1445 1278 Dionysio
1494 1215 1738 1279 tyranno
1769 1208 2185 1272 excruciatum,

542 1291 682 1362 quia
725 1293 972 1349 insidias
1021 1293 1105 1348 illi
1161 1299 1484 1366 paraverat,
1540 1295 1926 1350 Philostratus
1983 1311 2120 1349 vero
2170 1312 2183 1350 :

545 1381 730 1448 Ζήνων
763 1381 791 1434 ὁ
821 1379 1106 1450 Ἐλεάτης.
1139 1383 1344 1453 inquit,
1395 1383 1493 1450 τήν
1550 1384 1798 1457 Νεάρχου
1849 1386 1944 1436 τοῦ
2001 1386 2185 1436 Μυσοῦ

543 1463 864 1524 καταϐαλὼν
913 1467 1222 1543 τυραννίδα,
1271 1470 1416 1538 ἥλω,
1475 1472 1564 1524 καὶ
1619 1466 2000 1547 στρεϐλωθεὶς,
2054 1470 2184 1532 τοὺς

548 1557 642 1628 μὲν
693 1556 883 1611 ὶαυτοῦ
931 1558 1241 1630 ξυνωμότας
1288 1559 1699 1626 ἀπεσιώπησεν·
1735 1560 1786 1612 οἳ
1834 1557 1890 1612 δὲ
1939 1560 2075 1628 ἦσαν
2106 1563 2184 1630 τῷ

541 1645 789 1718 τυράννῳ
852 1641 1082 1720 βέϐαιοι,
1135 1641 1447 1702 διαϐάλλων
1509 1648 1734 1709 τούτους
1809 1649 1884 1709 ὡς
1957 1648 2017 1701 οὗ
2097 1649 2184 1722 βεο

545 1727 772 1794 ϐαίους·
808 1735 857 1788 οἱ
911 1736 1003 1806 μὲν
1054 1737 1126 1796 ὡς
1174 1735 1254 1789 ἐπ’
1299 1735 1522 1806 ἀληθέσι
1570 1742 1688 1797 ταῖς
1738 1735 1934 1800 αἰτίαις
1979 1733 2182 1790 ἀπέθα-

2294 586 2578 642 editiones
2608 588 3048 658 wquanimitate,
3074 585 3177 641 hoc
3211 591 3320 653 est,
3345 603 3508 658 (equa
3537 586 3726 641 sedati
3761 586 3954 641 animi

2295 675 2732 747 constitutione)
2782 674 3145 746 congrediar,
3199 691 3330 730 ecce
3380 678 3592 746 praete
3642 674 3819 730 nobis
3859 680 3954 730 est

2298 765 2611 837 Lycurgus,
2671 765 2769 836 qui
2824 763 3210 834 apocartesim
3271 765 3511 834 Optavit,
3569 765 3725 835 quod
3787 762 3952 836 leges

2295 854 2424 923 ejus
2458 858 2708 906 Lacones
2738 852 3147 907 emendassent
3179 871 3203 901 ιι
3249 851 3617 922 (Tertullian.
3652 850 3765 907 loc.
3801 853 3951 924 cil.),

2296 941 2792 1012 quemadmodum
2815 940 3088 1012 superius
3108 940 3546 1011 explicavimus.
3572 943 3647 995 At
3665 940 3954 996 Christia-

2297 1047 2429 1095 nus,
2487 1030 2572 1083 uti
2623 1030 2705 1084 ait
2751 1034 2955 1083 auctor
2998 1037 3218 1092 noster,
3287 1031 3454 1084 etiam
3510 1029 3822 1084 damnatus
3878 1030 3952 1084 ab

2295 1117 2544 1175 ethnicis
2601 1134 2768 1172 suam
2823 1121 3058 1188 propter
3113 1117 3474 1188 religionem,
3545 1125 3667 1172 lum
3719 1123 3959 1173 servata

2295 1223 2528 1279 semper
2557 1207 2755 1262 eadem
2787 1205 2968 1260 animi
3000 1205 3350 1277 mqualitate,
3384 1208 3596 1274 gratias
3623 1208 3765 1275 agit,
3800 1206 3960 1260 sicut

2297 1301 2498 1367 postea
2529 1296 2906 1350 ostendemus
2937 1293 3069 1365 (Inf.
3103 1310 3229 1365 cap.
3266 1294 3353 1359 16,
3387 1299 3494 1348 art.
3527 1295 3603 1365 3).

2367 1405 2559 1477 Pergit
2590 1403 2742 1459 idem
2776 1403 2900 1475 ipse
2951 1407 3154 1459 auctor
3195 1407 3393 1458 noster
3425 1419 3436 1456 :
3473 1403 3532 1458 Si
3562 1403 3626 1459 de
3654 1403 3786 1474 ﬁde,
3822 1420 3955 1460 om-

2296 1494 2471 1550 nibus
2501 1509 2733 1564 semper
2775 1493 3082 1560 servanda,
3115 1491 3486 1547 Christianus
3543 1509 3676 1547 cum
3709 1492 3956 1548 etbnico

2293 1601 2416 1642 corr
2429 1585 3122 1656 ponatur,aAnaxagoras
3144 1583 3478 1655 depositum
3503 1583 3736 1655 negavit
3751 1583 3958 1655 hospi-

2291 1676 2472 1742 tibus.
2508 1696 2534 1722 ‹‹
2569 1673 2771 1728 Nonne
2813 1675 3006 1726 autem
3039 1672 3115 1726 ibi
3158 1671 3369 1726 alludit
3397 1671 3716 1743 ascriptam
3749 1689 3784 1727 a
3819 1670 3957 1726 Plu-

2292 1763 2492 1819 tarcho
2568 1761 2874 1816 historiam
2953 1759 3213 1828 Periclis,
3281 1760 3379 1831 qui
3456 1761 3951 1832 repetundarum,

545 1841 670 1875 νων’
707 1823 735 1876 ὁ
785 1820 830 1875 δ’
876 1821 1031 1877 ἐλεὈ
1218 1824 1230 1842 ‘
1341 1825 1364 1860 τ’
1536 1823 1562 1846 ”
1795 1825 1809 1844 ‘
2123 1822 2145 1840 "

971 1847 998 1876 υ
1038 1844 1132 1898 spat
1175 1844 1241 1878 τα
1285 1831 1478 1879 Μ)σων
1527 1846 1717 1900 ηγαγε,
1749 1846 1846 1892 την
1898 1826 2182 1899 τυραννίοα

657 1909 667 1924 \
728 1911 740 1926 ε
859 1914 885 1926 υ
1037 1909 1077 1926 Α
1234 1915 1266 1926 η
1453 1917 1506 1926 nn
1580 1919 1589 1926 .
1747 1919 1788 1926 --
1923 1921 1932 1926 .
1965 1919 1974 1926 .
2040 1916 2083 1926 ι-
2159 1917 2191 1926 ι-

2311 1850 2621 1925 peculatus,
2672 1855 2846 1921 atque
2919 1820 3211 1922 pecuniae,
3259 1820 3389 1920 quae
3446 1820 3601 1922 apud
3655 1820 3950 1922 Prytanas

547 1909 670 1984 περὶ
728 1911 888 1984 ἑαυτῇ
945 1909 1179 1988 σφήλας.
1227 1915 1368 1970 Zeno
1444 1917 1653 1970 Eleates
1734 1919 1974 1971 Nearchi
2031 1916 2191 1987 Mysii

2311 1917 2566 2012 deposita
2597 1940 3072 2010 fuerat,expensa3
3097 1942 3429 2004 accusatus,
3463 1942 3529 1992 ut
3556 1955 3618 1994 se
3648 1945 3960 2011 purgaret,

549 2001 903 2070 tyrannidem
949 2008 1184 2058 evertere
1230 2013 1468 2073 tentans,
1529 2006 2014 2076 deprehensusque,
2066 2021 2190 2059 cum

551 2089 723 2143 variis
778 2090 1064 2161 suppliciis
1135 2096 1494 2165 torqueretur,
1548 2095 1721 2148 socios
1790 2095 2192 2165 conjurationis

553 2179 788 2233 minime
814 2180 1054 2250 prodidit
1079 2197 1098 2233 :
1129 2181 1220 2235 sed
1249 2197 1379 2254 quos
1427 2187 1664 2254 tyranno
1704 2181 2001 2253 ﬁdissimos
2029 2198 2190 2238 nove-

555 2273 650 2321 rat
703 2268 1098 2336 calumniatus,
1169 2279 1229 2326 ut
1297 2275 1468 2327 morte
1545 2271 1941 2328 damnarentur
1994 2273 2192 2343 eﬂecit.

555 2358 680 2426 Ipse
727 2365 916 2412 autem
958 2358 1188 2430 Mysiam
1256 2360 1539 2428 liberavit,
1597 2360 1956 2432 tyrannidem
2012 2367 2071 2414 in
2139 2375 2195 2415 se

553 2445 732 2513 ipsam
762 2461 955 2502 errare
980 2448 1198 2516 faciens
1240 2447 1594 2519 (Philostrnt.
1629 2447 1728 2503 lib.
1779 2465 1879 2516 vn,
1922 2449 2077 2504 938
2129 2449 2196 2504 de

560 2533 661 2587 Vit.
710 2532 897 2602 Apoll.
951 2550 1074 2606 cap.
1130 2537 1178 2606 1,
1227 2551 1358 2607 pag.
1411 2538 1556 2607 320).
1619 2538 1778 2594 Cives
1834 2538 2014 2601 enim,
2047 2537 2194 2592 facto

556 2622 859 2692 repentino
917 2621 1160 2694 impetu,
1213 2624 1366 2680 sicut
1421 2626 1503 2680 ait
1560 2627 1848 2695 Laertius,
1905 2627 2198 2698 lapidibus

555 2711 720 2767 illum
751 2713 1072 2769 obruerunt
1103 2715 1313 2782 (Laert.
1365 2716 1462 2770 lib.
1519 2732 1594 2770 xx.
1655 2720 1712 2772 in
1775 2717 1893 2771 Vita
1941 2715 2194 2785 Zenonis,

555 2804 582 2871 §
610 2802 721 2871 27).
754 2801 1050 2857 Addamus
1072 2801 1180 2858 hoc
1214 2804 1396 2859 Latini
1428 2804 1720 2861 Ciceronis
1751 2806 2152 2862 testimonium
2179 2822 2192 2860 :

557 2914 585 2942 «
616 2892 765 2946 Zeno
799 2891 1022 2947 Eleates
1053 2909 1365 2964 perpessus
1396 2901 1485 2950 est
1525 2897 1723 2951 omnia
1771 2897 1984 2967 potius,
2018 2913 2195 2968 quam

554 2981 820 3036 conscios
849 2980 1105 3036 delendae
1137 2983 1464 3054 tyrannidis
1493 2984 1797 3040 indicaret.
1823 3007 1850 3035 »
1882 2984 2028 3039 Alibi
2062 3001 2195 3040 vero

555 3071 723 3126 illum
785 3071 1130 3144 simpliciter
1185 3075 1242 3128 in
1317 3077 1600 3132 tormentis
1647 3080 1897 3132 necatum
1955 3076 2199 3131 tradidit

558 3160 762 3232 (Cicer.
797 3161 899 3216 lib.
931 3179 970 3217 ιι
1004 3163 1211 3219 Tuscul.
1249 3180 1379 3235 pag.
1414 3165 1539 3230 146,
1573 3163 1674 3220 lin.
1712 3168 1772 3235 2,
1822 3168 1880 3221 et
1909 3164 2008 3220 lib.
2042 3182 2104 3220 ιιι
2133 3164 2198 3222 de

551 3251 746 3305 Natur.
779 3251 934 3306 Deor.
968 3269 1098 3323 pag.
1129 3254 1253 3317 252,
1281 3251 1383 3308 lin.
1415 3254 1530 3319 28).

621 3362 729 3418 Sed
768 3363 905 3434 quia
938 3363 1132 3435 plures
1164 3365 1409 3421 Zenonis
1439 3365 1674 3421 nomine
1721 3365 1993 3437 appellati
2038 3369 2196 3434 sunt,

555 3467 670 3506 non
702 3451 946 3505 minima
981 3452 1222 3508 forsitan
1273 3453 1579 3509 dubitandi
1615 3454 1764 3510 ratio
1797 3459 1884 3509 est
1915 3459 2115 3510 utrum
2147 3455 2198 3510 is

559 3557 731 3611 quem
762 3541 1154 3597 Tertullianus
1183 3544 1467 3599 Zenonem
1503 3543 1848 3616 simpliciter
1877 3549 2198 3616 nuncupat,

561 3628 686 3699 ipse
711 3628 788 3682 sit
806 3629 991 3684 Zenon
1017 3630 1366 3701 Eleat.cs,qui
1391 3631 1628 3703 quidem
1654 3649 1767 3688 non
1793 3633 2005 3687 dicitur
2026 3634 2202 3688 affec-

559 3721 735 3781 tasse,
769 3716 869 3770 sed
899 3717 1151 3773 voluisse
1198 3719 1388 3787 potius
1420 3721 1777 3786 subvertere,
1810 3721 2198 3792 tyrannidem.

558 3804 773 3859 Verum
798 3807 1134 3876 responderi
1160 3807 1373 3878 poterit
1392 3807 1554 3880 illum
1579 3809 1718 3862 dum
1741 3808 1985 3864 insidias
2005 3815 2203 3882 tyran-

561 3909 635 3948 no
667 3892 990 3964 moliretur,
1023 3897 1144 3949 tum
1199 3896 1484 3968 cogitasse
1533 3899 1604 3952 de
1635 3913 1812 3968 regno
1843 3897 2002 3953 illius
2031 3915 2201 3953 occu-

562 3982 1222 4055 pando.Przeterea,rum
1251 4002 1458 4057 magna
1483 3987 1658 4041 fuerit
1678 3987 1748 4040 de
1769 3986 1945 4058 hujus
1960 3987 2205 4044 Zenonis

567 4078 754 4129 morte
783 4073 1121 4146 opinionum
1152 4077 1420 4148 varietas,
1455 4077 1594 4148 quid
1631 4077 1848 4134 mirum
1898 4079 1947 4134 si
1977 4079 2205 4135 Tertul-

569 4161 778 4226 lianus,
827 4162 973 4218 alios
1037 4171 1296 4231 secutus,
1357 4166 1654 4240 singulare
1707 4167 1927 4240 aliquid
1978 4169 2048 4224 de
2099 4169 2207 4224 hoc

572 4252 798 4308 Zenone
843 4255 1195 4311 tradiderit?
1241 4261 1518 4313 Caeterum
1569 4260 1616 4314 si
1665 4259 1797 4330 quis
1854 4258 2010 4314 aliud
2042 4259 2208 4314 nobis

573 4340 857 4397 Zenonem
888 4343 1127 4408 indicet,
1160 4351 1212 4398 et
1244 4346 1458 4402 certius
1493 4347 2206 4419 probaverittyrannidem

572 4429 642 4484 ab
675 4429 774 4486 illo
809 4431 988 4486 fuisse
1020 4432 1367 4500 affectatam,
1400 4451 1611 4492 manus
1642 4434 1792 4490 lllico
1823 4434 2114 4490 dabimus.
2140 4437 2213 4490 At

571 4518 642 4572 de
674 4519 899 4575 Zenone
930 4524 1129 4591 postea
1159 4523 1346 4578 adhuc
1379 4525 1694 4595 agendum.

2297 2030 2697 2100 Anaxagoram
2744 2026 3044 2099 trepidans
3071 2027 3241 2098 ejecit
3285 2042 3356 2082 ex
3388 2027 3550 2095 urbe,
3587 2026 3873 2099 misitque
3902 2027 3959 2082 in

2301 2116 2616 2174 exsilium?
2673 2115 3007 2187 (Plutarcho
3064 2114 3122 2169 in
3182 2116 3300 2170 Vita
3358 2116 3611 2182 Periclis,
3646 2132 3778 2186 pag.
3835 2116 3958 2181 169,

2301 2210 2444 2263 tom.
2479 2206 2544 2276 Ι.)
2572 2204 2788 2260 Verum
2827 2203 3218 2272 Christianus,
3251 2203 3337 2258 uti
3381 2203 3596 2274 adjecit
3643 2203 3960 2260 Tertullia-

2301 2311 2416 2350 nus
2447 2293 2656 2364 (lbid.),
2685 2300 2845 2347 extra
2873 2291 3060 2363 ﬁdelis
3088 2299 3331 2360 vocatur,
3359 2291 3417 2347 id
3447 2296 3556 2362 est,
3591 2308 3708 2348 non
3749 2291 3947 2348 solum

2303 2384 2426 2440 suis
2459 2381 2826 2447 Christianis,
2859 2381 2958 2436 sed
3007 2381 3181 2436 etiam
3232 2381 3445 2436 exteris
3490 2380 3964 2453 quibuscunqne

2304 2471 2643 2528 hominibus
2666 2471 2868 2526 datum
2899 2469 3072 2524 fidem
3105 2474 3342 2542 prestat
3372 2485 3599 2541 semper
3632 2469 3953 2525 illibatam.

2304 2561 2478 2617 Plura
2527 2564 2722 2616 autem
2778 2561 2850 2614 de
2909 2559 3173 2631 deposito
3231 2576 3264 2614 a
3323 2559 3675 2614 Christianis
3706 2559 3967 2615 fideliter

2305 2649 2589 2706 servando
2629 2647 2968 2704 Ambrosius
3012 2647 3070 2702 in
3121 2647 3246 2703 suis
3293 2647 3358 2702 de
3398 2649 3791 2704 Ministrorum
3842 2649 3968 2717 ofﬁ-

2303 2740 2428 2806 ciis,
2461 2737 2692 2808 alioque
2721 2735 2780 2790 in
2808 2736 2957 2791 libro
2987 2735 3269 2808 disputat,
3301 2736 3502 2807 ibique
3531 2735 3676 2791 dixit
3704 2752 3718 2790 :
3746 2758 3775 2786 «
3800 2735 3962 2790 Nihil

2305 2828 2550 2883 interest
2574 2830 2772 2881 utrum
2810 2823 3044 2896 abjures
3073 2823 3429 2896 depositum,
3462 2841 3537 2880 an
3569 2823 3772 2880 doleas
3805 2825 3966 2880 984

2305 2915 2660 2972 restitutum.
2695 2915 2758 2968 In
2792 2917 3040 2984 utroque
3087 2913 3220 2967 fidei
3265 2912 3608 2984 ambiguum
3642 2913 3775 2967 vita:
3807 2913 3965 2985 peri-

2305 3005 2502 3061 culum
2536 3006 2624 3058 est
2655 3025 2683 3052 »
2714 3001 3006 3072 (Ambros.
3041 3001 3142 3058 lib.
3171 3019 3211 3056 ιι
3242 3001 3308 3057 de
3336 3001 3480 3072 ofﬁc.
3531 3017 3636 3073 cap
3690 3002 3787 3069 36,
3821 3018 3958 3074 pag.

2306 3093 2410 3146 105
2456 3096 2514 3148 et
2569 3107 2714 3162 seq.,
2773 3106 2838 3145 ac
2898 3090 3000 3145 lib.
3036 3108 3052 3145 ι
3083 3089 3148 3145 de
3206 3093 3393 3146 Exces.
3449 3093 3638 3161 Satyr.
3671 3091 3700 3158 §
3732 3091 3788 3157 3,
3822 3106 3957 3163 pag.

2315 3181 2495 3252 1114i

2383 3289 2678 3356 Praeterea,
2700 3288 2750 3341 si
2777 3285 2842 3341 de
2869 3285 3248 3358 simplicitate,
3279 3284 3364 3341 ait
3382 3284 3809 3354 Tertullianus,
3832 3302 3960 3342 con-

2305 3379 2519 3443 sistam,
2551 3379 2717 3431 tanto
2749 3374 2936 3447 magis
2962 3374 3021 3430 in
3052 3390 3180 3429 eam
3213 3379 3415 3446 peccat
3443 3373 3701 3446 gentilis,
3737 3379 3963 3446 quanto

2308 3465 2498 3538 magis
2519 3464 2888 3520 Christianus
2909 3462 3070 3518 illam
3100 3464 3333 3535 assequi
3356 3463 3778 3519 conatur.Nam
3807 3485 3830 3513 ι
3848 3463 3969 3519 Ari-

2309 3554 2546 3610 stoteles
2571 3553 2915 3609 familiarem
2937 3569 3109 3607 suum
3127 3552 3420 3608 Hermiam
3449 3552 3695 3624 turpiter
3716 3551 3848 3608 loco
3871 3568 3968 3608 ex-

2309 3645 2510 3701 cedere
2541 3643 2674 3698 fecit
2720 3663 2748 3692 »
2799 3640 3166 3713 (Tertullian.
3199 3642 3474 3714 Apologet.
3528 3658 3654 3714 cap.
3705 3643 3796 3708 46,
3832 3658 3966 3714 pag.

2309 3733 2458 3804 500).
2495 3735 2567 3786 At
2624 3730 2849 3786 Lacrtio
2899 3729 2946 3784 si
2995 3731 3309 3801 credimus,
3342 3730 3608 3787 Hermias
3650 3729 3751 3785 ille
3781 3747 3971 3786 eunu-

2311 3821 2458 3876 chus
2490 3819 2616 3885 l'uit,
2649 3823 2708 3875 et
2743 3816 3156 3874 Atarnensium
3210 3835 3308 3874 rex
3356 3818 3658 3894 ’Δταρνὲων
3709 3817 3974 3892 τύραννος

2313 3911 2521 3982 (Laert.
2569 3907 2672 3974 lib,
2719 3925 2774 3973 v,
2820 3907 2878 3962 in
2945 3909 3044 3964 Vit.
3085 3908 3310 3963 Aristot.
3345 3911 3373 3977 §
3404 3909 3480 3980 4),
3516 3909 3586 3963 ad
3621 3925 3801 3980 quem
3836 3925 3969 3964 cum

2314 3997 2650 4054 Aristoteles
2678 3997 2954 4062 venisset,
2987 3996 3146 4052 illius
3189 3996 3506 4052 amicitiam
3541 3996 3652 4052 sibi
3712 3997 3798 4052 ita
3831 4013 3972 4053 con-

2316 4087 2552 4157 ciliavit,
2588 4085 3058 4158 utimpetraverit
3073 4085 3252 4143 filiam
3267 4086 3318 4157 ej
3327 4087 3544 4154 us,sive
3557 4086 3973 4154 concubinam,

2319 4193 2488 4249 quam
2513 4175 2975 4244 adamabat,dari
3001 4175 3112 4230 sibi
3140 4175 3558 4244 uxorem,sicut
3579 4174 3716 4230 alibi
3749 4193 3785 4231 a
3806 4175 3975 4230 nobis

2318 4267 2658 4322 adnotatum
2711 4265 2875 4334 (tom.
2930 4265 2951 4319 Ι
2997 4265 3268 4336 Apparat.
3304 4280 3436 4336 pag.
3473 4265 3654 4334 1152).
3691 4266 3754 4320 In
3788 4264 3973 4320 animi

2319 4365 2510 4412 autem
2546 4354 2784 4409 omnino
2806 4353 2954 4425 grati
2985 4353 3392 4410 testimonium
3419 4353 3754 4409 Aristoteles
3787 4354 3978 4409 fertur

2319 4443 2657 4499 immolasse
2687 4441 2940 4508 mulieri,
2970 4459 3035 4497 ac
3057 4442 3114 4498 in
3143 4441 3302 4500 illius
3331 4447 3390 4498 et
3413 4442 3657 4498 Hermim
3687 4442 3976 4499 honorem

2322 4533 2629 4605 scripsisse
2659 4531 2967 4604 hymnum,
2987 4539 3222 4604 propter
3242 4549 3411 4603 quem
3445 4531 3772 4604 impietatis
3806 4549 3978 4588 accu-

637 4629 848 4680 Contra
871 4629 1065 4682 autem
1088 4627 1456 4684 Christianus
1485 4631 1554 4685 ab
1586 4629 1684 4684 illa
1729 4628 2032 4701 regnandi,
2066 4633 2121 4684 et
2151 4629 2210 4684 in
2241 4600 2290 4664 D
2320 4600 2484 4680 satu'e
2536 4626 2626 4676 est
2670 4600 2905 4689 (Athon.
2951 4600 3050 4676 lib.
3097 4600 3194 4688 av,
3239 4600 3490 4693 Deipnos.
3537 4600 3671 4693 cap.
3706 4621 3797 4687 16,
3832 4637 3971 4694 pag.

569 4713 816 4769 aliorum
849 4731 1028 4788 regna
1059 4715 1364 4773 invadendi
1418 4717 1735 4790 cupiditate
1773 4734 2054 4790 perquam
2086 4717 2210 4774 lon-

572 4801 843 4874 gisssime
875 4804 1079 4874 abest;
1114 4812 1311 4878 utpote
1344 4807 1442 4878 qui
1477 4824 1582 4863 nec
1614 4807 1928 4873 edilitatem,
1962 4807 2044 4862 ait
2073 4807 2211 4862 Ter-

572 4890 878 4960 tullianus,
909 4891 1018 4948 hoc
1052 4897 1159 4962 est,
1210 4894 1434 4950 nullum
1496 4896 1926 4968 magistratum,
1979 4895 2210 4950 nullum

575 4978 870 5051 publicum
923 4999 1137 5036 munus
1185 4986 1418 5055 affectat.
1471 4984 1671 5040 fEdilis
1719 4989 1937 5052 autem,
1973 4989 2036 5040 ut
2083 4988 2214 5056 post

574 5068 891 5125 Varronem
925 5077 1163 5126 annulat
1195 5073 1593 5140 Festue,initio
1626 5075 1858 5144 quidem
1893 5075 2082 5128 dictus
2105 5078 2211 5142 est,

575 5159 674 5231 qui
705 5157 1030 5214 divinarum
1065 5161 1546 5234 privatarumque
1577 5164 1787 5218 aedium
1824 5179 2024 5217 curam
2058 5178 2215 5233 gere-

573 5247 694 5303 bat.
727 5249 836 5302 Sed
866 5247 975 5304 hoc
1021 5266 1228 5305 nomen
1286 5252 1355 5304 ad
1408 5251 1552 5306 alios
1598 5252 1976 5323 magistratus
2016 5254 2218 5322 postea

573 5336 925 5393 translatum
1005 5345 1094 5396 est
1158 5338 1513 5412 (Tertullian.
1578 5342 1852 5413 Apologet.
1922 5355 2046 5411 cap.
2129 5340 2214 5409 46,

577 5443 709 5498 pag.
753 5427 897 5496 500;
954 5427 1154 5500 Varro,
1212 5428 1311 5485 lib.
1359 5446 1436 5496 ιν,
1475 5429 1540 5485 de
1589 5429 1726 5498 ling.
1777 5429 1957 5483 Latin.
2017 5426 2046 5500 §
2099 5428 2164 5481 14
2203 5445 2216 5496 ;

579 5517 729 5572 Fest.
785 5515 888 5571 lib.
948 5534 1040 5585 xx,
1119 5518 1186 5574 de
1255 5520 1490 5590 signiﬁc.
1559 5518 1770 5574 Verbor.
1832 5517 1902 5572 ad
1977 5518 2216 5572 verbum

579 5604 822 5676 .Aauta)

649 5691 796 5748 Tum
829 5693 1038 5752 deinde
1059 5693 1476 5766 Tertullianus,
1501 5720 1528 5749 «
1561 5695 1617 5752 Si
1647 5695 1718 5752 de
1747 5694 1926 5754 animi
1951 5693 2222 5767 aequitate

2318 4712 2458 4778 696;
2491 4709 2652 4764 Suid.
2687 4709 2757 4763 ad
2787 4709 2887 4780 v.).
2933 4709 3042 4764 Sed
3095 4725 3210 4780 quo
3261 4709 3376 4765 huic
3407 4708 3678 4781 pluribus
3725 4709 3982 4765 testibus

2323 4799 2767 4866 conﬁrmantur,
2789 4813 2854 4852 eo
2875 4796 3174 4854 difﬁcilius
3196 4799 3442 4870 probatu
3470 4815 3574 4854 cur
3592 4802 3651 4854 et
3677 4798 3977 4869 quomodo

2326 4887 2586 4944 Hermias
2617 4887 2688 4942 ab
2719 4901 2784 4941 eo
2834 4891 2934 4942 aut
2963 4901 3032 4941 ex
3077 4903 3278 4958 regno,
3318 4887 3407 4943 vel
3437 4903 3508 4942 ex
3536 4886 3648 4942 hac
3679 4887 3798 4942 vita
3829 4888 3980 4958 ejec-

2324 4981 2422 5032 tus
2448 4975 2862 5032 sit.Aristoclee
2883 4975 3062 5043 enim,
3083 4976 3347 5045 ejusdem
3369 4975 3699 5032 Aristotelis
3722 4976 3981 5048 discipu-

2327 5066 2443 5134 lus,
2469 5065 2682 5120 fatetur
2702 5063 2933 5135 quidem
2957 5063 3123 5119 illum
3158 5065 3362 5120 multis
3391 5065 3704 5120 calumniis
3738 5065 3980 5122 lacessi-

2328 5163 2473 5220 tum,
2507 5170 2654 5224 quas
2699 5153 2999 5208 confutare
3047 5153 3266 5208 ibidem
3321 5154 3644 5209 connititur
3673 5153 3980 5224 (Aristocl.

2326 5243 2480 5314 apud
2513 5241 2720 5298 Euseb.
2755 5240 2858 5297 lib.
2918 5258 3013 5297 xw
3043 5243 3289 5314 Prazpar.
3341 5244 3540 5314 Evang.
3592 5257 3726 5315 pag.
3777 5243 3884 5298 791
3931 5246 3988 5298 et

2325 5333 2535 5405 seqq.).
2570 5333 2636 5386 At
2681 5329 2862 5386 nimia
2913 5330 3069 5386 haud
3103 5331 3276 5388 dubie
3323 5331 3382 5386 in
3413 5332 3768 5405 magistrum
3802 5347 3987 5388 suum

2327 5421 2507 5478 animi
2533 5420 2923 5492 propensione
2944 5420 3132 5476 multa
3163 5420 3360 5493 procul
3389 5421 3566 5476 dubio
3599 5419 3989 5477 dissimulare

2328 5511 2536 5584 potuit.
2572 5508 2719 5573 Quid
2772 5509 2972 5580 igitur,
3008 5509 3057 5565 si
3109 5511 3227 5566 haec
3280 5509 3581 5566 Aristoclis
3615 5507 3889 5564 adulatio
3921 5525 3989 5566 eo

2330 5599 2517 5670 magis
2581 5595 2938 5653 Tertulliano
3004 5603 3276 5671 suspecta
3334 5599 3528 5666 fuerit,
3588 5615 3704 5669 quo
3760 5599 3989 5654 certius

2329 5687 2565 5745 aliunde
2589 5685 2858 5742 didicerit
2879 5686 3080 5743 lassum
3099 5687 3172 5745 ab
3200 5686 3502 5744 Aristotele
3540 5688 3719 5745 etiam
3747 5687 3992 5744 amicis-
