4158 6320
181 362 332 427 1025

181 586 501 654 hominem,
534 588 634 658 qui
666 604 764 642 nec
791 589 1083 643 inimicum
1113 605 1274 643 suum
1331 587 1493 644 laedit
1555 584 1817 659 (Tertull.

177 676 450 748 Apologet.
506 692 630 747 cap.
689 678 777 744 46,
812 693 944 749 pag.
976 678 1119 744 580;
1151 676 1282 731 ibid.
1319 693 1446 747 cap.
1506 676 1569 730 31
1605 682 1659 730 et
1706 674 1822 743 37),

177 769 239 821 ut
268 765 502 831 divinis,
525 766 1023 837 quemadmodum
1057 766 1270 837 saepius
1302 766 1674 820 observatum
1708 768 1819 827 est,

179 854 540 926 obtemperet
570 856 1374 927 prateeptis,quibusjubetur
1405 852 1634 908 nullum
1666 852 1822 907 odis-

176 959 256 1012 se,
290 942 523 998 laedenti
554 942 737 998 vicem
770 960 884 997 non
937 942 1198 1008 reddere,
1253 940 1496 1011 diligere
1526 939 1821 1006 inimicos,

176 1048 239 1088 ac
272 1049 374 1104 pro
406 1032 477 1087 iis
510 1037 689 1088 Deum
723 1032 967 1103 precari.

251 1121 438 1192 Pergit
467 1120 563 1176 ille
601 1138 612 1176 :
646 1143 673 1169 ‹‹
709 1121 864 1177 Idem
893 1120 1234 1175 Aristoteles
1267 1124 1387 1175 tam
1420 1117 1672 1190 turpiter
1694 1114 1824 1171 Ale-

181 1210 402 1266 xandro
451 1211 704 1282 regendo
765 1208 960 1280 potius
1018 1208 1312 1276 adulatur,
1372 1225 1547 1279 quam
1598 1205 1759 1261 Plato
1793 1222 1827 1260 a

174 1299 447 1369 Dionysio
482 1301 810 1355 vcnditatur
839 1318 864 1350 ι
902 1300 1042 1354 Ibid.
1078 1317 1129 1355 c.
1167 1302 1259 1369 46,
1294 1318 1347 1371 p.
1382 1300 1532 1368 500).
1577 1296 1825 1361 Quidam

177 1404 306 1444 vero
356 1389 573 1460 quibus
624 1389 931 1444 obscurior
970 1389 1091 1444 haec
1144 1389 1378 1460 phrasis
1412 1387 1534 1443 visa
1582 1390 1692 1453 est,
1746 1384 1825 1438 ibi

175 1480 373 1547 potitus
412 1495 513 1549 pro
554 1480 736 1549 potius
789 1477 1098 1549 legendum
1144 1494 1273 1532 esse
1322 1476 1682 1531 existimant.
1716 1474 1826 1528 Sed

176 1568 412 1637 frustra,
448 1572 502 1622 et
532 1571 735 1622 contra
765 1566 1033 1621 codicum
1061 1567 1324 1621 omnium
1352 1564 1827 1620 reclamationem

180 1656 326 1721 Quid
386 1655 683 1711 enimvero
716 1655 764 1711 si
825 1655 1163 1711 adverbium
1224 1657 1405 1725 potius
1460 1655 1533 1709 ab
1593 1657 1829 1708 auctore

182 1750 380 1802 nostro
412 1751 686 1801 sumatur
714 1762 817 1817 pro
843 1746 1238 1817 citius,prius,
1274 1745 1393 1800 sive
1423 1743 1602 1799 etiam
1652 1744 1831 1811 magis

179 1835 259 1890 ita
287 1838 348 1889 ut
372 1833 532 1891 illius
562 1851 773 1891 sensus
804 1834 883 1890 sit
914 1851 927 1889 :
962 1832 1302 1890 Aristoteles
1352 1830 1662 1888 Alexandri
1709 1831 1826 1887 Ma-

179 1924 301 1995 gni,
330 1924 504 1980 sicuti
530 1941 701 1979 nemo
728 1924 936 1993 nescit,
971 1922 1491 1996 praeceptor,citius
1524 1920 1831 1992 magisque

178 2012 429 2085 turpiter
462 2013 512 2067 ei
564 2012 840 2069 adulatus
870 2016 985 2078 est,
1044 2027 1219 2083 quam
1276 2010 1546 2082 nequiter
1602 2008 1763 2064 Plato
1799 2026 1832 2063 a

182 2101 458 2173 Dionysio
518 2104 767 2175 tyranno
821 2101 1152 2156 venditatus
1214 2100 1343 2154 fuit.
1433 2104 1508 2153 De
1576 2098 1831 2153 Platonis

182 2195 381 2245 autem
414 2189 745 2246 venditione
775 2188 914 2245 alibi
949 2189 1344 2246 disseruimus
1376 2189 1541 2260 (tom.
1579 2187 1599 2243 1
1651 2187 1833 2258 Appa-

182 2288 291 2335 rat.
327 2296 458 2351 pag.
489 2280 620 2347 554,
675 2279 802 2349 620,
866 2279 1023 2347 1144,
1085 2283 1143 2332 et
1198 2280 1422 2333 Dissert.
1486 2278 1543 2331 in
1586 2278 1832 2333 Lactant.

194 2384 319 2439 cap.
353 2368 443 2439 39,
474 2371 583 2424 art.
630 2369 739 2439 10).
794 2367 910 2423 Nec
951 2366 1145 2423 minus
1186 2371 1415 2423 constat
1461 2365 1836 2424 Aristatelem

191 2456 496 2513 adulatum
520 2473 649 2513 esse
677 2456 1197 2528 Alexandro,cujus
1228 2457 1701 2525 ambitionem,ut
1721 2454 1840 2510 alia

191 2546 330 2601 vitia
358 2551 681 2614 taceamus,
714 2562 830 2601 non
864 2546 1035 2602 modo
1069 2562 1182 2602 non
1215 2546 1514 2619 repressit,
1540 2546 1642 2602 sed
1676 2544 1837 2612 fovit,

190 2639 249 2689 et
292 2633 647 2690 adulationis
706 2635 953 2690 artificio
1009 2633 1546 2704 θωοιὶνίῐεταύτην
1598 2632 1690 2706 μὲν
1746 2630 1836 2685 οὖν

194 2722 275 2779 ait
325 2722 672 2778 Plutarchus
718 2721 818 2789 τὴν
865 2718 1182 2799 φιλοτιμίαν
1257 2723 1423 2776 αὐτοῦ
1490 2719 1840 2796 παραμυθού-

198 2831 357 2883 μενος
386 2812 775 2885 (Plutarchus,
811 2814 872 2868 in
907 2813 1004 2867 Vit.
1033 2812 1299 2868 Alexand.
1334 2830 1466 2885 pag.
1490 2813 1837 2883 668,tom.I).

263 2902 413 2957 Tum
445 2901 646 2957 debicc
677 2901 1074 2957 Tertullianus
1109 2919 1121 2957 :
1157 2925 1184 2952 «
1227 2903 1565 2975 Aristippus
1616 2903 1675 2956 in
1708 2918 1841 2973 pur-

196 3007 341 3063 pura
369 2990 480 3047 sub
513 3007 724 3063 magna
757 2990 1061 3063 gravitatis
1114 2991 1307 3062 specie
1356 2995 1686 3063 nepotatur,
1722 3012 1749 3037 »
1781 2989 1839 3044 id

193 3086 284 3136 est
329 3080 627 3136 luxuriose
675 3084 733 3135 et
796 3080 1258 3151 intemperanter
1321 3080 1483 3135 vixit.
1551 3078 1839 3135 Memoria:

197 3174 392 3226 autem
427 3169 696 3225 Laertius
727 3168 1191 3225 mandavit935
1218 3168 1559 3242 Dionysium
1584 3168 1840 3240 jussisse

196 3264 263 3313 ut
310 3258 561 3329 quodam
622 3258 681 3311 in
739 3256 999 3313 convivio
1052 3257 1273 3329 singuli
1330 3262 1487 3314 veste
1546 3248 1913 3330 purpureaC

197 3347 481 3403 saltarent
552 3347 775 3419 (Laert.
836 3346 935 3402 lib.
980 3364 1041 3414 II,
1094 3349 1157 3403 in
1214 3349 1314 3402 Vit.
1368 3347 1563 3419 Aritip.
1610 3349 1637 3415 §
1682 3346 1775 3417 78)
1824 3364 1837 3402 :

197 3438 353 3509 quod
400 3436 641 3509 quidem
693 3452 825 3492 cum
877 3435 1044 3492 Plato
1107 3441 1458 3508 recusasset,
1509 3436 1842 3508 Aristippus

195 3532 356 3583 veste
386 3525 492 3582 hac
512 3529 778 3598 prompte
824 3530 1081 3598 sumpta,
1132 3527 1304 3598 coepit
1352 3526 1585 3597 saltare,
1616 3526 1844 3597 hosque

196 3630 346 3685 quos
377 3615 692 3687 Gregorius
723 3613 1142 3683 Nazianzenus,
1189 3619 1245 3671 et
1291 3615 1505 3671 Suidas
1550 3614 1844 3688 Euripidis

197 3718 334 3760 esse
388 3705 689 3760 affirmant
763 3703 958 3777 (Greg.
1033 3704 1171 3759 Naz.
1239 3707 1424 3761 Carm.
1502 3705 1679 3761 Iamb.
1754 3706 1842 3775 18,

195 3810 332 3866 pag.
366 3794 494 3848 209.
528 3795 696 3849 Suid.
733 3795 803 3849 ad
830 3811 887 3849 v.
922 3794 1302 3867 Ἀρίστιππος)
1334 3813 1536 3852 versus
1563 3795 1842 3851 recitavit:

487 3960 499 3973 .
546 3962 559 3973 .
603 3916 703 3973 Καὶ
734 3915 837 3990 γὰρ
870 3915 921 3969 ἐν
951 3910 1327 4042 ὄακδχεύμασιν

487 3992 627 4042 Νοῦς
658 3988 686 4041 ὁ
708 3989 924 4042 σόωοων
949 3987 1016 4040 οὐ
1080 3991 1327 4042 ιαωθαοῆε

457 3990 627 4050 Ονοῦς
658 3988 686 4041 ὁ
708 3987 924 4064 σόφρων
949 3987 1016 4040 οὐ
1042 3987 1488 4065 δίαφίθαρήσεται.

414 3990 425 4010 ι

362 4134 373 4145 .
444 4134 477 4159 ,ν
526 4132 538 4143 .
588 4096 785 4159 ,Neque
812 4094 873 4159 in
899 4094 1062 4142 sacris
1086 4094 1258 4144 Liberi

357 4156 914 4222 Sapientium'pudica
942 4170 1098 4206 mens
1126 4171 1364 4221 unquam
1392 4161 1767 4223 corrumpitur.

197 4275 370 4329 Adire
418 4273 635 4346 poteris
701 4272 1042 4343 Gregorium
1097 4272 1550 4335 Nazianzenum,
1621 4275 1721 4345 qui
1772 4274 1850 4330 ibi

200 4362 448 4420 aliorum
465 4362 941 4435 philosophOPU'l‘
962 4361 1105 4417 vitia
1118 4365 1417 4434 componit
1431 4381 1562 4419 cum
1579 4364 1852 4419 Christia-

201 4468 413 4508 norum
474 4451 794 4507 virtutibus
850 4450 1045 4522 (Greg.
1108 4451 1243 4508 Naz.
1304 4452 1412 4508 loc.
1475 4453 1616 4522 cit.).
1670 4456 1849 4507 Porro

198 4546 393 4598 autem
428 4542 509 4608 de
528 4542 732 4597 eodem
764 4539 1195 4610 Aristippo,sed
1225 4542 1401 4597 tacito
1432 4543 1558 4612 ejus
1588 4540 1848 4607 nomine,

194 4630 597 4688 Tertullianus
628 4634 828 4685 noster
857 4629 995 4683 alibi
1034 4643 1046 4681 :
1080 4652 1107 4679 ‹‹

198 4736 461 4793 purpura
491 4718 966 4792 philosophatum
1003 4744 1031 4772 »
1061 4718 1306 4793 (Tertul.
1356 4718 1422 4775 de
1467 4720 1670 4787 Pallio,
1717 4735 1845 4790 cap.

197 4811 270 4877 lt;
305 4809 482 4875 idem,
519 4810 803 4882 Apotoget.
837 4825 964 4882 cap.
998 4812 1087 4879 46,
1121 4826 1254 4882 pag.
1288 4810 1436 4873 500).

272 4903 515 4953 Demum
529 4898 625 4953 ille
639 4899 878 4969 adjecit:
898 4901 1185 4973 «Hippias
1199 4901 1339 4954 dum
1372 4898 1584 4954 civitati
1601 4896 1848 4953 insidias

196 4987 479 5056 disponit,
512 4987 801 5042 occiditur
829 5005 841 5043 :
875 4988 983 5045 hoc
1023 5006 1126 5061 pro
1157 4988 1303 5057 suis,
1336 4989 1496 5043 omni
1547 4987 1849 5043 atrocitate

196 5072 523 5144 dissipatis.
572 5091 742 5130 nemo
790 5093 1049 5148 unquam
1102 5078 1349 5133 tentavit
1394 5077 1782 5140 Christianus,
1819 5097 1847 5125 »

196 5164 407 5216 Mirum
441 5179 577 5218 sane
609 5179 785 5233 quam
819 5172 1158 5239 corruptum
1194 5167 1270 5221 sit
1313 5166 1371 5220 in
1427 5165 1849 5236 manuscriptis

195 5251 499 5308 codicibus
536 5250 752 5322 Hippiae
781 5269 1014 5310 nomen.
1050 5260 1112 5309 In
1146 5257 1377 5310 duobus
1418 5254 1712 5325 siquidem
1745 5271 1847 5310 no-

196 5340 336 5398 stris
364 5340 823 5411 {antiquioribus
854 5341 1070 5414 legitur
1098 5344 1377 5414 Icthidias,
1410 5344 1470 5399 in
1494 5344 1724 5398 duobus
1756 5360 1844 5399 re-

198 5429 557 5486 centioribus
602 5427 946 5485 Colbertinis
1006 5434 1299 5499 Icthiclias,
1359 5433 1418 5488 in
1490 5433 1845 5504 quibusdam

198 5518 330 5575 aliis
364 5518 584 5586 Hidias,
618 5518 771 5590 quod
807 5520 1047 5590 propius
1073 5522 1299 5577 accedit
1325 5523 1394 5577 ad
1438 5521 1583 5577 illud
1618 5523 1847 5592 Hippias

198 5608 261 5664 in
293 5608 464 5664 editis
512 5607 858 5663 exhibitum.
909 5611 983 5663 At
1026 5610 1098 5665 de
1148 5610 1359 5683 Hippia
1409 5615 1672 5666 nostrum
1704 5626 1845 5666 auc-

197 5699 386 5755 torem
416 5712 615 5757 revera
643 5695 1091 5769 intelligendum
1139 5714 1270 5757 esse
1321 5699 1655 5759 conﬁrmari
1706 5714 1847 5758 sane

1086 364 1160 427 D.
1206 364 1303 427 LE
1348 358 1673 427 NOURRY
1719 358 2369 425 OBSERVATIONES
2417 362 2675 426 NOV/E.

177 497 391 553 simum
410 496 521 553 sibi
547 497 1013 553 llermiam.Nam
1047 497 1131 553 illi
1156 498 1401 571 opponit
1429 497 1824 553 christianum
1854 495 1909 561 Α
1940 499 2131 567 potest
2162 497 2255 552 his
2293 498 2589 553 Ciceronis
2638 499 2830 554 verbis
2865 516 2876 554 :
2918 523 2937 549 α

3431 373 3585 435 1026

2992 501 3259 559 Notarius
3318 504 3581 577 Hippias,

1934 588 2220 646 Pisistrati
2254 588 2410 643 filius
2444 590 2543 659 qui
2576 590 2635 643 in
2684 590 3055 647 Marathonia
3105 610 3301 664 pugna
3349 596 3583 660 cecidit,

1932 694 2095 733 arma
2122 679 2321 730 contra
2354 678 2601 747 patriam
2632 678 2873 733 ferens»
2909 679 3045 749 (Cie.
3078 679 3178 735 lib.
3213 698 3267 735 1x
3301 682 3370 735 ad
3406 686 3572 738 Attio.

1932 766 2105 837 epist.
2142 766 2228 831 12,
2263 782 2390 837 pag.
2422 768 2574 835 306).
2609 766 2779 822 Plura
2829 775 3024 822 autem
3054 769 3124 823 de
3177 769 3275 824 illo
3328 770 3583 826 Herodo-

1933 859 2050 921 tus,
2087 855 2433 922 Pausanias,
2467 855 2697 923 Suidas,
2731 859 2788 911 et
2822 855 2920 910 alii
2952 856 3247 925 (Herodot.
3283 857 3533 933 lib.1,§6t
3569 886 3584 929 ς

1932 942 2034 997 lib.
2068 961 2121 1009 v,
2154 944 2224 995 93
2252 949 2306 996 et
2334 960 2499 1013 seqq.
2529 960 2542 1009 ;
2597 945 2837 999 Pausan.
2884 944 2984 999 lib.
3035 962 3075 1011 ι,
3110 963 3244 1018 pag.
3275 948 3380 1016 20;
3416 949 3581 1005 Suid.

1936 1032 2006 1087 ad
2060 1049 2112 1085 v.
2164 1029 2420 1102 Ἱππίας).
2475 1033 2583 1087 Sed
2634 1050 2747 1088 non
2816 1035 2959 1088 adeo
3010 1041 3235 1090 certum
3282 1044 3364 1091 est
3425 1038 3583 1093 hunc

1934 1121 2131 1191 ipsum
2163 1136 2314 1184 esse,
2350 1123 2419 1175 de
2452 1140 2566 1191 quo
2598 1126 2873 1192 tanquam
2906 1122 3252 1194 philosopho
3284 1125 3585 1182 Tertullia-

1937 1227 2049 1264 nus
2077 1209 2479 1279 loquitur,nisi
2512 1226 2645 1265 cum
2678 1211 3061 1283 philosOphiai
3082 1230 3319 1283 operam
3354 1215 3589 1271 dedisse

1937 1297 2296 1369 probaveris.

2012 1403 2176 1459 Alius
2208 1405 2279 1458 ab
2313 1405 2513 1459 eodem
2538 1405 2715 1460 Suida
2739 1413 3099 1461 memoratur
3120 1408 3363 1480 Hippias
3382 1409 3592 1482 Sophi-

1938 1497 2029 1548 sta
2084 1500 2142 1547 et
2193 1492 2604 1564 philosophus,
2659 1496 3031 1566 Hegesidami
3089 1497 3439 1569 discipulus,
3487 1502 3589 1570 qui

1940 1582 2204 1636 animum
2233 1598 2341 1636 sua
2372 1589 2529 1637 sorte
2560 1590 2897 1639 contentum
2931 1602 3059 1641 esse
3090 1587 3354 1642 docebat.
3392 1592 3596 1644 Nonne

1939 1676 2133 1725 autem
2194 1670 2245 1725 is
2294 1677 2400 1736 est,
2451 1671 2549 1741 qui
2601 1690 2633 1725 a
2682 1672 2979 1737 Cicerone,
3035 1681 3098 1727 ut
3146 1675 3283 1729 alibi
3338 1676 3595 1733 diximus

1935 1760 2101 1832 (tom.
2136 1760 2156 1814 Ι
2186 1762 2457 1830 Apparet.
2495 1778 2623 1831 pag.
2678 1762 2860 1833 1222),
2918 1763 3242 1833 plurimum
3294 1763 3595 1838 laudatus,

1863 1848 2298 1947 Bgloriabatur
2349 1850 2493 1904 nihil
2561 1867 2690 1906 esse
2739 1850 2860 1906 ulla
2927 1853 2985 1905 in
3046 1857 3170 1907 arte
3239 1857 3394 1924 quod
3464 1854 3592 1925 ipse

1943 1937 2240 1993 nesciret?
2262 1939 2374 1993 Sed
2410 1940 2458 1994 si
2490 1939 2583 1993 hic
2616 1938 3003 2011 philosOphus
3054 1942 3185 2008 fuit,
3217 1942 3386 1998 nobis
3437 1949 3591 1998 certe

1944 2042 2133 2097 neque
2164 2027 2381 2093 Cicero,
2444 2045 2634 2098 neque
2667 2029 2899 2092 Suidas,
2947 2046 3065 2101 qua
3114 2036 3302 2085 morte
3361 2030 3589 2100 obierit,

1944 2115 2301 2170 indicarunt.
2348 2116 2493 2171 Vero
2542 2117 2739 2188 itaque
2798 2117 3052 2173 similius
3106 2118 3375 2189 pluribus
3434 2120 3591 2174 haud

1945 2204 2121 2259 dubie
2168 2206 2464 2259 videbitur
2511 2207 2729 2260 factum
2788 2224 2822 2261 a
2869 2208 3225 2261 'I‘ertulliano
3282 2209 3354 2261 de
3400 2210 3594 2280 priore

1945 2293 2157 2365 Hippia
2186 2310 2539 2362 sermonem,
2600 2296 2715 2350 nisi
2768 2295 2944 2366 hujus
2996 2296 3331 2367 philosophi
3380 2314 3593 2353 nomen

1946 2382 2003 2437 in
2038 2386 2165 2451 ejus
2195 2386 2353 2439 textu
2390 2384 2461 2437 ab
2510 2385 2898 2440 oscitantibus
2953 2384 3210 2441 librariis
3239 2386 3414 2441 fuerit
3462 2402 3589 2442 cor-

1946 2476 2208 2543 ruptum.

2016 2566 2093 2614 At
2120 2566 2277 2621 certe
2308 2560 2526 2617 certius
2579 2565 2666 2617 est
2696 2563 2851 2633 quod
2902 2562 3001 2618 ille
3050 2563 3276 2618 addidit
3304 2562 3450 2618 nihil
3482 2579 3590 2618 un-

1948 2665 2126 2719 quam
2158 2657 2360 2704 contra
2392 2650 2640 2720 patriam
2673 2667 2843 2706 suam
2876 2656 3229 2707 attentatum
3260 2651 3595 2708 aChristia-

1950 2738 2063 2805 nis,
2124 2738 2356 2793 tametsi
2416 2740 2568 2794 omni
2624 2742 2914 2795 atrocitate
2970 2740 3419 2812 suppliciorum,
3480 2739 3596 2796 sibi

1950 2827 2021 2883 ob
2062 2827 2401 2898 religionem
2464 2846 2633 2883 suam
2689 2828 3067 2897 inﬂictorum,
3128 2829 3427 2900 dissipatis,
3489 2847 3593 2885 seu

1949 2916 2219 2972 laceratis
2275 2923 2333 2971 et
2389 2919 2644 2973 enecatis
2702 2919 3068 2983 (Tertullian.
3136 2920 3408 2990 Apotoget.
3461 2935 3588 2991 cap.

1951 3005 2039 3073 46,
2099 3023 2227 3077 pag.
2285 3007 2431 3077 500).
2497 3010 2543 3061 Α
2596 3007 2822 3064 Christo
2892 3024 3144 3077 namque
3218 3008 3429 3075 edocti,
3491 3025 3587 3064 co-

1948 3091 2285 3149 lumbarum
2342 3094 2779 3166 simplicitatem
2818 3095 3226 3167 imitabantur,
3262 3098 3588 3153 neminem-

1951 3199 2063 3253 que
2091 3182 2373 3251 lastentes,
2408 3185 2477 3238 de
2508 3186 2785 3241 omnibus
2816 3185 3130 3241 studebant
3170 3186 3319 3241 bene
3353 3187 3588 3254 mereri,

1951 3273 2008 3324 et
2056 3269 2128 3325 iis
2174 3271 2371 3339 etiam,
2434 3272 2534 3343 qui
2596 3270 2725 3329 illos
2781 3277 2945 3330 tanta
3000 3274 3347 3331 crudelitate
3402 3276 3589 3331 truci-

1952 3359 2190 3414 dabant

2025 3467 2165 3530 Quis
2186 3471 2380 3523 autem
2394 3469 2518 3539 jam
2544 3467 2710 3525 facile
2739 3486 2855 3525 non
2872 3470 3059 3526 cernit
3092 3487 3269 3543 quam
3287 3475 3442 3528 recte
3458 3472 3594 3528 Ter-

1950 3554 2235 3610 tullianus
2290 3557 2473 3627 (Ibid)
2508 3564 2637 3628 post
2670 3558 2973 3614 institutas
3023 3560 3177 3615 inter
3217 3560 3599 3633 philosophos

1954 3642 2200 3714 gentiles
2232 3649 2287 3700 et
2315 3646 2677 3703 Christianos
2725 3649 3215 3719 comparationes,
3267 3649 3360 3705 his
3403 3650 3597 3708 verbis

1956 3733 2266 3789 concludat
2299 3752 2311 3790 :
2343 3735 2498 3790 986
2548 3737 2699 3792 Adeo
2751 3736 2883 3807 quid
2931 3738 3221 3809 (quaedam
3254 3739 3544 3795 editiones
3580 3758 3594 3796 :

1960 3821 2101 3889 Quid
2144 3823 2298 3895 adeo)
2354 3825 2559 3891 simile,
2589 3825 2799 3898 supple
2876 3824 3093 3894 habent,
3140 3827 3499 3899 philosophus
3548 3829 3603 3883 et

1962 3913 2314 3968 Christianus
2354 3917 2379 3965 γ
2420 3913 2660 3983 Grrsciae,
2696 3915 2793 3969 ubi
2845 3915 3223 3986 potissimum
3264 3916 3601 3987 philosophi

1960 3999 2303 4069 ﬂoruerunt,
2336 4012 2386 4057 et
2417 4004 2563 4071 caeli,
2620 4003 2679 4057 id
2709 4008 2816 4058 est.
2848 4005 2965 4059 veri
3014 4004 3114 4059 Dei
3146 4010 3203 4060 et
3258 4004 3472 4059 Christi
3523 4004 3603 4059 di-

1957 4091 2201 4165 scipulus
2231 4094 2256 4143 .9
2286 4090 2433 4156 Quid
2468 4091 2856 4163 philosophus
2899 4092 3070 4161 famae
3122 4094 3446 4161 negotiator,
3481 4092 3603 4148 sive

1957 4178 2155 4248 gloriae
2183 4181 2418 4245 animat,
2452 4185 2517 4234 ut
2546 4180 2719 4252 paulo
2751 4187 2885 4235 ante
2916 4182 3141 4236 dictum
3172 4187 3283 4252 est,
3332 4187 3388 4236 et
3436 4180 3600 4237 Chri-

1960 4269 2187 4323 stianus
2217 4270 2341 4323 vita:
2362 4268 2538 4337 (edito
2572 4268 2804 4339 Rigaltii
2842 4274 2899 4323 et
2929 4268 3051 4323 aliis
3084 4270 3360 4342 deinceps
3404 4272 3605 4325 saluti:

1959 4356 2320 4423 negotiator?
2368 4357 2514 4420 Quid
2576 4357 2967 4429 phi1030phus
3014 4359 3309 4413 verborum
3369 4365 3601 4414 tantum

1960 4444 2328 4501 Christianus
2358 4462 2544 4501 rerum
2594 4446 2916 4517 wdiﬁcator,
2949 4452 3005 4503 et
3060 4448 3448 4518 philosophus
3506 4449 3601 4503 de-

1959 4536 2239 4589 structor?
2280 4536 2429 4598 Quid
2486 4535 2875 4606 pbilosonus
2930 4537 3170 4604 amicus,
3233 4536 3604 4592 Christianus

1158 4631 1372 4695 Audio,
1422 4630 1633 4702 inquit,
1684 4634 1743 4685 et
1789 4630 1846 4684 in
1878 4617 1926 4681 D
1960 4623 2217 4677 inimicus
2247 4626 2473 4692 erroris,
2506 4640 2819 4680 commune
2870 4624 3091 4680 habent
3120 4624 3148 4678 ‘t
3179 4626 3252 4679 At
3311 4624 3606 4697 Rigaltius

1959 4711 2195 4781 propria
2223 4712 2571 4768 auctoritate
2592 4712 2713 4767 haec
2742 4713 3067 4784 posteriora
3094 4715 3271 4770 verba
3293 4715 3600 4770 resecavit.

1956 4801 2104 4856 Tum
2137 4802 2344 4856 deinde
2369 4801 2427 4857 in
2461 4800 2761 4856 codicibus
2794 4802 3013 4857 nostris
3052 4803 3315 4873 ineditis,
3348 4808 3404 4859 et
3432 4803 3608 4860 editis

1958 4890 2377 4945 vetustioribus
2412 4908 2425 4945 :
2467 4893 2614 4956 Quid
2642 4892 2890 4946 veritatis
2938 4894 3323 4963 interpolator,
3373 4897 3427 4948 et
3472 4895 3607 4949 inte-

1957 4985 2169 5051 gralor,
2200 4989 2250 5035 et
2278 4997 2585 5051 expressor,
2617 4983 2667 5034 et
2695 4982 2918 5051 furator
2971 4982 3086 5052 ejus
3142 4992 3192 5037 et
3256 4992 3453 5036 custos.
3504 4982 3600 5036 Ri.

1961 5069 2176 5141 galtius
2228 5085 2364 5125 vero
2421 5070 2542 5125 haec
2608 5070 2689 5124 ita
2763 5069 3101 5125 immutavit
3159 5087 3171 5126 :
3234 5071 3611 5142 lutei-potator

1959 5162 2183 5226 erroris,
2238 5170 2287 5213 et
2335 5161 2648 5229 intcgrator
2694 5160 2947 5214 veritatis
2977 5175 2998 5220 ,'
3032 5162 3083 5214 et
3118 5161 3338 5229 furator
3390 5159 3507 5231 ejus
3560 5160 3610 5213 et

1960 5256 2176 5305 custos?
2221 5251 2331 5305 Sed
2385 5252 2525 5321 quia
2575 5249 2906 5305 emendatio
2955 5248 3057 5304 illa
3118 5249 3342 5305 nullius
3391 5247 3609 5303 codicis

1960 5341 2072 5395 ﬁde
2105 5341 2331 5405 nititur,
2364 5341 2435 5394 ab
2469 5340 2567 5394 illo
2601 5339 2755 5394 haud
2787 5338 2963 5392 dubie
2992 5339 3144 5395 facta
3173 5344 3281 5410 est,
3328 5337 3606 5409 quoniam

1958 5428 2056 5483 illa
2088 5432 2260 5484 verba
2289 5428 2645 5495 obscuriora,
2682 5443 2786 5482 nec
2818 5427 2961 5485 satis
2990 5428 3282 5501 elegantia
3327 5426 3607 5482 videban-

1957 5522 2074 5573 tur.
2106 5520 2249 5582 Quid
2286 5524 2481 5573 tamen
2515 5517 2789 5589 prohibet
2827 5518 3144 5586 quominus
3179 5517 3377 5589 qualia
3401 5516 3461 5571 in
3516 5531 3608 5571 eoo

1958 5610 2187 5664 dicibus
2218 5610 2434 5665 nostris
2464 5608 2760 5679 descripta
2791 5613 3219 5681 sunt,genuina
3249 5625 3377 5666 esse
3407 5607 3611 5663 dican-

1956 5704 2073 5773 tur,
2117 5698 2330 5773 hicque
2384 5699 2464 5757 sit
2517 5714 2719 5755 eorum
2777 5714 3036 5756 sensus:
3072 5698 3465 5773 PhilosOpbus
3522 5702 3612 5757 est
