4158 6338
547 339 575 399 1
586 340 702 400 02⁸1

1057 327 1584 394 TERTULLIANI
1628 325 1952 392 OPEBUM
1994 325 2194 390 PARS
2238 326 2289 388 Ι.
2330 359 2407 372 -
2449 326 2723 390 SERIES
2766 327 2816 399 Ι,
2861 327 3425 390 APOLOGETICA.

3796 328 3960 390 1028

545 468 824 526 veritatis.
858 467 917 522 in
949 481 1115 522 sacra
1144 468 1345 520 nostra
1381 462 1681 534 Scriptura
1729 459 1978 530 traditae,
2014 461 2182 517 inter-
2213 465 2268 531 Α
2296 457 2462 515 dilati
2501 459 2869 532 (Tertullian.
2930 460 3202 532 Apotoget.
3263 477 3390 533 cap.
3449 461 3540 529 50,
3600 476 3734 534 pag.
3799 461 3950 533 487).

540 558 781 630 potator,
813 555 953 628 quia
990 567 1213 610 errores
1270 568 1410 608 suos
1466 550 1911 622 interponendo,
1972 565 2182 605 novam

539 647 591 702 ei
624 648 871 702 formam
902 643 1066 699 dedit
1097 659 1109 697 :
1142 645 1231 697 est
1260 640 1433 696 etiam
1463 638 2181 712 furator,quandoquidem

540 740 605 791 ut
634 735 849 806 sapius
870 729 1410 802 diximus,plurima
1430 745 1501 784 ex
1521 727 1620 784 illa
1649 728 2031 801 decerpsit,ac
2053 744 2178 782 cor-

537 824 717 897 rupit,
747 819 1117 879 Christianus
1166 823 1362 875 autem
1417 819 1664 874 veritam
1731 821 1822 873 est
1877 819 2182 885 intcgrator

533 921 591 970 et
617 915 977 984 empressor,et
1007 907 1354 980 custos,quia
1382 905 1542 961 illam
1575 905 1896 978 intregram
1923 904 2179 970 exhibet,

535 1000 832 1074 exprimit,
880 1005 938 1054 et
983 996 1259 1052 custodit.
1308 995 1504 1066 Neque
1548 1010 1720 1066 porro
1774 992 2067 1065 Rigaltius
2097 993 2178 1049 ibi

533 1105 748 1145 manus
799 1103 938 1144 suas
986 1083 1297 1152 continuit,
1348 1083 1451 1139 sed
1505 1081 1751 1139 abstulit
1807 1081 1998 1137 adhuc
2053 1081 2176 1136 baac

531 1176 956 1248 subsequentia
984 1175 1160 1230 verba
1191 1190 1204 1229 :
1237 1173 1528 1244 Antiquior
1556 1171 1808 1227 omnibus
1865 1173 2086 1238 veritas,
2114 1173 2178 1225 ni

529 1268 718 1338 fallor.
752 1267 873 1332 Quo
905 1268 1100 1319 autem
1132 1263 1268 1333 jure
1298 1261 1416 1316 hinc
1475 1259 1814 1332 dempserit,
1875 1275 1943 1314 ex
1996 1260 2177 1315 auda-

530 1355 788 1412 cioribus
817 1353 949 1410 aliis
978 1353 1106 1424 ejus
1135 1350 1593 1407 oorrectionibus
1625 1349 1770 1406 satis
1802 1347 2171 1420 intelligitur.

529 1444 707 1501 Nobis
736 1460 906 1516 porro
939 1441 1195 1499 sufﬁciat
1225 1444 1540 1495 annotasse
1570 1438 1761 1494 varias
1810 1441 2000 1494 textus
2030 1437 2174 1492 Ter-

525 1533 762 1592 tulliani
795 1533 1096 1598 lectiones,
1155 1546 1223 1586 ac
1281 1545 1460 1600 quam
1518 1533 1671 1584 recte
1729 1532 1953 1584 asserat
1999 1529 2171 1600 longe

523 1622 986 1696 praestantiorem
1016 1635 1146 1676 esse
1175 1616 1656 1675 Christianorum
1689 1633 1866 1689 quam
1914 1615 2172 1689 philoso-

525 1714 778 1786 phorum
811 1709 1159 1779 doctrinam,
1185 1723 1498 1779 moresque
1527 1706 1786 1775 illorum,
1807 1722 1984 1778 quam
2017 1721 2168 1777 quo-

522 1801 801 1858 rumlibet
830 1799 1224 1868 ethnicorum,
1257 1796 1538 1852 castiores
1568 1799 1627 1852 et
1669 1794 2018 1851 sanctiores.
2041 1793 2166 1848 Jam

520 1906 654 1946 vero
685 1890 757 1945 de
785 1888 879 1944 his
908 1885 1446 1958 comparationibus
1475 1883 1534 1938 in
1566 1889 1770 1940 nostra
1799 1883 1870 1938 ab
1922 1881 2166 1938 Minucii

523 1979 827 2035 Octavium
875 1975 1286 2033 dissertatione
1337 1973 1566 2046 egimus
1617 1973 1926 2044 (Dissertat.
1961 1974 2018 2027 in
2049 1972 2166 2028 Mi-

521 2075 642 2124 ηαξ.
675 2081 802 2139 cap.
838 2065 928 2138 13,
961 2069 1072 2120 art.
1104 2065 1178 2135 4).

1135 2203 1363 2260 CAPUT
1402 2203 1546 2259 XIV.

518 2299 594 2354 De
649 2297 1093 2353 Christianorum
1156 2294 1411 2364 jejuniis,
1484 2291 1817 2364 pcenitentiae
1883 2292 2164 2362 operibus,

585 2370 859 2442 precibus,
919 2375 970 2442 et
1025 2366 1257 2442 solemni
1316 2365 1430 2442 diei
1501 2365 1804 2442 Dominicae
1856 2365 2016 2442 (esto,
2069 2378 2164 2442 _a_c

589 2433 796 2512 'quanta
821 2441 881 2494 in
925 2441 994 2494 iis
1049 2437 1300 2494 omnibus
1359 2436 1586 2492 illorum
1631 2441 1684 2491 et
1720 2435 2018 2507 gentilium
2046 2433 2162 2506 dif-

592 2515 850 2584 ferentia.

1051 2637 1369 2678 ARTICULUS
1399 2637 1629 2676 PRIMUS.

524 2717 701 2785 Quam
729 2715 894 2783 longa
923 2717 978 2767 et
1011 2711 1242 2785 horrida
1294 2711 1513 2785 fuerint
1552 2709 1771 2785 jejunio
1828 2709 2163 2785 Christiano-

591 2803 717 2841 rum
779 2780 1124 2856 ."quiziztuiii
1179 2783 1247 2837 ab
1297 2780 1810 2856 hacpbstinentias’
1877 2782 2164 2856 seueritate

589 2858 839 2913 abessent
864 2851 1118 2910 convivia
1140 2863 1196 2908 et
1222 2868 1390 2909 earnm
1425 2853 1847 2922 Megarensium,
1889 2851 2160 2918 tribuum,

591 2931 903 2992 curiarum,
935 2941 1000 2981 ac
1043 2925 1421 2989 decuriarum,
1443 2924 1880 2978 Herculanarum
1926 2924 2163 2978 decima-

593 3017 740 3068 rum,
798 3000 1180 3070 polluctorum,
1256 2997 1671 3070 Apaturiorum,
1753 2996 2163 3066 Dionysiorum,

592 3067 896 3127 Atticorum
941 3071 1360 3141 mysteriorum,
1410 3067 1808 3141 Serapimrum
1860 3082 2160 3136 cwnarum,

592 3143 689 3200 ubi
716 3145 783 3199 de
810 3139 1090 3214 sparteoli:
1110 3143 1165 3195 et
1195 3139 1496 3211 infamibus
1521 3139 1806 3210 parasitis.

2292 547 2450 604 hunc
2483 550 2716 606 nonnisi
2741 567 2869 606 sero
2901 567 2964 605 ac
2987 551 3095 606 sub
3124 550 3313 606 noctis
3342 550 3577 605 initium
3602 550 3951 606 sumebant.

2291 637 2488 710 Neque
2520 638 2730 694 horum
2761 639 3068 695 verborum
3103 639 3222 694 haec
3253 645 3453 694 nostra
3484 643 3574 695 est
3606 639 3944 711 explicatio,

2291 726 2392 781 sed
2417 726 2625 799 ipsius,
2662 727 2762 800 qui
2793 727 2932 783 alibi
2965 727 3334 800 apertissime
3365 726 3512 783 dixit
3546 744 3559 782 :
3591 729 3948 784 Abstinentes

2289 814 2357 870 ab
2385 817 2606 888 eis,quae
2636 817 3362 887 tamen,quemadmodum
3387 816 3643 872 haeretici
3669 818 3942 890 quidam,

2288 918 2399 959 non
2456 906 2761 976 rejicimus,
2819 908 2914 960 sed
2968 903 3281 976 differimus
3353 905 3561 975 (Idem,
3617 903 3684 959 de
3754 905 3938 972 Jejun.

2288 1008 2417 1063 cap.
2452 995 2742 1066 15),atque
2773 994 2854 1050 ita
2876 995 3106 1065 jejuuia
3136 998 3336 1049 nostra
3367 994 3425 1048 in
3459 1009 3769 1065 vesperum
3807 1011 3942 1065 pro-

2289 1081 2584 1138 ducimus.
2617 1084 2765 1149 Quin
2798 1083 2916 1138 imo
2947 1081 3233 1153 Christus,
3265 1087 3412 1137 teste
3443 1081 3722 1144 Eusebio.
3757 1086 3947 1139 secta-

2286 1175 2441 1226 tores
2471 1187 2609 1227 suos
2657 1173 2936 1228 docuerat
2983 1172 3055 1227 ad
3110 1169 3328 1226 multos
3377 1172 3504 1226 dies
3555 1171 3685 1227 cibo
3720 1177 3776 1227 et
3807 1173 3947 1227 vino

2286 1257 2696 1317 lubentissime
2728 1261 3043 1328 abstinere,
3084 1261 3300 1315 durum
3351 1278 3416 1315 ac
3465 1277 3734 1316 severum
3767 1277 3949 1332 agere

2286 1347 2514 1404 vivendi
2547 1367 2752 1422 genus,
2787 1356 2960 1422 atque
2990 1350 3341 1406 immensam
3393 1367 3506 1404 non
3537 1350 3732 1412 {modo
3777 1349 3945 1405 viro-

2284 1453 2435 1505 rum,
2468 1454 2671 1494 verum
2701 1440 2876 1494 etiam
2911 1438 3219 1495 mulierum
3253 1437 3696 1494 multitudinem
3729 1455 3796 1493 eo
3823 1438 3941 1492 im-

2282 1525 2532 1598 pulerat,
2563 1533 2630 1584 ut
2659 1529 2871 1601 spretis
2902 1545 3211 1600 corporum
3245 1527 3564 1594 alimentis,
3597 1527 3940 1583 divinarum

2281 1615 2477 1686 potius
2532 1615 2848 1673 lectionum
2908 1615 3252 1673 rationalem
3332 1616 3530 1672 cibum
3588 1621 3943 1688 appeterent

2280 1703 2512 1775 (Euseb.
2547 1705 2696 1762 Orat.
2727 1706 2793 1762 de
2815 1707 2972 1765 laud.
3028 1705 3394 1777 Constantini,
3452 1723 3580 1778 cap.
3649 1706 3732 1772 l7,
3792 1722 3934 1779 pag.

2276 1794 2424 1864 661).
2459 1794 2605 1860 Quid
2639 1797 2853 1851 mirum
2897 1795 3097 1866 igitur,
3133 1795 3182 1852 si
3213 1795 3272 1850 hi
3301 1795 3373 1851 ab
3427 1795 3634 1851 eodem
3687 1793 3935 1850 Tertul-

2277 1881 2432 1938 liano
2464 1889 2662 1939 nostro
2695 1884 2973 1940 dicuntur
2997 1886 3152 1940 omni
3179 1884 3278 1940 illa
3310 1885 3650 1940 continentia
3678 1887 3940 1956 expressi

2273 1969 2541 2042 (Tertull.
2575 1973 2848 2042 Apologet.
2902 1991 3029 2046 cap.
3082 1974 3169 2040 40,
3221 1989 3355 2045 pag.
3411 1974 3558 2044 487),
3589 1973 3650 2028 id
3704 1979 3817 2041 est,
3854 1975 3935 2029 ita

2274 2059 2543 2116 exhausti
2575 2066 2640 2116 ut
2669 2062 2982 2118 deﬁcerent
3014 2062 3276 2134 corporis
3306 2061 3457 2117 vires
3480 2061 3508 2116 ?

2344 2167 2557 2223 Verum
2589 2169 2661 2223 ab
2711 2168 2818 2224 hac
2867 2167 3334 2224 Christianorum
3382 2167 3740 2240 frugalitate,
3771 2170 3935 2226 cibo-

2273 2272 2404 2310 rum
2437 2256 2789 2312 abstinentia
2819 2261 2876 2312 et
2897 2256 3144 2328 jejuniis
3177 2257 3348 2328 plane
3366 2257 3716 2328 penitusque
3749 2258 3934 2314 dissi-

2273 2344 2490 2400 debant
2521 2363 2694 2400 coenae
2726 2345 3117 2413 ethnicorum,
3152 2346 3409 2418 profusis
3451 2346 3792 2418 sumptibus
3828 2365 3930 2419 ap-

2273 2437 2511 2504 parataa,
2591 2435 2978 2490 immoderata
3060 2434 3350 2503 convivia,
3430 2435 3926 2506 compotationes,

2272 2523 2754 2590 comessationes,
2786 2522 3200 2580 helluationes.
3243 2524 3505 2578 Primum
3544 2524 3700 2579 enim
3733 2529 3926 2597 Mega-

2271 2610 2532 2665 rensium
2583 2611 3051 2682 intemperantia,
3102 2612 3182 2666 ait
3246 2611 3669 2678 Tertullianus,
3742 2614 3923 2685 plane

2271 2698 2643 2770 redarguitur
2665 2699 2771 2755 hoc
2794 2699 3066 2772 Diogenis
3089 2699 3240 2755 dicto
3266 2717 3279 2757 :
3304 2723 3332 2750 ‹‹
3355 2703 3725 2772 Megarenses
3749 2703 3921 2760 obso-

2270 2792 2433 2854 nant,
2467 2788 2636 2859 quasi
2667 2789 2924 2844 crastina
2953 2789 3047 2844 die
3081 2788 3348 2844 morituri
3383 2807 3396 2856 ;
3431 2788 3725 2844 aedificant
3753 2807 3918 2863 vero,

2270 2877 2438 2946 quasi
2471 2893 2773 2948 nunquam
2805 2877 3074 2933 morituri
3105 2896 3130 2930 ιι
3167 2877 3328 2947 (Ibid.
3362 2895 3490 2950 cap.
3522 2878 3916 2952 39,pag.:i73).

2271 2963 2382 3020 Sed
2415 2964 2464 3019 si
2488 2965 2714 3022 Laertio
2747 2966 2918 3022 {idem
2952 2964 3190 3035 habeas,
3243 2968 3657 3040 Agrigentiuos
3711 2969 3923 3042 Empe-

2272 3052 2467 3108 docles
2507 3054 2718 3118 (Laert.
2778 3055 2878 3109 lib.
2937 3071 3061 3123 vm,
3119 3054 3180 3108 in
3237 3056 3337 3110 Vit.
3400 3056 3692 3127 Empedoc.
3729 3058 3919 3126 §33);

2273 3141 2323 3197 si
2352 3142 2596 3209 tEliano,
2631 3143 2738 3198 hos
2797 3144 2956 3216 ipsos
3005 3143 3164 3199 Plato
3222 3143 3453 3215 (Elian.
3512 3145 3615 3200 lib.
3679 3163 3762 3200 xu
3797 3148 3919 3204 Var.

589 3259 836 3312 οωιθηε
885 3255 1040 3310 inter
1095 3251 1562 3309 Christianorum
1610 3250 1857 3306 νίι-ιυιθε
1906 3249 2158 3305 maxime
2190 3202 2233 3269 (εἶ
2272 3232 2482 3287 Histor.
2515 3232 2734 3304 cap.28)
2771 3249 2786 3301 ;
2817 3202 2866 3288 si
2898 3202 3236 3302 Plutarcho,
3259 3233 3513 3289 Rhodios
3544 3235 3919 3292 Stratonicus

514 3343 759 3401 emicuit
785 3347 905 3398 tam
936 3341 1165 3408 sedula,
1219 3357 1398 3412 quam
1443 3340 1592 3394 dura
1635 3339 2002 3410 jejuniorum
2053 3337 2156 3393 ob-

515 3434 934 3490 servandorum
968 3448 1109 3486 cura
1137 3435 1195 3486 et
1225 3429 1580 3496 sollicitudo,
1614 3446 1728 3499 qua
1773 3445 1888 3483 non
1932 3427 2152 3496 minus,

517 3537 696 3594 quam
728 3520 861 3576 aliis
891 3517 1225 3587 virtutibus,
1282 3518 1354 3572 ab
1411 3516 1664 3574 ethnicis
1720 3515 2150 3587 discrepabunt.

514 3611 676 3681 Saepe
722 3608 877 3666 enim
924 3607 1136 3680 saepius
1190 3623 1255 3662 ac
1303 3605 1556 3678 publicis
1608 3606 1664 3660 in
1717 3603 2151 3660 calamitatibus

511 3698 771 3753 divinam
820 3695 1282 3752 misericordiam
1335 3711 1448 3750 non
1482 3711 1584 3766 pro
1633 3711 1695 3750 se
1743 3698 1995 3762 tantum,
2045 3692 2147 3748 sed

510 3786 635 3842 suis
664 3785 836 3841 etiam
872 3801 974 3857 pro
1004 3783 1283 3849 inimicis,
1313 3783 1461 3838 987
1490 3800 1602 3837 non
1628 3780 2146 3854 perfunctoria,sed

507 3876 826 3931 durissima
865 3873 1159 3946 rigidioris
1199 3872 1411 3944 jejunii
1463 3870 1862 3927 observatione
1910 3887 2148 3926 exorare

506 3963 1113 4020 conabantur-Audias
1142 3961 1314 4017 velim
1349 3961 1671 4032 ipsummet
1692 3958 2142 4016 Tertullianum:

505 4053 632 4122 Nos,
691 4052 906 4125 inquit,
955 4051 1195 4123 jejunii:
1251 4049 1418 4117 aridi,
1453 4049 1563 4106 hoc
1621 4055 1731 4113 est,
1787 4047 2032 4105 confecti
2090 4052 2146 4103 et

506 4140 991 4213 arefacti,quippe
1021 4137 1122 4211 qui
1153 4126 1266 4194 non
1287 4137 1419 4193 aliis
1445 4136 1591 4193 cibis
1608 4153 1784 4209 quam
1807 4135 1988 4191 aridis
2017 4140 2142 4190 tum

503 4229 815 4286 vescimur.
848 4229 994 4285 Nam
1026 4227 1123 4284 ille
1151 4227 1290 4284 alibi
1317 4243 1502 4293 meras,
1531 4226 1630 4296 ait,
1662 4226 1745 4281 vet
1764 4224 1952 4281 aridas
1971 4240 2141 4293 escas;

503 4336 567 4375 ac
590 4318 765 4392 paulo
797 4317 1144 4391 explicatius
1171 4333 1185 4374 :
1216 4338 1244 4367 ‹‹
1295 4314 1693 4388 XerOphagias
1739 4315 2139 4380 observamus,

502 4407 788 4464 siccantes
819 4405 1013 4462 cibum
1045 4405 1117 4461 ab
1149 4405 1310 4461 omni
1342 4420 1538 4472 carne,
1582 4402 1742 4460 omni
1791 4401 2138 4474 jurulentis,

499 4495 936 4559 etavidioribus
981 4493 1314 4566 quibusque
1370 4492 1580 4566 pomis,
1655 4509 1726 4549 ne
1785 4493 1925 4564 quid
1983 4492 2140 4548 vino-

2265 3318 2373 3374 hoc
2399 3320 2658 3375 convivio
2692 3320 3012 3376 verberavit
3042 3319 3366 3392 (Plutarch.
3388 3322 3452 3376 de
3474 3321 3716 3393 Cupidit.
3743 3325 3912 3382 Civit.

2263 3426 2396 3481 pag.
2427 3411 2552 3480 524,
2584 3415 2726 3466 tom.
2760 3410 2852 3482 ll).
2909 3413 2980 3466 At
3009 3409 3152 3466 illud
3199 3428 3233 3466 a
3263 3410 3553 3481 pluribus,
3586 3417 3644 3467 et
3673 3413 3746 3468 de
3779 3413 3908 3485 plu-

2262 3497 2424 3554 ribus
2455 3497 2567 3552 dici
2594 3514 2658 3553 ac
2680 3499 2860 3570 repeti
2885 3497 3142 3570 potuisse
3174 3499 3308 3570 quis
3337 3499 3695 3555 inficiabitur
3714 3502 3744 3557 ?
3764 3503 3908 3569 Qui-

2261 3602 2490 3658 cunque
2521 3603 2690 3658 porro
2722 3587 2939 3643 fuerint
2978 3587 3036 3642 hi
3079 3588 3299 3659 populi,
3353 3606 3388 3644 a
3427 3588 3901 3648 Christianorum

2258 3675 2573 3732 sobrietate
2631 3680 2687 3731 et
2752 3676 2997 3747 jejuniis
3057 3693 3337 3750 perquam
3412 3679 3666 3734 maxime
3724 3680 3903 3736 alieni

2256 3768 2440 3820 erant.

2327 3874 2401 3924 At
2432 3887 2546 3926 non
2579 3871 2650 3925 de
2681 3869 2799 3926 illis
2828 3870 3030 3942 procul
3076 3870 3275 3940 dubio,
3335 3873 3437 3928 sed
3496 3873 3567 3928 de
3626 3873 3903 3945 pluribus

2255 3956 2387 4014 aliis
2417 3957 2528 4013 hoc
2558 3962 2774 4014 Auctor
2805 3965 3004 4015 noster
3043 3960 3350 4031 subjunxit
3381 3977 3395 4016 :
3428 3984 3455 4010 ‹‹
3489 3962 3598 4018 Tot
3628 3963 3903 4020 tribubus

2254 4050 2310 4101 et
2340 4047 2518 4103 curiis
2547 4052 2604 4103 et
2631 4049 2785 4104 938
2835 4048 3085 4104 decuriis
3131 4050 3498 4106 ructantibus
3545 4074 3573 4102 η
3626 4053 3899 4121 (Tertull.

2252 4135 2528 4207 Apotoget.
2561 4152 2685 4208 cap.
2717 4137 2806 4205 39,
2837 4153 2976 4208 pag.
3034 4139 3180 4208 473),
3240 4137 3510 4194 videlicet
3566 4138 3766 4196 cibum
3800 4159 3900 4214 po-

2251 4227 2491 4296 tumque
2522 4225 2791 4292 nimium,
2824 4226 2925 4297 qui
2955 4243 3070 4283 non
3102 4232 3370 4299 potuerat
3401 4227 3457 4282 in
3489 4231 3792 4286 stomacho
3815 4231 3900 4286 di-

2250 4313 2398 4384 geri,
2431 4312 2866 4381 exhalantibus,
2928 4316 3123 4370 acescit
3173 4333 3285 4371 aer.
3317 4317 3425 4372 Sed
3478 4318 3774 4390 nunquid,
3807 4320 3896 4376 in-

2251 4403 2436 4474 quies,
2471 4403 2529 4458 id
2584 4403 2711 4459 sine
2769 4419 2984 4475 magna
3039 4403 3352 4477 hyperbole
3410 4406 3481 4462 ab
3531 4406 3660 4479 ipso
3717 4409 3895 4464 scribi

2250 4490 2483 4563 potuit?
2511 4491 2658 4554 Quid
2690 4497 2907 4559 autem,
2939 4493 3146 4548 amabo
3183 4499 3259 4561 te,
3291 4497 3446 4549 vetat
3485 4496 3805 4566 quominus
3836 4498 3894 4553 id

500 4585 690 4642 sitatis
721 4584 810 4640 vel
841 4585 1109 4650 edamus,
1153 4582 1239 4638 vel
1297 4586 1586 4654 petemus,
1637 4581 1850 4637 lavacri
1905 4596 2140 4653 quoque
2173 4569 2214 4634 D
2247 4578 2360 4635 dici
2390 4580 2578 4653 possit
2601 4580 2670 4636 de
2702 4579 2951 4654 publicis
2993 4581 3292 4650 conviviis,
3352 4599 3480 4654 quae
3536 4584 3622 4639 in'
3660 4587 3896 4658 magnis

502 4673 918 4729 abstinentiam
941 4675 1324 4743 conguentem
1340 4669 1502 4726 arido
1526 4670 1700 4726 victui
1722 4692 1750 4720 »
1771 4668 2135 4741 (Tertullian.

500 4759 781 4832 Apotoget.
815 4776 939 4832 cap.
971 4759 1060 4828 40,
1091 4776 1223 4832 pag.
1255 4759 1396 4828 478;
1427 4759 1492 4815 de
1542 4759 1799 4832 Jejuniis,
1857 4774 1985 4831 cap.
2020 4760 2046 4814 1
2080 4763 2139 4816 et

502 4866 630 4922 cap.
664 4849 771 4921 13).

574 4939 716 5006 Quis
745 4942 940 4994 autem
969 4936 1168 4993 aridus
1193 4936 1288 4994 ille
1317 4937 1505 5004 cibus,
1537 4940 1594 4992 et
1623 4953 1752 5008 qua:
1795 4953 1928 4994 esca
1974 4936 2136 4993 arida

503 5027 600 5096 sit,
633 5032 703 5084 ab
737 5026 1058 5099 Epiphanio
1088 5027 1373 5100 postules,
1422 5026 1527 5082 tibi
1588 5025 1961 5097 respondebit
2017 5043 2133 5081 non

501 5117 679 5174 aliam
710 5134 862 5185 esse,
893 5116 1008 5173 nisi
1039 5132 1270 5188 panem,
1329 5115 1416 5172 sal
1447 5119 1506 5171 et
1557 5131 1790 5186 aquam.
1847 5115 1954 5170 Per
1981 5119 2132 5172 totos

500 5211 694 5264 autem
725 5205 856 5261 illos
878 5206 1310 5278 jejunationum,
1343 5209 1409 5259 ut
1448 5203 1543 5259 ille
1573 5204 1852 5275 loquitur,
1878 5208 1935 5258 et
1977 5220 2134 5260 ίαν-ο-

497 5297 833 5368 phagiaram
862 5296 987 5352 dies
1053 5296 1140 5351 fas
1197 5293 1544 5351 Christianis
1603 5309 1717 5348 non
1775 5295 1900 5347 erat
1959 5291 2134 5349 hosce

499 5386 684 5453 cibos,
716 5383 1094 5456 quantumvis
1151 5399 1358 5456 parum
1416 5381 1747 5438 esculentos
1798 5385 1856 5436 et
1902 5397 2130 5450 suaves,

499 5474 706 5546 quovis
737 5475 851 5531 diei
873 5480 1135 5546 tempore
1184 5476 1539 5546 praegustare
1556 5470 1867 5543 (Epiphan.
1884 5472 2129 5542 Ezposit.

499 5563 594 5632 ῥά.
655 5567 684 5632 §
735 5565 826 5632 32,
885 5581 942 5634 p.
999 5562 1202 5634 4015);
1261 5561 1364 5618 sed
1433 5561 1504 5617 ab
1563 5558 1746 5625 omni,
1805 5559 1885 5614 ait
1939 5560 2131 5618 adhuc

501 5655 718 5708 Auctor
750 5655 970 5725 noster,
1029 5653 1150 5708 vitae
1205 5653 1383 5724 fruge,
1441 5666 1546 5708 seu
1597 5664 1972 5722 quocumque
2003 5649 2132 5708 cibo

2247 4669 2639 4740 quorumdam
2669 4669 2919 4739 dierum,
2973 4685 3037 4726 ac
3085 4671 3404 4742 praesrtim
3463 4672 3892 4745 imperatorum

2247 4757 2720 4814 solemnitatibus
2752 4758 2810 4813 in
2843 4759 2986 4825 foro,
3038 4757 3246 4830 plateis
3293 4759 3572 4832 publicis,
3621 4762 3788 4829 vicis,
3842 4774 3896 4820 et

2248 4848 2480 4902 urbium
2513 4846 2783 4920 compitis
2815 4847 3026 4903 instrui
3057 4849 3368 4905 solebant?
3397 4850 3559 4906 Tunc
3579 4851 3737 4908 enim
3773 4853 3892 4908 sin-

2245 4936 2414 5009 gulae,
2447 4953 2512 4992 ac
2533 4941 2665 4992 tota:
2715 4937 2889 4992 urbes
2936 4937 3309 5010 exhibebant,
3362 4944 3425 4995 ut
3469 4939 3624 4995 intra
3675 4941 3895 4998 videbi-

2246 5041 2400 5092 mus,
2433 5025 2807 5081 tabernarum
2838 5030 2894 5081 et
2916 5027 3263 5097 popinarum
3295 5027 3730 5098 speciem.0uid
3755 5046 3892 5104 ergo

2246 5114 2461 5169 mirum
2494 5114 2541 5170 si
2573 5119 2735 5170 tanta
2760 5113 3134 5171 multitudine
3164 5116 3492 5184 hominum,
3531 5118 3697 5174 cibos
3732 5119 3892 5173 indi-

2243 5208 2440 5275 gestes
2471 5207 2528 5259 et
2557 5204 2936 5259 immoderate
2967 5211 3234 5276 sumptos
3264 5205 3892 5276 exhalantium,ructi-

2242 5292 2353 5347 bus
2382 5309 2480 5348 aer
2508 5291 2840 5349 acesceret?
2871 5293 3184 5350 Turnebus
3215 5295 3410 5367 itaque
3442 5295 3676 5351 nomine
3717 5299 3893 5352 curiis

2242 5381 2460 5438 frustra
2489 5381 2784 5455 designari
2816 5383 3058 5453 putabat
3087 5399 3154 5439 ea
3183 5383 3462 5449 convivia,
3495 5401 3622 5455 qua:
3656 5385 3712 5440 in
3740 5386 3895 5458 (ipsa

2241 5470 2396 5526 curia
2453 5487 2488 5526 a
2541 5470 2870 5527 Curialibus
2927 5471 3218 5527 dabantur
3275 5473 3554 5544 (Turneb.
3617 5473 3722 5530 lib.
3805 5490 3891 5533 xu

2239 5558 2458 5615 Advers.
2491 5576 2617 5632 cap°
2654 5559 2915 5631 13).Nam
2945 5557 3349 5617 Tertullianus
3379 5562 3450 5616 de
3483 5561 3600 5618 illis
3624 5562 3889 5634 publicis

2239 5649 2518 5715 conviviis
2551 5649 2705 5706 haud
2737 5649 2911 5706 dubie
2943 5649 3362 5721 intelligendus
3394 5657 3502 5707 est.
