4158 6328
541 334 685 394 1031

1092 327 1614 391 TERTULLlANl
1659 327 1978 390 OPEllUM
2027 327 2224 386 PARS
2270 323 2313 384 Ι.
2347 357 2425 370 -
2455 323 2729 385 SEHIES
2775 327 2820 393 l,
2867 323 3432 387 APOLOGETICA.

3777 324 3942 384 1032

545 466 819 521 libertatis
875 464 974 520 sub
1019 467 1429 519 aucloramento
1478 461 1844 535 (Tertullian.
1905 461 2176 532 Apologet.
2209 463 2262 528 Α
2294 462 2467 530 atque
2515 457 2739 527 habitu,
2771 459 3002 528 invidia,
3049 458 3242 529 inquit
3290 455 3706 524 Tertullianus,
3738 456 3941 512 celum

541 572 666 627 cap.
699 555 786 622 39,
825 571 954 625 pag.
993 552 1137 623 475),
1184 555 1239 607 id
1290 558 1397 619 est,
1434 553 1927 623 quemadmodum
1979 567 2046 605 ex
2094 549 2176 604 Ci-

536 657 762 709 cerone,
814 642 1090 696 Suetonio
1140 641 1387 711 aliisque
1419 641 1736 712 colligitur,
1770 639 1935 711 quasi
1959 639 2176 710 stipen-

539 730 656 800 dio,
688 730 870 801 pretio
923 737 981 784 et
1037 731 1302 786 mercede
1361 731 1563 784 ventris
1617 731 1767 783 inter
1819 727 2176 784 contumelias

536 818 834 894 saginandi
864 819 1065 890 (Cicer.
1102 818 1202 871 lib.
1245 835 1263 871 ι
1307 817 1373 871 de
1419 819 1562 886 ofﬁc.
1614 833 1745 889 pag.
1784 817 1909 884 372,
1961 815 2066 869 lin.
2100 816 2170 881 3;

535 908 772 962 Sueten.
807 907 906 962 lib.
941 924 1004 960 ιιι
1042 907 1137 963 Vit.
1178 907 1348 961 Tiber.
1380 906 1409 976 §
1446 907 1521 974 7).
1556 905 1679 959 Alio
1711 912 1903 960 autem
1937 905 1994 958 in
2026 904 2174 958 libro

534 1011 633 1052 eos
665 1000 826 1052 vocat
855 996 1058 1051 ventris
1106 996 1406 1066 operarios,
1455 1011 1603 1065 quos
1643 993 1922 1064 patientia
1968 1009 2002 1046 a
2049 992 2172 1046 dia-

538 1084 666 1141 bolo
724 1084 1006 1155 inspirata
1060 1083 1465 1140 contumeliosis
1537 1084 1786 1154 patronis
1837 1081 2176 1152 subjectione

535 1173 800 1230 libertatis
830 1173 1039 1228 addicit
1071 1171 1330 1243 (Tertull.
1363 1172 1427 1227 de
1449 1174 1686 1242 patient.
1738 1171 1848 1225 sub
1898 1171 1997 1224 ﬁn.
2043 1186 2170 1240 cap,

535 1265 643 1331 16).
693 1263 804 1318 Sed
854 1262 1004 1317 hanc
1057 1261 1568 1331 ignavissimorum
1604 1260 1909 1315 hominum
1942 1266 2172 1331 gentem

533 1367 651 1422 prae
683 1350 902 1406 caeteris
933 1350 1207 1422 graphice
1236 1349 1545 1404 Terentius
1576 1347 1859 1419 depingit,
1895 1363 2068 1418 quem
2124 1345 2172 1401 si

532 1439 692 1495 adire
741 1444 795 1493 te
851 1455 964 1493 non
1017 1437 1230 1509 pigeat,
1279 1439 1436 1507 quod
1479 1439 1536 1492 in
1586 1435 1926 1492 Tertulliani
1981 1435 2172 1491 verbis

529 1528 845 1582 obscurum
904 1527 1180 1594 invenies,
1214 1526 1564 1598 explicatum
1623 1525 1866 1580 habebis
1918 1525 2168 1592 (Terent.

528 1616 774 1671 Eunuch.
801 1621 909 1670 act.
945 1615 1013 1685 II,
1047 1631 1204 1669 scen.
1242 1616 1323 1684 ii).

602 1706 681 1760 Ab
712 1704 805 1759 his
847 1705 1047 1774 utique
1079 1703 1353 1758 omnibus
1386 1703 1527 1759 adeo
1557 1701 1964 1775 intemporalis
2005 1717 2070 1756 ac
2099 1699 2169 1754 1i-

529 1793 816 1848 bidinosis
855 1792 1221 1847 ethnicorum
1266 1791 1445 1847 caenis
1503 1798 1559 1847 et
1606 1791 1881 1848 conviviis
1940 1791 2171 1862 penitus

532 1881 923 1936 abhorrebant
974 1880 1308 1946 Christiani,
1365 1881 1460 1951 qui
1541 1897 1752 1951 corpus
1819 1895 1992 1934 suum
2051 1883 2171 1932 tam

529 1969 721 2040 longis
755 1969 1058 2040 durisque,
1110 1970 1260 2023 sicut
1300 1970 1580 2035 diximus,
1607 1969 1856 2040 jejuuiis
1915 1983 2171 2022 macera-

527 2057 690 2128 bant,
713 2063 770 2112 et
791 2075 1038 2129 quorum
1061 2075 1225 2111 ccena
1255 2057 1492 2111 omnino
1525 2056 1767 2129 frugalis
1789 2061 1845 2111 et
1869 2056 2171 2111 modestis-

525 2148 678 2202 sima
707 2153 848 2216 erat,
885 2148 965 2202 uti
1002 2154 1199 2219 postea
1230 2149 1623 2202 ostendemus.

1142 2306 1457 2346 ARTICULUS
1499 2307 1558 2344 ιι.

528 2381 705 2449 Quam
739 2381 951 2434 diversa
997 2384 1225 2450 [uerunt
1273 2380 1684 2447 pwnitentialia
1732 2377 2172 2433 Christianorum

593 2468 658 2506 ac
684 2455 976 2522 geniitium
999 2449 1191 2522 Opera,
1234 2452 1428 2521 quibus
1455 2452 1546 2504 illi
1574 2451 1766 2504 cretum
1805 2449 2173 2522 invidiagtun-

595 2520 878 2589 deliant,hi
901 2520 1043 2577 vero
1062 2520 1255 2593 impiis
1276 2522 1760 2594 superstitionibus
1788 2537 1981 2576 verum
2003 2520 2175 2574 Deum

598 2610 810 2664 semper
843 2594 1171 2649 irritatam.

603 2718 758 2773 Satis
799 2718 1147 2773 Christianis
1180 2735 1292 2773 non
1327 2716 1434 2772 fuit
1464 2735 1576 2772 non
1612 2717 1800 2772 solum
1836 2716 2082 2787 publicis
2113 2716 2171 2769 in

533 2806 986 2867 calamitatibus,
1022 2807 1118 2860 sed
1183 2805 1314 2860 aliis
1365 2807 1536 2861 etiam
1589 2806 1793 2860 diebus
1827 2811 1942 2859 tam
1977 2821 2174 2859 severa

533 2900 883 2966 austeraque
930 2895 1283 2964 jejuniorum
1315 2894 1712 2950 observatione
1744 2893 1888 2948 iram
1925 2892 2016 2948 Dei
2054 2891 2171 2964 pla-

536 3001 701 3055 care;
730 2988 836 3041 sed
870 2987 928 3040 in
955 3002 1106 3041 sacco
1135 2986 1332 3052 etiam,
1357 2985 1438 3040 ait
1466 2983 1878 3051 Tertullianus,
1910 2988 1964 3038 et
1991 2985 2177 3036 cinere

533 3077 848 3133 volutantes
875 3075 1048 3147 (male
1078 3075 1135 3129 in
1169 3076 1399 3130 duobus
1422 3074 1846 3141 antiquioribus
1877 3073 2175 3128 codicibus

536 3166 754 3222 nostris
810 3165 1154 3232 volvitantes,
1217 3165 1410 3218 littera
1457 3166 1478 3217 i
1537 3168 1885 3233 praepostere
1937 3160 2172 3230 addita),

531 3255 745 3311 invidia
827 3257 1021 3309 coetum
1110 3253 1392 3308 tundimus
1465 3251 1828 3318 (Tertullian.
1907 3251 2172 3320 Apologet.

533 3346 660 3416 cap.
693 3342 782 3412 40,
833 3359 962 3413 pag.
1016 3343 1164 3413 487).
1210 3343 1356 3396 Tum
1407 3340 1606 3411 itaque
1652 3345 1830 3395 Deum
1867 3337 2182 3419 exaraturi,

543 3449 675 3490 sese
702 3431 1042 3488 volutabant
1072 3434 1130 3487 in
1162 3447 1328 3486 sacco
1350 3437 1406 3486 et
1437 3432 1647 3497 cinere,
1673 3447 1785 3485 non
1809 3446 1975 3484 secus
2007 3433 2181 3498 atque

535 3520 634 3578 alii
661 3521 760 3592 qui
791 3520 1083 3592 publicam
1118 3522 1189 3575 ob
1249 3520 1440 3575 scelus
1495 3535 1668 3590 grave
1712 3517 1945 3590 aliquod
1987 3518 2044 3571 in
2077 3523 2179 3570 Eo-

532 3609 734 3666 clesiis
804 3609 1196 3679 pmnitentiam
1274 3609 1542 3679 agebant.
1605 3609 1815 3662 llorum
1887 3609 2178 3663 enimvero

530 3721 561 3750 «
591 3698 924 3769 disciplina,
958 3698 1110 3753 sicut
1161 3697 1297 3752 alibi
1331 3704 1548 3751 Auctor
1589 3701 1785 3751 noster
1812 3695 2074 3762 tradidit,
2108 3699 2178 3752 de

525 3785 654 3858 ipso
687 3785 912 3852 habitu,
971 3791 1144 3857 atque
1195 3787 1366 3854 victu,
1402 3786 1640 3840 mandat
1670 3801 1837 3839 sacco
1890 3789 1946 3838 et
1996 3783 2174 3839 cineri

523 3875 1058 3946 incubare,corpus
1079 3877 1352 3931 sordibus
1385 3876 1719 3942 obscurare,
1743 3875 2005 3929 animum
2039 3891 2176 3928 mm-

520 3964 754 4020 roribus
809 3964 1063 4036 dejicere
1116 3986 1144 4014 »
1205 3965 1405 4034 (Idem.
1461 3964 1524 4020 de
1579 3965 1778 4018 Pwnit.
1829 3979 1955 4033 cap.
1995 3963 2069 4033 9).
2105 3963 2174 4017 Et

521 4051 695 4124 paulo
728 4059 858 4124 post
901 4071 913 4108 :
948 4076 975 4102 ‹‹
1014 4057 1184 4107 Extra
1238 4053 1497 4108 laetitiam
1530 4056 1754 4124 oportet
1780 4051 2078 4114 diversari,
2115 4051 2169 4105 in

523 4142 922 4212 asperitudine
967 4142 1140 4207 sacci,
1193 4147 1250 4196 et
1301 4141 1536 4196 horrore
1583 4141 1814 4204 cineris,
1849 4145 1904 4194 et
1935 4139 2052 4194 oris
2101 4148 2171 4194 de

513 4229 742 4300 jejunio
773 4231 1031 4286 vanitate
1065 4254 1085 4282 ι
1129 4231 1334 4302 (Idem,
1385 4231 1526 4285 ibid.
1569 4247 1694 4300 cap.
1748 4231 1854 4300 11).
1906 4233 1972 4281 Et
2017 4234 2169 4283 certe

519 4318 840 4390 Cyprianus
891 4318 1086 4390 lapsos
1134 4321 1203 4374 ad
1261 4321 1665 4391 paenitentiam
1702 4318 1795 4372 his
1842 4317 2031 4373 verbis
2065 4318 2168 4372 ad-

517 4406 790 4462 hortatur
822 4425 833 4464 :
868 4432 895 4458 «
931 4413 1108 4464 Orare
1173 4413 1400 4480 oportet
1451 4407 1777 4479 impensius
1831 4413 1888 4463 et
1944 4423 2165 4477 rogare,

520 4495 675 4551 diem
732 4497 889 4552 luctu
947 4501 1290 4569 transigere,
1325 4496 1536 4568 vigiliis
1577 4501 1775 4552 noctes
1824 4512 1889 4550 ac
1931 4495 2166 4550 ﬂetibus

2201 1837 2249 1900 B

2286 549 2599 604 tundebant
2629 548 2890 620 (Tertull.
2941 551 3225 620 Apologet.
3275 564 3401 619 cap.
3467 547 3552 618 40,
3602 563 3734 619 pag.
3784 547 3936 613 487).

2284 635 2344 690 Si
2376 638 2514 707 quid
2549 644 2746 693 autem
2779 654 2990 693 nomen
3023 639 3234 693 invidia
3266 637 3641 692 obscuritatis
3694 635 3774 690 ibi
3823 635 3936 690 ha-

2285 725 2440 792 beat,
2474 726 2611 784 huic
2639 727 2830 783 lucem
2861 729 3120 800 aliquam
3154 728 3358 783 aII‘erre
3391 732 3641 797 possunt
3666 743 3755 792 ea,
3804 742 3934 797 quae

2284 814 2356 867 de
2388 814 2657 886 ipsismet
2688 817 2938 871 ethnicis
2981 815 3120 872 alibi
3170 816 3412 871 tradidit
3444 833 3456 870 :
3491 838 3519 864 «
3551 815 3718 886 Apud
3751 831 3932 885 quas-

2283 902 2418 957 dam
2451 902 2709 960 colonias
2739 922 2936 960 annuo
2986 905 3097 958 ritu
3155 905 3306 960 sacci
3368 904 3564 973 velati,
3622 907 3679 959 et
3735 903 3932 959 cinere

2282 991 2602 1063 conspersi,
2659 992 2832 1048 idolis
2890 994 3014 1048 suis
3073 995 3351 1048 invidiam
3407 993 3730 1064 supplicem
3780 993 3929 1062 obji-

2282 1078 2463 1135 ciunt.
2501 1122 2514 1135 .
2550 1122 2563 1136 .
2600 1121 2612 1134 .
2655 1081 3030 1138 Niniviticum
3061 1084 3232 1137 credo
3255 1081 3580 1153 justitium.
3615 1104 3642 1130 ››
3676 1087 3754 1136 De
3793 1099 3932 1136 san-

2282 1167 2390 1223 ctis
2421 1185 2554 1225 vero
2585 1171 2940 1242 martyribus
2970 1171 3188 1226 nostris
3225 1188 3237 1226 :
3275 1191 3302 1220 α
3332 1171 3602 1227 Clamant
3628 1172 3699 1226 ad
3731 1170 3933 1226 Domi-

2282 1274 2422 1312 num
2459 1258 2676 1314 invidia
2700 1259 2908 1314 animae
2941 1265 3262 1332 martyrum
3293 1259 3405 1316 sub
3435 1257 3604 1315 altari
3628 1276 3642 1314 :
3663 1261 3930 1324 Quonam

2281 1361 2471 1417 usque
2502 1364 2616 1402 non
2647 1346 2965 1418 ulcisceris,
2989 1348 3253 1418 Domine,
3276 1348 3624 1420 sanguinem
3656 1354 3931 1404 nostrum

2283 1434 2352 1489 de
2384 1433 2589 1490 incolis
2620 1435 2830 1491 terrai?
2863 1459 2890 1485 »
2920 1437 3103 1508 (Idem
3135 1438 3203 1492 de
3233 1435 3383 1492 Orat.
3414 1452 3542 1508 cap.
3573 1435 3653 1506 5.)
3686 1435 3934 1492 Illorum

2281 1524 2454 1578 etiam
2506 1524 2805 1580 cicatrices
2862 1531 3027 1580 vocat
3076 1525 3385 1581 invidiosus
3433 1524 3579 1596 apud
3625 1524 3934 1590 Christum,

2280 1614 2376 1682 qui
2430 1615 2624 1668 vicisse
2678 1617 2968 1685 cupierunt
3023 1615 3206 1686 (Idem
3239 1615 3312 1670 De
3355 1615 3595 1670 Pudicit.
3657 1615 3718 1668 in
3777 1615 3935 1683 ﬁn.).

2281 1700 2428 1766 Quin
2464 1702 2641 1757 etiam
2673 1703 2743 1758 de
2792 1704 3108 1774 semetipso
3160 1702 3430 1760 similiter
3487 1703 3634 1758 dixit
3665 1718 3678 1757 :
3711 1726 3740 1753 «
3777 1703 3940 1760 Malo

2284 1789 2562 1845 invidiam
2595 1791 2667 1857 ei,
2701 1791 2816 1847 Deo
2863 1792 3149 1863 videlicet,
3182 1791 3370 1848 facere
3417 1809 3517 1862 per
3567 1792 3939 1849 voluntatem

2279 1878 2466 1949 ipsius
2499 1881 2816 1949 pereundo,
2839 1897 3016 1952 quam
3040 1881 3217 1938 bilem
3242 1897 3344 1954 per
3368 1898 3565 1938 meum
3597 1882 3940 1938 eradendo»

2279 1969 2463 2035 (Idem
2523 1971 2589 2024 de
2642 1971 2771 2040 Iv‘ug.
2829 1973 2888 2026 in
2942 1987 3142 2043 persec.
3201 1988 3330 2043 cap.
3384 1973 3492 2042 18).
3525 1971 3673 2036 Quid
3706 1972 3884 2043 plura
3918 1976 3943 2028 ἒ

2279 2057 2493 2110 Statius
2536 2059 2631 2112 ubi
2668 2065 2909 2114 mortem
2967 2060 3147 2130 patris
3196 2059 3478 2130 deplorat,
3512 2062 3631 2116 haec
3666 2061 3889 2116 cecinit
3923 2077 3937 2116 :

2373 2180 2543 2248 Major
2570 2187 2713 2231 certe
2745 2183 2877 2232 alios
2905 2198 3129 2246 superos
3158 2188 3211 2233 et
3236 2187 3435 2233 tartara
3465 2184 3677 2248 pulsem

2376 2243 2597 2294 Inwdm.
2623 2307 2772 2368 (Stat.
2805 2307 2896 2357 lib.
2931 2322 2979 2356 ix
3011 2307 3222 2370 Sylvar.
3261 2310 3312 2358 in
3339 2310 3506 2373 patris
3538 2308 3778 2374 Epiced.)

2280 2447 2532 2503 Rursum
2567 2453 2762 2504 autem
2794 2449 2852 2504 in
2888 2449 2990 2504 lilii
3023 2450 3294 2523 Epicedio
3329 2467 3343 2507 :

2376 2624 2393 2657 ε
2620 2625 2635 2640 .
2705 2627 2717 2640 .
2784 2592 2974 2657 Nonne
3004 2592 3254 2642 horridus
3283 2594 3429 2657 ipsos

2373 2653 2580 2719 Invidia
2611 2668 2834 2716 superos
2863 2655 3168 2719 injustaque
3195 2653 3391 2706 tartara
3425 2656 3628 2718 pulsem
3651 2656 3678 2704 7

2377 2715 2564 2764 Nonne
2593 2715 2800 2779 gemam
2830 2722 2899 2776 te,
2918 2715 3098 2769 'cbare—
3117 2721 3291 2781 puer?
3427 2715 3435 2718 ⁷
3657 2781 3836 2844 (Iba)

3737 2797 3755 2830 ι
3803 2821 3814 2831 .

2281 2897 2355 2948 At
2386 2911 2526 2949 sane
2565 2901 2796 2950 constat
2839 2913 3047 2952 nomen
3080 2896 3308 2952 invidiae
3342 2898 3412 2953 iis
3443 2899 3719 2954 omnibus
3751 2900 3811 2955 in
3847 2901 3937 2956 lo-

2281 2985 2366 3039 cis
2399 3001 2511 3039 non
2545 2986 2840 3040 communi
2885 2985 3045 3041 illius
3077 2986 3408 3058 signiﬁcatu
3443 2989 3626 3059 accipi
3660 3007 3766 3060 pro
3798 2991 3936 3047 odio

2281 3077 2338 3128 ct
2369 3072 2793 3131 malevolentia.
2826 3079 2926 3129 aut
2957 3075 3025 3129 de
3058 3075 3352 3146 prosperis
3383 3077 3718 3148 cujuspiam
3751 3081 3937 3137 rebus

2287 3163 2501 3217 dolore.
2534 3162 2678 3216 Nam
2712 3163 2825 3217 ista
2853 3163 2911 3218 in
2945 3164 3124 3218 Deum
3159 3181 3263 3220 nec
3300 3167 3536 3232 cadunt,
3561 3183 3669 3222 nec
3702 3168 3778 3224 iis
3811 3174 3936 3225 tan-

2292 3250 2469 3322 gitur,
2517 3257 2618 3306 aut
2663 3252 2945 3307 excitatur
2993 3253 3062 3307 ad
3115 3253 3596 3312 misericordiam.
3652 3260 3720 3311 Et
3777 3263 3937 3316 certe

2291 3338 2485 3395 Cicero
2536 3340 2752 3396 fatetur
2794 3341 3137 3413 ambiguum
3192 3359 3318 3398 esse
3367 3360 3575 3399 nomen
3631 3345 3866 3402 invidiae
3918 3367 3932 3405 :

2290 3448 2319 3477 «
2354 3429 2514 3492 Quod
2546 3429 2811 3496 verbum,
2861 3429 3069 3500 inquit,
3112 3431 3353 3486 ductum
3403 3437 3492 3487 est
3539 3450 3572 3487 a
3620 3433 3801 3490 nimis
3833 3435 3932 3490 in-

2284 3518 2503 3571 tuendo
2535 3517 2828 3572 fortunam
2855 3518 3114 3588 alterius,
3147 3524 3212 3574 ut
3239 3524 3328 3575 est
3350 3519 3408 3574 in
3441 3520 3774 3595 Meualippo
3803 3539 3816 3578 :

2409 3649 2612 3699 Florem
2641 3651 2889 3713 quisnam
2918 3651 3143 3702 liberum
3172 3654 3364 3704 invidit
3391 3667 3567 3706 meum
3587 3658 3610 3704 *Ρ

2282 3784 2427 3840 Male
2457 3785 2655 3840 Latine
2685 3785 2929 3853 videtur,
2961 3787 3057 3842 sed
3092 3787 3366 3857 prmclare
3396 3790 3590 3845 Actius
3623 3806 3636 3844 :
3671 3794 3737 3844 ut
3767 3791 3928 3848 enim

2283 3873 2496 3940 videre,
2527 3873 2610 3928 sic
2642 3873 2901 3929 invidere
2931 3876 3121 3943 ﬂorem
3150 3877 3384 3942 rectius,
3419 3893 3597 3948 quam
3625 3881 3754 3947 ﬂori
3784 3879 3933 3935 dici-

2281 3966 2396 4017 tur.
2456 3961 2572 4016 Nos
2620 3965 3044 4018 consuetudine
3093 3963 3470 4034 prohibemur
3528 3983 3541 4020 :
3604 3974 3777 4039 poeta
3831 3971 3933 4037 jus

2281 4067 2455 4106 suum
2514 4051 2722 4118 tenuit,
2775 4055 2832 4106 et
2879 4051 3045 4120 dixit,
3096 4053 3377 4109 audacius
3409 4075 3436 4103 ››
3479 4054 3684 4124 (Cicer.
3719 4056 3819 4113 lib.
3865 4075 3930 4112 III

2285 4141 2496 4195 Tuscut.
2541 4155 2670 4212 pag.
2711 4139 2828 4207 151,
2861 4140 2963 4195 lin.
2998 4141 3107 4210 10).
3143 4141 3289 4204 Quid
3330 4159 3465 4214 ergo
3515 4144 3564 4198 si
3611 4145 3929 4201 Tertullia-

2279 4246 2390 4284 nus
2433 4245 2641 4284 nomen
2699 4229 2926 4284 invidia
2975 4231 3198 4299 eodem,
3231 4237 3401 4302 atque
3461 4234 3683 4300 Aetius,
3744 4253 3925 4291 sensu

2277 4317 2584 4389 acceperit,
2637 4334 2738 4388 pro
2808 4318 3048 4388 intuitu,
3114 4319 3244 4374 visu
3304 4324 3362 4374 et
3417 4327 3657 4392 aspectu
3717 4324 3924 4380 miseri

2277 4411 2470 4463 status
2501 4411 2557 4461 et
2598 4406 2833 4462 habitus
2877 4407 3285 4477 pmnitentium
3314 4409 3797 4478 obristianorum,
3821 4413 3925 4484 qui

2275 4510 2340 4550 eo
2373 4495 2625 4550 divinam
2661 4495 3119 4550 misericordiam
3169 4501 3409 4569 tangere
3449 4515 3516 4554 ac
3557 4515 3928 4556 commovere

521 4585 754 4650 ducere,
789 4590 1022 4656 tempus
1053 4603 1223 4641 omne
1266 4585 1609 4657 lacrymosis
1655 4585 2170 4640 lamentationibus
2202 4569 2246 4633 D
2278 4583 2773 4639 connitebantur‘l
2801 4583 3169 4655 (Tertullian.
3199 4586 3478 4657 Apologet.
3512 4603 3640 4660 cap.
3664 4589 3752 4655 40,
3788 4605 3924 4661 pag.

523 4687 827 4742 occupare,
905 4678 1089 4730 strato
1165 4674 1288 4729 solo
1364 4675 1512 4728 941
1585 4674 1900 4739 adhaerere,
1959 4673 2160 4740 cineri,

523 4758 713 4816 cilicio
794 4761 958 4832 (alias
1017 4765 1079 4818 in
1138 4765 1321 4818 cinere
1373 4773 1424 4818 et
1489 4764 1718 4834 cilicio),
1767 4769 1824 4818 et
1892 4763 2162 4818 sordibus

521 4848 772 4904 volutari
806 4873 833 4900 »
877 4851 1167 4923 (Cyprian.
1199 4851 1264 4907 de
1309 4852 1466 4923 Laps.
1501 4853 1609 4906 sub
1644 4851 1788 4922 ﬁn.).
1823 4852 1893 4906 At
1922 4868 2035 4906 non
2069 4867 2161 4907 so-

523 4935 646 4991 lum
683 4939 944 4994 criminis
971 4940 1220 5010 alicujus
1253 4957 1399 5004 reos,
1434 4941 1533 4995 sed
1580 4939 1722 4995 alios
1772 4957 2000 5010 quoque
2049 4938 2160 4992 hu-

513 5025 846 5097 juscemodi
884 5029 1278 5100 paenitentiam
1329 5031 1517 5099 egisse
1561 5033 1720 5100 patet
1758 5045 1825 5084 ex
1856 5046 1969 5082 una
2001 5027 2157 5083 Cele-

520 5114 634 5169 rini
694 5116 849 5171 edita
907 5117 1058 5172 inter
1101 5117 1472 5189 Cyprianicas
1528 5117 1793 5187 epistola,
1829 5133 1945 5187 qua
1984 5115 2159 5187 lapsae

519 5204 738 5260 sororis
760 5224 876 5260 sua:
910 5206 1127 5260 crimen
1160 5208 1242 5261 sic
1275 5223 1335 5262 se
1366 5205 1572 5260 deﬂere
1595 5207 1940 5261 testiﬁcatur
1963 5220 1976 5259 :
2002 5228 2028 5255 «
2057 5205 2158 5259 Pro

519 5294 691 5362 cujus
727 5295 892 5349 factis
922 5312 1026 5367 ego
1051 5296 1107 5349 in
1141 5295 1339 5350 laetitia
1367 5295 1600 5350 Paschze
1625 5298 1787 5358 flens,
1812 5293 1903 5348 die
1935 5310 1999 5347 ac
2029 5308 2160 5347 noc-

516 5381 662 5438 tein
698 5383 885 5439 cilicio
916 5392 972 5439 et
1011 5385 1201 5439 cinere
1250 5382 1746 5454 lycrymabundus
1802 5380 1924 5435 dies
1971 5381 2153 5452 exegi,

517 5471 574 5523 et
608 5470 772 5542 exigo
805 5488 992 5542 usque
1023 5472 1080 5527 in
1115 5470 1460 5527 hodiernum
1513 5493 1541 5520 ››
1603 5470 1807 5540 (Idem,
1841 5468 2012 5540 epist.
2042 5471 2152 5540 21).

599 5563 797 5618 Castori
857 5562 1056 5631 itaque
1111 5560 1446 5625 Christiani,
1487 5559 1597 5615 etsi
1642 5557 1863 5613 nullius
1919 5558 2155 5614 sceleris

518 5652 759 5723 conscii,
791 5650 1162 5724 publicorum
1222 5656 1416 5705 tamen
1476 5646 1881 5722 paenitentiam
1927 5647 2153 5706 actibus

2272 4672 2419 4741 487.)

2343 4760 2564 4832 Negare
2589 4764 2780 4815 autem
2807 4776 2918 4814 non
2956 4778 3272 4832 possumus
3303 4764 3374 4819 ab
3406 4764 3654 4820 ethnicis
3686 4782 3923 4839 quoque

2271 4855 2399 4905 acta
2428 4849 2694 4920 quaedam
2727 4847 2786 4902 in
2819 4849 3068 4920 publicis
3098 4851 3530 4909 calamitatibus
3565 4855 3919 4924 paenitentia

2270 4938 2422 4994 942
2468 4953 2662 5008 opera,
2716 4937 2930 5008 quibus
2988 4939 3127 4995 deos
3167 4957 3307 4996 suos
3363 4941 3614 5006 ﬂectere,
3673 4953 3730 4999 et
3789 4944 3921 5000 illos

2270 5025 2460 5082 sedari
2516 5042 2685 5096 posse
2743 5026 3202 5083 arbitrabantur.
3244 5030 3392 5084 Tum
3426 5031 3581 5086 enim
3615 5032 3916 5103 aquilicia,

2270 5114 2667 5186 nudipedalia,
2737 5115 2951 5185 populo
3027 5117 3473 5184 denuntiabant,
3547 5121 3919 5191 deponebant

2269 5205 2653 5275 magistratus
2676 5207 2731 5257 et
2757 5202 3106 5272 dignitatum
3135 5222 3376 5261 suarum
3401 5207 3918 5280 insignia,aliaque

2268 5294 2536 5364 agebant,
2569 5291 2640 5346 de
2670 5290 2885 5362 quibus
2927 5294 3203 5348 omnibus
3258 5295 3411 5350 intra
3456 5312 3700 5368 agemus
3749 5298 3912 5362 (Int‘r.

2267 5398 2391 5453 cap.
2442 5381 2533 5452 23,
2585 5386 2692 5436 art.
2744 5381 2816 5451 4).
2867 5381 2975 5435 Sed
3036 5383 3301 5438 factitum
3359 5385 3584 5453 Jovem,
3645 5386 3911 5459 aliosque

2267 5470 2360 5542 qui
2397 5471 2473 5526 dii
2507 5485 2620 5524 non
2670 5473 2856 5533 erant,
2892 5485 3192 5540 perperam
3224 5471 3572 5527 invocabant
3619 5477 3677 5528 et
3710 5491 3912 5545 preca-

2263 5560 2498 5624 bantur,
2531 5573 2729 5612 verum
2777 5556 2992 5612 etenim
3047 5557 3230 5615 Deum
3278 5559 3478 5632 impiis
3528 5560 3647 5617 illis
3677 5564 3914 5620 actibus

2263 5653 2322 5706 et
2369 5644 2890 5721 superstitionibus
2939 5646 3257 5718 irritantes,
3291 5649 3438 5704 nihil
3487 5650 3690 5723 procul
3729 5652 3911 5711 dubio
