4158 6322
293 296 447 357 1033

1201 292 1277 352 Ι).
1324 291 1421 351 LE
1462 292 1792 354 NOURRY
1829 292 2480 355 OBSERVATIONES
2526 295 2789 356 NOVIE.

3542 291 3701 352 1034

290 427 361 481 ab
393 441 479 493 eo,
514 423 667 479 sicut
694 439 797 480 nec
826 438 859 478 a
890 421 1055 478 falsis
1086 421 1198 477 diis
1230 420 1378 488 suis,
1433 425 1698 492 poterant
1748 420 1933 494 impe-
1964 424 2018 489 Α
2048 439 2180 495 pag.
2236 424 2375 491 litt;
2427 424 2604 495 idem,
2655 423 2723 479 de
2769 422 2915 479 Orat.
2972 439 3097 495 cap.
3151 424 3259 491 1t),
3312 421 3421 478 hoc
3475 424 3583 491 est,
3637 421 3699 479 in

288 519 464 571 trare.

891 624 1325 665 AWHCULUSIH.

294 720 407 787 Quo
468 718 774 772 Christiant
825 716 980 771 modo
1030 721 1204 771 Deum
1249 725 1604 786 precarentur
1659 719 1781 773 sine
1827 734 1936 773 mo-

357 792 554 859 nitore,
588 790 843 859 expansis
873 787 943 842 ad
993 789 1188 842 cretum
1216 788 1495 855 manibus,
1547 790 1723 858 capite
1766 790 1931 854 nudo,

358 864 547 917 anima
596 862 900 923 innocente,
959 867 1120 931 atque
1178 859 1247 913 ad
1306 862 1573 915 orientem
1656 864 1932 925 conversi,

359 948 627 1004 quamque
682 931 944 986 dissimili
1000 934 1211 986 ratione
1270 932 1477 985 ethnici
1523 932 1644 987 deos
1695 949 1839 1003 suos,
1873 950 1936 987 oc

360 1012 546 1061 Persa:
577 1004 742 1059 solem
772 1004 1024 1058 adorent.

360 1120 679 1177 Christiani
724 1120 839 1187 his,
894 1136 1019 1191 quae
1064 1119 1390 1191 retulimus,
1446 1120 1701 1176 horridis
1752 1122 1934 1193 paeni-

287 1209 480 1263 tentia:
512 1208 834 1273 laboribus,
868 1226 981 1263 non
1016 1207 1208 1263 solum
1245 1206 1611 1279 publicarum
1636 1207 1933 1263 calamita-

299 1305 417 1353 tum
450 1303 732 1368 tempore,
768 1297 868 1353 sed
919 1296 1171 1369 singulis
1218 1296 1416 1363 etiam,
1462 1300 1519 1351 et
1566 1297 1734 1351 statis
1783 1314 1929 1369 pras-

289 1387 490 1443 sertim
525 1386 940 1455 diebus,Deum
975 1392 1031 1442 et
1062 1403 1161 1457 pro
1193 1402 1253 1441 se
1280 1390 1335 1440 et
1366 1403 1469 1458 pro
1502 1386 1632 1441 aliis
1664 1386 1927 1456 orabant,

288 1478 409 1531 sine
436 1477 723 1544 monitore,
755 1480 820 1531 ut
845 1476 929 1531 ait
959 1480 1160 1531 auctor
1192 1479 1409 1541 noster,
1443 1478 1541 1531 sed
1593 1477 1663 1531 de
1717 1480 1931 1548 pectore

285 1565 494 1621 intimo
523 1565 763 1635 (Tertul.
795 1566 1068 1637 Apologet.
1112 1581 1237 1635 cap.
1271 1566 1360 1631 30,
1409 1582 1540 1637 pag.
1588 1566 1731 1632 443).
1786 1566 1930 1621 Data

288 1658 485 1709 autem
520 1670 694 1726 opera
724 1655 890 1719 dixit,
921 1656 1038 1710 sine
1068 1657 1367 1721 monitore;
1404 1654 1542 1726 quia
1574 1672 1702 1709 mos
1733 1655 1926 1710 ethni-

288 1760 488 1799 corum
522 1747 668 1811 erat,
703 1747 767 1798 ut
798 1743 1010 1816 aliquis
1062 1744 1338 1799 omnibus
1391 1743 1489 1815 qui
1541 1744 1930 1815 precabantur

287 1832 519 1905 praeiret
550 1849 707 1899 voce,
739 1849 953 1904 eosque
995 1836 1395 1903 praamoneret.
1450 1832 1534 1887 Ad
1593 1832 1751 1887 hunc
1798 1848 1928 1887 vero

288 1937 507 1977 morem
569 1922 811 1994 quidam
888 1922 1220 1977 referendos
1289 1925 1527 1977 censent
1594 1921 1702 1977 hos
1760 1920 1930 1976 Statii

282 2028 486 2068 VBPSUS
518 2027 534 2068 2

408 2129 541 2178 Hinc
570 2128 667 2178 tibi
697 2134 820 2179 vota
849 2133 1062 2193 patrum
1093 2129 1261 2193 credi,
1291 2142 1656 2192 generosaque
1691 2128 1856 2192 pubes

404 2193 473 2257 Te
504 2193 766 2242 monitore
797 2192 931 2257 regi,
960 2206 1137 2242 mores
1165 2198 1215 2242 et
1244 2192 1382 2242 facta
1412 2192 1646 2255 priorum

405 2255 609 2304 Dicere.

1022 2317 1179 2377 (Stat.
1212 2316 1304 2366 lib.
1334 2331 1367 2364 ν
1397 2315 1540 2380 Sylv.
1566 2331 1616 2365 v.
1641 2316 1768 2379 £88.)

276 2423 388 2478 Sed
411 2422 492 2478 ibi
515 2439 629 2478 non
656 2423 849 2495 agitur
870 2423 938 2478 de
962 2422 1099 2477 ullis
1121 2424 1390 2495 precibus
1422 2423 1705 2479 monitore
1727 2421 1922 2492 aliquo

276 2516 567 2581 praeeunte
589 2511 958 2566 recitatis.Ad
984 2528 1082 2566 eas
1104 2516 1299 2567 autem
1321 2512 1557 2583 propius
1589 2510 1809 2566 accedit
1834 2509 1922 2565 his

276 2597 501 2654 Plinius
529 2599 721 2655 verbis
752 2615 765 2653 :
804 2621 831 2650 (ς
862 2599 1132 2655 Vidimus
1161 2601 1335 2655 certis
1366 2600 1803 2672 precationibus
1828 2598 1919 2653 ob-

271 2702 533 2742 secrasse
555 2703 822 2743 summos
841 2688 1251 2760 magistratus:
1276 2692 1329 2743 et
1354 2705 1423 2743 ne
1446 2688 1586 2760 quid
1608 2688 1918 2742 verborum

272 2779 670 2847 praetereatur,
701 2779 802 2831 aut
832 2782 1248 2847 praeposterum
1291 2778 1540 2842 dicatur,
1573 2778 1643 2831 de
1700 2776 1916 2846 scripto

268 2864 473 2936 praeire
505 2864 782 2935 aliquem,
816 2882 1149 2942 rursusque.
1194 2865 1376 2921 alium
1435 2866 1737 2921 custodem
1788 2865 1913 2919 dari

266 2954 367 3026 qui
401 2955 687 3021 attendat,
718 2955 899 3009 alium
928 2970 1060 3010 vero
1115 2955 1369 3026 praeponi
1421 2954 1522 3026 qui
1572 2954 1756 3009 favere
1805 2952 1912 3008 lin-

263 3043 417 3113 guis,
482 3044 538 3097 id
598 3048 688 3100 est
747 3052 949 3113 tacere,
994 3044 1201 3113 jubeat
1257 3065 1285 3093 »
1346 3043 1518 3112 (Plin,
1570 3042 1670 3097 lib.
1734 3059 1910 3097 xxvm

261 3133 457 3188 Natur.
486 3133 619 3187 Hist.
654 3149 779 3204 cap.
811 3133 866 3199 2,
900 3151 1030 3206 pag.
1062 3133 1210 3204 556).
1245 3133 1306 3188 Si
1360 3133 1489 3203 quis
1547 3135 1747 3187 tamen
1805 3133 1906 3187 ob-

253 3219 423 3289 jiciat
454 3220 549 3275 hic
578 3221 649 3276 de
683 3221 1014 3292 praestigiis,
1045 3226 1291 3293 tumque
1325 3220 1728 3292 praenuntiatis
1760 3219 1909 3277 voci-

260 3308 372 3363 bus
405 3326 736 3365 sermonem
788 3310 1037 3381 institui,
1071 3311 1122 3366 is
1175 3316 1327 3365 certe
1386 3326 1596 3382 negare
1642 3309 1913 3381 nequibit

258 3398 641 3454 Plutarchum
665 3400 735 3454 de
758 3399 1120 3455 solemnibus
1139 3399 1447 3471 gentilium
1474 3399 1909 3471 precationibus

257 3485 595 3558 loqui,.ubi
642 3486 897 3543 monitos
938 3505 1045 3543 nos
1094 3488 1232 3544 facit
1287 3506 1321 3543 a
1376 3488 1568 3543 Numa
1621 3488 1908 3559 Pompilio

254 3580 614 3647 praeceptum
640 3576 917 3645 fuisse,ut
939 3594 1071 3632 cum
1098 3577 1478 3649 magistratus
1499 3580 1556 3633 et
1577 3578 1909 3633 sacerdotes

262 3663 485 3736 aliquid
518 3664 600 3720 rei
641 3665 852 3722 divinae
913 3666 1155 3736 iaciunt,
1217 3667 1523 3722 antecedat
1576 3682 1785 3739 prisco,
1844 3682 1909 3721 ac

258 3769 471 3825 magna
500 3770 639 3809 voce
686 3753 898 3810 clamet
930 3773 943 3811 :
978 3757 1085 3811 Hoc
1139 3773 1237 3826 age
1271 3773 1282 3812 :
1320 3755 1331 3777 ’
1363 3756 1406 3811 Ο
1463 3756 1632 3829 κηρυξ
1692 3753 1909 3831 πρόεισι

262 3840 471 3916 μεγάλῃ
507 3844 683 3918 φωνῇ,
716 3844 815 3897 Ὃκ
859 3840 953 3917 ἄγε
1007 3844 1326 3916 (Plutarch.
1388 3849 1533 3901 tom.
1595 3847 1639 3910 Ι,
1671 3846 1728 3901 in
1794 3847 1910 3900 Vita

261 3930 485 4002 Coriot.,
510 3948 641 4004 pag.
675 3933 824 4003 225).
857 3933 1119 3989 Jubebat
1147 3938 1339 3989 autem
1373 3949 1440 3988 ea
1470 3950 1626 4003 voce,
1687 3934 1906 4006 inquit,

259 4036 463 4076 omnes
494 4021 669 4076 rebus
700 4020 917 4076 divinis
949 4038 1079 4078 esse
1110 4022 1389 4087 intentos,
1432 4038 1537 4077 nec
1569 4022 1689 4077 ullo
1736 4038 1908 4093 opere

264 4114 371 4165 aut
401 4110 630 4180 negotio
661 4109 1043 4181 interpellari.
1078 4111 1203 4166 Huc
1235 4112 1456 4166 accedit
1483 4111 1784 4166 Juvenalis
1807 4110 1908 4182 qui

263 4199 334 4253 de
366 4198 585 4253 femina
614 4198 830 4254 Janum
862 4200 1242 4272 Vestamque,
1275 4204 1337 4256 ut
1394 4198 1577 4256 Pollio
1632 4199 1911 4269 vinceret,

264 4292 511 4359 rogante
539 4287 659 4343 haac
691 4288 903 4344 cecinit
935 4306 947 4344 :

388 4453 404 4469 .
474 4457 486 4468 .
553 4456 569 4484 ί.
595 4482 603 4484 _
638 4420 793 4470 Stetit
822 4424 943 4470 ante
975 4435 1138 4481 aram,
1170 4434 1271 4471 nec
1300 4425 1455 4484 turpe
1484 4422 1695 4484 putavit

391 4484 488 4547 Pro
521 4482 723 4547 cithara
752 4483 928 4533 velare
958 4488 1134 4547 caput.
1161 4482 1410 4547 dictaque
1441 4482 1604 4535 verba

386 4544 633 4607 Protulit,
665 4550 725 4595 ut
751 4560 868 4595 mos
899 4551 999 4596 est.

885 4608 1146 4670 (Juvenal.
1184 4608 1345 4657 Satir.
1373 4623 1447 4671 v1,
1478 4613 1598 4671 post
1627 4609 1791 4665 med.)

268 4730 398 4800 Adi,
432 4731 482 4787 si
503 4736 666 4788 vacat
699 4737 755 4788 et
783 4732 964 4801 lubet,
1015 4733 1381 4790 Brissonium
1439 4733 1497 4789 in
1558 4752 1664 4790 suo
1696 4733 1760 4791 de
1787 4737 1911 4791 For-

268 4822 439 4877 mulis
470 4820 617 4876 libro
649 4822 931 4894 (Brisson.
965 4822 1065 4879 lib.
1098 4840 1139 4878 ιι
1168 4822 1232 4879 de
1260 4825 1439 4879 Form.
1472 4840 1603 4896 pag.
1637 4825 1748 4893 68).
1800 4827 1909 4880 Ve-

274 4926 406 4967 rum
438 4910 758 4967 Christiani
779 4911 954 4969 talem
987 4929 1101 4969 non
1116 4912 1507 4969 admittebant
1537 4914 1910 4979 monitorem,

267 5000 754 5073 quandoquidem
787 5017 903 5057 non
935 5019 1033 5059 ore
1090 5007 1320 5059 tantum
1352 5006 1409 5058 et
1439 5002 1630 5074 labiis,
1690 5004 1792 5060 sed
1849 5002 1916 5058 de

265 5094 478 5162 pectore
499 5090 652 5146 943
676 5094 847 5162 atque
875 5091 1083 5149 intimo
1115 5092 1460 5165 sinceroque
1481 5092 1673 5149 cordis
1703 5092 1913 5149 affectu

272 5179 457 5235 Deum
491 5180 902 5249 precabantur.

341 5267 624 5324 Praeterea
653 5269 901 5326 orabant
930 5268 1139 5327 coelum
1167 5268 1578 5341 suspicientes,
1628 5273 1686 5324 et
1732 5272 1913 5326 mani-

269 5357 388 5424 bus,
422 5355 619 5428 inquit
646 5357 1063 5427 Tertullianus,
1094 5360 1376 5431 expansis,
1416 5357 1502 5414 vel
1533 5359 1916 5430 quemadmo-

269 5447 413 5501 dum
446 5442 559 5500 alio
587 5445 645 5501 in
675 5444 823 5502 libro
856 5447 1115 5520 loquitur
1148 5465 1160 5504 :
1188 5470 1216 5498 «
1248 5446 1363 5503 Nos
1393 5463 1526 5503 vero
1558 5465 1673 5503 non
1695 5446 1913 5504 attolli-

263 5551 399 5592 mus
433 5538 691 5605 tantum,
723 5536 825 5592 sed
858 5536 1036 5594 etiam
1086 5535 1476 5610 expendimus
1534 5552 1565 5592 e
1618 5536 1918 5595 Dominica

268 5624 545 5699 passione
575 5624 940 5684 modulatum
972 5648 1001 5678 »
1034 5624 1300 5700 (Tertull.
1348 5625 1621 5700 Apotoget.
1666 5643 1793 5701 cap.
1824 5628 1913 5701 30,

589 5756 854 5818 Parnm.
903 5756 949 5817 Ι.

2046 511 2256 567 Christi
2304 513 2459 568 cruci
2509 513 2663 568 afﬁxi
2725 514 2963 569 modum
3000 530 3064 568 ac
3121 512 3394 568 formam.
3452 512 3532 567 De
3590 511 3700 568 hoc

2046 606 2241 656 autem
2275 602 2550 674 precandi
2585 619 2742 657 more
2792 602 2929 657 alibi
2962 592 3350 656 disseruimus
3406 602 3699 669 (Dissertat

2048 691 2105 744 in
2137 691 2327 745 Minui.
2362 691 2544 745 Octav.
2574 707 2699 761 cap.
2737 692 2822 760 12,
2883 694 2995 757 art,
3025 691 3098 762 3).
3162 692 3231 744 At
3288 690 3426 761 quia
3478 688 3696 744 ethnici

2046 779 2223 833 etiam
2258 780 2457 834 eodem
2492 781 2661 835 modo
2686 781 2824 835 deos
2858 778 3179 845 suos,sicut
3209 777 3400 833 adhuc
3433 776 3693 832 ostendi-

2048 884 2203 933 mus,
2255 868 2477 939 precari
2531 869 2839 933 solebant;
2884 868 3012 923 ideo
3064 872 3266 921 auctor
3324 870 3521 923 noster
3563 869 3696 938 post

2044 956 2164 1010 haec
2194 959 2389 1027 verba,
2420 959 2683 1027 expansis
2712 960 2984 1027 manibus,
3019 957 3251 1026 adjecit,
3278 958 3407 1028 quia
3442 956 3695 1010 innocuis

2047 1045 2305 1112 (Tertull.
2339 1047 2609 1118 Apologet.
2645 1046 2755 1101 loc.
2792 1046 2935 1118 cit.).
2971 1045 3228 1101 Gentiles
3261 1045 3420 1099 enim
3470 1060 3685 1100 manus

2044 1134 2120 1188 im
2133 1135 3008 1207 pietatis,idololatria3,aliisque
3040 1134 3387 1189 criminibus
3408 1133 3685 1205 pollutas,

2044 1225 2357 1280 Christiani
2388 1242 2521 1280 vero
2563 1242 2700 1280 suas
2750 1242 2864 1280 non
2921 1224 3137 1290 minus,
3189 1240 3366 1294 quam
3400 1227 3603 1295 pectus
3634 1225 3692 1278 et

2042 1314 2331 1385 animum,
2365 1316 2616 1369 mundas
2663 1314 2833 1387 plane
2863 1318 2919 1370 et
2949 1330 3127 1387 puras
3186 1314 3257 1367 ad
3316 1312 3525 1367 coelum
3558 1327 3687 1384 pre-

2040 1404 2224 1459 cando
2261 1403 2557 1458 tollebant.

2112 1492 2259 1555 Quin
2320 1492 2490 1547 etiam
2550 1493 2791 1563 insuper
2844 1491 3088 1546 orabant
3142 1491 3318 1562 capite
3372 1490 3539 1559 nudo,
3604 1489 3688 1546 ait

2040 1581 2230 1636 adhuc
2262 1581 2677 1648 Tertullianus,
2728 1580 2855 1652 quia
2886 1598 3000 1634 non
3048 1581 3418 1635 erubescimus
3468 1578 3680 1651 (Ibid.).

2038 1670 2121 1725 lbi
2147 1674 2339 1725 autem
2374 1670 2505 1725 illos
2552 1672 2794 1742 opponit
2848 1670 3038 1725 adhuc
3095 1668 3433 1740 gentilibus,
3467 1669 3685 1741 quibus

2035 1760 2221 1815 velato
2254 1760 2441 1831 capite
2480 1777 2645 1815 orare
2675 1777 2740 1815 ac
2792 1758 3120 1814 sacrificare
3168 1775 3293 1815 mos
3326 1762 3466 1814 erat.
3500 1759 3675 1830 Audi,

2041 1864 2256 1920 quasso,
2291 1850 2360 1903 de
2391 1848 2500 1903 hoc
2528 1848 2641 1903 ritu
2676 1847 2903 1920 Virgilii
2936 1846 3197 1903 carmina
3230 1866 3242 1903 :

2164 1964 2301 2021 Quin
2332 1964 2421 2013 ubi
2456 1964 2783 2027 transmissa:
2815 1962 3015 2027 fuerint
3040 1967 3186 2013 trans
3218 1975 3433 2027 mquora
3460 1964 3673 2025 classes,

2164 2028 2225 2076 Et
2253 2028 2440 2089 positis
2468 2027 2591 2083 aris,
2616 2026 2727 2088 jam
2760 2031 2881 2075 vota
2901 2028 2954 2075 in
2985 2026 3161 2075 littore
3191 2026 3381 2085 solVes,

2165 2092 2436 2162 Purpureo
2460 2089 2639 2162 _ve’are
2670 2103 2848 2162 comas
2878 2090 3167 2162 adopertus
3196 2090 3410 2162 amictu.

2160 2153 2234 2201 Ne
2264 2166 2368 2214 qua
2397 2152 2537 2215 inter
2566 2156 2777 2201 sanctos
2807 2153 2957 2215 ignes
2986 2152 3039 2200 in
3076 2152 3281 2215 honore
3311 2152 3534 2203 deorum

2164 2215 2379 2263 Hostilia
2408 2214 2571 2263 facies
2599 2221 2860 2273 occurrat,
2893 2218 2945 2263 et
2974 2215 3154 2263 omnia
3183 2214 3378 2265 turbet.

2162 2278 2313 2325 Hunc
2342 2278 2472 2325 socii
2494 2290 2694 2326 morem
2724 2290 3015 2334 sacrorum,
3047 2277 3191 2326 hunc
3219 2278 3331 2339 ipse
3361 2281 3562 2327 teneto.

2160 2341 2269 2389 Hac
2302 2340 2433 2389 casti
2459 2342 2713 2389 maneant
2738 2339 2795 2387 in
2826 2339 3098 2401 relligione
3128 2344 3370 2401 nepotes.

2389 2402 2592 2465 (Virgil.
2617 2402 2707 2450 lib.
2740 2416 2793 2451 ιιι
2823 2402 3032 2452 ίΕηείά.
3066 2416 3114 2450 v.
3146 2402 3237 2452 403
3262 2406 3314 2452 et
3342 2402 3520 2465 seqq.)

2032 2510 2185 2574 Quos
2236 2508 2472 2580 quidem
2528 2509 2584 2563 in
2633 2525 2834 2564 versus
2885 2508 3003 2563 haec
3052 2508 3283 2564 Servius
3340 2508 3612 2565 observat
3658 2526 3673 2567 :

2034 2619 2059 2648 «
2089 2603 2237 2653 Sane
2269 2598 2573 2653 sciendum
2606 2597 3001 2653 sacrificantes
3032 2598 3148 2653 diis
3178 2598 3454 2653 omnibus
3484 2599 3676 2671 capita

2026 2686 2217 2742 velare
2247 2691 2556 2742 consuetos
2602 2686 2673 2742 ob
2707 2686 2833 2755 hoc,
2890 2702 2962 2741 ne
3012 2703 3072 2741 se
3123 2688 3275 2743 inter
3331 2686 3670 2760 religionem

2026 2775 2248 2847 aliquid
2280 2775 2445 2847 vagis
2490 2775 2724 2831 offerret
2766 2775 3095 2839 obtutibus,
3147 2779 3385 2847 excepto
3440 2780 3669 2833 tantum

2024 2865 2299 2934 Saturno,
2336 2881 2406 2920 ne
2464 2864 2725 2919 numinis
2783 2863 3035 2919 imitatio
3088 2880 3218 2919 esse
3271 2864 3585 2936 videretur,
3617 2870 3674 2922 et

2026 2954 2286 3010 Herculis
2318 2954 2376 3008 in
2409 2952 2625 3025 templo
2656 2970 2784 3018 suo,
2819 2955 2958 3024 quia
2989 2957 3046 3008 et
3076 2955 3201 3026 ipse
3232 2953 3419 3024 capite
3469 2959 3669 3025 operto

2021 3042 2221 3110 est,vel
2254 3043 2391 3114 quia
2421 3043 2507 3097 has
2541 3060 2648 3097 arae
2671 3046 2807 3097 ante
2829 3043 3144 3097 adventum
3176 3043 3364 3097 zEneae
3385 3059 3419 3098 a
3438 3042 3670 3099 Junone

2021 3136 2077 3187 et
2106 3132 2369 3186 Evandro
2418 3134 2767 3187 consecratae
2819 3135 2955 3186 sunt
2992 3153 3012 3179 -
3048 3132 3223 3201 (Serv.
3283 3130 3343 3184 in
3393 3130 3491 3185 cit.
3537 3147 3666 3187 vers

2022 3237 2152 3292 pag.
2198 3220 2347 3291 392).
2408 3220 2485 3275 Ea
2544 3224 2737 3274 autem
2771 3219 3029 3291 exceptio
3060 3219 3204 3274 satis
3256 3220 3667 3292 probatﬁhunc

2020 3310 2203 3365 fuisse
2232 3308 2539 3382 gentilium
2566 3308 2743 3364 ritum
2776 3314 2832 3364 et
2863 3325 3287 3380 morem,quem
3318 3308 3491 3364 etiam
3525 3311 3664 3366 deos

2019 3398 2332 3454 salutando
2365 3402 2422 3454 et
2454 3398 2673 3453 orando
2705 3398 3113 3453 observabant.
3147 3400 3219 3453 At
3252 3399 3322 3453 de
3366 3396 3463 3454 illo
3495 3399 3666 3470 plura

2019 3478 2377 3559 Brissonius,
2411 3504 2584 3559 quem
2619 3487 2780 3542 adire
2810 3487 3028 3559 poteris
3082 3488 3367 3560 (Brisson.
3414 3487 3517 3543 lib.
3550 3504 3571 3543 ι
3601 3488 3667 3545 de

2017 3579 2199 3632 Form.
2235 3592 2367 3649 pag.
2404 3577 2503 3630 140
2531 3579 2586 3631 et
2616 3576 2826 3647 seqq.).

2089 3665 2408 3721 Christiani
2440 3665 2640 3737 itaque
2672 3681 2700 3720 θ
2734 3663 3024 3720 contrario
3043 3664 3457 3722 orabantnudo
3486 3668 3667 3738 capite

2019 3754 2157 3827 quia
2179 3755 2400 3810 dictum
2432 3755 2502 3809 ab
2524 3754 2798 3825 Apostolo
2820 3758 3098 3810 noverant
3123 3772 3135 3809 :
3162 3755 3355 3812 Omnis
3384 3756 3472 3810 vir
3496 3770 3663 3810 orans

2017 3854 2113 3899 aut
2148 3843 2482 3916 praphetans
2532 3842 2713 3899 velato
2757 3845 2963 3914 capite,
3013 3843 3267 3915 deturpat
3313 3848 3473 3915 caput
3502 3861 3663 3899 suum

2018 3936 2072 4005 (I
2107 3932 2461 4005 Cor.11,4).At
2491 3949 2595 3987 cur
2624 3932 3275 4003 Tertullianus,inquiet
3296 3931 3658 4002 aliquis,non

2017 4022 2168 4077 hanc
2200 4021 2455 4094 Apostoli
2488 4020 2685 4077 attulit
2722 4021 3027 4090 rationem,
3076 4021 3170 4076 sed
3217 4022 3369 4092 quia,
3426 4020 3509 4075 uti
3561 4021 3666 4089 ait,

2016 4128 2129 4165 non
2160 4112 2526 4166 erubescimus
2555 4111 2582 4164 ?
2611 4110 2728 4165 Nos
2760 4110 2958 4181 itaque
2992 4108 3127 4163 huic
3176 4109 3668 4180 respondebimus

2018 4199 2168 4255 hanc
2200 4199 2272 4254 ab
2295 4216 2360 4254 eo
2394 4198 2592 4253 datam
2624 4196 2973 4269 videri,quia
3004 4197 3073 4250 ad
3098 4197 3466 4269 propositum
3492 4215 3669 4255 suum

2020 4287 2272 4342 maxime
2304 4287 2685 4342 conducebat.
2721 4285 3084 4340 Christianos
3126 4286 3423 4341 enimvero
3474 4288 3669 4358 genti-

2018 4375 2174 4430 libus
2204 4375 2309 4444 ibi,
2341 4379 2406 4430 ut
2439 4374 2719 4444 diximus,
2753 4373 3016 4445 opponit.
3051 4377 3125 4427 At
3157 4372 3239 4441 hi,
3265 4372 3418 4429 sicut
3446 4373 3667 4431 ibidem

2020 4465 2292 4534 subjecit,
2344 4462 2507 4519 falsis
2557 4463 2670 4517 diis
2716 4462 3124 4531 sacrificando,
3172 4463 3667 4532 quemadmodum

1938 4541 1986 4606 D
2019 4552 2671 4625 precando,jall‘erebant
2694 4559 2816 4622 post
2835 4552 3022 4605 omnia
3044 4551 3467 4621 inquinamenta
3496 4554 3667 4609 etiam

2018 4643 2413 4699 conscientiam
2454 4657 2712 4712 spurcam
2763 4638 3027 4709 (Tertull.
3084 4639 3362 4710 Apotoget.
3416 4657 3543 4713 cap.
3577 4643 3666 4710 30,

2021 4748 2153 4804 pag.
2188 4731 2311 4798 443,
2344 4730 2471 4799 445)
2501 4732 2557 4784 et
2586 4728 2745 4784 omni
2796 4727 3085 4784 scelerum
3133 4744 3344 4801 genere
3395 4730 3668 4803 coinqui-

2021 4825 2243 4887 natam,
2266 4819 2338 4874 ob
2372 4835 2548 4891 quam
2582 4818 2631 4873 si
2665 4817 2803 4889 quid
2837 4817 3078 4888 pudoris
3110 4817 3398 4889 reliquum
3424 4820 3507 4876 eis
3530 4821 3670 4877 fuis-

2024 4913 2132 4976 set,
2166 4912 2444 4980 perpetuo
2502 4906 2794 4962 debebant
2845 4906 3057 4961 rubore
3116 4907 3398 4963 suit‘undi.
3458 4911 3670 4967 Contra

2022 5014 2155 5054 vero
2187 4995 2505 5053 Christiani
2536 4996 2651 5051 Deo
2682 5012 2788 5051 suo
2819 4995 3527 5070 omnipotenlioﬁ‘erebant
3552 5016 3673 5056 ora-

2024 5089 2224 5144 tionem
2251 5087 2317 5142 de
2345 5102 2509 5141 carne
2525 5084 2915 5158 pudica,sicut
2946 5084 3119 5156 paulo
3154 5089 3288 5140 ante
3319 5087 3670 5145 notabamus

2024 5177 2158 5250 (art.
2192 5175 2442 5248 sup.),de
2472 5176 2661 5229 anima
2690 5173 3057 5242 innocenti,de
3086 5176 3303 5244 Spiritu
3335 5185 3520 5231 sancto
3539 5193 3666 5247 pro-

2023 5270 2225 5339 fectam
2272 5266 2429 5320 944
2485 5265 2663 5336 (Tert.
2729 5262 2913 5330 ibid),
2969 5262 3260 5333 quomodo
3323 5279 3355 5317 a
3411 5266 3671 5324 nobisin

2025 5354 2427 5427 superioribus
2490 5351 3004 5408 dissertationibus
3064 5350 3254 5405 fusius
3315 5352 3669 5424 explicatum

2025 5446 2136 5502 fuit
2165 5444 2472 5516 (Dissertat.
2506 5444 2563 5497 in
2586 5443 2782 5499 Minui.
2836 5440 3025 5495 Octav.
3070 5454 3197 5511 cap.
3252 5440 3338 5508 12,
3368 5446 3477 5497 art.
3508 5444 3581 5513 2;
3615 5452 3673 5503 et

2027 5537 2087 5592 in
2117 5536 2365 5591 Lactant.
2399 5549 2525 5605 cap.
2552 5532 2642 5603 33,
2676 5533 2784 5586 art.
2832 5528 2906 5600 1).
2959 5529 3212 5584 Tantum
3268 5528 3465 5603 itaque
3510 5534 3675 5593 abest

2029 5628 2096 5684 ut
2137 5622 2455 5683 Christiani
2501 5622 2584 5680 sic
2632 5625 2815 5679 Deum
2868 5621 3172 5692 precantes
3220 5620 3674 5699 erubescerent;

3277 5749 3353 5810 33
