4158 6332
547 351 706 412 1035

1066 336 1594 402 TEBTULLIANI
1638 331 1962 397 OPERUM
2005 331 2211 392 PARS
2253 330 2299 394 1.
2333 363 2407 374 —
2439 327 2714 390 SERIES
2759 329 2805 405 l,
2852 325 3408 387 APOLOGETICA.

3765 325 3900 385 1036

548 479 814 555 quinimo
848 493 860 532 :
895 498 923 526 «
954 478 1070 529 Nos
1099 473 1169 528 ad
1203 471 1386 526 Deum
1415 483 1723 540 expansos,
1755 465 1836 521 ait
1868 468 2069 520 auctor
2095 479 2191 518 no-
2220 464 2276 530 Α
2305 461 2542 518 modum
2575 460 2965 532 precabantur
2995 475 3008 528 ;
3042 474 3107 513 ac
3139 457 3508 530 potissimum
3541 457 3673 530 quia
3716 458 3781 512 ad
3808 474 3900 529 pa-

551 551 689 638 ster,
721 564 950 638 ungulas
983 561 1434 628 fodiant,cruces
1464 551 2192 628 suspendant,igneslam-

550 661 713 725 bant,
745 653 924 728 gladii
956 654 1194 725 guttura
1222 649 1590 712 detruncent,
1641 642 1841 699 bestiae
1880 640 2145 697 insiliant
2175 655 2189 694 :

552 749 794 821 paratus
823 745 911 798 est
932 741 1004 795 ad
1035 754 1206 794 omne
1231 734 1481 807 supplici
1495 750 1588 788 om
1611 732 1736 804 ipse
1766 729 2002 786 habitus
2025 747 2192 785 oran-

551 817 627 893 tis
676 828 990 890 Christiani
1040 849 1068 877 «
1121 823 1382 898 (Tertull.
1435 823 1710 894 Apologet.
1775 818 1884 885 loc,
1917 818 2060 888 cit.),
2094 817 2193 889 qui

553 941 658 981 nec
688 920 1026 991 religionem
1062 931 1227 971 suam
1270 911 1551 985 proﬁteri,
1600 926 1703 965 nec
1743 908 1927 963 Deum
1975 905 2195 979 precari

554 1008 952 1071 erubescebat.
986 1009 1059 1060 At
1091 1021 1206 1059 non
1241 1006 1470 1058 tantum
1501 1001 1678 1072 capite
1706 997 1875 1064 nudo,
1907 997 2008 1051 sed
2065 1012 2195 1067 pro-

555 1105 738 1159 strato
770 1098 944 1154 etiam
978 1091 1398 1166 corpore,sicut
1431 1089 1545 1144 alia
1575 1090 1633 1143 in
1670 1085 2081 1142 dissertatione
2104 1101 2197 1140 os-

555 1189 854 1248 tendimus
890 1185 1200 1256 (Dissertat.
1233 1183 1292 1235 in
1323 1179 1522 1234 Arnob.
1558 1194 1686 1248 cap.
1721 1175 1890 1243 8,art.
1921 1173 2197 1244 2),palam

558 1284 614 1335 et
643 1274 896 1350 publicis
926 1273 985 1327 in
1016 1269 1334 1343 synaxibus
1366 1283 1566 1340 preces
1598 1281 1735 1320 suas
1769 1261 2108 1318 fundebant.

629 1366 712 1423 Ad
743 1365 866 1419 haec
895 1377 1027 1417 vero
1057 1359 1118 1414 bi
1151 1359 1229 1414 ad
1265 1357 1677 1420 orientem,aut
1705 1350 2199 1424 quemadmodum

556 1454 953 1514 Tertullianus
982 1449 1258 1521 loquitur,
1289 1447 1358 1502 ad
1389 1447 1626 1502 Orientis
1663 1444 1945 1511 regionem
1975 1456 2203 1495 conver-

561 1548 633 1614 si,
665 1546 836 1600 Deum
869 1539 1260 1612 precabantur
1311 1532 1673 1604 (Tertullian.
1735 1531 2006 1601 Apologct.
2073 1545 2198 1599 cap.

562 1636 649 1702 16,
678 1648 808 1705 pag.
839 1629 984 1697 369).
1020 1631 1215 1698 Neque
1249 1641 1375 1679 mos
1406 1623 1522 1687 ille,
1557 1622 1626 1676 de
1657 1635 1770 1690 quo
1817 1617 1952 1673 alibi
2000 1616 2201 1686 dispu-

561 1722 816 1779 tavimus
848 1719 1009 1791 (tom.
1045 1716 1066 1770 Ι
1096 1714 1356 1785 Αρραναι.
1409 1711 1511 1766 lib.
1564 1716 1649 1774 in,
1701 1707 1936 1763 dissert.
1985 1706 2043 1773 2,
2074 1721 2200 1775 cap.

564 1814 616 1879 8,
649 1813 760 1866 art.
790 1808 849 1874 7,
882 1821 1013 1878 pag.
1052 1801 1233 1873 1040),
1264 1799 1599 1871 incognitus
1620 1797 1741 1906 lfui‘t
1797 1793 2067 1894 ethnicis,
2103 1792 2202 1864 qui
2237 1841 2284 1906 Β

566 1897 832 1956 solebant
852 1894 1056 1950 eodem
1089 1905 1322 1963 quoque
1346 1885 1646 1957 modo,sed
1666 1883 1834 1956 plane
1857 1881 2208 1953 penitusque

569 2001 840 2060 perverso
873 1979 1114 2055 precari.
1150 1977 1539 2043 Quamobrem
1580 1978 1784 2029 auctor
1831 1975 2029 2027 noster
2073 1969 2207 2024 illos

569 2077 730 2148 ipsos
759 2072 920 2128 hisce
949 2069 1138 2126 verbis
1169 2064 1482 2137 compellat
1511 2081 1523 2118 :
1561 2085 1588 2114 «
1633 2060 1899 2131 Plerique
1938 2061 2207 2148 vestrum

568 2144 933 2222 aﬁ'ectatione
962 2156 1277 2230 aliquando
1309 2158 1365 2208 et
1394 2150 1649 2208 coelestia
1668 2147 2048 2215 adorandi,ad
2068 2144 2208 2201 solis

565 2260 765 2314 ortum
786 2251 942 2309 labia
971 2247 1213 2305 vibratis
1244 2268 1272 2296 »
1307 2242 1669 2315 (Tertullian.
1691 2242 1790 2295 loc.
1823 2241 1960 2308 cit.).
1993 2237 2209 2293 Eadem

566 2344 665 2401 ille
688 2342 748 2398 in
781 2339 967 2414 primo
997 2338 1069 2393 ad
1096 2337 1361 2392 Nationes
1390 2333 1538 2388 libro
1589 2329 1798 2402 repetit
1844 2329 1969 2396 (lib.
2007 2343 2049 2393 ι,
2079 2342 2204 2397 cap.

565 2433 659 2500 23,
691 2445 823 2502 pag.
870 2426 1020 2498 569).
1069 2426 1301 2481 Testem
1352 2422 1531 2492 hujus
1584 2417 1765 2473 moris
1820 2415 1870 2472 si
1921 2414 2208 2486 requiras,

567 2519 875 2591 Virgilium
924 2513 1126 2571 audire
1175 2509 1412 2584 poteris,
1458 2509 1580 2563 haec
1636 2507 1705 2562 de
1754 2505 1932 2560 ZEnea
1995 2519 2211 2558 canen-

567 2612 688 2665 tem
724 2625 738 2664 :

699 2719 896 2782 Surgit,
929 2720 982 2767 et.
1008 2713 1230 2782 aetherei.
1257 2714 1506 2782 spectans
1521 2707 1762 2782 ‘orinentia
1791 2705 1926 2782 solis

696 2767 941 2838 iumJin'a,
973 2780 1073 2827 rite
1104 2767 1474 2838 cavisgundiam
1505 2772 1569 2838 de
1600 2769 1820 2838 ﬁumina
1849 2767 2039 2829 palmis

697 2833 938 2904 Sustulit,
968 2847 1020 2891 et
1045 2839 1176 2890 tales
1204 2835 1433 2886 effundit
1460 2834 1527 2883 ad
1555 2833 1758 2882 (ethera
1790 2843 1964 2880 voces.

923 2919 1121 2984 (Virgil.
1155 2917 1247 2966 lib.
1278 2930 1364 2965 vui
1391 2911 1615 2973 (Eneti,
1648 2927 1698 2961 γ.
1729 2909 1787 2961 68
1805 2913 1859 2959 et
1887 2908 2056 2972 seqq.)

576 3034 647 3089 Et
675 3030 788 3087 alio
819 3029 880 3084 in
911 3027 1059 3082 libro
1091 3026 1162 3079 de
1191 3022 1322 3078 aliis
1352 3019 1638 3076 sacriﬁcia
1665 3017 2013 3072 facientibus
2045 3029 2059 3068 :

701 3144 782 3195 Illi
810 3142 877 3192 ad
907 3134 1486 3201 surgentemiconversi
1508 3133 1711 3201 lumina
1739 3130 1934 3201 Solem,

702 3194 840 3256 Dant
866 3194 1046 3267 fruges
1076 3200 1332 3267 manibus
1351 3197 1893 3267 suasmet-tempora
1919 3194 2060 3267 ferre

703 3252 1140 3321 Summarin’otaot
1167 3260 1447 3326 pecudum,
1481 3252 1783 3323 paterisque
1815 3254 2002 3303 altaria
2028 3252 2219 3302 libant.

1268 3328 1422 3391 (Ibid.
1455 3328 1547 3378 lib.
1577 3341 1668 3385 xu,
1700 3341 1750 3376 τ.
1783 3328 1843 3374 72
1875 3328 1928 3373 et
1957 3327 2129 3385 seqq.)

579 3443 816 3504 Servius
843 3442 1038 3497 autem
1068 3437 1128 3492 in
1159 3435 1267 3491 hos
1291 3432 1532 3489 ultimos
1563 3446 1765 3487 versus
1788 3427 1932 3483 illud
1954 3425 2225 3482 animad-

579 3532 753 3592 vertit
781 3547 795 3587 :
830 3552 858 3581 «
889 3528 1014 3584 Non
1047 3525 1249 3596 utique
1279 3537 1434 3578 nunc
1464 3528 1796 3590 surgentem
1827 3515 2010 3572 solem
2042 3514 2225 3581 dixit;

577 3619 934 3696 jamdudum
963 3614 1121 3670 enim
1153 3611 1279 3667 dies
1309 3614 1433 3666 erat
1465 3625 1480 3665 :
1513 3607 1613 3663 sed
1647 3604 2021 3677 disciplinam
2052 3617 2225 3658 caere-

589 3689 915 3769 moniarum
947 3705 1180 3758 secutus
1212 3703 1322 3766 est,
1355 3704 1421 3752 ut
1450 3697 1735 3752 orientem
1767 3696 2028 3765 spectare
2071 3689 2228 3745 dice-

590 3803 680 3856 ret
708 3811 837 3853 eum
871 3791 971 3864 qui
1001 3793 1156 3846 esset
1185 3789 1530 3859 precaturus
1574 3805 1600 3834 ι)
1655 3783 1835 3854 (Serv.
1888 3795 2019 3852 pag.
2077 3776 2227 3848 676).

591 3885 980 3953 Quamobrem
1000 3877 1239 3934 Latinus
1255 3877 1502 3930 Pacatus
1514 3871 1680 3926 initio
1694 3867 2021 3941 Panegyrici
2033 3882 2230 3938 ,quem

593 3970 943 4040 Theodosio,
975 3983 1157 4039 eoque
1189 3965 1493 4037 praesente,
1544 3957 1984 4032 pronuntiavit:
2019 3980 2047 4007 α
2077 3954 2234 4011 Divi-

595 4065 688 4124 nis
720 4063 895 4118 rebus
925 4059 1255 4130 operantes,
1287 4053 1346 4107 in
1379 4067 1506 4106 eam
1538 4048 1666 4105 υωιὶ
1711 4047 1944 4120 plagam
1975 4062 2075 4101 ora
2098 4060 2233 4100 con-

595 4152 900 4218 vertimus,
928 4165 962 4202 a
991 4163 1108 4218 qua
1137 4143 1286 4199 lucis
1336 4139 1639 4196 exordium
1696 4142 1786 4193 est
1817 4158 1846 4186 »
1881 4135 2093 4205 (Pacat.
2126 4137 2233 4188 Pa-

596 4259 785 4313 ncgyr.
820 4235 1064 4294 Theodos.
1101 4248 1231 4305 pag.
1272 4229 1424 4302 246).
1457 4227 1719 4298 Denique
1753 4227 1816 4279 ut
1864 4223 2062 4295 plures
2108 4220 2239 4277 mis-

599 4348 697 4390 sos
727 4328 1033 4394 faciamus,
1068 4321 1308 4380 Ovidius
1338 4319 1407 4374 de
1439 4318 1548 4373 dea
1579 4315 1712 4371 Pale
1743 4313 1991 4369 canebat
2023 4329 2036 4366 :

724 4438 817 4488 His
843 4435 942 4484 dea
969 4429 1234 4494 placanda
1262 4429 1358 4494 est,
1388 4424 1503 4494 haec
1532 4426 1589 4472 tu
1619 4433 1910 4470 conversus
1934 4417 2001 4467 ad
2032 4420 2180 4467 ortus

786 4498 878 4548 Die
909 4486 1115 4560 quater.
1145 4493 1197 4540 et
1222 4486 1353 4538 vivo
1375 4486 1557 4560 perlue
1582 4497 1706 4560 rore
1735 4495 1944 4560 manus.

2302 551 2587 619 radisum,
2623 550 2775 605 unde
2805 548 2973 619 ejecti
3006 547 3260 616 fuerunt,
3294 551 3350 602 et
3379 547 3447 602 ad
3482 546 3660 603 solem
3686 545 3898 616 justitia

2303 639 2600 696 Christum
2630 637 2941 694 Dominum
2975 635 3260 708 respicere
3289 635 3592 690 debebant.
3624 634 3770 690 Alias
3789 652 3901 691 vero

2304 729 2502 801 plures
2537 745 2605 782 ex
2628 727 2803 782 variis
2833 725 3216 797 scriptoribus
3245 723 3558 781 oardinalis
3590 729 3736 778 Bona
3765 727 3902 778 retu-

2303 817 2391 887 lit,
2425 834 2567 888 quas
2597 816 2654 871 in
2687 817 2812 886 ejus
2843 814 3007 870 libris
3057 814 3246 886 legere
3290 816 3624 886 promptum
3669 815 3768 880 est,
3816 830 3904 868 nec

2305 907 2418 963 huc
2449 921 2753 978 congerere
2785 903 3173 960 necessarium
3207 903 3404 974 (Bona,
3447 903 3516 958 de
3559 902 3724 958 divin.
3771 903 3901 958 Psal.

2306 1013 2431 1068 cap.
2463 997 2519 1064 6,
2551 996 2654 1063 §3,
2688 1009 2820 1066 pag.
2859 993 2996 1064 177).
3029 993 3440 1048 Verumtamen
3489 991 3776 1063 Origenes,
3805 992 3905 1046 sic-

2308 1085 2393 1140 uti
2423 1083 2559 1140 alibi
2590 1081 3030 1138 observavimus
3062 1085 3226 1152 (tom.
3251 1080 3272 1135 Ι
3299 1081 3704 1152 Apparat.pag.
3746 1080 3903 1148 1040),

2307 1175 2557 1244 ingenue
2589 1172 2800 1226 fatetur
2826 1171 3006 1241 hujus
3037 1168 3184 1224 ritus
3216 1170 3360 1224 satis
3382 1168 3628 1224 validam
3651 1167 3905 1223 rationem

2311 1278 2420 1316 non
2451 1275 2621 1332 posse
2655 1257 2914 1330 proferri.
2949 1256 3176 1312 Nemini
3208 1261 3399 1312 tamen
3434 1256 3599 1312 facile
3631 1255 3907 1328 persuade-

2307 1350 2467 1404 bitur
2493 1347 2657 1403 illum
2691 1364 2724 1400 a
2753 1345 3098 1402 Christianis
3146 1344 3364 1400 nullam
3412 1344 3484 1399 ob
3515 1359 3744 1400 causam
3771 1359 3908 1398 rece-

2309 1444 2500 1512 ptum,
2533 1437 2724 1508 quiita
2748 1435 2978 1508 publico
3004 1438 3060 1490 et
3090 1433 3352 1489 unanimi
3370 1433 3630 1489 omnium
3651 1449 3908 1488 consensu

2311 1526 2817 1591 observabatur,ut
2847 1540 2950 1579 nec
2979 1524 3249 1594 ipsismet
3267 1522 3518 1578 ethnicis
3547 1521 3915 1594 incompertus

2311 1615 2504 1671 fuerit.
2535 1615 2682 1670 Nam
2732 1613 2868 1668 hinc
2918 1613 3155 1684 quidam
3211 1629 3278 1666 ex
3329 1611 3446 1666 illis
3495 1611 3917 1682 suspicabantur

2313 1719 2651 1776 corporeum
2689 1702 2893 1771 solem,
2925 1702 3077 1757 sicut
3105 1701 3182 1754 ait
3215 1705 3418 1756 auctor
3443 1699 3917 1770 noster,Christia-

2313 1807 2521 1845 norum
2554 1794 2734 1844 Deum
2763 1805 2910 1854 esse,
2943 1793 2999 1841 et
3029 1788 3098 1843 ab
3147 1785 3263 1842 illis
3296 1786 3546 1842 adorari.
3589 1787 3691 1841 Sed
3737 1786 3919 1840 absur-

2315 1879 2540 1951 dajhzec
2563 1876 2856 1934 calumnia
2884 1875 3084 1948 paucis
3112 1875 3273 1931 hisce
3302 1874 3494 1930 verbis
3513 1875 3582 1929 ab
3611 1891 3674 1930 eo
3695 1877 3918 1929 contun-

2316 1967 2520 2023 ditur:
2557 1987 2583 2019 ‹‹
2630 1969 2712 2021 Ad
2767 1966 2974 2021 Persas
3043 1965 3091 2019 si
3139 1965 3286 2018 forte
3337 1964 3766 2035 deputabimur,
3805 1961 3923 2015 licet

2317 2055 2525 2123 solem,
2554 2071 2667 2110 non
2701 2055 2757 2109 in
2791 2054 2968 2108 linteo
2995 2052 3314 2123 depictum,
3335 2051 3926 2121 adoremus,habentes

2317 2143 2513 2216 ipsum
2546 2143 2760 2213 ubique
2789 2142 2847 2196 in
2877 2158 2981 2196 suo
3014 2141 3212 2213 clypeo
3235 2159 3261 2191 ι
3301 2139 3922 2212 (Tertullian.Apologet.

2321 2249 2446 2304 cap.
2482 2233 2568 2302 16,
2601 2248 2730 2303 pag.
2763 2232 2909 2296 369).
2942 2231 3182 2286 Constat
3207 2235 3400 2284 autem
3447 2234 3656 2284 Persas
3705 2227 3927 2282 coluisse

2321 2322 2526 2388 solem,
2566 2337 2740 2394 quem
2774 2338 2875 2392 pro
2905 2337 3037 2376 vero
3070 2325 3180 2374 Deo
3213 2319 3526 2374 habebant.
3545 2319 3741 2374 Testes
3761 2317 3928 2373 enim-

2319 2428 2454 2467 vero
2483 2410 2663 2481 hujus
2681 2409 3003 2482 impietatis
3027 2413 3167 2464 sunt
3185 2405 3929 2478 Herodotus,Strabo,Justi-

2322 2516 2434 2555 nus
2465 2499 2803 2564 historicus,
2839 2502 2895 2553 et
2923 2497 3019 2552 alii
3052 2496 3404 2568 complures,
3436 2512 3584 2568 quos
3614 2497 3928 2565 quidem,ne

2326 2589 2396 2644 ab
2428 2587 2558 2643 aliis
2588 2587 2801 2659 saepius
2833 2591 3027 2642 actum
3050 2602 3441 2658 agamus,non
3472 2586 3805 2641 censuimus
3821 2599 3931 2639 esse

2325 2676 2704 2750 appellandos
2743 2676 3036 2746 (Herodot.
3070 2675 3173 2730 lib.
3204 2692 3242 2744 ι,
3277 2677 3301 2741 §
3332 2675 3426 2729 131
3457 2692 3472 2742 ;
3508 2675 3694 2731 Strab.
3737 2673 3838 2728 lib;
3871 2689 3928 2727 xv

2327 2767 2514 2833 Geogr.
2551 2781 2682 2837 pag.
2713 2765 2855 2830 732;
2906 2764 3125 2820 Justin.
3178 2763 3278 2818 lib.
3329 2780 3348 2818 ι
3398 2764 3615 2819 Hister.
3670 2779 3788 2834 cap.
3834 2764 3926 2828 10).

2325 2854 2535 2908 Mirum
2567 2854 2763 2924 itaque
2794 2851 2937 2906 nulli
2971 2851 3150 2906 videri
3182 2851 3355 2906 debet
3372 2850 3422 2906 si
3452 2851 3516 2905 hi
3547 2851 3686 2907 solis
3705 2851 3930 2908 cultores

2322 2942 2490 2998 illum
2521 2943 2575 2996 in
2604 2941 2801 3013 clypeo
2821 2941 3118 3011 depictum
3142 2940 3456 2996 haberent:
3482 2939 3930 3012 quandoquidem

2324 3030 2540 3087 milites
2573 3030 2696 3086 suis
2727 3031 2787 3084 in
2818 3029 3036 3101 clypeis
3066 3029 3326 3099 depictas
3349 3027 3436 3083 vel
3467 3029 3726 3100 sculptas
3754 3027 3934 3098 imagi-

2324 3135 2427 3174 nes
2457 3119 2680 3174 deferre
2711 3121 3152 3173 consueverant.
3184 3115 3455 3181 Quinimo
3488 3115 3539 3170 si
3573 3116 3752 3172 Plinio
3781 3113 3934 3170 credi-

2251 3197 2294 3266 C
2333 3223 2486 3274 mus,
2518 3207 2654 3262 inde
2686 3206 3010 3261 derivatum
3033 3209 3122 3260 est
3150 3203 3298 3258 illud
3329 3203 3514 3276 clypei
3548 3201 3936 3260 nomen.Addit

2329 3311 2462 3351 vero
2493 3311 2508 3350 :
2543 3317 2564 3343 α
2597 3295 2770 3366 Origo
2802 3294 2971 3365 plena
2995 3293 3227 3347 virtutis
3258 3293 3463 3348 faciem
3506 3293 3672 3349 reddi
3709 3294 3766 3348 in
3795 3294 3935 3347 scuto

2332 3382 2746 3454 cujusque,qui
2777 3382 2952 3437 fuerit
2983 3397 3128 3436 usus
3150 3380 3434 3436 illo.Poeni
3468 3396 3537 3435 ex
3572 3397 3712 3436 auro
3740 3379 3938 3436 factita-

2331 3487 2484 3541 vere,
2511 3476 2570 3528 et
2595 3471 2829 3544 clypeos
2858 3475 2914 3526 et
2951 3469 3238 3541 imagines
3292 3485 3613 3540 secumque
3657 3470 3715 3523 in
3762 3464 3939 3524 castris

2334 3561 2577 3616 tulere'»
2621 3558 2820 3630 (Plin.,
2852 3558 2953 3613 lib.
2985 3575 3151 3614 xxxv.
3185 3559 3320 3613 Hist.
3355 3559 3547 3613 Natur.
3591 3575 3715 3630 cap.
3748 3558 3798 3626 3,
3827 3569 3938 3628 pag.

2337 3648 2486 3718 177).
2519 3648 2617 3702 Cui
2644 3663 2778 3703 vero
2828 3647 3031 3717 ignota
3077 3650 3218 3700 sunt
3265 3662 3352 3714 ea,
3411 3662 3538 3717 quas
3593 3647 3860 3702 Homerus
3885 3643 3943 3697 de

2338 3736 2578 3806 Achilis,
2610 3743 2664 3791 et
2693 3735 2969 3807 Virgilius
3003 3736 3074 3790 de
3103 3735 3292 3790 IEncm
3337 3734 3554 3806 clypeis
3592 3735 3780 3791 Graeco
3810 3729 3940 3788 Lati-

2338 3840 2532 3896 noque
2561 3826 2820 3880 carmine
2851 3823 3230 3878 cecinerunt?
3268 3823 3522 3894 (Homer.
3577 3823 3754 3880 Illiad.
3807 3835 3946 3889 xvm,

2338 3931 2392 3969 v.
2425 3914 2547 3978 478,
2595 3917 2654 3968 et
2701 3928 2906 3983 seqq.;
2957 3911 3163 3981 Virgil.
3203 3911 3308 3966 lib.
3361 3926 3422 3965 III
3474 3912 3716 3981 [Εἠθίάη
3765 3928 3814 3964 v.
3857 3905 3946 3961 925

2341 4007 2400 4058 et
2429 4001 2780 4073 seqq.)!Pari
2806 4001 3004 4071 itaque
3035 4000 3258 4054 ratione
3305 3999 3490 4054 Persas
3542 4000 3604 4054 in
3652 3999 3838 4071 clypeo
3866 4011 3948 4068 ge-

2344 4092 2579 4147 stabant
2606 4089 2857 4160 efﬁgiem
2890 4088 3054 4156 solis,
3088 4103 3260 4157 quem
3294 4086 3619 4144 maximum
3652 4090 3816 4144 deum
3845 4096 3952 4141 esse

2347 4179 2804 4235 arbitrabantur.

2416 4303 2572 4373 Esto,
2605 4300 2856 4372 inquies,
2891 4316 2955 4355 ac
2987 4299 3126 4354 cedo
3158 4299 3317 4353 hunc
3351 4298 3532 4355 fuisse
3561 4315 3754 4356 revera
3782 4299 3952 4354 Persa-

2349 4407 2480 4448 rum
2513 4405 2745 4446 morem.
2783 4389 2892 4445 Sed
2926 4387 3217 4460 quomodo
3248 4387 3383 4443 inde
3415 4387 3609 4461 colligi
3643 4391 3824 4462 potest
3843 4383 3953 4457 quis

2351 4495 2521 4534 verus
2553 4478 2630 4533 sit
2657 4475 2997 4533 Tertulliani
3025 4491 3233 4530 sensus
3255 4475 3282 4530 ?
3313 4475 3590 4531 Nonnulli
3611 4477 3828 4550 quidem
3850 4473 3956 4542 ejus

1324 4549 1508 4624 (Ογνίὼ
1540 4556 1632 4605 “b'
1669 4568 1716 4601 ’ν
1747 4554 1939 4603 Fam”
1968 4565 2021 4600 ⁷·
2053 4552 2181 4611 365°)
2273 4549 2322 4617 D
2355 4567 2527 4623 verba
2556 4566 2638 4622 sic
2669 4565 3129 4636 interpretantur
3163 4579 3175 4617 :
3212 4564 3395 4619 Persas
3426 4564 3484 4618 in
3532 4564 3710 4621 linteo
3740 4560 3958 4636 pingunt

605 4685 678 4740 At
704 4673 938 4735 tametsi
963 4670 1134 4728 fuerit
1155 4665 1486 4725 communis
1510 4663 1607 4718 ille
1629 4661 2090 4719 Christianorum
2113 4673 2244 4730 gen-

609 4769 922 4837 tiliumque
957 4756 1261 4829 ritus,aliis
1294 4761 1490 4811 tamen
1516 4750 1843 4808 rationibus
1863 4749 1922 4803 hi
1947 4748 2085 4804 deos
2108 4762 2246 4803 suos

612 4858 700 4917 illi
727 4871 861 4914 vero
889 4853 1074 4908 Deum
1108 4863 1291 4903 unum
1322 4849 1377 4900 et
1407 4859 1605 4898 verum
1656 4840 1728 4896 ad
1774 4839 2061 4894 orientem
2109 4853 2247 4892 con-

611 4945 762 5006 versi
792 4941 1037 5000 orabant
1070 4956 1083 4993 :
1116 4933 1360 5006 gentiles
1389 4932 1568 5001 enim,
1619 4933 1682 4984 ut
1735 4931 1898 4984 notat
1939 4924 2248 4982 Tertullia-

613 5051 748 5098 nus,
790 5029 1071 5102 aﬂectz'one
1118 5021 1370 5094 profecto
1427 5016 1682 5091 pessima
1724 5013 2029 5086 aliquando
2083 5015 2249 5069 etiam

609 5123 856 5184 σκιαδῆα
884 5112 1152 5174 adorandi
1181 5107 1830 5181 (Tertullian.Apotogct.
1863 5120 1988 5175 cap.
2021 5102 2247 5173 16,pag.

609 5215 735 5282 371,
769 5217 824 5269 et
853 5207 954 5263 lib.
987 5223 1005 5260 1
1027 5203 1096 5260 ad
1125 5201 1341 5257 Naiton.
1375 5213 1500 5268 cap.
1539 5195 1624 5262 13,
1656 5210 1788 5266 pag.
1821 5192 1967 5282 579),
2000 5194 2112 5246 Res
2141 5188 2250 5260 ξεί-

609 5280 1022 5362 ιιιίοωῙεεῐεδ,
1059 5287 1282 5356 stellas,
1335 5284 1639 5352 nimirum,
1693 5298 1758 5337 ac
1808 5280 2072 5352 planetas
2117 5293 2250 5332 cum

611 5388 939 5452 adorarent,
972 5384 1227 5451 deosque
1257 5391 1383 5433 csse
1414 5367 2032 5445 cpinarontur,idciroo
2065 5366 2136 5421 ad
2156 5382 2250 5421 so-

612 5480 729 5537 lem
758 5475 996 5532 illorum
1032 5468 1181 5525 945
1245 5453 1512 5520 omnium
1567 5458 1891 5515 maximum
1940 5461 1996 5511 et
2042 5455 2255 5528 prima-

615 5568 790 5638 rium,
821 5564 1053 5620 orantes
1085 5572 1210 5614 sese
1241 5549 1673 5638 convertebant.

689 5632 1101 5711 At'Christiani
1140 5645 1311 5716 longe
1343 5632 1956 5700 diversis'rationibus
2009 5632 2166 5691 hunc
2193 5632 2254 5691 in

2355 4655 2560 4726 solem,
2593 4671 2761 4726 quem
2813 4651 3126 4708 Christiani
3165 4651 3385 4706 habent
3426 4651 3484 4706 in
3530 4651 3726 4726 clypeo
3771 4665 3884 4719 suo,
3910 4645 3956 4700 id

2354 4749 2461 4810 est,
2496 4744 2556 4798 in
2586 4742 2686 4798 illo
2715 4741 2813 4813 qui
2847 4741 3050 4796 mundi
3082 4738 3287 4796 oculus
3317 4743 3374 4794 et
3423 4740 3610 4796 instar
3647 4739 3822 4812 clypei
3865 4739 3958 4801 est,

2357 4837 2456 4889 aut
2477 4833 2627 4887 sicut
2656 4831 2754 4886 alii
2774 4828 3230 4901 volunt,vultum
3258 4829 3400 4885 solis
3422 4834 3699 4901 tanquam
3722 4827 3957 4899 inclypeo

2357 4925 2622 4978 cernunt.
2656 4920 2762 4976 Sed
2799 4919 2919 4974 haec
2943 4919 3131 4991 magis
3163 4919 3364 4988 utique
3395 4918 3828 4990 subtilis,quam
3843 4913 3961 4970 soli-

2359 5011 2434 5067 da
2462 5008 2765 5081 explicatio
2807 5023 3108 5080 nunquam
3157 5007 3331 5062 dubio
3384 5006 3584 5078 procul
3636 5008 3692 5062 in
3743 5009 3963 5062 mentem

2358 5095 2696 5154 Tertulliani
2721 5101 2977 5151 venerat.
3008 5092 3341 5166 Simplicior
3371 5097 3588 5165 autem,
3620 5098 3684 5148 ut
3713 5108 3776 5148 ex
3795 5092 3964 5147 obser-

2359 5187 2506 5242 vatis
2537 5185 2736 5256 liquet,
2762 5184 2992 5240 videtur
3021 5199 3146 5238 esse
3179 5182 3270 5238 hic
3311 5181 3471 5237 illius
3512 5199 3718 5238 sensus
3749 5198 3761 5235 :
3793 5174 3967 5235 Ethni-

2362 5274 2412 5331 ci
2444 5273 2589 5330 falso
2620 5273 2907 5345 putabant
2937 5271 3120 5326 solem
3143 5287 3178 5325 a
3207 5270 3578 5340 Christianis,
3615 5269 3967 5343 quemadmo-

2363 5366 2499 5420 dum
2534 5380 2567 5418 a
2598 5362 2789 5418 Persis
2821 5360 3073 5414 adorari.
3107 5363 3251 5414 Nam
3285 5359 3342 5415 hi
3374 5359 3433 5414 in
3464 5359 3677 5433 clypeis
3699 5358 3817 5414 suis
3837 5355 3970 5410 efﬁc-

2361 5457 2479 5509 tam
2515 5456 2572 5507 et
2601 5452 3072 5522 repraesentatam
3107 5447 3249 5503 solis
3281 5449 3372 5504 dei
3404 5448 3490 5504 sui
3519 5447 3828 5520 imaginem
3859 5439 3970 5498 ubi-

2366 5557 2478 5615 que
2505 5539 2817 5607 habebant,
2851 5537 3168 5594 Christiani
3199 5552 3331 5594 vero
3363 5553 3432 5593 ne
3465 5537 3698 5609 quidem
3731 5536 3786 5591 in
3817 5533 3969 5588 linteo

2364 5629 2533 5688 ullibi
2564 5627 2880 5700 depictam.
2950 5652 2959 5661 -
