4158 6328
343 362 370 420 1
380 361 500 422 037

852 497 1009 552 9.10
1040 512 1357 554 saucunus
1398 516 1472 555 IV.

341 598 449 655 Cur
471 599 773 657 Christiani
793 601 937 656 diem
959 603 1326 670 Dominicum,
1350 604 1417 659 ab
1439 604 1670 660 ethnicis
1693 604 1814 662 Soli
1835 605 1986 661 dica-

408 681 548 742 tum,
575 674 703 747 laeti
727 676 925 747 festum
955 684 1202 743 agerent,
1225 678 1409 747 sicque
1438 694 1547 732 uno
1576 683 1796 732 tantum
1822 679 1933 733 loco
1954 696 1987 733 a

406 744 709 811 gentilibus
738 751 789 799 et
818 746 1031 801 Iudaeis
1081 747 1226 803 diem
1278 744 1490 804 sabbati
1517 752 1809 806 solemnem
1838 750 1983 805 cele-

409 817 694 871 brantibus
723 817 1123 889 discreparent.

407 975 571 1031 Alius
600 994 741 1033 sane
771 995 876 1033 nec
926 978 1118 1033 minor
1164 982 1416 1050 profecto
1464 997 1626 1037 error
1674 988 1798 1037 erat
1844 998 1982 1053 gen-

330 1062 496 1130 lium,
519 1066 621 1136 qui
648 1067 840 1122 adhuc
862 1068 1256 1139 Opinabantur
1286 1069 1469 1125 solem
1503 1071 1631 1125 ideo
1653 1088 1686 1125 a
1706 1071 1983 1127 Christia-

332 1152 424 1207 nis
450 1156 729 1224 tanquam
762 1155 945 1210 Deum
974 1156 1103 1225 coli,
1134 1156 1271 1228 quia
1307 1158 1666 1213 Dominicum
1700 1159 1876 1224 diem,
1910 1160 1982 1214 ab

328 1237 447 1296 illis
476 1241 589 1296 Soli
622 1243 904 1309 dicatum,
928 1244 986 1299 hi
1019 1261 1151 1299 cum
1184 1246 1383 1301 laatitia
1411 1252 1671 1317 agerent.
1695 1250 1982 1313 Quamob-

328 1346 453 1385 rem
485 1331 881 1387 Tertullianus
902 1348 1000 1387 eos
1023 1334 1107 1387 sic
1130 1334 1421 1402 refellit,et
1439 1336 1722 1406 exagitat:
1750 1358 1777 1384 ‹‹
1802 1336 1983 1405 [Eque

329 1420 379 1472 si
412 1421 565 1476 diem
597 1422 762 1488 solis,
790 1422 848 1475 id
889 1426 977 1477 est
1021 1422 1417 1491 Dominicum,
1463 1422 1675 1478 latitia:
1708 1424 1979 1495 indulge-

328 1524 483 1574 mus,
518 1509 631 1565 alia
660 1510 833 1581 longe
864 1512 1108 1576 ratione,
1141 1528 1317 1583 quam
1350 1511 1633 1583 religione
1667 1512 1788 1567 sive
1818 1512 1976 1567 cultu

327 1596 471 1652 aulis
506 1619 534 1646 »
568 1598 838 1668 (Tertull.
873 1600 1148 1669 Apotoaet.
1178 1616 1307 1671 cap.
1341 1602 1430 1668 16,
1455 1618 1588 1671 pag.
1618 1602 1768 1671 371).
1804 1602 1980 1657 Tacet

326 1686 553 1756 quidem
577 1686 828 1757 ille,quze
856 1704 924 1741 ea
953 1688 1030 1742 sit
1061 1686 1179 1742 alia
1209 1688 1354 1743 ratio
1384 1705 1487 1742 cur
1518 1704 1649 1743 eum
1684 1690 1836 1743 diem
1860 1688 1976 1757 laeti

326 1780 495 1843 atque
517 1778 655 1830 adeo
683 1777 889 1830 festum
921 1775 1301 1831 celebrarent.
1321 1776 1431 1831 Sed
1462 1776 1623 1831 illam
1660 1776 1826 1832 nobis
1853 1778 1975 1832 red-

1249 368 1322 426 D.
1368 368 1465 429 LE
1511 369 1840 429 NOURRY
1884 369 2538 434 OBSERVATIONES
2580 324 2839 435 NOV/E.

3597 378 3753 440 1038

2016 506 2070 573 Α
2104 500 2208 570 λεῖ,
2244 501 2303 556 οὐ
2336 503 2599 574 νηστεύει.
2636 507 2956 564 Dominicas
3003 524 3186 565 omnes
3232 514 3406 582 festas
3441 510 3753 585 hilaresque

2094 593 2364 647 catholica
2394 596 2583 649 sanxit
2615 596 2870 666 Ecclesia,
2906 613 2968 651 ac
3006 598 3274 655 solemnes
3300 610 3593 656 conventus
3622 618 3749 658 ma-

2095 684 2297 736 tutinis
2327 683 2475 737 947
2525 684 2675 739 horis
2709 684 2923 751 indicit,
2967 704 3069 740 nec
3118 688 3234 742 ulla
3270 690 3489 760 jejunio
3518 691 3753 748 celebrat

2094 771 2404 842 (Epiphan.
2439 769 2687 844 Erposit.
2721 774 2837 845 ﬁd.,
2868 778 2894 843 §
2925 776 3013 846 2'2,
3034 793 3165 848 pag.
3194 779 3336 849 105).
3372 778 3518 834 Alibi
3548 784 3745 836 autem

2095 878 2201 917 nos
2233 863 2509 918 admonet
2557 864 2713 919 hunc
2754 882 2977 920 morem
3019 866 3089 920 ab
3140 867 3421 939 apostolis
3453 869 3744 939 proficisci

2095 951 2298 1021 (ldem.
2330 953 2535 1008 Haeres.
2586 954 2725 1023 Arii,
2758 957 2785 1021 §
2834 955 2886 1020 0,
2923 970 3053 1025 pag.
3108 957 3257 1023 910).
3297 956 3469 1011 Plura
3499 957 3555 1011 in
3590 958 3742 1016 hanc

2094 1056 2239 1106 rem,
2265 1056 2389 1111 qua:
2414 1040 2689 1096 omnibus
2717 1048 2849 1097 nota
2871 1049 2977 1107 est,
3003 1044 3373 1099 accumulare
3405 1045 3547 1100 nihil
3570 1046 3741 1119 plane

2094 1144 2241 1198 Opus
2291 1134 2396 1184 est.
2446 1130 2676 1184 Sufﬁcit
2718 1130 2872 1185 enim
2920 1132 3194 1186 omnibus
3248 1133 3527 1204 probasse
3586 1136 3741 1191 hunc

2092 1217 2245 1271 diem
2293 1216 2351 1271 in
2399 1218 2635 1284 Christi,
2668 1236 2699 1273 a
2749 1220 2995 1273 mortuis
3050 1220 3155 1274 hoc
3206 1220 3331 1293 ipso
3363 1221 3456 1277 die
3487 1223 3738 1294 excitati,

2091 1305 2370 1362 honorem
2394 1308 2530 1377 jure
2564 1307 2768 1362 merito
2802 1308 2984 1364 fuisse
3014 1308 3373 1365 institutum.

2162 1412 2523 1484 Quapropter
2553 1412 2637 1468 sic
2692 1414 2880 1485 pergit
2926 1414 3318 1471 Tertullianus
3353 1433 3366 1471 :
3415 1439 3442 1467 «
3476 1419 3740 1476 Secundo

2088 1500 2212 1556 loco
2250 1501 2321 1555 ab
2354 1504 2438 1557 eis
2482 1519 2713 1570 sumus,
2746 1503 2847 1573 qui
2879 1503 3031 1559 diem
3062 1505 3297 1560 Saturni
3329 1506 3446 1562 otio
3476 1512 3533 1563 et
3562 1508 3739 1565 victui

2088 1592 2430 1660 decernunt,
2465 1594 2857 1649 exorbitantes
2901 1602 2959 1649 et
3008 1596 3121 1667 ipsi
3168 1613 3202 1651 a
3246 1597 3494 1653 Judaico
3553 1616 3735 1669 more,

2088 1696 2262 1751 quem
2306 1682 2638 1752 ignorant»
2690 1682 3056 1751 (Tertullian.
3105 1688 3384 1756 Apologet.
3443 1704 3574 1759 cap.
3646 1690 3732 1762 15,

2088 1786 2219 1841 pag.
2252 1772 2399 1837 357).
2433 1772 2541 1827 Sed
2577 1771 2694 1826 hinc
2746 1772 2983 1827 uberius
3031 1774 3365 1844 clariusque
3391 1774 3527 1829 alibi
3560 1794 3733 1848 expo-

324 1862 473 1917 didit
504 1864 799 1919 Barnabas
834 1880 846 1918 :
878 1886 904 1913 ‹‹
940 1865 1155 1919 ldcirco
1186 1864 1339 1919 diem
1373 1870 1662 1933 octavum,
1700 1866 1972 1936 inquit,id
2004 1874 2050 1938 Β
2084 1860 2222 1925 suit,
2260 1859 2356 1913 ubi
2388 1858 2635 1930 gentiles
2666 1859 2827 1915 hisce
2858 1861 3049 1915 verbis
3081 1862 3292 1917 atl‘atur
3326 1879 3337 1917 ε
3377 1884 3403 1915 α
3432 1863 3547 1920 Vos
3578 1872 3731 1922 certe

326 1958 417 2007 est
448 1951 838 2021 Dominicum,
865 1953 925 2007 in
958 1952 1157 2007 latitia
1188 1954 1440 2024 agimus,
1477 1954 1533 2008 in
1567 1970 1682 2025 quo
1713 1960 1769 2009 et
1797 1955 1972 2009 Jesus

326 2040 641 2096 resurrexit
671 2058 705 2096 a
735 2040 1000 2109 mortuis,
1034 2048 1090 2095 et
1118 2058 1251 2096 cum
1286 2044 1677 2113 apparuisset,
1710 2043 1974 2098 ascendit

326 2130 398 2184 ad
431 2130 606 2185 cmlos
653 2150 675 2181 ι
721 2130 994 2201 (Barnab.
1044 2130 1215 2203 epist.
1262 2130 1292 2202 §
1342 2131 1427 2201 15,
1461 2146 1593 2203 pag.
1651 2132 1759 2201 16).
1812 2132 1971 2195 Quod

324 2218 558 2289 quidem
593 2218 833 2289 pulchre
862 2220 1171 2275 confirmat
1198 2219 1467 2274 Justinus
1502 2220 1737 2291 Martyr,
1762 2221 1861 2291 qui
1884 2221 1969 2275 id—

323 2307 475 2362 circo
508 2324 620 2362 non
656 2324 825 2364 secus
858 2325 923 2363 ac
954 2309 1249 2363 Barnabas
1270 2314 1327 2362 et
1352 2308 1748 2363 Tertullianus
1774 2314 1973 2364 noster

324 2402 520 2467 aperte
550 2396 808 2452 declarat
862 2398 1019 2451 hunc
1067 2398 1222 2451 diem
1255 2396 1407 2451 Solis
1438 2396 1818 2468 appellatum,
1852 2414 1963 2467 quo

320 2484 635 2539 Christiani
667 2486 1003 2557 congregari
1038 2485 1305 2540 solebant
1338 2502 1350 2539 :
1384 2488 1459 2556 Τῇ
1517 2488 1612 2537 τοῦ
1652 2482 1844 2538 Ἡλίου
1877 2482 1966 2538 λε-

316 2572 521 2646 γομένῃ
551 2571 750 2646 ἡμέρᾳ,
782 2575 869 2630 die
895 2591 1019 2645 qua:
1047 2575 1186 2630 Solis
1219 2583 1443 2630 uocatur
1476 2575 1715 2645 (Justin.
1741 2576 1959 2646 Apolog.

319 2664 384 2731 1),
436 2663 645 2717 Eodem
690 2679 923 2735 quoque
975 2664 1211 2719 nomine
1265 2668 1638 2734 nuncupatur
1677 2664 1735 2717 in
1786 2664 1965 2719 variis

321 2752 689 2806 Constantini
743 2752 956 2825 Magni,
988 2752 1377 2807 Valentiniani
1402 2753 1658 2823 junioris
1688 2757 1745 2809 et
1774 2753 1964 2809 Theo-

322 2840 471 2896 dosii
521 2840 773 2912 legibus,
815 2841 873 2896 in
924 2858 1073 2913 quas
1124 2841 1511 2897 Gothofredus
1543 2841 1713 2913 plura
1740 2841 1799 2896 in
1840 2858 1960 2897 rem

318 2934 580 2986 nostram
632 2930 849 3003 aliique
893 2930 1029 2985 alibi
1079 2933 1462 2987 observarunt
1510 2932 1655 2999 (Cod.
1704 2933 1961 2990 T/zeodos.

320 3018 435 3091 leg.
470 3022 493 3073 1
530 3028 581 3075 et
609 3020 643 3072 2
671 3019 736 3074 de
762 3021 947 3092 feriis,
984 3035 1113 3092 pag.
1150 3020 1250 3074 118
1280 3026 1333 3075 et
1366 3022 1535 3091 seq.).

395 3108 721 3180 Aliquando
753 3110 927 3164 etiam
969 3109 1093 3164 dies
1151 3109 1510 3179 Dominicus,
1544 3108 1629 3165 vel
1661 3110 1965 3166 Dominica

220 3244 221 3247 η
320 3198 628 3263 solemnia,
658 3198 743 3253 vel
782 3198 1071 3270 simpliter
1102 3198 1473 3254 Dominicum
1506 3200 1964 3271 cognominaba-

318 3292 433 3342 tur.
465 3287 756 3359 Scriptum
792 3288 1009 3359 quippe
1039 3286 1437 3343 Tertnllianus
1464 3294 1662 3343 noster
1695 3289 1963 3362 reliquit:

321 3399 348 3427 ‹‹
382 3377 682 3439 Quomodo
735 3377 1039 3431 Dominica
1088 3376 1375 3432 solemnia
1423 3377 1847 3433 celebrabimus
1877 3378 1905 3432 ‘l
1938 3400 1964 3427 »

318 3466 584 3537 (Tertull.
616 3466 681 3521 de
711 3471 882 3537 Fuga,
918 3482 1043 3536 cap.
1084 3465 1301 3538 ultim.)
1355 3467 1681 3538 Cyprianus
1737 3484 1870 3523 vero
1905 3467 1962 3522 in

318 3572 427 3609 sua
457 3555 525 3609 ad
559 3556 947 3628 presbyteros,
990 3555 1267 3610 diaconos
1298 3560 1354 3610 et
1384 3556 1715 3612 universam
1738 3556 1965 3628 plebem

320 3643 568 3715 cpistola
589 3644 827 3716 scripsit
856 3660 868 3698 :
897 3644 1242 3699 «Dominico
1274 3644 1508 3699 interim
1543 3645 1679 3717 legit
1711 3645 1964 3714 nobis,id

322 3738 430 3799 est,
456 3732 798 3804 auspicatus
820 3736 907 3786 est
933 3747 1157 3803 pacem,
1180 3732 1321 3786 dum
1355 3732 1586 3787 dedicat
1605 3732 1915 3787 lectionem
1937 3755 1963 3781 »

324 3821 614 3893 (Cyprian.
648 3820 815 3891 epist.
850 3819 938 3889 38,
972 3836 1103 3891 pag.
1153 3819 1263 3890 59).
1296 3820 1429 3883 Quae
1478 3827 1561 3875 est
1611 3826 1828 3886 autem,
1863 3822 1965 3876 ob-

323 3926 485 3964 secro
510 3914 588 3976 te,
611 3925 677 3963 ea
697 3908 887 3977 lectio,
912 3908 1023 3961 nisi
1048 3907 1301 3978 illa,quee
1334 3908 1390 3961 in
1416 3908 1665 3979 publicis
1689 3910 1964 3964 Christia-

323 4014 531 4051 norum
582 3997 852 4060 cmtibus,
886 3996 967 4050 uti
1016 3997 1072 4049 in
1124 3995 1389 4067 sequenti
1446 3998 1631 4069 capite
1679 3998 1964 4069 dicemus,

320 4088 445 4145 ﬁeri
476 4090 859 4143 consueverat
876 4085 904 4138 ‘l
924 4083 983 4139 Si
1015 4084 1153 4155 quid
1189 4100 1321 4139 vero
1344 4084 1560 4139 clarius
1583 4086 1963 4156 desiderabis,

320 4179 526 4235 audias
544 4175 713 4230 velim
736 4173 1075 4242 Eusebium,
1098 4172 1199 4243 qui
1220 4173 1508 4228 memoriae
1532 4175 1789 4246 prodidit
1809 4174 1965 4229 hunc

319 4268 431 4324 diei
483 4263 769 4321 Dominici
830 4262 1095 4323 solemni
1138 4261 1251 4316 ritu
1313 4261 1642 4317 celebrandi
1680 4280 1898 4318 morem
1934 4279 1967 4316 a

319 4358 550 4413 Christo
583 4353 827 4409 Domino
860 4368 1132 4407 manasse
1164 4367 1177 4405 :
1214 4350 1328 4426 Ἐφ’
1378 4349 1606 4420 ἑκάστης
1659 4346 1965 4423 ἑϐδομάδος

317 4448 416 4515 τὴν
478 4443 752 4518 Κυριακήν
809 4438 1254 4514 χρηματίζουσαν
1312 4438 1516 4513 κμὲραν
1570 4439 1762 4515 ἑορτήν
1820 4436 1961 4515 ἄγειν

323 4536 409 4592 ἰπὶ
438 4533 602 4589 ταυτὸ
661 4530 939 4588 συνιόντας
987 4524 1357 4602 παραδέδωκε,
1410 4529 1498 4581 καὶ
1557 4527 1691 4582 αὐτὰ
1738 4529 1965 4601 σώματα

2081 1946 2243 2013 estis,
2268 1948 2367 2018 qui
2391 1949 2565 2003 etiam
2592 1948 2651 2002 in
2676 1947 3020 2004 laterculum
3046 1956 3266 2021 septem
3293 1950 3522 2006 dierum
3545 1952 3729 2008 solem

2080 2036 2404 2107 recepistis,
2440 2042 2496 2093 et
2525 2054 2592 2091 ex
2624 2036 2830 2091 diebus
2861 2037 3056 2109 ipsum
3088 2038 3453 2111 prznlegistis,
3490 2057 3605 2112 quo
3638 2042 3730 2096 die

2081 2124 2373 2180 lavacrum
2426 2126 2809 2191 subtrahatis,
2845 2133 2948 2180 aut
2986 2126 3043 2180 in
3091 2143 3391 2198 vesperam
3424 2130 3729 2200 (litteratis,

2080 2218 2180 2267 aut
2212 2215 2413 2281 otium,
2449 2219 2548 2268 aut
2579 2216 2889 2284 prandium
2922 2216 3157 2270 curetis.
3188 2216 3350 2279 Quod
3384 2218 3617 2287 quidem
3648 2221 3729 2275 fa-

2079 2301 2211 2357 citis
2242 2302 2635 2357 exorbitantes
2666 2308 2723 2357 et
2751 2302 2862 2374 ipsi
2900 2320 2932 2357 a
2963 2304 3171 2359 vestris
3202 2306 3275 2360 ad
3316 2304 3460 2361 alias
3493 2306 3728 2378 religio-

2082 2407 2203 2446 nes.
2236 2392 2425 2445 Judaei
2464 2391 2620 2445 enim
2672 2392 2823 2455 festi,
2858 2393 3132 2458 Sabbata,
3185 2398 3241 2447 et
3278 2409 3443 2448 omna
3490 2410 3638 2465 pura
3677 2399 3735 2451 et

2075 2480 2307 2535 Judaici
2344 2480 2494 2535 ritus
2528 2480 2923 2549 lucernarum,
2953 2481 3252 2552 etjejunia
3274 2498 3405 2537 cum
3430 2484 3734 2555 azymis,et

2080 2569 2371 2624 orationes
2406 2568 2707 2636 littorales,
2743 2586 2869 2640 quas
2903 2569 3105 2640 utique
3146 2569 3335 2625 aliena
3385 2575 3523 2626 sunt
3553 2589 3586 2627 a
3618 2573 3730 2629 diis

2076 2656 2303 2710 vestris.
2340 2656 2525 2719 Quare
2558 2661 2623 2710 ut
2652 2657 2723 2710 ab
2754 2672 2992 2711 excessu
3026 2662 3304 2720 revertar,
3338 2658 3435 2728 qui
3467 2659 3649 2714 solem
3674 2666 3731 2717 et

2076 2743 2227 2799 diem
2263 2747 2394 2816 ejus
2420 2744 2588 2801 nobis
2610 2745 2995 2817 exprobratis,
3020 2748 3316 2818 agnoscite
3346 2746 3725 2804 vicinitatem.

2074 2833 2197 2888 Non
2232 2833 2401 2905 longe
2432 2851 2464 2888 a
2495 2838 2745 2888 Saturno
2795 2841 2853 2888 et
2908 2834 3179 2889 Sabbatis
3220 2835 3427 2890 vestris
3458 2853 3665 2891 sumus
3700 2859 3722 2886 ιι

2075 2922 2276 2993 (ldcm,
2312 2922 2413 2976 lib.
2453 2940 2471 2976 ι
2502 2922 2597 2976 ad.
2634 2924 2762 2977 Nat.
2797 2938 2925 2993 cap.
2962 2924 3047 2987 13,
3083 2940 3216 2995 pag.
3248 2924 3394 2993 579).
3427 2925 3537 2980 Sed
3571 2925 3728 2982 dictu

2074 3012 2225 3067 haud
2264 3012 2429 3067 facile
2461 3028 2530 3067 an
2565 3012 2819 3081 genuina
2848 3016 2906 3068 et
2936 3012 3273 3083 incorrupta
3302 3014 3420 3069 sint
3451 3014 3572 3069 haec
3602 3032 3730 3071 ver-

2074 3101 2147 3155 ba
2202 3102 2489 3158 Orationes
2541 3101 2809 3156 littorales
2868 3100 3080 3171 (Philo.
3131 3102 3267 3156 Jud.
3330 3103 3392 3156 in
3450 3104 3730 3158 Flaccum.

2078 3207 2208 3261 pag.
2242 3190 2347 3244 992
2381 3190 2466 3261 D).
2500 3190 2555 3242 Si
2607 3190 2759 3243 enim
2820 3190 2940 3245 hinc
3001 3207 3033 3244 a
3091 3190 3452 3246 Tertulliano
3512 3192 3732 3265 scripta

2079 3282 2237 3348 sunt,
2267 3278 2406 3349 quid
2442 3278 2515 3333 iis
2556 3278 2919 3345 signiﬁcetur
2973 3280 3131 3333 dictu
3168 3278 3359 3333 anhuc
3410 3280 3732 3352 difficilius,

2075 3384 2179 3422 nec
2210 3365 2367 3421 ullus
2401 3383 2466 3421 ea
2497 3366 2555 3420 in
2587 3366 2742 3421 notis
2766 3367 2891 3420 suis
2926 3365 3213 3437 explicare
3245 3367 3508 3424 tentavit.
3541 3372 3726 3424 Num—

2075 3456 2214 3526 quid
2246 3460 2437 3509 autem
2473 3458 2675 3509 auctor
2722 3459 2919 3509 noster
2948 3455 3015 3509 ad
3066 3456 3352 3525 quaedam
3393 3455 3731 3511 Judaeorum

2076 3561 2275 3617 preces
2308 3542 2655 3609 collineavit,
2690 3559 2836 3613 quas
2892 3542 3077 3598 Judaei
3135 3543 3204 3598 ad
3263 3542 3574 3598 fluviorum
3630 3548 3732 3600 aut

2078 3633 2324 3702 gentium
2356 3632 2556 3687 littora
2590 3631 2831 3685 fundere
2862 3630 3153 3697 solebant,
3175 3634 3493 3703 antequam
3525 3648 3727 3688 eorum

2077 3722 2246 3793 aquis
2279 3719 2709 3776 abluerentur?
2757 3719 3015 3790 Castigat
3065 3723 3261 3774 autem
3315 3719 3588 3791 gentiles,
3622 3720 3723 3793 qui

2076 3810 2422 3866 Christianis
2450 3808 2593 3863 vitio
2629 3807 2949 3873 vertebant,
2983 3808 3136 3878 quod
3170 3808 3323 3863 diem
3358 3808 3723 3863 Dominicum

2077 3901 2287 3953 festum
2320 3900 2579 3968 agerent.
2614 3896 2737 3950 Non
2772 3895 2943 3967 longe
2972 3896 3125 3950 enim
3166 3895 3222 3950 hi
3276 3897 3624 3952 recedebant
3654 3898 3727 3951 ab

2075 3986 2336 4042 sabbatis
2356 3987 2710 4050 Judazorum,
2744 3990 2800 4039 et
2831 3985 2942 4040 ritu
2975 3984 3362 4055 ipsorummet
3390 3984 3727 4056 gentilium,

2076 4076 2170 4145 qui
2206 4076 2313 4130 soli
2346 4076 2521 4131 etiam
2554 4090 2740 4128 unum
2766 4073 3147 4128 hebdomadas
3171 4073 3322 4128 diem
3354 4089 3730 4145 nuncupave-

2076 4168 2228 4219 rant.

2146 4274 2428 4324 Prmterea
2458 4266 2701 4339 singuli,
2728 4271 2791 4322 ut
2821 4266 3025 4320 scribit
3056 4265 3217 4321 Philo
3236 4266 3501 4335 Judzeus,
3524 4267 3728 4340 populi

2073 4364 2132 4416 et
2162 4359 2428 4413 nationes
2462 4356 2695 4411 tametsi
2730 4356 2854 4409 suis
2878 4354 3129 4427 propriis
3153 4358 3209 4409 et
3234 4353 3478 4411 diversis
3498 4355 3729 4427 legibus

2069 4445 2555 4511 viverent,nullus
2585 4449 2782 4499 tamen
2816 4446 2941 4497 erat
2974 4442 3101 4514 ,qui
3152 4441 3249 4508 τήν
3307 4440 3455 4516 ἱερὰν
3516 4441 3725 4514 ἐκείνην

2073 4530 2311 4607 ἑϐδόμην
2357 4533 2460 4587 οὐκ
2512 4531 2880 4604 ὶκτετίμηκεν,
2938 4527 3108 4584 ἄνεσιν
3161 4529 3338 4584 πόνων
3386 4530 3475 4584 καὶ
3527 4530 3731 4607 ῥᾳστώ-

322 4625 573 4691 πιαίνειν,
631 4620 727 4681 τὰς
785 4617 843 4672 δὲ
899 4617 1078 4691 ψυχὰς
1136 4615 1335 4680 ἐνθέοις
1366 4615 1724 4691 παιδεύμασιν
1760 4618 1962 4686 ἀναζω-
1996 4607 2167 4694 Βνην
2226 4622 2370 4694 αὐτῷ
2428 4643 2483 4676 τι
2542 4620 2630 4675 καὶ
2687 4626 2803 4683 τοῖς
2831 4619 3249 4691 πλησιάζουσιν,
3294 4618 3392 4673 οὒκ
3423 4618 3728 4696 ἐλευθέροις

324 4718 511 4791 πορεῖν
546 4708 928 4786 παρεσκεύασε.
964 4709 1231 4779 Praecepit
1269 4711 1325 4762 ul
1367 4710 1606 4779 singulis
1648 4710 1969 4781 septimanis

326 4810 385 4862 in
419 4821 587 4860 unum
622 4801 1020 4865 convenientes,
1050 4799 1403 4851 Dominicum
1432 4798 1576 4853 diem
1606 4800 1805 4865 festum
1837 4814 1967 4868 age-

324 4903 472 4959 rent,
505 4909 605 4947 nec
634 4905 861 4961 corpora
889 4904 993 4942 sua
1028 4888 1368 4957 saginarent,
1400 4889 1496 4941 sed
1526 4890 1737 4943 animos
1764 4887 1969 4942 divinis

323 4980 777 5055 praeceptionibus
807 4976 1189 5048 refocillarent
1219 4976 1454 5046 (Euseb.
1514 4977 1674 5033 Orat.
1725 4977 1790 5032 de
1819 4976 1968 5031 laud.

326 5070 667 5129 Constantia.
702 5084 830 5139 cap.
865 5067 952 5136 17,
989 5081 1121 5138 pag.
1154 5064 1303 5135 664).
1358 5069 1543 5136 Atque
1592 5066 1671 5120 ita
1700 5065 1971 5122 Valesius

324 5165 477 5220 hunc
505 5156 739 5214 Eusebii
760 5154 953 5209 locum
977 5154 1418 5224 interpretatur,
1440 5154 1538 5225 qui
1573 5159 1707 5210 ante
1728 5157 1965 5210 verbum

324 5250 550 5307 πιαίνειν
608 5242 955 5318 particulam
1008 5238 1069 5295 οὗ
1110 5241 1335 5297 librarii
1402 5242 1631 5300 incuria
1690 5245 1969 5300 omissam

326 5343 507 5400 fuisse
555 5354 667 5392 non
715 5332 963 5404 dubitat,
1004 5331 1145 5404 quia
1171 5330 1234 5385 τὸ
1265 5330 1491 5385 πιαίνειν
1525 5350 1641 5388 non
1705 5334 1977 5389 convenit

327 5426 912 5490 Christianis.Postea
960 5438 1094 5477 vero
1117 5420 1481 5493 Epiphanius
1514 5424 1583 5478 de
1640 5424 1842 5478 eadem
1864 5423 1976 5478 Do-

332 5520 558 5579 minicaa
592 5514 702 5571 diei
736 5511 1069 5567 celebritate
1101 5509 1220 5565 haec
1263 5509 1495 5582 scriptis
1547 5512 1826 5567 tradidit:
1874 5512 1976 5572 Τὰς

334 5606 605 5687 Κνριακᾶς
669 5600 875 5661 ἁπάσας
950 5598 1215 5676 τρυφερὰς
1289 5599 1503 5674 ἡγεῖται
1563 5602 1598 5669 ἡ
1657 5598 1782 5675 ἁγία
1840 5600 1977 5669 αὐτὴ

336 5698 602 5767 καθολικὴ
662 5690 983 5766 Ἐκκλησία,
1032 5690 1120 5746 καὶ
1158 5687 1395 5760 συνάξιις
1442 5691 1531 5767 ἀφ’
1585 5687 1746 5747 ἕωθεν
1802 5689 1983 5749 ἐπιτε-

2080 4715 2259 4786 μόνον,
2322 4708 2468 4765 ἀλλά
2519 4709 2607 4764 καὶ
2641 4707 2697 4763 δὲ
2730 4706 2972 4779 δούλοις,
3040 4706 3251 4781 μᾶλλον
3313 4706 3370 4762 δὲ
3419 4708 3733 4784 ὑποζυγίοις

2078 4799 2285 4864 διδούς.
2322 4802 2551 4857 Sacrum
2580 4802 2740 4855 illum
2771 4800 2912 4855 diem
2942 4815 3040 4871 per
3082 4799 3334 4868 singulas
3364 4798 3733 4855 hebdomadas

2076 4899 2445 4949 recurrentem
2513 4906 2621 4945 non
2678 4891 2991 4957 honoraret,
3044 4891 3419 4944 remissionem
3482 4890 3734 4946 labarum

2076 4984 2360 5055 feriasque
2390 4980 2707 5051 aﬂerentcm
2725 4979 3128 5050 patrifamilias
3150 4994 3272 5034 cum
3299 4978 3608 5035 domesticis
3622 4995 3733 5033 non
3786 4972 3795 4975 ’

2079 5074 2335 5141 ingenuis
2367 5073 2603 5137 tantum,
2628 5084 2817 5123 verum
2847 5068 3015 5124 etiam
3046 5068 3368 5138 mancipiis,
3391 5075 3442 5122 et
3460 5068 3734 5139 jumentis

2080 5164 2314 5233 insuper
2344 5158 2513 5231 (Phil.
2548 5157 2648 5213 lib.
2684 5176 2700 5212 1
2732 5156 2798 5211 de
2850 5158 2973 5212 Vita
3028 5157 3188 5229 Moys.
3243 5160 3376 5228 post
3418 5155 3547 5210 init.
3596 5171 3728 5227 pag.

2083 5253 2231 5324 657).
2264 5250 2520 5304 Alterum
2557 5248 2821 5319 ejusdem
2857 5247 3048 5319 gentis
3080 5250 3286 5301 testem
3317 5244 3604 5299 habemus
3633 5245 3731 5299 Jo-

2085 5340 2358 5414 sephum,
2392 5337 2491 5408 qui
2525 5336 2798 5393 similiter
2828 5335 3005 5391 edixit
3038 5350 3050 5389 :
3087 5329 3215 5389 068'
3271 5328 3381 5385 ἔστι
3414 5330 3577 5394 πόλις
3606 5330 3733 5387 Έλ-

2088 5427 2290 5498 λήνων,
2344 5423 2466 5480 οὖδέ
2530 5420 2802 5501 βαρϐαρος
2860 5418 2984 5475 οὐδὲ
3025 5418 3077 5474 ἓν
3127 5415 3296 5489 ἔθνος,
3360 5417 3479 5483 ἔνθα
3538 5421 3613 5493 μὴ
3672 5421 3734 5475 τὸ

2087 5520 2183 5587 τῆς
2244 5512 2569 5588 ἑϐδομάδος,
2602 5516 2665 5582 ἦν
2697 5508 2962 5587 ἀργοῦμεν
2992 5512 3177 5581 ἡμεῖς,
3211 5509 3272 5562 τὸ
3304 5504 3423 5573 ἔθος
3456 5509 3515 5564 οὐ
3548 5508 3735 5565 διαπε-

2091 5606 2365 5685 φοίτηκεν,
2423 5604 2511 5658 καὶ
2571 5604 2623 5657 αἱ
2671 5605 2933 5671 νηστεῑαι,
2985 5597 3073 5654 καὶ
3124 5596 3342 5673 λύχνων
3398 5597 3733 5663 ἀνακαύσεις.

2092 5698 2260 5757 Nulia
2303 5704 2383 5753 est
2430 5696 2622 5752 civitas
2672 5696 2997 5751 Graecorum
3043 5692 3140 5746 aut
3193 5692 3591 5766 Barbarorum,
3640 5709 3739 5751 nec
