4158 6324
348 387 506 450 1039

895 378 1422 442 TERTULLIANI
1464 374 1786 439 OPERUM
1829 373 2032 434 PARS
2072 373 2122 435 Ῑ.
2147 374 2516 435 —SERIES
2561 375 2608 446 ἶ,
2652 372 3217 437 APOLOGETIGA.

3583 375 3754 436 1040

347 519 470 576 ulla
499 533 650 587 gens,
681 513 760 570 ad
787 529 948 584 quam
967 511 1308 582 septimanae,
1341 510 1405 565 in
1432 524 1539 581 qua
1567 521 1982 573 vacamus,con-
2017 506 2071 570 Α
2097 512 2312 560 orantes
2343 503 2599 559 divinam
2640 506 2769 575 ejus
2820 503 3283 560 misericordiam
3329 505 3753 576 precationibus

347 608 587 665 suetudo
617 620 722 661 non
753 600 1082 674 pervenerit,
1096 599 1428 671 jejuniaque
1448 613 1512 652 ac
1540 595 1876 652 candelabra
1894 611 1984 650 ac-

347 691 796 765 censa(Joseph.
835 690 936 746 lib.
1000 706 1040 743 II
1102 688 1284 743 Contr.
1341 688 1577 759 Appian.
1635 701 1767 757 pag.
1802 685 1980 751 1081).

350 783 609 854 Denique
637 780 774 836 alibi
808 777 1250 834 observavimus
1281 777 1444 844 (tom.
1473 775 1493 830 Ι
1523 775 1781 845 Apparat.
1815 773 1985 827 lib.m

353 875 586 932 dissert.
615 873 668 940 2,
701 885 827 940 cap.
864 867 948 935 16,
983 869 1090 921 art.
1142 866 1194 934 1,
1243 881 1374 936 pag.
1427 864 1585 932 1117)
1633 880 1666 917 a
1694 861 1987 918 Clemente

353 958 737 1020 Alexandrino
766 960 822 1012 et
850 954 1097 1010 Eusebio
1127 953 1302 1008 variis
1343 951 1693 1023 scriptorum
1723 950 1992 1005 testimo-

355 1051 469 1108 niis
495 1045 729 1121 probari
761 1043 1073 1116 septimum
1106 1042 1260 1096 948
1291 1040 1669 1096 hebdomadas
1707 1038 1858 1093 diem
1889 1036 1990 1092 Ju-

355 1140 496 1196 dazis
525 1142 581 1193 et
609 1134 822 1192 Graecis
853 1132 1036 1188 fuisse
1065 1146 1320 1186 sacrum.

424 1228 655 1284 Certum
678 1225 876 1295 itaque
906 1237 974 1276 ex
1001 1221 1284 1276 hactenus
1314 1219 1485 1274 dictis
1517 1216 1837 1288 unicuique
1866 1231 1992 1270 esse

354 1319 544 1386 debet,
575 1314 764 1388 primo
793 1310 1154 1368 Christianos
1184 1308 1354 1380 longe
1384 1307 1498 1362 alia
1547 1306 1768 1361 ratione
1797 1309 1853 1360 et
1881 1303 1992 1358 alio

354 1407 468 1464 ritu
500 1403 654 1460 diem
684 1400 832 1456 Solis
861 1400 983 1455 sive
1034 1397 1395 1453 Dominicum
1438 1395 1783 1459 celebrasse,
1816 1409 1991 1464 quam

352 1494 585 1550 Judaaos
615 1507 681 1546 ac
711 1487 977 1562 gentiles,
1001 1488 1073 1542 de
1096 1486 1308 1558 quibus
1333 1482 1686 1553 Lactantius,
1709 1480 1991 1553 quidquid

355 1581 582 1640 nonulli
614 1578 885 1644 dixerint,
921 1576 1095 1631 etiam
1128 1574 1408 1646 loquitur.
1439 1573 1724 1639 Secundo,
1757 1571 1992 1625 eosdem

357 1669 717 1727 Christianos
739 1681 842 1738 per
866 1665 1022 1719 hunc
1043 1663 1198 1718 diem
1225 1661 1546 1717 indulsisse
1571 1658 1994 1727 lzetitizmimi-

356 1775 492 1816 rum
503 1754 773 1830 spiritali;
789 1754 926 1825 quia
945 1767 1149 1807 omnes
1162 1750 1514 1821 undique,ut
1528 1749 1835 1804 exJustino
1851 1747 1996 1802 Mar-

2099 593 2224 649 suis
2253 594 2567 648 ﬂecterent.
2610 594 2724 650 Nec
2755 593 3045 666 ingratam
3092 592 3177 648 illi
3222 593 3340 648 vim
3397 593 3694 649 faciebant
3731 611 3747 650 :

2100 682 2243 739 Nam
2272 683 2390 739 haec
2418 683 2517 749 vis,
2549 682 2742 754 inquit
2795 686 2999 738 auctor
3044 685 3260 752 noster,
3313 685 3421 737 Deo
3469 691 3631 752 grata
3661 688 3750 737 est

2101 771 2467 842 (Tertullian.
2498 773 2777 844 Apologet.
2813 788 2940 843 cap.
2969 771 3057 838 39,
3087 787 3220 843 pag.
3249 771 3396 843 467),
3429 787 3546 842 qua
3575 771 3750 826 Chri-

2102 860 2300 928 stiani,
2333 859 2659 931 conjunctis
2689 860 2952 918 omnium
2984 860 3277 931 precibus,
3301 877 3435 916 eum
3466 860 3751 917 formida-

2101 948 2243 1004 bilia
2272 949 2424 1003 949
2446 948 2688 1019 justitize
2721 966 2884 1004 arma
2912 964 3148 1021 ponere,
3179 965 3246 1004 ac
3271 946 3566 1020 postulata
3594 948 3749 1004 divi-

2103 1054 2188 1092 nae
2245 1036 2565 1092 clementiae
2624 1038 2778 1093 dona
2833 1037 2945 1093 sibi
3005 1053 3121 1093 non
3169 1037 3456 1110 denegare
3488 1038 3751 1109 quadam

2105 1125 2272 1197 quasi
2302 1125 2574 1181 violentia
2604 1127 2907 1198 cogebant.

2174 1233 2237 1286 In
2269 1232 2424 1287 hunc
2454 1237 2648 1288 autem
2681 1233 2918 1289 modum
2951 1234 3197 1289 orabant
3224 1250 3340 1290 non
3371 1249 3474 1306 pro
3505 1250 3568 1290 se
3597 1234 3754 1306 ipsis

2102 1322 2461 1387 tantum,sed
2491 1321 2664 1376 etiam
2693 1336 2797 1393 pro
2826 1323 3276 1394 imperatoribus,
3309 1321 3394 1376 uti
3422 1321 3522 1377 ille
3552 1321 3754 1378 adhuc

2105 1408 2206 1475 ait,
2261 1424 2360 1480 pro
2413 1411 2684 1464 ministris
2738 1426 2927 1466 eorum
2973 1427 3037 1466 ac
3075 1411 3433 1481 potestatibus
3482 1409 3748 1480 (Tertull.

2106 1497 2284 1568 ibid.),
2317 1497 2375 1552 id
2406 1503 2494 1553 est
2523 1499 2961 1566 magistratibus
2989 1504 3046 1554 et
3076 1499 3448 1571 praesidibus,
3481 1499 3601 1556 sive
3645 1516 3747 1554 ur-

2102 1585 2287 1655 bium,
2321 1586 2439 1640 sive
2467 1587 2918 1658 provinciarum,
2967 1594 3025 1642 et
3053 1587 3123 1642 iis
3169 1587 3444 1643 omnibus
3492 1603 3748 1659 quorum

2103 1674 2430 1729 ministerio
2489 1675 2560 1730 ad
2616 1677 2899 1747 regendos
2949 1675 3195 1748 pepulos
3236 1677 3604 1752 .utebantar;
3642 1693 3749 1748 pro

2099 1765 2248 1817 statu
2276 1763 2492 1834 saeculi,
2524 1762 2582 1817 id
2639 1769 2727 1819 est
2779 1763 3033 1836 imperii,
3091 1769 3158 1820 ut
3211 1765 3419 1820 firmus
3475 1769 3630 1822 esset
3679 1782 3751 1822 ac

357 1853 484 1921 tyre
513 1845 652 1902 alibi
681 1841 1091 1899 annotavimus
1121 1839 1290 1912 (Ibid.
1323 1854 1456 1910 pag.
1485 1839 1599 1909 23),
1631 1837 1690 1892 in
1721 1837 1991 1936 eumdem

2110 1850 2351 1918 stabilis,
2391 1867 2497 1907 nec
2540 1851 2710 1907 bellis
2739 1858 2842 1908 aut
2871 1853 3256 1909 seditionibus
3294 1857 3750 1921 concuteretur;

355 1936 548 1992 locum
581 1931 967 1994 conﬂuebant,
1001 1941 1345 1998 sacramque
1385 1942 1576 1991 suam,
1606 1942 1672 1980 eo
1704 1941 1818 1995 quo
1849 1924 1997 1978 dixi-

357 2041 492 2082 mus
523 2022 718 2088 modo,
738 2019 986 2090 agebant
1009 2016 1298 2087 synaxim.
1321 2015 1431 2071 Sed
1463 2013 1632 2086 plura
1661 2014 1730 2068 de
1761 2013 1864 2068 illa
1895 2028 1997 2067 no-

357 2105 1282 2177 sterTertullianustradidit,quaa
1296 2120 1451 2159 nunc
1463 2102 1823 2158 enucleanda
1837 2106 1996 2169 sunt,

982 2229 1210 2286 CAPUT
1247 2232 1370 2284 XV.

601 2325 695 2396 (De
719 2321 892 2378 sacris
921 2319 1376 2375 Christianorum
1402 2315 1723 2389 synaxibus.

882 2460 1082 2503 Λιιτῐου
1090 2459 1194 2500 LUS
1233 2458 1472 2498 PRIMUS.

360 2563 534 2630 Quam
561 2557 879 2630 obcausam
911 2549 1226 2630 Christiani
1252 2564 1434 2630 sacros
1467 2551 1630 2603 ca’tus
1661 2547 2000 2630 iniren!,°_de

428 2630 570 2703 fusis
597 2627 678 2683 ibi
701 2625 975 2703 precibus,
1005 2638 1070 2703 ac
1110 2622 1454 2703 potissimum
1497 2635 1598 2690 pro
1621 2635 1801 2703 _mora
1829 2619 1996 2703 ﬁnis;

428 2689 493 2756 de
519 2689 805 2754 sacrarum
830 2689 1247 2765 Scripturarum
1275 2689 1546 2765 lectione,
1569 2697 1631 2765 ‘et
1659 2689 1995 2765 _cohortat_io-

425 2772 631 2835 nibus;
674 2769 739 2824 de
779 2761 1790 2839 praesidibus,probatis,_senioribus,
1821 2764 1870 2817 et
1908 2761 1996 2816 ho-

424 2832 616 2899 norem
639 2832 794 2895 nullo
819 2838 1015 2910 pretio,
1046 2832 1139 2890 sed
1161 2832 1476 2890 testimonio
1498 2832 1729 2904 adeptis.

423 2947 581 3006 Nihil
611 2946 783 3020 plane
811 2944 870 2999 in
901 2947 1021 3000 tota
1052 2941 1514 2998 Christianorum
1564 2937 1872 3010 disciplina
1902 2952 1995 2992 eo-

354 3053 603 3110 rumque
624 3034 884 3092 moribus
907 3035 1050 3098 erat,
1071 3030 1227 3102 quod
1254 3028 1575 3085 acrioribus
1596 3026 1810 3082 ethnici
1832 3042 2000 3081 vexa-

352 3134 560 3186 verunt
589 3122 919 3188 calumniis,
943 3136 1118 3192 quam
1143 3118 1376 3174 illorum
1411 3133 1657 3189 synaxes
1688 3132 1753 3171 ac
1784 3115 1995 3171 solem-

2099 1956 2202 2012 pro
2242 1956 2433 1996 rerum
2462 1941 2658 2013 quiete,
2690 1947 2754 1996 ut
2782 1958 2986 1998 omnes
3025 1943 3353 1999 fruerentur
3382 1958 3615 2015 semper
3644 1960 3756 2015 op-

2104 2029 2294 2084 tandas
2325 2030 2486 2101 pacis
2513 2031 2686 2086 bono.
2717 2031 3009 2087 Noverant
3035 2030 3189 2087 enim
3221 2031 3560 2098 Christiani,
3586 2033 3753 2104 quod

2102 2118 2415 2190 Apostolus
2445 2123 2796 2192 praeceperat
2844 2119 2970 2175 fieri
2998 2121 3414 2185 obsecrationes,
3447 2122 3756 2186 orationes,

2101 2209 2513 2279 postulationes,
2561 2211 2872 2278 gratiarum
2917 2211 3180 2281 actiones,
3211 2225 3309 2281 pro
3357 2209 3610 2265 omnibus
3651 2209 3755 2266 ho-

2103 2296 2368 2364 minibus,
2398 2311 2498 2368 pro
2536 2299 2772 2368 regibus,
2805 2306 2858 2353 et
2901 2298 3150 2355 omnibus
3191 2300 3289 2370 qui
3316 2299 3375 2354 in
3405 2298 3757 2355 sublimitate

2103 2392 2270 2446 sunt;
2312 2393 2379 2440 ut
2431 2387 2676 2456 quietam
2703 2391 2754 2442 et
2795 2388 3158 2457 tranquillam
3197 2389 3373 2444 vitam
3423 2403 3658 2458 agamus
3686 2391 3754 2442 in

2105 2473 2256 2528 omni
2289 2475 2494 2545 pietate
2521 2480 2573 2530 et
2601 2476 2846 2530 castitate
2888 2476 2934 2546 (Ι
2967 2477 3099 2532 Tim.
3159 2493 3223 2544 ιι,
3284 2477 3335 2544 1,
3391 2477 3466 2546 2).
3521 2477 3596 2531 De
3655 2475 3754 2532 his

2106 2576 2278 2632 porro
2308 2561 2600 2632 precibus,
2634 2579 2780 2634 quas
2811 2563 3125 2619 Christiani
3156 2564 3216 2618 in
3269 2563 3394 2620 suis
3423 2564 3752 2636 synaxibus

2106 2665 2210 2720 pro
2239 2665 2302 2704 se
2330 2653 2388 2704 et
2417 2649 2549 2705 aliis
2579 2651 2822 2706 fundere
2850 2651 3134 2722 solebant,
3167 2651 3306 2707 alibi
3353 2653 3754 2710 disseruimus

2106 2738 2422 2810 (Dissertat.
2454 2741 2516 2794 in
2544 2739 2744 2794 Arnob.
2777 2757 2905 2811 cap.
2937 2743 2989 2810 8,
3023 2744 3130 2796 art.
3161 2741 3238 2812 2).

2175 2844 2538 2917 Quapropter
2565 2845 2711 2901 illud
2757 2863 2914 2902 nunc
2964 2847 3270 2904 observare
3301 2851 3534 2904 tantum
3561 2848 3754 2918 juvat,

2106 2934 2260 3004 quod
2309 2933 2522 2989 ibidem
2578 2934 2975 2991 Tertullianus
3023 2936 3256 3008 adjecit,
3289 2937 3660 2993 Christianos
3691 2938 3753 2993 in

2105 3021 2265 3077 hisce
2296 3023 2611 3092 synaxibus
2643 3023 2826 3079 Deum
2879 3025 3072 3080 adhuc
3120 3031 3384 3097 precatos
3435 3025 3617 3081 fuisse
3641 3043 3753 3098 pro

2105 3125 2258 3166 mora
2310 3111 2438 3181 finis
2475 3112 2741 3184 (Tertull.
2773 3113 3052 3185 Apotoget.
3095 3130 3221 3185 cap.
3281 3115 3370 3181 39,
3405 3131 3538 3188 pag.
3573 3116 3702 3187 467)
3726 3116 3757 3170 τ

359 3234 464 3274 nes
497 3215 569 3272 ad
601 3229 766 3270 sacra
796 3209 1071 3284 mysteria
1102 3208 1328 3279 agenda
1357 3205 1998 3270 conventus.Quamob-
2031 3245 2074 3312 α
2112 3199 2496 3312 QuisAautem,
2543 3201 2853 3312 anabonte,
2902 3201 2998 3257 ille
3055 3202 3192 3259 finis
3247 3209 3389 3274 erat,
3423 3203 3537 3260 nisi
3567 3205 3755 3260 totius

489 3304 534 3312 _
605 3305 615 3312 ‘
669 3301 728 3312 “°
905 3299 916 3311 '
1086 3299 1100 3312 ι
1189 3302 1198 3312 ι
1387 3294 1399 3312 1
1469 3311 1497 3312 η
1532 3293 1798 3312 νὲκιᾼη--μ-
1834 3292 1972 3312 ---.1-
2113 3303 2250 3312 σν.---
2303 3293 2316 3312 ι
2375 3304 2542 3312 ---Αμ
2583 3306 2706 3312 ---μ
2799 3291 2988 3312 ,μ-..Ξ
3022 3291 3249 3312 3..-.___!!
3287 3292 3445 3312 _--_‘_-
3490 3297 3712 3312 A--__A-_

353 3301 885 3373 remTertullianus
901 3299 1299 3370 impudentem
1319 3293 1806 3351 calumniatorum
1829 3292 2004 3348 auda-

357 3396 510 3450 ciam
530 3408 643 3448 non
662 3389 775 3446 alio
796 3386 1058 3444 validiori
1082 3387 1426 3457 argumento
1448 3382 1680 3454 penitus
1693 3380 2000 3452 comprimi

356 3496 531 3556 posse
553 3477 802 3545 censuit,
827 3491 1003 3547 quam
1027 3474 1254 3530 sincera
1275 3476 1333 3528 et
1355 3469 1611 3556 simplici
1642 3485 1999 3540 eorumque:

357 3571 418 3626 in
448 3569 522 3624 iis
552 3566 894 3640 agebantur,
918 3561 1294 3634 expositione.
1319 3559 1578 3614 Primum
1610 3558 1809 3630 itaque
1831 3573 1999 3612 enar-

354 3662 448 3716 rat
466 3672 639 3730 quem
661 3655 720 3710 in
746 3649 1247 3708 ﬁnemeristiani
1271 3650 1760 3719 congregarentur
1784 3662 1797 3700 :
1826 3668 1854 3696 «
1877 3644 2001 3701 Coi-

353 3763 512 3813 mus,
544 3742 758 3815 inquit,
790 3741 850 3796 in
905 3743 1116 3796 coetum
1167 3741 1224 3792 et
1275 3735 1783 3808 congregationem
1829 3738 1895 3789 ut
1925 3735 1996 3789 ad

352 3838 561 3903 Deum,
593 3830 762 3904 quasi
795 3846 970 3886 manu
1005 3829 1176 3894 facta,
1211 3825 1642 3898 precationibus
1666 3824 1999 3880 ambiamus

353 3928 586 3983 orantes
607 3943 635 3972 ››
659 3917 918 3993 (Tertull.
950 3917 1168 3988 Apolog.
1195 3931 1320 3986 cap.
1353 3915 1441 3983 39,
1476 3931 1532 3985 p.
1558 3914 1702 3984 467).
1736 3913 1846 3971 Sed
1871 3929 1997 3984 quas

351 4014 596 4071 totidem
619 4008 808 4067 verbis
829 4008 886 4063 in
919 4005 1194 4063 omnibus
1225 4003 1440 4060 nostris
1471 4002 1769 4058 codicibus
1795 4019 2000 4057 manu-

355 4101 591 4174 scriptis
621 4103 678 4155 et
707 4096 967 4168 antiquis
1018 4093 1374 4151 editionibus
1408 4091 1713 4160 habentur,
1747 4090 1998 4164 Rigaltio

355 4189 714 4262 longiora‘ac
744 4187 891 4242 forte
922 4183 1262 4240 obscuriora
1289 4182 1418 4237 visa
1441 4184 1598 4236 sunt.
1623 4181 1685 4236 In
1709 4184 1867 4236 textu
1891 4180 1997 4252 igi-

354 4284 454 4336 tur
482 4280 681 4335 contra
709 4274 918 4348 ipsius,
945 4289 1059 4346 quo
1092 4288 1236 4327 usus
1268 4274 1375 4336 est,
1401 4268 1751 4342 antiquioris
1783 4268 1996 4324 codicis

354 4369 554 4438 ﬁdem,
585 4365 707 4421 hinc
736 4365 967 4418 tantum
1019 4360 1200 4416 voluit
1251 4358 1490 4414 retineri
1535 4375 1548 4414 :
1607 4376 1629 4405 α
1661 4357 1894 4414 Coimus
1927 4359 1997 4413 ad

355 4452 738 4526 Deum,quasi
761 4467 934 4507 manu
956 4449 1126 4518 facta,
1151 4446 1587 4520 precationibus
1608 4446 1998 4502 ambiamus.»

355 4551 466 4602 Cur
487 4547 682 4601 autem
711 4545 798 4597 tot
818 4540 994 4596 verba
1016 4537 1295 4594 deleverit
1324 4540 1525 4592 contra
1548 4535 1884 4590 unanimem
1909 4551 2000 4591 co-

2113 3289 2339 3356 mundi,
2372 3304 2544 3359 quem
2579 3306 2709 3344 cum
2744 3290 2989 3346 Romani
3021 3291 3251 3364 imperii
3283 3292 3454 3348 ruina
3485 3297 3753 3348 everten-

2109 3375 2252 3430 dum
2282 3393 2410 3432 esse
2438 3377 2831 3448 opinabantur
2857 3379 3060 3448 (Idem,
3111 3380 3182 3436 ad
3229 3380 3449 3453 Scaput.
3509 3397 3634 3453 cap.
3667 3381 3752 3453 2).

2109 3464 2382 3529 Quamvis
2411 3470 2603 3521 autem
2632 3465 2776 3532 haec,
2809 3467 2880 3521 de
2910 3484 3028 3539 qua
3057 3468 3278 3538 aliquid
3316 3474 3517 3542 postea
3547 3469 3750 3525 dicen-

2108 3553 2249 3607 dum
2282 3553 2438 3620 (Infr.
2472 3571 2598 3626 cap.
2620 3556 2712 3622 21,
2737 3559 2844 3610 art.
2881 3557 2955 3628 1),
2983 3557 3218 3613 omnino
3249 3557 3396 3614 falsa
3423 3558 3499 3614 sit
3527 3557 3746 3630 opinio,

2111 3640 2243 3696 inde
2271 3645 2466 3697 tamen
2516 3642 2900 3716 intelligimus
2946 3645 3309 3702 Christianos
3359 3646 3532 3703 toties
3561 3647 3752 3702 Deum

2107 3748 2210 3804 pro
2259 3733 2504 3787 Romani
2551 3733 2780 3806 imperii
2830 3735 3217 3791 diuturnitate
3267 3753 3488 3804 orasse,
3520 3737 3755 3809 quoties

2107 3823 2273 3878 illum
2323 3841 2424 3896 pro
2471 3825 2765 3881 afferenda
2811 3828 3018 3882 mundi
3071 3828 3308 3883 ﬁniendi
3338 3845 3503 3884 mora
3549 3845 3755 3900 preca-

2107 3913 2341 3968 bantur.
2363 3913 2427 3969 In
2450 3931 2625 3969 suum
2648 3915 2801 3970 enim
2827 3916 3468 3989 animum,przepostere
3491 3918 3755 3990 quidem,

2107 4002 2206 4057 sed
2240 4003 2473 4075 penitus
2512 4008 2709 4059 tamen
2761 4004 3114 4061 induxerant
3169 4005 3485 4063 clausulam
3539 4009 3760 4079 srecuti,

2105 4092 2235 4164 ipsa
2287 4092 2479 4148 adhuc
2537 4098 2680 4150 sunt
2735 4094 2988 4150 auctoris
3038 4096 3223 4152 nostri
3283 4097 3479 4168 verba,
3523 4098 3764 4152 Romani

2105 4182 2335 4253 imperii
2361 4191 2665 4238 commeatu
2693 4183 2972 4240 retardari
3001 4183 3208 4256 (Idem,
3250 4185 3544 4259 Apotoget.
3579 4203 3632 4242 c.
3662 4187 3759 4253 32,

2107 4287 2244 4343 pag.
2277 4271 2426 4343 447).

2177 4365 2251 4416 At
2279 4365 2564 4432 quantum
2614 4361 2735 4418 hinc
2783 4363 2950 4432 falsa,
2984 4368 3212 4420 tantum
3262 4364 3363 4420 illa
3404 4381 3539 4421 vera
3595 4373 3758 4432 sunt,

2108 4466 2234 4521 quae
2284 4451 2342 4506 in
2391 4451 2572 4506 sacris
2631 4450 3094 4508 Christianorum
3141 4455 3461 4526 synaxibus
3513 4459 3641 4510 acta
3671 4455 3759 4510 sic

2109 4544 2525 4595 commemorat
2587 4557 2600 4595 :
2660 4543 2880 4597 Coimus
2926 4542 2997 4598 ad
3050 4543 3367 4598 litterarum
3435 4543 3761 4599 divinarum

353 4634 552 4690 dicum
583 4643 1054 4695 oonsensum,ne
1084 4626 1389 4681 minimam
1424 4625 1661 4697 quidem
1694 4625 1883 4680 reddit
1913 4641 1999 4680 ra-
2028 4613 2075 4678 D
2105 4630 2682 4684 commemorationem
2731 4631 2894 4700 (Ibid.
2951 4647 3075 4702 cap.
3127 4632 3217 4700 39,
3267 4649 3324 4704 p.
3374 4633 3487 4704 34),
3537 4633 3596 4687 id
3647 4637 3761 4699 est,

351 4724 595 4779 tionem.
643 4717 869 4775 Siccine
931 4730 1065 4788 ergo
1113 4714 1362 4786 Rigaltio
1415 4714 1579 4770 licuit
1625 4720 1748 4770 tam
1796 4715 2005 4772 veteris

356 4809 655 4884 scriptoris
697 4807 912 4862 librum
962 4809 1242 4876 tanquam
1289 4820 1459 4860 suum
1496 4821 1599 4877 pro
1629 4803 1794 4860 libito
1827 4805 2004 4860 corri-

357 4917 512 4976 gere,
543 4915 610 4955 ac
652 4913 779 4970 quae
811 4893 1038 4950 volebat
1066 4909 1132 4949 ex
1163 4892 1262 4948 illo
1295 4894 1525 4949 demere
1553 4897 1611 4948 et
1657 4893 2007 4965 amputare?

357 4989 516 5048 Dixit
545 4991 741 5044 autem
773 4981 1167 5038 Tertullianus
1202 4997 1215 5037 :
1272 5003 1299 5030 ‹‹
1332 4981 1566 5037 Coimus
1599 4981 1658 5036 in
1704 4986 1917 5038 costum
1950 4987 2008 5038 et

360 5076 890 5152 congregationem,
927 5093 954 5120 n
1009 5069 1180 5126 sicuti
1231 5069 1428 5126 Cicero
1459 5076 1591 5142 post
1619 5071 1953 5127 Terentium
1989 5087 2002 5126 :

359 5192 388 5221 «
420 5167 652 5224 Coimus
681 5164 740 5220 in
769 5162 1018 5217 Piraeum
1068 5180 1097 5210 ››
1149 5158 1351 5230 (Cicer.
1393 5158 1495 5214 lib.
1541 5176 1641 5229 vn,
1674 5160 1844 5232 epist.
1871 5161 1905 5214 3
1935 5161 2008 5216 ad

356 5259 518 5315 Attio.
546 5271 678 5328 pag.
708 5252 836 5320 275,
878 5249 982 5304 lin.
1014 5247 1091 5317 8;
1142 5247 1378 5304 Terent.
1449 5248 1690 5303 Eunuch.
1749 5253 1858 5305 act.
1920 5265 2004 5317 IlI,

358 5364 515 5406 scen.
547 5362 624 5418 1v,
645 5360 700 5401 v.
734 5341 810 5413 1),
842 5336 1124 5410 Virgilius
1156 5341 1350 5393 autem
1382 5337 1626 5393 canebat
1652 5353 1666 5392 :

645 5480 664 5501 .
726 5446 941 5498 Socium
970 5443 1142 5493 virtus
1171 5443 1276 5494 coit
1305 5443 1481 5494 omnis
1513 5443 1566 5491 in
1598 5455 1764 5492 unum

971 5505 1174 5569 (Virgil.
1205 5506 1298 5556 lib.
1328 5521 1364 5555 χ
1393 5505 1600 5555 ίΕηείιί.
1630 5519 1683 5554 v.
1715 5507 1852 5569 410.)

358 5611 452 5670 Sic
484 5614 681 5667 autem
737 5603 1075 5680 congregati
1122 5603 1437 5660 Christiani
1479 5605 1637 5677 quasi
1662 5620 1837 5661 manu
1859 5606 2006 5677 facta

361 5699 623 5768 undique
655 5699 835 5754 Deum
883 5691 1196 5765 cingebant
1237 5695 1294 5752 et
1324 5693 1682 5764 ambiebant,
1735 5698 1798 5752 ut
1828 5695 2006 5754 simul

2113 4731 2312 4772 earum
2357 4716 2665 4772 lectionem
2714 4723 2772 4773 et
2808 4719 3228 4776 recitationem.
3263 4721 3408 4776 Nam
3442 4722 3500 4776 in
3540 4721 3648 4777 hoc
3683 4722 3758 4776 ﬂ-

2113 4804 2331 4860 delium
2361 4810 2511 4862 cmtu
2548 4823 2560 4860 :
2595 4804 2669 4858 Τὰ
2697 4806 3254 4881 ἀπομνημονεύματα,
3286 4815 3352 4865 ut
3380 4811 3462 4866 ait
3489 4809 3765 4867 Justinus

2115 4893 2350 4962 Martyr.
2408 4897 2514 4947 τῶν
2565 4892 2907 4964 ἀποστόλων,
2967 4896 3003 4965 ἢ
3075 4897 3143 4952 τὰ
3199 4897 3593 4974 συγγράμματα
3650 4903 3762 4952 τῶν

2113 4985 2408 5058 προφητῶν
2485 4983 2900 5050 ἀναγινώσκεται
2985 4987 3180 5063 μέχρις
3259 4986 3520 5064 ἐγχωρεῖ,
3597 4993 3766 5045 Com-

2113 5074 2391 5128 mentario
2445 5075 2839 5146 apostolorum,
2919 5083 3018 5132 aut
3091 5078 3295 5150 scripta
3369 5078 3762 5149 apostolorum,

2115 5161 2254 5231 quod
2289 5165 2500 5234 tempus
2558 5167 2686 5235 fert,
2749 5165 3010 5234 teguntur
3065 5166 3305 5239 (Justin.
3362 5167 3580 5239 Apolog.
3628 5184 3668 5237 ι,
3699 5185 3762 5223 n.

2113 5250 2223 5320 67),
2259 5256 2362 5306 aut
2392 5255 2457 5307 ut
2485 5252 2565 5308 ait
2603 5253 2998 5310 Tertullianus
3049 5272 3063 5311 :
3118 5256 3178 5311 Si
3223 5257 3357 5328 quid
3402 5258 3764 5327 praesentium

2115 5343 2436 5412 temporum,
2461 5341 2677 5412 quibus
2707 5343 2924 5398 ethnici
2955 5345 3013 5400 in
3037 5344 3396 5402 Christianos
3430 5350 3593 5401 tanta
3623 5363 3764 5401 cru-

2114 5429 2354 5485 delitate
2384 5431 2829 5504 grassabantur,
2851 5435 3097 5504 qualitas
3116 5442 3212 5491 aut
3223 5450 3568 5506 prmonere
3595 5436 3762 5505 cogit,

2114 5527 2208 5574 aut
2260 5535 2642 5589 recognoscere
2693 5522 3055 5591 (Tertullian.
3108 5524 3217 5580 loc.
3271 5525 3414 5599 cit.).
3467 5526 3571 5581 His
3602 5525 3764 5580 enim

2115 5608 2297 5665 sacris
2325 5609 2564 5666 vocibus
2613 5610 2785 5666 ﬁdem
2836 5614 3177 5684 pascebant,
3209 5613 3511 5686 erigebant
3567 5630 3762 5686 spem,

2114 5714 2180 5756 ac
2214 5697 2493 5756 ﬁduciam
2515 5699 3010 5774 securitatemque
3031 5719 3201 5763 suam
3231 5704 3508 5776 ﬁgebant.
3521 5703 3772 5762 Tradita
