4158 6340
471 319 619 378 1041

1379 319 1449 378 D.
1496 321 1592 380 LE
1638 321 1966 382 NOURRY
2011 321 2660 386 OBSERVATIONES
2706 328 2966 388 NOV/E.

3721 329 3880 388 1042

466 465 703 520 quoque
742 448 802 502 in
822 447 906 503 eis
930 464 1160 504 morum
1200 454 1488 521 praecepta
1537 451 1750 522 saepius
1806 451 2112 522 relegendo
2145 456 2197 520 Α
2227 452 2445 509 fuerint
2483 454 2568 510 illi
2599 461 2843 514 seniores
2903 458 3308 531 praesidentes,
3366 475 3534 530 quos,
3594 458 3748 514 sicut
3796 459 3877 513 ibi

463 544 518 594 et
575 539 890 601 audiendo,
951 539 1271 593 ﬁrmiorem
1330 541 1653 596 reddebant
1730 541 2110 614 disciplinam

462 645 632 683 suam
669 645 733 683 ac
757 634 908 684 recte
940 629 1168 683 vivendi
1202 629 1509 684 rationem.

534 729 718 782 Sacra)
797 744 931 781 vero
987 727 1298 798 Scriptura
1376 728 1685 784 lectionem
1747 729 2111 801 excipiebant

2223 541 2330 598 hoc
2364 544 2485 599 solo
2519 547 2774 618 nomine,
2809 549 2888 603 ita
2923 547 2980 602 in
3013 547 3149 618 alio,
3184 547 3282 602 ubi
3318 549 3386 602 de
3441 547 3652 604 iisdem
3703 566 3875 621 synae

2219 631 2391 688 xibus
2418 635 2672 703 disserit,
2698 638 3075 708 praesidentes
3111 637 3514 693 tantummodo
3566 637 3821 710 appellat
3856 653 3869 692 :

2223 743 2250 769 ι(
2284 723 2660 780 Eucharistiaa
2693 731 3150 794 sacramentum,
3180 726 3389 798 inquit,
3425 729 3480 782 et
3512 726 3568 781 in
3603 731 3866 797 tempore

461 816 914 886 exhortationes,
949 817 1032 872 ait
1081 822 1284 873 auctor
1334 824 1548 874 noster.
1606 821 1790 875 Antea
1843 821 2109 874 Justinus
2217 811 2404 868 victus
2436 819 2493 868 et
2524 815 2800 872 omnibus
2832 817 3176 872 mandatum
3208 834 3240 870 a
3271 817 3518 872 Domino
3549 815 3728 872 etiam
3759 833 3868 871 an-

459 906 725 978 Martyr:
790 905 940 972 Εἷτα,
1003 907 1232 978 inquit,
1293 905 1639 978 παυσαμένου
1688 912 1784 961 τοῦ
1841 907 2106 981 ἀναγινώ-

456 1015 697 1064 σκοντος,
751 995 778 1047 ὁ
837 993 1116 1070 προεστὼς
1167 991 1257 1049 διὰ
1313 990 1484 1069 lii-{ou
1541 997 1640 1065 τὴν
1689 998 1964 1060 νουθεσίαν
2016 989 2104 1052 καὶ

451 1081 761 1157 πρόκλησιν
818 1082 918 1149 τῆς
945 1086 1101 1142 950
1143 1089 1250 1137 τῶν
1310 1084 1491 1139 καλῶν
1552 1087 1758 1140 τούτων
1819 1088 2106 1159 μιμήσιως

447 1176 711 1227 ποιεῖται.
763 1174 972 1229 Deinde
1011 1175 1212 1230 lectore
1256 1177 1577 1246 quiescente,
1638 1178 1942 1248 prwsidens
1998 1178 2103 1233 ad-

447 1264 814 1319 monitionem
842 1265 996 1333 facit,
1039 1281 1146 1335 qua
1204 1264 1275 1319 ad
1334 1269 1446 1320 tam
1499 1267 1860 1335 pulchrarum
1916 1284 2103 1322 rerum

451 1353 824 1407 imitationem
855 1353 998 1407 alios
1015 1362 1269 1424 provocat
1299 1358 1349 1408 et
1379 1355 1632 1410 hortatur
1653 1355 2097 1425 (Justin.ibid.).

448 1444 638 1512 Atque
669 1441 749 1496 ita
779 1440 876 1497 ille
903 1441 1248 1512 explicatius
1281 1451 1534 1512 enarrat,
1591 1462 1740 1516 quae,
1792 1452 1844 1500 et
1877 1463 1909 1500 a
1959 1462 2094 1518 quo,

451 1539 509 1585 et
544 1547 721 1601 quam
770 1532 842 1586 ob
888 1548 1125 1587 causam
1184 1533 1344 1588 facta:
1395 1535 1613 1590 fuerint
1660 1534 1771 1589 illa:
1828 1535 2095 1591 exhorta-

450 1620 664 1675 tiones.

521 1710 628 1764 Eas
668 1714 885 1776 autem,
920 1711 1111 1782 pergit
1139 1712 1541 1769 Tertullianus
1572 1715 1780 1784 (Μία),
1833 1715 2095 1786 proxime

2217 900 2502 958 telucanis
2544 905 2813 974 cmtibus,
2877 923 2980 961 nec
3015 907 3084 961 de
3144 905 3398 962 aliorum
3448 922 3652 974 manu,
3685 922 3864 977 quam

2217 991 2655 1061 praasidentium
2690 995 2985 1050 sumimus
3016 1016 3042 1047 ι
3087 997 3267 1066 (Idem
3318 997 3389 1051 de
3440 995 3630 1051 Coron.
3701 995 3863 1051 Mitit.

2214 1096 2341 1151 cap.
2373 1081 2449 1152 3).
2485 1084 2530 1136 A
2559 1084 2790 1140 Justino
2822 1085 2998 1140 etiam
3033 1085 3303 1156 Martyro,
3343 1088 3405 1139 ut
3435 1084 3607 1156 paulo
3626 1087 3758 1138 ante
3781 1083 3862 1138 vi-

2212 1168 2429 1240 dimus,
2492 1172 2858 1244 singularum
2915 1191 3206 1245 synaxeon
3283 1191 3518 1245 praeses,
3578 1191 3862 1244 προεστως

2211 1261 2440 1313 tantum
2476 1268 2870 1333 nuncupatur.
2909 1263 3117 1319 Verum
3162 1263 3411 1335 ipsemet
3462 1261 3862 1318 Tertullianus

2211 1347 2311 1402 ubi
2364 1349 2435 1404 de
2481 1350 2630 1405 sacri
2681 1352 3076 1423 baptismatis,
3157 1353 3215 1406 in
3275 1353 3484 1407 iisdem
3544 1353 3863 1423 synaxibus

2211 1436 2427 1504 collati,
2487 1441 2635 1496 951
2715 1443 3225 1497 administratione
3301 1441 3586 1513 disputat,
3664 1447 3857 1513 aperte

2210 1526 2478 1599 designat
2538 1529 2637 1601 qui
2694 1530 2812 1585 sint
2865 1531 2924 1586 hi
2987 1531 3280 1602 praesides.
3338 1531 3421 1586 lbi
3489 1535 3684 1586 autem
3739 1531 3859 1586 hznc

2207 1615 2460 1686 ipsamet
2506 1620 2633 1688 ejus
2683 1621 2862 1675 verba
2912 1620 3162 1692 legimus
3226 1639 3238 1676 :
3295 1644 3323 1670 ‹‹
3376 1619 3564 1675 Dandi
3619 1619 3856 1692 quidem

2205 1706 2578 1776 baptismatis
2615 1709 2792 1764 habet
2830 1711 2930 1780 jus
2970 1728 3240 1765 summus
3296 1711 3589 1778 sacerdos,
3639 1708 3735 1780 qui
3767 1713 3856 1763 est

446 1799 846 1869 sequebantur
873 1803 1276 1871 castigationes,
1325 1807 1378 1857 et
1419 1820 1652 1858 censura
1698 1804 1909 1871 divina,
1942 1822 2088 1874 quas
2127 1831 2174 1896 B
2205 1796 2538 1868 episcopus,
2570 1799 2780 1854 dehinc
2814 1800 3132 1873 presbyteri
3165 1805 3220 1855 et
3251 1800 3632 1867 diaconi,non
3657 1806 3848 1853 tamen

450 1888 688 1960 quidem
719 1889 992 1944 Justinus
1042 1889 1282 1962 Martyr,
1342 1898 1443 1947 aut
1488 1894 1623 1963 quia
1663 1894 1928 1949 brevitati
1956 1910 2096 1950 con-

451 1977 703 2044 sulebat,
761 1983 862 2033 aut
913 1979 1052 2050 quia
1114 1982 1183 2035 ad
1237 1983 1606 2052 propositum
1661 2000 1836 2038 suum
1888 2001 2096 2055 parum

448 2066 762 2136 faciebant,
815 2069 1048 2139 penitus
1117 2073 1510 2140 pratermisit.
1551 2075 1622 2126 At
1669 2073 1947 2144 Origenes
2005 2073 2092 2126 di-

450 2160 602 2210 serte
634 2156 909 2226 .primum
980 2159 1194 2213 asserit
1248 2159 1611 2216 Christianos
1661 2162 1753 2216 sui
1814 2162 2096 2233 temporis

452 2261 690 2315 operam
740 2246 1016 2302 omnibus
1059 2248 1248 2304 modis
1299 2250 1554 2315 dedisse,
1610 2255 1672 2304 ut
1720 2267 1922 2306 eorum
1957 2268 2096 2306 con-

451 2339 661 2389 ventus
709 2341 766 2390 et
812 2353 1057 2408 synaxes
1104 2339 1491 2409 prudentibus
1541 2340 1882 2395 hominibus
1936 2357 2094 2396 com-

455 2421 770 2492 plerentur,
805 2424 1021 2494 quibus
1069 2426 1349 2496 quidquid
1400 2428 1697 2499 egregium
1743 2435 1801 2484 et
1830 2428 2095 2484 divinum

455 2510 764 2583 habemus,
817 2514 1202 2585 popularibus
1263 2517 1635 2572 sermonibus
1686 2535 1752 2572 ac
1815 2535 1918 2589 pro
1975 2519 2099 2574 sin-

453 2600 725 2743 gu;orum
759 2607 928 2675 captu
961 2605 1362 2677 explicabatur
1391 2607 1650 2680 (Origen.
1684 2607 1786 2663 lib.
1823 2623 1884 2662 III
1914 2617 2096 2665 contr-

453 2691 524 2743 Ce
555 2691 646 2743 s.l.

449 2691 596 2744 Cels.
607 2691 646 2761 ).

518 2789 667 2844 Tum
717 2791 930 2846 deinde
986 2794 1383 2850 Tertullianus
1442 2797 1717 2852 continuo
1768 2798 1982 2868 adjecit
2019 2799 2091 2854 ab

447 2877 658 2934 iisdem
688 2881 936 2936 cmtibus
966 2899 1064 2938 eos
1096 2901 1338 2954 prorsus
1367 2886 1605 2956 ejectos,
1655 2886 1755 2958 qui
1814 2888 2086 2958 peccatis,

445 2971 619 3037 atque
641 2968 698 3023 in
728 2969 934 3040 primis
959 2971 1199 3028 libidine
1221 2975 1506 3030 sordidati
1530 2981 1695 3030 erant
1719 2976 2083 3048 (Tertullian.

439 3057 712 3127 Apotoget.
765 3076 891 3131 cap.
941 3062 1032 3124 20,
1086 3079 1140 3132 p.
1191 3062 1334 3133 469).
1383 3063 1614 3133 Triplex
1663 3081 1797 3119 vero
1857 3065 1988 3130 fuit,
2023 3070 2086 3120 ut

2207 1884 2333 1940 sine
2364 1887 2621 1958 episcopi
2649 1890 3014 1959 auctoritate,
3070 1895 3305 1960 propter
3351 1887 3620 1943 Ecclesia?
3664 1887 3851 1941 hono-

2207 1991 2350 2042 rem,
2385 1993 2498 2046 quo
2531 1977 2708 2047 salvo,
2745 1978 2905 2033 salva
2935 1996 3046 2050 pax
3076 1983 3165 2033 est
3197 2001 3225 2027 ››
3257 1978 3530 2048 (Idem,de
3559 1977 3849 2047 Baptism,

2208 2066 2452 2135 cap.i7).
2478 2067 2747 2138 Episc0pi
2779 2067 2958 2139 igitur
2987 2067 3078 2123 his
3113 2067 3362 2138 aliisque
3383 2065 3849 2121 Christianorum

2207 2155 2527 2224 synaxibus
2561 2157 2971 2228 praesidebant,
3004 2162 3060 2213 et
3089 2173 3291 2212 eorum
3321 2155 3667 2212 auctoritate
3715 2171 3852 2226 pre-

2206 2243 2423 2314 sbyteri
2455 2249 2511 2299 et
2531 2245 2780 2301 diaconi.

2277 2370 2390 2424 Cur
2421 2375 2614 2425 autem
2671 2371 2909 2427 seniores
2953 2371 3025 2426 ab
3072 2370 3172 2426 illo
3223 2375 3586 2440 vocarentur,
3637 2368 3731 2426 his
3763 2369 3851 2423 di-

2207 2476 2367 2516 scere
2395 2466 2484 2516 est
2515 2461 2787 2534 Cypriani
2839 2462 3029 2517 verbis
3063 2476 3076 2517 :
3115 2483 3140 2515 α
3168 2461 3530 2532 Jampridem
3589 2475 3692 2531 per
3720 2476 3851 2515 om-

2209 2567 2312 2604 nes
2345 2551 2695 2621 provincias,
2719 2555 2776 2606 et
2807 2568 2908 2622 per
2934 2551 3108 2605 urbes
3141 2550 3425 2622 singulas,
3461 2547 3682 2605 odinati
3710 2551 3851 2604 sunt

2206 2638 2463 2710 episcopi
2492 2639 2550 2694 in
2582 2644 2747 2695 aetate
2780 2639 3026 2711 antiqui,
3061 2640 3119 2693 in
3156 2640 3267 2693 fide
3321 2638 3556 2710 integri,
3593 2637 3652 2692 in
3686 2654 3848 2709 pres-

2204 2745 2344 2782 sura
2373 2730 2690 2800 probati,in
2724 2730 3126 2801 persecutione
3152 2727 3464 2800 proscripti
3489 2750 3517 2777 ››
3551 2726 3844 2800 (Cyprian.

2201 2817 2371 2888 epist.
2405 2819 2496 2884 55,
2528 2819 2595 2874 ad
2625 2821 2866 2889 Anton.).
2900 2818 3100 2875 Cernis
3151 2817 3230 2872 ibi
3289 2816 3592 2888 episcopos
3653 2815 3842 2872 vocari

2198 2905 2256 2960 in
2290 2912 2456 2962 aetate
2487 2908 2781 2978 antiquos,
2816 2925 2882 2963 ac
2912 2907 3157 2979 proinde
3184 2908 3446 2962 seniores.
3471 2906 3674 2961 Nonne
3705 2922 3841 2976 ergo

2195 3013 2261 3052 eo
2295 2997 2528 3051 nomine
2559 2997 2957 3052 Tertullianus
2990 2997 3294 3068 episcopos
3312 2996 3660 3066 designavit,
3695 3012 3840 3065 quo-

2195 3102 2325 3139 rum
2358 3085 2565 3140 saltem
2599 3086 2836 3157 plurimi
2867 3103 2973 3142 suo
3006 3091 3268 3156 tempore
3299 3085 3556 3140 seniores
3595 3087 3846 3150 erant,et

439 3161 546 3200 suo
594 3145 718 3203 loco
777 3150 1166 3218 ostendimus,
1219 3158 1588 3224 peccatorum
1645 3154 2080 3226 criminumque

440 3249 622 3266 annnn
656 3243 892 3266 n—nnlnn
941 3241 1089 3266 an...)
1149 3241 1252 3266 I..L_.
1316 3243 1380 3266 ,Δ
1438 3243 1760 3266 ,κ..μ........1....Δ
1834 3244 2080 3266 Α--..ι-ιῖ

2199 3180 2365 3230 {etate
2394 3145 2646 3246 provecti
2675 3176 2700 3229 ’ἲ
2727 3177 2810 3230 Ad
2845 3176 2962 3230 haec
2993 3145 3148 3241 vero,
3180 3177 3251 3229 ab
3299 3175 3503 3229 eodem
3556 3145 3842 3245 Cypriano

438 3249 624 3305 genus
654 3243 892 3309 prOpter
938 3241 1092 3311 quod
1144 3241 1279 3310 lata,
1313 3243 1384 3298 ad
1433 3243 1765 3314 exemplum
1820 3244 2084 3315 Apostoli

441 3324 487 3394 (Ι
520 3324 642 3379 Cor.
679 3343 712 3380 v
741 3332 798 3382 et
826 3329 1000 3401 seq.),
1032 3328 1088 3383 in
1125 3347 1254 3385 reos
1305 3333 1930 3390 excommunicationis
1961 3350 2088 3390 sen-

438 3415 641 3484 tentia,
675 3416 747 3470 ab
779 3417 1034 3474 θοοΙθείω
1071 3420 1340 3492 ingressu
1374 3423 1744 3478 arcebantur.
1781 3429 1901 3478 Non
1928 3423 2088 3492 prius

439 3509 638 3559 autem
670 3505 891 3562 absolvi
926 3514 1213 3580 poterant,
1247 3527 1425 3581 quam
1458 3511 1737 3568 horumce
1771 3512 2084 3568 criminum

439 3593 739 3663 publicam
774 3597 1179 3668 pmnitentiam
1215 3600 1494 3671 egissent.

506 3692 691 3748 Antea
719 3697 916 3750 tamen
948 3696 1186 3750 illorum
1215 3703 1453 3768 peccata
1501 3698 1793 3754 debebant
1831 3699 2081 3770 diligen-

435 3779 663 3838 tissime
692 3784 1010 3840 examinari
1043 3790 1099 3840 et
1131 3787 1387 3857 agnosci.
1440 3789 2082 3858 Quamobremjudica-

434 3871 551 3937 tur,
584 3870 666 3925 ait
695 3876 900 3927 auctor
929 3879 1146 3941 noster,
1197 3896 1223 3927 α
1263 3893 1476 3947 magno
1523 3893 1659 3932 cum
1712 3879 1985 3948 pondere,
2021 3884 2082 3933 ut

433 3959 587 4026 apud
619 3963 808 4015 certos
830 3962 900 4015 de
937 3963 1030 4018 Dei
1051 3968 1362 4033 conspectu
1408 3981 1420 4018 :
1453 3982 1873 4036 summumque
1895 3967 2078 4022 futuri

423 4045 635 4114 judicii
667 4049 1080 4118 prssjudicium
1113 4057 1221 4120 est,
1253 4053 1302 4106 si
1334 4052 1467 4123 quis
1499 4054 1580 4108 ita
1611 4054 2014 4126 deliquerit,ut
2045 4075 2078 4111 a

430 4135 963 4193 communicatione
986 4139 1266 4196 orationis
1298 4147 1353 4196 et
1383 4149 1726 4209 conventus,
1788 4148 1844 4198 et
1882 4145 2076 4200 omnis

427 4224 616 4279 sancti
666 4228 999 4281 commercii
1056 4228 1349 4300 relegetur
1409 4252 1429 4279 ι»
1481 4229 1743 4300 (Tertull.
1797 4232 2071 4301 Apotoget.

427 4327 552 4382 cap.
587 4313 674 4384 30,
709 4331 765 4386 p.
800 4316 944 4388 469).
978 4317 1223 4374 Summa
1254 4319 1435 4390 igitur
1465 4336 1624 4385 cura,
1651 4323 1707 4373 et
1738 4336 1854 4391 qua
1887 4321 2074 4390 major

425 4400 588 4455 nulla
611 4419 738 4458 esse
755 4406 1437 4478 poterat,investigabant
1455 4424 1582 4478 quas
1613 4413 1671 4462 et
1687 4407 1884 4478 qualia
1905 4414 2073 4463 erant

424 4505 656 4546 reorum
680 4498 1117 4566 peccata,atque
1146 4495 1204 4550 in
1237 4495 1529 4551 convictos
1549 4496 1902 4552 sententiam
1925 4497 2068 4552 fere-

2200 3265 2477 3319 dicuntur
2507 3267 2565 3319 in
2590 3281 2868 3336 pressura,
2903 3266 2959 3319 id
2991 3269 3079 3320 est
3123 3263 3478 3320 cruciatibus
3529 3279 3630 3334 pro
3679 3261 3841 3316 Chri-

2199 3354 2271 3407 sti
2306 3355 2419 3408 ﬁde
2451 3359 2783 3410 constanter
2834 3353 3118 3421 toleratis,
3173 3354 3409 3424 probati.
3474 3351 3595 3406 Alio
3654 3355 3846 3407 tamen

2196 3461 2371 3499 sensu
2404 3445 2476 3498 ab
2508 3449 2742 3499 auctore
2773 3449 2971 3499 nostro
3019 3442 3371 3514 simpliciter
3428 3445 3849 3513 nuncupantur

2192 3533 2430 3603 probati,
2467 3531 2747 3587 nimirum
2780 3532 3032 3588 aliorum
3074 3532 3372 3603 suIl'ragiis
3431 3531 3503 3586 ob
3569 3530 3694 3586 vita
3725 3547 3847 3586 suae

2197 3621 2650 3677 sanctimoniam
2679 3623 2902 3693 probati
2930 3627 2986 3677 et
3013 3621 3200 3678 electi.
3235 3623 3366 3692 Ipse
3397 3621 3690 3675 enimvero
3721 3619 3843 3676 haec

2194 3711 2414 3766 ibidem
2449 3711 2755 3782 subjunxit
2786 3727 2800 3766 :
2835 3734 2862 3761 ‹‹
2900 3713 3186 3767 Ilonorem
3218 3710 3400 3766 istum
3461 3727 3576 3764 non
3636 3709 3838 3781 pretio,

2192 3801 2294 3856 sed
2329 3800 2665 3856 testimonio
2697 3801 2911 3872 adepti.
2946 3801 3146 3872 Neque
3171 3800 3329 3855 enim
3364 3799 3547 3871 pretio
3582 3798 3699 3854 ulla
3745 3816 3838 3855 res

2191 3889 2292 3945 Dei
2344 3894 2576 3945 constat
2621 3913 2649 3938 ››
2700 3889 3068 3960 (Tertullian.
3120 3890 3394 3960 Apologet.
3459 3903 3583 3957 cap.
3636 3887 3724 3956 39,
3775 3904 3832 3958 p.

2191 3979 2292 4032 469
2323 3985 2380 4033 et
2410 3979 2581 4049 seq.).
2615 3979 2793 4034 Nemo
2845 3985 3064 4045 autem,
3102 3979 3186 4033 uti
3237 3983 3536 4048 putamus,
3598 3976 3837 4046 negabit

2188 4067 2268 4121 ibi
2299 4085 2332 4122 a
2357 4067 2713 4122 Tertulliano
2748 4070 2905 4123 hisce
2937 4068 3126 4123 verbis
3155 4067 3416 4123 honorem
3475 4067 3644 4120 istum
3674 4065 3831 4120 desi-

2185 4156 2354 4226 gnari
2392 4173 2590 4211 sacros
2623 4157 3026 4211 ministrorum
3061 4156 3157 4211 Dei
3209 4155 3466 4221 ordines,
3518 4153 3617 4224 qui
3669 4153 3831 4210 nullo

2186 4245 2440 4314 penitus,
2475 4245 2855 4315 quantumvis
2887 4245 3132 4299 minimo
3166 4244 3375 4315 pretio,
3429 4243 3532 4298 sed
3590 4247 3745 4297 certo
3777 4246 3834 4298 et

2181 4331 2346 4402 gravi
2378 4331 2785 4402 religiosorum
2819 4330 3125 4385 hominum
3161 4329 3496 4385 testimonio
3528 4329 3669 4384 viris
3700 4347 3838 4401 pro-

2181 4418 2335 4474 batis
2369 4424 2425 4474 et
2473 4419 2675 4474 electis
2736 4420 2985 4474 conferri
3039 4420 3348 4475 debebant.
3413 4419 3718 4474 Rationem
3751 4419 3833 4474 si-

2180 4521 2429 4575 quaaras,
2486 4505 2637 4561 hanc
2693 4507 2763 4561 ab
2825 4506 3155 4576 Ambrosio,
3233 4506 3406 4562 dictis
3482 4504 3829 4562 Tertulliani

424 4579 754 4667 bant,quasi
781 4587 1338 4655 Deum,supremum
1362 4585 2067 4657 omniumjudicem,ante
2097 4565 2143 4628 Β
2177 4594 2346 4665 plane
2376 4600 2818 4666 congruentem,
2853 4595 3048 4667 accipe
3081 4613 3093 4651 :
3132 4618 3159 4645 ‹‹
3191 4596 3383 4651 Habes
3415 4594 3645 4651 Domini
3675 4613 3824 4667 prse-

422 4666 619 4725 oculos
652 4669 1016 4727 habuissent.
1051 4674 1131 4728 Ea
1171 4674 1369 4743 itaque
1400 4674 1693 4729 sententia
1740 4675 2063 4730 maximum

418 4759 794 4830 eratjudicii,
828 4777 861 4815 a
891 4761 1005 4817 Deo
1037 4761 1096 4817 in
1130 4762 1256 4834 ipso
1289 4762 1493 4818 mundi
1525 4762 1636 4817 [ine
1669 4763 1885 4818 ferendi
1919 4782 2062 4834 prae-

409 4847 878 4915 judicium.Nam
913 4851 1064 4906 sicut
1093 4853 1164 4906 ad
1188 4853 1576 4923 Pomponium
1605 4853 1841 4924 scripsit
1862 4859 2063 4924 postea

413 4935 738 5008 Cyprianus
784 4955 798 4995 :
850 4960 878 4990 «
933 4942 1102 5009 Apud
1157 4941 1356 4997 ﬁdeles
1411 4959 1610 4998 servos
1663 4944 1760 4998 Dei
1809 4944 2059 5015 spiritali

409 5024 604 5095 gladio
635 5029 1261 5086 excommunicationis
1295 5030 1534 5103 superbi
1582 5036 1641 5087 et
1681 5037 2060 5088 contumaces

405 5119 710 5182 necantur,
744 5118 884 5172 dum
917 5119 988 5173 de
1018 5119 1278 5174 Ecclesia
1309 5121 1646 5191 ejiciuntur.
1673 5121 1870 5193 Neque
1904 5123 2060 5177 enim

405 5201 594 5257 vivere
628 5204 767 5260 foris
800 5213 1074 5278 possunt,
1107 5225 1239 5263 cum
1273 5210 1484 5264 domus
1507 5209 1607 5264 Dei
1629 5227 1746 5264 una
1776 5209 1937 5276 sit,et
1959 5228 2058 5266 ne-

406 5291 552 5346 mini
585 5293 746 5350 salus
779 5311 907 5350 esse
940 5296 1054 5352 nisi
1089 5297 1147 5352 in
1182 5298 1438 5354 Ecclesia
1488 5298 1674 5370 possit
1704 5323 1730 5348 ››
1763 5300 2055 5372 (Cyprian.

406 5381 577 5453 epist.
610 5385 666 5448 5,
696 5384 766 5439 ad
795 5385 1032 5458 Pomp.).

480 5484 855 5554 Prosequitur
885 5485 1277 5543 Tertullianus
1313 5505 1325 5544 :
1364 5510 1386 5537 «
1419 5487 1736 5543 Praesident
1766 5488 1858 5543 his
1890 5489 2056 5544 Chri-

413 5569 740 5628 stianorum
790 5573 1058 5644 coetibus,
1123 5577 1353 5647 probati
1425 5578 1642 5649 quique
1717 5575 1975 5634 seniores
2024 5599 2053 5627 »

418 5657 683 5729 (Tertull.
713 5660 823 5719 loc.
857 5663 1001 5737 cit.).
1032 5664 1213 5724 Nobis
1261 5669 1458 5723 autem
1507 5682 1624 5722 non
1653 5665 1904 5740 explicat
1954 5666 2055 5740 qui

2175 4689 2408 4755 ceptum
2452 4684 2601 4740 vatis
2653 4684 2882 4756 (Elisaei,
2936 4686 3172 4740 Giezum
3227 4685 3573 4756 punientis),
3626 4701 3821 4740 exem-

2174 4773 2338 4845 plum
2370 4773 2551 4844 gratis
2583 4775 2741 4842 dare,
2787 4791 2890 4829 nec
2939 4776 3188 4830 vendere
3245 4774 3662 4845 ministerium,
3715 4777 3817 4831 sed

2173 4865 2376 4919 oll‘erre
2410 4880 2424 4919 :
2458 4882 2573 4920 non
2606 4865 2761 4920 enim
2794 4866 2980 4936 pretio
3013 4871 3243 4922 taxatur
3293 4865 3391 4921 Dei
3443 4867 3649 4938 gratia,
3712 4883 3816 4922 nec

2172 4952 2230 5008 in
2265 4955 2650 5010 sacramentis
2694 4954 2925 5010 lucrum
2975 4971 3255 5025 quaerere,
3308 4956 3407 5010 sed
3469 4954 3814 5026 obsequium

2172 5044 2548 5098 sacerdotis»
2578 5045 2867 5115 (Ambros.
2917 5044 3019 5100 lib.
3072 5062 3126 5098 1v
3180 5046 3511 5114 Expositio);
3571 5046 3630 5098 in
3685 5046 3815 5099 Luc.

2171 5133 2336 5203 §53).
2371 5133 2440 5186 Et
2469 5132 2644 5203 paulo
2675 5138 2806 5204 post
2842 5150 2853 5188 :
2889 5156 2916 5183 ‹‹
2962 5134 3338 5206 Inexpiabilis
3367 5139 3456 5188 est
3496 5132 3652 5187 enim
3675 5149 3819 5187 ven-

2172 5221 2275 5275 diti
2310 5221 2484 5292 culpa
2513 5222 2823 5277 ministerii
2857 5227 2913 5278 et
2962 5225 3150 5294 gratia
3201 5239 3213 5277 :
3269 5222 3523 5277 vindicta
3570 5220 3820 5278 ccelestis

2170 5311 2383 5364 transit
2413 5312 2484 5367 ad
2516 5317 2784 5383 posteros
2817 5336 2838 5363 ι
2878 5313 3034 5381 (Ibid,
3068 5315 3095 5383 ξ
3141 5313 3252 5380 53).
3308 5314 3516 5365 Postea
3567 5310 3623 5363 id
3676 5327 3815 5365 con-

2170 5399 2367 5454 ﬁrmat
2397 5400 2661 5472 exemplo
2695 5400 2950 5455 Simonis
2980 5399 3129 5471 Magi
3160 5399 3316 5470 (Ibid.
3352 5397 3454 5453 lib.
3514 5415 3591 5465 ix,
3626 5396 3654 5472 §
3707 5401 3814 5470 19),

2170 5506 2202 5544 a
2235 5506 2347 5559 quo
2390 5489 2664 5557 simonia,
2704 5494 2821 5544 tam
2871 5505 3023 5559 saepe
3072 5487 3397 5542 canonibus
3445 5486 3712 5542 Ecclesia:
3747 5506 3814 5544 ac

2168 5583 2507 5634 sanctorum
2545 5579 2781 5634 Patrum
2829 5576 3064 5648 scriptis
3111 5576 3408 5644 damnata,
3473 5592 3684 5634 nomen
3716 5595 3811 5634 ac-

2164 5667 2337 5740 cepit.
