4158 6346
323 365 482 426 1043

953 508 1271 549 ARTICULUS
1313 508 1353 546 ﬂ

329 615 403 668 De
437 613 598 682 stipe,
651 627 814 682 quam
862 608 1172 664 Christiani
1216 612 1272 662 in
1321 610 1438 661 suis
1482 605 1788 682 synaxibus
1829 604 1964 682 offe-

396 677 622 744 rebant;
649 677 742 736 ubi
776 683 1012 752 reposita
1057 682 1227 750 fuerit
1262 697 1275 745 ;
1311 688 1498 733 utrum
1552 679 1778 732 illorum
1833 677 1962 728 cha-

396 754 534 799 rilm
578 761 812 799 temnnre
873 749 1202 799 Tertulliani
1257 750 1581 799 refrixerit:
1629 765 1693 799 ac
1741 747 1960 799 auibus.

1741 762 1960 818 quibus,

395 754 541 824 ritas,
578 749 846 824 tempore
873 749 1202 824 Tertulliani
1257 750 1581 824 refrixerit;
1629 765 1693 824 ac

400 820 709 951 qugd-quos
755 839 886 879 usus
933 837 1058 894 quae
1096 823 1161 877 ab
1214 824 1296 877 eis
1340 821 1612 876 dabantur
1655 820 1965 890 dispensata

396 912 445 952 si
513 938 527 951 .

387 1064 736 1133 Quanquam
773 1059 1120 1117 Tertulliani
1167 1065 1424 1131 tempore
1456 1059 1528 1113 ab
1574 1055 1828 1113 Ecclesia
1858 1071 1962 1126 pe-

319 1151 479 1206 nitus
513 1150 806 1207 exsularet
834 1150 1026 1204 omnis
1075 1148 1397 1203 simoniaua
1428 1148 1607 1212 Iabes,
1668 1147 1726 1200 in
1784 1161 1850 1199 ea
1880 1150 1963 1198 ta-

320 1255 453 1294 men
477 1239 736 1306 domo,in
768 1254 942 1308 quam
973 1236 1289 1292 Christiani
1323 1237 1393 1290 ad
1429 1250 1675 1306 synaxes
1706 1235 1961 1305 agendas

320 1327 494 1382 solito
527 1343 687 1382 more
713 1325 1450 1394 convolabant,repositum
1482 1329 1605 1378 erat
1626 1337 1773 1378 arcae
1793 1337 1962 1390 genus

321 1414 476 1470 sicut
508 1415 604 1468 ille
651 1419 755 1480 ait,
805 1429 915 1468 non
961 1413 1337 1467 dehonoraria
1378 1427 1619 1475 summa,
1659 1413 1820 1482 quasi
1873 1425 1958 1464 re-

318 1501 561 1572 dempta
598 1501 892 1572 religionis
941 1501 1301 1571 (Tertullian.
1355 1501 1626 1569 Apologet.
1677 1514 1726 1552 c.
1777 1499 1866 1560 39,
1902 1515 1958 1568 ρ.

317 1591 464 1656 469).
496 1595 680 1661 Atque
712 1591 793 1644 ita
841 1590 1079 1660 quidem
1143 1590 1201 1642 in
1255 1590 1486 1643 duobus
1534 1586 1961 1658 antiquioribus

323 1679 542 1734 nostris
573 1680 897 1734 codicibus.
950 1680 1009 1732 In
1070 1678 1298 1733 duobus
1352 1693 1485 1731 vero
1542 1676 1961 1730 recentioribus

319 1765 690 1837 Colbertinis,
721 1782 830 1820 non
863 1766 928 1821 de
965 1765 1285 1820 honoraria.
1336 1767 1488 1822 952
1545 1766 1608 1818 In
1657 1764 1864 1834 priscis
1896 1779 1962 1818 ac

322 1855 674 1924 quibusdam
724 1855 1143 1910 recentioribus
1199 1856 1428 1909 excusis
1457 1870 1566 1909 non
1587 1853 1650 1908 de
1679 1855 1960 1908 oneraria.
1992 1850 2041 1916 B

326 1942 589 1998 Pessime
619 1943 851 1999 tandem
885 1942 944 1998 in
982 1942 1215 1997 Pamelii
1247 1943 1498 1998 editione
1530 1961 1640 1997 non
1686 1942 1752 1996 de
1807 1942 1960 1996 ordi-

323 2033 496 2087 naria
528 2073 540 2086 .
572 2031 717 2087 Nam
749 2031 998 2103 singulis
1027 2029 1236 2086 saltem
1268 2031 1589 2098 mensibus,
1623 2035 1687 2086 ut
1719 2047 1851 2085 mox
1872 2030 1958 2084 di-

323 2123 506 2190 cetur,
538 2137 604 2176 ea
635 2135 868 2175 summa
898 2120 1284 2176 deferebatur.
1315 2119 1573 2174 Primam
1613 2119 1812 2190 itaque
1842 2118 1954 2174 lec-

318 2207 541 2264 tionem
586 2210 811 2264 caateris
854 2208 1106 2280 praetulit
1160 2208 1469 2280 Rigaltius,
1522 2215 1646 2263 tum
1700 2209 1839 2280 quia
1895 2209 1955 2263 in

313 2296 714 2353 vetustissimo
762 2299 957 2352 codice
1009 2297 1274 2365 habetur,
1321 2303 1441 2352 tum
1500 2298 1639 2368 quia
1685 2297 1794 2352 hoc
1851 2315 1951 2353 no-

310 2385 470 2440 mine
501 2386 867 2441 dehonoraria
896 2386 1216 2457 signiﬁcari
1250 2393 1421 2456 putat
1475 2404 1792 2452 summam,
1829 2405 1954 2458 qua:

309 2489 418 2530 nec
447 2473 690 2541 venalis,
721 2491 817 2530 nec
848 2474 1159 2545 redemptae,
1193 2481 1256 2528 ut
1287 2475 1368 2529 ait
1394 2475 1808 2539 Tertullianus,
1858 2493 1951 2529 re-

315 2564 534 2631 ligioni,
569 2568 743 2634 atque
775 2563 856 2618 ita
886 2562 1032 2617 nulli
1073 2563 1593 2618 dehonestamento
1643 2570 1782 2618 erat.
1846 2564 1951 2618 Mi-

315 2666 433 2706 nus
457 2650 653 2722 itaque
681 2651 830 2706 bene
859 2668 928 2705 ex
957 2651 1065 2705 hoc
1104 2650 1339 2706 nomine
1386 2651 1486 2706 illa
1517 2652 1633 2706 duo
1662 2653 1727 2707 de
1785 2652 1950 2707 hono-

311 2740 474 2794 raria
503 2755 537 2794 a
565 2737 822 2792 librariis
848 2737 999 2793 facta
1020 2742 1190 2804 sunt;
1224 2738 1338 2792 nisi
1364 2738 1457 2794 his
1471 2739 1788 2809 signiﬁcari
1812 2740 1953 2797 velis

316 2828 470 2882 hanc
501 2842 796 2882 summam
822 2844 855 2881 a
886 2825 1371 2897 Christianis,qui
1403 2846 1436 2882 a
1465 2829 1772 2898 gentilium
1800 2831 1951 2884 fastu

318 2914 480 2970 omni
535 2915 944 2982 abhorrebant,
979 2931 1092 2969 non
1122 2915 1245 2969 dari
1304 2916 1376 2970 ad
1435 2915 1686 2986 aliquem
1746 2917 1952 2972 huma-

316 3017 460 3056 num
509 3000 789 3056 honorem
847 3001 1283 3071 aucupandum.
1347 3001 1408 3057 Si
1463 3019 1595 3058 vero
1640 3003 1951 3074 legendum

318 3105 557 3145 censeas
607 3105 717 3145 non
753 3089 818 3146 de
857 3091 1115 3146 oneraria
1185 3107 1422 3155 summa,
1481 3109 1606 3162 qua
1686 3093 1952 3148 videlicet

313 3177 660 3235 Christianis
691 3195 795 3234 nec
835 3178 1100 3245 molesta,
1137 3194 1239 3234 nec
1270 3179 1429 3235 oneri
1463 3189 1586 3235 erat
1633 3181 1750 3236 haec
1786 3181 1951 3236 lectio

312 3283 430 3322 non
461 3266 661 3322 minus
691 3283 867 3337 quam
901 3267 1228 3338 Rigaltiana
1257 3269 1585 3324 conﬁrmari
1638 3274 1830 3339 potest
1860 3271 1951 3324 his

314 3355 696 3426 sequentibus
724 3355 1063 3410 Tertulliani
1114 3355 1305 3410 verbis
1339 3374 1352 3412 :
1385 3378 1412 3405 «
1447 3357 1730 3412 Modicam
1765 3375 1951 3413 unus-

313 3443 565 3514 quisque
597 3442 809 3514 stipem
843 3449 1146 3498 menstrua
1191 3444 1307 3512 die,
1339 3444 1426 3498 vel
1461 3461 1593 3499 cum
1626 3446 1780 3513 velit,
1817 3452 1874 3501 et
1903 3447 1952 3502 si

316 3531 491 3586 modo
519 3530 675 3596 velit,
709 3536 767 3586 et
796 3530 844 3586 si
879 3532 1049 3586 modo
1083 3533 1266 3601 possit
1313 3535 1572 3604 apponit.
1605 3537 1749 3588 Nam
1785 3552 1953 3590 nemo

318 3617 708 3690 compellitur,
743 3619 841 3674 sed
875 3627 1082 3689 sponte
1107 3621 1331 3675 confert
1362 3641 1390 3669 »
1423 3622 1624 3692 (lbid.).
1669 3623 1792 3678 Non
1827 3640 1951 3679 ma-

319 3721 435 3778 gno
465 3705 646 3778 igitur
696 3709 780 3762 vel
814 3706 1039 3774 honori,
1098 3707 1185 3762 vel
1233 3709 1393 3762 oneri
1442 3725 1570 3764 esse
1617 3718 1842 3781 poterat
1887 3730 1952 3768 ea

321 3795 550 3851 modica
580 3795 846 3866 pecunia,
893 3812 1069 3866 quam
1105 3797 1509 3868 unusquisque
1550 3815 1651 3868 pro
1696 3798 1858 3856 libito
1890 3818 1955 3857 ac

324 3881 598 3938 facultate
629 3883 925 3939 olierebat.
958 3885 1119 3948 Quod
1158 3891 1354 3940 autem
1387 3886 1598 3955 adjecit
1651 3903 1778 3942 eam
1838 3905 1952 3944 non

321 3987 450 4027 esse
479 3973 636 4042 quasi
663 3973 959 4043 redemptae
989 3974 1272 4041 religionis
1299 3974 1503 4040 (Idem,
1549 3975 1682 4030 ibid.
1725 3993 1851 4047 cap.
1889 3980 1954 4032 13

320 4063 380 4115 et
410 4061 521 4132 42),
553 4060 646 4132 h)s
677 4061 868 4117 verbis
917 4062 1181 4118 ethnicos
1232 4063 1592 4135 perstringit,
1633 4065 1731 4136 qui
1791 4083 1957 4122 sacra

320 4147 518 4204 omnia
546 4148 790 4216 venalia,
835 4153 898 4204 ut
944 4149 1070 4220 ipse
1116 4150 1198 4205 ait
1242 4157 1300 4206 et
1347 4151 1496 4205 intra
1553 4154 1951 4221 ostendemus,

319 4233 635 4305 habebant,
663 4241 721 4294 et
751 4253 852 4309 pro
876 4237 961 4293 eis
989 4239 1298 4310 exigebant
1329 4241 1674 4296 mercedem.

393 4323 694 4381 Testatum
745 4326 999 4398 posthaec
1037 4328 1432 4383 Tertullianus
1465 4330 1599 4384 facit
1637 4347 1763 4386 eam
1797 4349 1956 4388 sum-

320 4428 478 4468 mam
509 4413 628 4470 sive
657 4415 866 4486 stipem
901 4432 931 4470 a
963 4415 1309 4472 Christianis
1341 4418 1536 4474 datam
1586 4419 1766 4476 fuisse
1796 4439 1954 4478 men-

319 4504 449 4557 trua
498 4503 587 4558 die
634 4503 793 4574 (ibid.
843 4519 968 4575 cap.
1019 4505 1108 4568 39,
1160 4520 1214 4576 p.
1269 4507 1417 4576 460),
1467 4507 1574 4562 hoc
1626 4513 1716 4563 est
1773 4511 1950 4567 semel

839 358 1369 424 TERTULLIANI
1416 357 1742 420 OPERUM
1784 354 1986 416 PARS
2032 355 2081 414 1.
2118 384 2191 397 -—
2227 353 2501 414 SERIES
2548 351 2593 424 Ι,
2645 348 3211 412 APOLOGETICA.

1994 487 2047 553 Α
2078 489 2198 551 nat,
2230 483 2528 540 recondens
2558 481 2698 554 quod
2726 482 2778 537 ei
2809 481 2938 537 bene
2964 481 3274 552 placuerit;
3301 488 3364 536 ut
3403 495 3536 551 non,
3593 497 3731 536 cum

3564 351 3729 410 ιομ

2071 588 2288 637 venero,
2321 574 2451 627 tunc
2477 569 2729 626 collectae
2755 571 2894 640 ﬁant
2924 569 2967 640 (Ι
3004 569 3128 623 Cor.
3161 584 3276 634 xv1,
3324 570 3376 633 1,
3408 569 3485 638 2).
3518 567 3725 640 Neque

2073 663 2151 716 ibi
2187 661 2283 716 ille
2316 666 2569 726 tantum,
2604 659 2704 714 sed
2763 682 2790 708 α
2846 658 2902 712 in
2963 657 3186 712 cunctis
3237 673 3380 728 pene
3437 657 3721 724 Epistolis

2073 748 2214 817 suis,
2263 748 2343 802 ait
2394 747 2802 818 Hieronymus,
2852 743 3128 814 loquitur,
3169 749 3228 799 et
3294 743 3563 814 praecepit
3607 744 3718 798 Ec-

2071 836 2264 891 clesiis
2314 835 2576 908 gentium
2629 851 2730 906 per
2773 849 2950 888 unam
3001 831 3252 898 sabbati,
3303 831 3412 886 hoc
3471 835 3562 887 est
3621 832 3720 888 die

2073 923 2392 992 Dominico,
2426 938 2630 978 omnes
2674 921 2933 976 conferre
2961 920 3172 976 debere
3221 935 3349 991 quae
3379 918 3719 989 Hierosoly-

2071 1029 2228 1068 mam
2261 1013 2320 1066 in
2348 1016 2686 1068 sanctorum
2716 1009 2926 1066 solatia
2953 1008 3327 1081 dirigantur»
3353 1007 3718 1080 (Hieronym.

2069 1101 2266 1157 advers
2303 1099 2606 1171 Vigilant.)
2637 1097 2824 1154 Jussit
2854 1114 2990 1169 ergo
3023 1097 3342 1168 Apostolus
3384 1097 3558 1152 hasce
3589 1097 3716 1153 col-

2070 1188 2249 1245 lectas
2279 1188 2530 1260 singulis
2561 1186 2879 1244 Dominicis
2909 1184 3058 1254 ﬁeri,
3089 1200 3155 1240 ac
3213 1187 3522 1257 pecuniam
3557 1187 3719 1258 apud

2070 1278 2298 1349 aliquos
2325 1277 2558 1348 deponi,
2612 1276 2795 1331 donec
2843 1275 3044 1344 egenis
3094 1273 3343 1345 aliisque
3394 1273 3626 1330 miseris
3659 1279 3721 1331 et

2068 1365 2467 1437 indigentibus
2500 1365 2846 1420 mitteretur.
2891 1363 3125 1419 Litteris
3157 1378 3392 1435 quoque
3439 1362 3718 1419 Justinus

2070 1455 2285 1525 Martyr
2318 1454 2612 1508 mandavit
2644 1453 2798 1506 hunc
2846 1468 3066 1506 morem
3129 1468 3235 1507 suo
3291 1456 3553 1524 tempore
3584 1468 3712 1506 ser-

2070 1548 2289 1611 vatum,
2323 1559 2388 1598 ac
2419 1541 2671 1614 singulis
2701 1541 3032 1613 quibusque
3061 1541 3396 1613 synaxibus,
3434 1540 3525 1595 die
3555 1540 3714 1596 Solis

2071 1631 2189 1686 sive
2220 1632 2521 1687 Dominico
2553 1631 2792 1701 coactis,
2826 1630 2892 1685 Ol
2952 1627 3302 1703 εὐποροῦντες
3351 1628 3439 1682 καὶ
3505 1625 3712 1703 βουλό·-

2075 1739 2247 1792 μενοι,
2305 1719 2440 1772 κατᾶ
2490 1718 2800 1792 προαίρεσιν
2851 1714 3074 1778 ἕκαστος
3111 1717 3209 1784 τὴν
3261 1716 3474 1784 ἑαυτοῦ,
3518 1716 3713 1792 ’ὀβοῦ-

2073 1805 2223 1861 λεται
2256 1805 2467 1874 δίδωσι,
2494 1806 2585 1861 καί
2613 1807 2674 1860 τὸ
2704 1804 3105 1880 συλλεγόμενον
3133 1805 3278 1880 παρὰ
3297 1810 3376 1877 τῷ
3405 1810 3716 1881 προεστῶτι

2069 1895 2402 1964 ἀποτίθεται,
2437 1899 2542 1966 Qui
2568 1899 2890 1968 copiosiores
2926 1901 3076 1965 sunt,
3137 1900 3184 1951 et
3221 1897 3428 1960 volunt,
3484 1913 3584 1968 pro
3615 1914 3719 1952 ar-

2071 1987 2240 2041 bitrio
2272 1991 2494 2060 quisque
2522 2003 2619 2041 suo
2669 1987 2808 2056 quod
2864 1987 3045 2041 visum
3074 1990 3170 2052 est,
3222 1987 3597 2054 contribuunt,
3660 1996 3719 2042 et

2066 2077 2205 2145 quod
2236 2078 2312 2130 ita
2341 2077 2495 2132 958
2525 2077 2827 2146 colligitur,
2860 2075 3006 2146 apud
3033 2075 3394 2145 praepositum
3414 2073 3717 2146 deponitur

2066 2162 2304 2234 (Justin.
2338 2165 2574 2236 Martyr.
2609 2165 2818 2236 Apolog.
2860 2181 2900 2229 ι,
2934 2180 2991 2218 n.
3025 2165 3135 2233 67).

2137 2270 2193 2325 Si
2240 2286 2375 2343 ergo
2433 2270 2776 2326 Tertulliani
2835 2273 2999 2326 astate
3057 2273 3204 2326 hanc
3263 2271 3472 2343 stipem
3533 2287 3704 2327 men-

2065 2361 2227 2413 strua
2285 2364 2516 2414 tantum
2555 2361 2663 2416 die.
2726 2375 2969 2430 eamque
3013 2359 3300 2415 modicam
3379 2360 3701 2416 Christiani

2063 2448 2398 2520 erogabant,
2435 2465 2621 2504 nonne
2654 2448 2886 2504 illorum
2922 2448 3322 2504 misericordia
3352 2455 3407 2505 et
3438 2449 3703 2505 rharitas

2062 2553 2175 2590 non
2230 2554 2458 2608 parum,
2512 2537 2594 2592 uti
2648 2542 2819 2592 antea
2861 2537 3288 2592 annotabamus
3330 2543 3512 2610 (supr.
3562 2554 3694 2609 cap.

2064 2626 2150 2694 12,
2184 2631 2291 2681 art.
2324 2626 2396 2692 3),
2453 2626 2764 2682 imminuta
2822 2631 2878 2681 et
2934 2625 3235 2682 debilitata
3291 2626 3701 2698 erat?Neque

2061 2714 2406 2785 Cyprianus,
2441 2715 2515 2768 ibi
2551 2733 2583 2769 a
2617 2714 2782 2770 nobis
2815 2714 3052 2780 citatus,
3105 2715 3159 2768 id
3207 2714 3561 2784 dissimulat,
3594 2715 3702 2785 qui

2063 2803 2133 2856 de
2161 2803 2380 2858 duriori
2415 2810 2690 2858 matrona:
2721 2802 3059 2858 Christianis
3091 2802 3150 2858 in
3187 2820 3469 2876 pauperes
3499 2808 3556 2858 et
3591 2803 3703 2857 mi-

2063 2908 2222 2946 seros
2253 2891 2449 2946 animo
2479 2893 2561 2947 sic
2593 2893 3005 2963 conqueritur:
3043 2913 3070 2941 «
3110 2891 3390 2963 Locuples
3439 2898 3494 2947 et
3537 2891 3703 2947 dives

2062 2997 2145 3048 es,
2179 2984 2234 3033 et
2297 2980 2658 3035 Dominicum
2720 2978 3010 3034 celebrare
3068 2983 3125 3034 te
3167 2979 3376 3047 credis,
3411 2997 3539 3051 quae
3581 2997 3710 3035 cor-

2065 3067 2270 3122 bonam
2305 3069 2542 3123 omnino
2574 3085 2686 3122 non
2733 3067 2996 3139 respicis,
3051 3085 3179 3140 quae
3224 3067 3282 3123 in
3332 3068 3705 3125 Dominicum

2063 3155 2188 3211 sine
2237 3156 2520 3212 sacrificio
2569 3157 2752 3226 venis,
2791 3173 2917 3227 quae
2993 3159 3216 3227 partem
3267 3157 3338 3212 de
3393 3157 3706 3226 sacriﬁcio,

2063 3245 2215 3314 quod
2264 3262 2486 3317 pauper
2522 3244 2754 3309 obtulit,
2804 3243 2993 3299 sumis
3042 3265 3069 3296 ιι
3122 3245 3414 3317 (Cyprian.
3461 3246 3618 3317 Oper.
3655 3252 3708 3302 et

2061 3331 2378 3402 Bleemos.)
2423 3335 2631 3389 Verum
2683 3333 2914 3388 tametsi
2969 3333 3204 3404 quidam
3257 3337 3396 3389 tunc
3446 3335 3704 3390 avaritiae

2059 3422 2199 3476 vitio
2229 3423 2498 3494 correpti,
2552 3421 2768 3476 nullam
2803 3439 2871 3476 ea
2925 3422 3019 3476 die
3073 3422 3284 3494 stipem
3341 3424 3700 3493 conferrent,

2063 3509 2234 3564 multi
2269 3510 2652 3566 nihilominus
2683 3509 2851 3581 plura
2881 3527 2995 3566 non
3037 3509 3226 3566 solum
3273 3516 3557 3568 menstrua
3586 3512 3701 3581 die,

2063 3599 2188 3667 sed,
2221 3600 2302 3653 ait
2345 3598 2762 3665 Tertullianus,
2814 3615 2947 3654 cum
2998 3599 3290 3670 volebant,
3341 3601 3703 3672 pauperibus

2063 3686 2471 3743 distribuenda
2520 3687 2932 3760 largiebantur.
2977 3689 3057 3742 Ibi
3104 3687 3399 3744 enimvero
3450 3689 3545 3744 ille
3594 3691 3703 3746 de-

2063 3775 2244 3831 clarat
2273 3781 2502 3832 tantum
2539 3777 2719 3832 fuisse
2744 3776 2904 3832 illam
2946 3775 3412 3832 Christianorum
3443 3777 3704 3834 liberali-

2061 3867 2266 3929 tatem,
2299 3869 2361 3919 ut
2391 3864 2661 3935 eiusmodi
2689 3865 2770 3919 vel
2799 3866 3064 3922 maximae
3091 3865 3404 3922 dilectionis
3455 3870 3698 3938 operatio

2063 3961 2249 4008 notam
2281 3945 2474 4009 nimias
2506 3953 2708 4026 procul
2740 3953 2918 4010 dubio
2969 3953 3353 4026 pecuniarum
3400 3956 3708 4013 eﬂ‘usionis

2062 4043 2220 4098 nobis
2277 4044 2464 4098 inurat
2533 4059 2696 4114 penes
2751 4043 3031 4113 quosdam,
3109 4043 3380 4100 videlicet
3453 4046 3708 4117 gentiles

2061 4131 2324 4200 (Tertull.
2357 4131 2626 4203 Apologet.
2663 4147 2788 4202 cap.
2824 4131 2916 4199 39,
2945 4148 3000 4203 p.
3035 4131 3182 4203 471).

2135 4239 2359 4303 Quanta
2389 4243 2585 4293 autem
2617 4241 2775 4293 esset
2828 4236 2928 4293 illa
2969 4236 3434 4294 Christianorum
3472 4239 3708 4312 largitio

2063 4343 2128 4382 ac
2160 4327 2546 4383 beneﬁcentia
2570 4344 2638 4382 ex
2663 4326 3163 4398 subsequentibus
3195 4327 3386 4382 adhuc
3417 4345 3706 4400 agnosces

2061 4415 2404 4472 Tertulliani
2441 4415 2656 4484 verbis,
2691 4415 2927 4486 {quibus
2966 4419 3162 4487 aperte
3209 4426 3502 4473 asseverat
3547 4435 3703 4486 eam,

2059 4508 2340 4576 tanquam
2375 4504 2606 4576 pietatis
2653 4503 3007 4574 depositum,
3067 4504 3460 4574 dispensatam
3519 4507 3706 4564 fuisse

319 4606 674 4662 unoquoque
722 4607 942 4646 mense.
986 4590 1207 4663 Stipem
1269 4595 1423 4650 enim
1479 4601 1822 4654 menstruam
1874 4599 1957 4655 sic
1987 4581 2033 4646 D
2063 4596 2246 4662 egenis
2275 4594 2487 4649 alendis
2519 4592 2937 4662 humandisque,
2968 4600 3021 4647 et
3046 4595 3235 4664 pueris
3279 4609 3348 4649 ac
3371 4596 3594 4665 puellis,
3642 4612 3706 4652 re

321 4678 570 4748 explicat
597 4680 926 4735 Marcianus
961 4697 974 4735 :
1009 4703 1036 4728 ‹‹
1073 4679 1428 4738 Permittitur
1458 4685 1821 4742 tenuioribus
1855 4689 1952 4742 sti-

320 4783 456 4838 pem
489 4772 852 4822 menstruam
911 4768 1188 4836 conferre,
1238 4771 1375 4826 dum
1424 4778 1618 4829 tamen
1668 4776 1847 4832 semel
1893 4778 1951 4832 in

321 4871 523 4910 mense
553 4860 776 4924 coeant,
809 4857 960 4928 quod
998 4873 1110 4912 non
1145 4858 1201 4913 in
1246 4859 1417 4926 Urbe,
1460 4865 1556 4917 sed
1591 4866 1648 4918 in
1679 4863 1864 4932 Italia,
1895 4871 1953 4922 et

315 4944 633 5016 provinciis
660 4944 852 5001 locum
886 4945 1097 5002 habere
1127 4947 1295 5005 divus
1327 4967 1560 5023 quoque
1593 4953 1838 5009 Severus
1863 4971 1950 5011 re-

314 5033 552 5106 scripsit
579 5053 606 5086 s
633 5035 778 5108 (Lib.
811 5052 960 5091 XLVII
990 5036 1198 5105 Digest.
1242 5039 1390 5094 titul.
1443 5041 1533 5109 22,
1569 5040 1676 5114 leg.
1734 5043 1802 5113 1).
1839 5044 1948 5099 Eo-

311 5123 444 5180 dem
475 5129 669 5182 autem
702 5126 906 5182 Severo
939 5125 1261 5198 imperante
1286 5128 1424 5195 haec,
1462 5130 1541 5184 uti
1565 5147 1744 5203 supra
1774 5150 1950 5189 anno-

311 5217 498 5270 tatum
531 5219 638 5285 est,
671 5215 1068 5271 Tertullianus
1099 5216 1415 5272 scribebat.

383 5302 529 5366 Quid
563 5321 699 5377 ergo
724 5307 747 5361 Ρ
777 5305 1003 5376 inquiet
1050 5303 1287 5377 aliquis,
1341 5307 1628 5378 numquid
1677 5313 1816 5366 tunc
1855 5328 1946 5367 re-

310 5393 550 5451 frixerat
577 5395 1036 5452 Christianorum
1070 5392 1373 5450 Charitas?
1404 5395 1604 5452 Nonne
1635 5398 1948 5470 Apostolus

314 5483 386 5538 ad
418 5485 744 5541 Corinthios
775 5484 1088 5555 scripserat
1118 5497 1132 5538 :
1168 5484 1240 5539 De
1276 5485 1517 5540 collectis
1563 5502 1689 5558 quze
1720 5488 1859 5557 ﬁunt
1886 5489 1944 5544 in

316 5581 546 5642 sanctos,
577 5573 994 5630 sicutordiuavi
1039 5572 1294 5629 Ecclesiis
1348 5573 1602 5642 Galatiae,
1652 5582 1734 5630 ita
1780 5583 1830 5630 et
1857 5591 1948 5632 ros

319 5663 502 5738 facile.
536 5663 639 5717 Per
663 5679 831 5718 unam
862 5663 1086 5718 Sabbati
1112 5665 1482 5736 unusquisque
1523 5668 1758 5721 vestrum
1789 5680 1947 5738 sepo-

2063 4699 2127 4736 ac
2153 4683 2475 4754 parentibus
2503 4683 2802 4748 destitutis,
2827 4681 3055 4752 jamque
3103 4680 3408 4738 domesticis
3456 4685 3702 4754 senibus,

2063 4770 2193 4826 item
2223 4773 2533 4842 naufragis,
2563 4774 2614 4826 et
2641 4769 2692 4825 si
2727 4769 2828 4840 qui
2872 4770 2931 4823 in
2974 4769 3230 4838 metallis,
3289 4772 3410 4826 sive
3467 4771 3538 4828 ad
3584 4789 3707 4828 me-

2059 4859 2201 4915 talla
2229 4859 2510 4929 damnati,
2552 4863 2602 4913 et
2638 4860 2690 4914 si
2718 4859 2818 4929 qui
2847 4858 2908 4912 in
2955 4859 3175 4927 insulis,
3217 4874 3320 4914 seu
3387 4859 3446 4915 in
3479 4859 3705 4916 insulas

2059 4948 2319 5020 relegati,
2354 4948 2436 5003 vel
2475 4949 2532 5003 in
2581 4946 2858 5017 custodiis,
2889 4945 2946 5001 id
2991 4951 3101 5014 est,
3153 4947 3506 5014 carceribus,
3557 4948 3702 5004 dun-

2059 5043 2218 5093 taxat
2246 5054 2315 5093 ex
2367 5053 2534 5092 causa
2576 5037 2674 5093 Dei
2717 5043 2897 5104 δαείω,
2943 5035 3162 5091 alumni
3205 5038 3563 5107 confessionis
3589 5055 3706 5095 suae

2059 5127 2199 5197 ﬁunt
2230 5127 2442 5198 (Ibid.),
2475 5126 2584 5182 hoc
2613 5129 2703 5182 est
2732 5123 3074 5180 Christianae
3122 5124 3424 5198 religionis
3453 5131 3708 5184 sectato-

2060 5233 2172 5285 res,
2206 5216 2308 5288 qui
2341 5216 2413 5272 ob
2453 5216 2580 5286 ejus
2630 5213 3055 5272 confessionem
3109 5213 3202 5270 his
3249 5214 3438 5285 poenis
3487 5216 3702 5285 affecti,

2059 5305 2305 5377 pecunia
2352 5323 2385 5361 a
2432 5302 2781 5360 Christianis
2828 5301 3148 5359 liberaliter
3185 5301 3396 5359 collata
3435 5303 3700 5362 aluntur.

2059 5395 2447 5458 Quamobrem
2478 5393 2574 5449 ille
2605 5408 2779 5449 suum
2809 5390 2879 5446 ad
2909 5390 3174 5464 Martyres
3226 5391 3443 5449 librum
3487 5394 3572 5450 sic
3603 5411 3698 5451 oro

2058 5484 2214 5540 ditur
2254 5502 2266 5539 :
2306 5508 2325 5534 ε
2362 5485 2521 5540 Inter
2561 5482 2753 5539 carnis
2792 5479 3095 5546 alimenta,
3146 5481 3434 5537 benedicti
3468 5489 3694 5553 marty-

2057 5589 2151 5629 res
2181 5573 2490 5646 designati,
2521 5589 2644 5644 quie
2675 5569 2838 5628 vobis
2867 5574 2924 5624 et
2953 5569 3191 5626 domina
3222 5575 3407 5626 mater
3434 5570 3695 5630 Ecclesia

2057 5663 2130 5721 de
2159 5662 2438 5721 uberibus
2467 5662 2613 5731 suis,
2645 5665 2704 5719 et
2733 5657 2948 5732 singuli
2981 5659 3190 5718 fratres
3221 5659 3293 5716 de
3321 5657 3532 5731 opibus
3562 5660 3693 5719 suis
