4158 6320
288 380 442 443 1045

1226 379 1297 436 D.
1345 375 1441 435 LE
1487 370 1813 433 NOUltllY
1857 363 2512 430 OBSERVATIONES
2556 359 2818 423 ΝΟνΑῑ.

3547 350 3705 411 1046

288 510 541 584 propriis
570 510 631 565 in
663 525 956 567 carcerem
987 506 1462 573 subministrant,
1496 502 1684 575 capite
1714 499 1937 572 aliquid
1968 500 2023 567 Α
2049 496 2326 563 camutas,
2359 494 2574 566 quibus
2598 508 2664 548 ea
2686 488 3065 563 poeissimum
3096 485 3382 555 alebatur,
3414 486 3700 554 tanquam

289 604 347 656 et
373 618 407 655 a
437 600 627 667 nobis,
661 601 815 671 quod
848 600 1020 655 faciat
1074 598 1147 654 ad
1196 595 1465 668 spiritum
1514 607 1745 666 quoque
1793 589 1933 646 edu-

290 689 544 744 candum
578 711 605 738 »
638 689 814 760 (ldem
848 688 918 744 ad
947 692 1191 759 Martyr.
1224 702 1349 757 cap.
1372 686 1444 756 1).
1468 686 1538 739 Et
1569 681 1740 755 paulo
1772 682 1931 753 post:

291 800 318 828 «
352 781 484 844 Quae
537 779 703 850 justa
762 784 901 834 sunt
959 795 1091 833 caro
1149 793 1262 831 non
1317 773 1553 844 amittit,
1589 790 1691 843 per
1731 785 1931 826 curam

286 866 575 932 Ecclesiae,
611 871 665 924 et
707 884 927 941 agapen
983 868 1231 922 fratrum
1279 888 1303 913 »
1353 864 1515 934 (Ibia.
1550 878 1675 932 cap.
1707 861 1783 928 2).
1817 859 1929 912 An-

284 961 377 1013 tea
407 974 539 1013 vero
570 958 843 1013 Justinus
876 957 1113 1026 Martyr,
1162 974 1195 1011 a
1242 953 1409 1010 nobis
1439 952 1738 1020 laudatus,
1771 947 1928 1002 dixe-

284 1050 371 1103 rat
421 1046 530 1103 hac
571 1048 818 1120 pecunia
876 1046 1278 1119 przepositum,
1311 1043 1466 1115 apud
1516 1056 1690 1114 quem
1746 1038 1932 1092 fuerat

280 1136 564 1208 deposita,
607 1136 880 1209 opitulari
942 1135 1197 1209 ὀρφανοῖς
1254 1131 1342 1187 καὶ
1392 1130 1615 1206 χήραις,
1672 1127 1758 1181 καὶ
1810 1129 1926 1186 τοῖς

278 1220 366 1278 διὰ
411 1223 568 1279 νόσον
616 1223 650 1293 ἢ
700 1222 769 1278 δι’
816 1221 992 1294 ἀλλην
1046 1222 1222 1277 αἰτίαν
1273 1218 1644 1293 λειπομένας,
1673 1216 1761 1270 καὶ
1807 1219 1925 1276 τοῖς

278 1312 328 1368 ὶν
384 1310 604 1387 δεσμοῖς
661 1314 800 1381 οὖσι,
879 1313 967 1368 καὶ
1019 1319 1136 1375 τοῖς
1199 1307 1605 1387 παρεπιδημοῖς
1674 1304 1791 1360 οὖσι
1853 1303 1928 1373 εἰ·

277 1423 411 1465 νοις·
448 1404 722 1477 Orphanis
771 1414 820 1461 et
872 1404 1074 1473 viduis,
1108 1410 1204 1460 aut
1252 1404 1333 1457 his
1380 1402 1475 1474 qui
1517 1406 1733 1471 propter
1780 1411 1923 1451 mor-

281 1495 427 1561 bum,
460 1499 557 1550 aut
616 1496 862 1566 aliquam
916 1496 1086 1551 aliam
1144 1510 1366 1549 causam
1422 1499 1599 1563 egent,
1632 1489 1831 1560 quique
1865 1485 1924 1540 in

278 1584 513 1640 vinculis
567 1593 713 1653 sunt,
755 1589 806 1641 et
860 1601 1088 1657 peregre
1147 1582 1563 1639 advenientibus
1622 1577 1925 1649 hospitibus

278 1672 518 1744 (Justin.
550 1672 789 1746 Apolog.
821 1691 860 1745 1,
885 1691 943 1731 n.
974 1673 1086 1743 67).

349 1780 529 1836 Nobis
598 1798 831 1852 quoque
883 1780 1171 1836 Eusebius
1236 1777 1470 1834 exhibet
1527 1775 1921 1845 fragmentum

2045 586 2324 660 prodigas
2382 584 2758 639 infamarent.
2815 580 2926 635 Sed
2957 578 3029 634 de
3059 576 3154 633 bis
3186 591 3343 632 nunc
3373 574 3696 647 agendum.

2639 720 2845 761 ARTICU
2854 719 2923 759 LU
2932 719 2961 758 8
3002 720 3064 758 III
3074 742 3086 755 .

2042 820 2117 874 De
2148 818 2276 873 data
2310 819 2369 871 in
2421 815 2863 869 Christianorum
2911 810 3224 882 synaxibus
3264 822 3433 882 aena,
3468 808 3522 859 et
3546 819 3695 882 prae-

2118 892 2300 944 missis
2329 890 2382 943 ei
2408 889 2659 958 precibus
2679 902 2700 946 ;
2732 903 2805 941 ae
2854 875 3045 940 contra
3100 880 3469 958 impendentes
3514 875 3693 958 ethni-

2056 974 2064 986 '
2110 979 2295 1017 eorum
2345 949 2652 1014 calumnias
2698 958 3005 1015 ostenditur
3030 949 3197 1026 quani
3225 950 3486 1023 frugalis,
3508 949 3696 1003 sobria

2110 1033 2455 1103 modesteque
2481 1032 2668 1101 [uerit.

2109 1159 2481 1228 Compertum
2524 1155 2779 1227 profecto
2828 1152 3048 1209 ethnici
3081 1149 3376 1205 habebant
3404 1144 3690 1201 Christia-

2038 1264 2145 1304 nos
2187 1247 2313 1302 suis
2362 1246 2420 1300 in
2473 1244 2793 1316 synaxibus
2835 1256 3137 1306 cmnasse;
3185 1238 3287 1294 sed
3341 1234 3693 1307 ignorabant

2036 1337 2240 1409 utique
2269 1338 2485 1406 quanta
2516 1332 2825 1397 modestia,
2865 1330 3200 1402 frugalitate
3230 1328 3287 1381 et
3315 1324 3529 1397 pietate
3567 1321 3689 1377 haec

2036 1442 2199 1481 omna
2230 1425 2464 1480 condita
2496 1422 2696 1477 fuerit.
2732 1423 3100 1492 Quapropter
3148 1414 3322 1471 solito
3354 1414 3415 1467 in
3447 1411 3685 1467 eosdem

2034 1514 2399 1571 Christianos
2450 1513 2725 1567 effrenato
2777 1510 2971 1563 furore
3014 1520 3249 1576 semper
3281 1498 3681 1557 inflammati:

2035 1604 2361 1659 «Camulas
2421 1606 2674 1667 nostras,
2736 1598 2927 1668 inquit
2972 1593 3388 1656 Tertullianus,
3446 1592 3681 1659 praster-

2032 1709 2205 1763 quam
2240 1691 2477 1747 sceleris
2506 1690 2784 1755 infames,
2844 1691 2908 1741 ut
2951 1684 3225 1757 prodigas
3258 1676 3620 1749 sugillabant
3647 1697 3674 1726 ››

2033 1781 2398 1853 (Tertullian.
2452 1780 2731 1849 Apologet.
2791 1792 2917 1847 cap.
2972 1774 3061 1841 39,
3114 1787 3246 1843 pag.
3281 1768 3425 1835 473).
3461 1764 3681 1835 Duplex

277 1868 534 1941 epistolis
566 1870 826 1942 Dionysii
859 1870 1293 1926 Corinthiorum
1326 1864 1583 1938 episcopi
1614 1865 1683 1919 ad
1718 1867 1925 1916 Roxna-
1952 1876 2000 1942 Β
2031 1870 2210 1941 igitur
2234 1875 2359 1925 erat
2389 1868 2638 1939 hujusce
2667 1863 3059 1921 accusationis
3093 1863 3286 1932 caput.
3324 1858 3391 1911 Et
3422 1854 3680 1926 primum

278 1975 407 2027 nos,
450 1958 551 2014 ubi
591 1958 827 2015 illorum
880 1959 1084 2014 laudat
1139 1955 1645 2017 consuetudinem,
1678 1954 1750 2007 ab
1795 1950 1923 2021 ipso

275 2050 462 2100 ortam
521 2045 863 2102 Christiana:
914 2045 1212 2117 religionis
1258 2044 1514 2110 exordio,
1547 2046 1603 2095 et
1652 2058 1686 2095 a
1726 2043 1925 2094 Sotere

277 2133 511 2189 illorum
586 2134 859 2205 episcopo
934 2140 1189 2204 auctam,
1243 2149 1360 2203 qua
1431 2128 1921 2191 Christianorum,

275 2223 452 2277 etiam
502 2222 632 2278 aliis
680 2223 739 2278 in
794 2223 1038 2279 urbibus
1087 2221 1446 2293 degentium,
1480 2224 1537 2273 et
1582 2218 1655 2273 ad
1688 2213 1925 2271 metalla

280 2312 698 2367 damnatorum
731 2312 990 2384 inopiam
1046 2311 1209 2367 vario
1258 2308 1676 2365 beneficiorum
1714 2321 1925 2377 genere

279 2400 665 2457 sublevabant
710 2402 944 2473 (Euseb.
995 2401 1097 2456 lib.
1148 2400 1214 2455 ιν
1275 2400 1410 2453 Hist.
1445 2398 1639 2452 Eccles.
1673 2411 1800 2466 cap.
1832 2394 1921 2461 33,

277 2507 408 2562 pag.
449 2492 592 2560 145).
627 2493 782 2548 954
813 2491 960 2556 Quin
993 2491 1168 2545 etiam
1201 2488 1524 2561 Cyprianus
1575 2486 1647 2539 ad
1680 2484 1921 2556 presby-

275 2581 434 2634 teros
464 2583 520 2634 et
550 2580 827 2636 diaconos
859 2580 979 2635 haec
1027 2578 1263 2651 scripsit
1306 2578 1363 2632 in
1410 2576 1587 2632 verba
1618 2591 1631 2629 :
1666 2597 1693 2623 ‹‹
1729 2574 1921 2638 Quan-

272 2670 402 2724 tum
435 2670 505 2723 ad
545 2675 819 2741 sumptus
877 2669 1276 2743 suggerendos
1326 2668 1446 2722 sive
1494 2664 1634 2734 illis,
1667 2664 1766 2736 qui
1797 2661 1922 2735 glo-

272 2757 429 2812 riosa
473 2775 609 2814 voce
656 2759 839 2815 Deum
890 2758 1141 2816 confessi
1181 2758 1240 2813 in
1273 2771 1502 2812 carcere
1532 2756 1672 2810 sunt
1702 2751 1919 2807 consti-

270 2846 401 2916 tuti,
436 2847 556 2902 sive
585 2847 658 2904 iis
688 2849 789 2920 qui
818 2866 1107 2921 pauperes
1148 2852 1203 2902 et
1247 2845 1576 2916 indigentes
1629 2841 1919 2910 laborant,

271 2940 328 2990 et
359 2940 555 2992 tamen
588 2937 647 2992 in
702 2937 949 2993 Domino
984 2938 1375 3008 perseverant,
1409 2936 1539 3004 peto
1573 2929 1715 2985 nihil
1749 2929 1918 2997 desit,

273 3038 409 3078 cum
440 3042 676 3081 summa
707 3026 920 3094 omnis,
954 3043 1079 3098 quae
1110 3025 1346 3080 redacta
1384 3020 1615 3091 est,i1lic
1655 3019 1733 3074 sit
1763 3018 1917 3089 apud

274 3110 516 3170 clericos
548 3114 865 3171 distributa
894 3119 1129 3188 propter
1154 3111 1444 3184 ejusmodi
1476 3126 1683 3176 casus;
1719 3111 1782 3162 ut
1812 3106 1921 3161 ha-

2034 1968 2271 2040 quidem
2321 1966 2454 2023 illas
2503 1963 2846 2032 sceleribus,
2878 1958 3158 2015 nimirum
3191 1956 3414 2011 infante
3468 1951 3679 2007 occiso.

2034 2077 2101 2116 ac
2158 2056 2449 2113 horrendo
2502 2054 2695 2109 carnis
2747 2052 2876 2121 ejus
2925 2047 3161 2120 pabulo,
3224 2048 3281 2099 et
3335 2038 3679 2112 turpissimo

2033 2150 2258 2205 incestu
2302 2147 2483 2200 fuisse
2529 2143 2800 2197 infames.
2836 2139 2946 2195 Sed
2991 2140 3175 2192 totam
3227 2132 3378 2186 hanc
3428 2127 3682 2184 falsissi-

2034 2255 2190 2294 mam
2251 2233 2703 2300 accusationem,
2755 2236 2818 2283 ut
2873 2228 3029 2281 infra
3085 2221 3437 2288 videbimus,
3479 2221 3683 2272 auctor

2033 2333 2234 2383 noster
2262 2324 2528 2379 funditus
2578 2318 2801 2375 evertit.
2843 2314 3100 2371 Alteram
3130 2327 3263 2367 vero
3296 2304 3682 2380 prodigalita-

2031 2702 2103 2742 ne
2149 2684 2277 2753 tibi,
2327 2697 2522 2753 quaeso
2570 2694 2741 2751 grave
2772 2675 2868 2731 sit.
2913 2674 3008 2729 Sic
3056 2674 3250 2727 autem
3290 2666 3383 2723 ille
3431 2683 3445 2722 :
3488 2689 3500 2715 ‹

2030 2792 2108 2831 na
2138 2780 2339 2829 nostra
2368 2771 2438 2825 de
2470 2767 2705 2823 nomine
2737 2764 3018 2820 rationem
3049 2761 3201 2817 955
3237 2757 3329 2813 sui
3369 2754 3626 2812 ostendit
3657 2768 3671 2809 :

2027 2863 2088 2919 id
2114 2867 2372 2931 vocatur,
2406 2859 2561 2931 quod
2612 2854 2843 2912 dilectio
2889 2868 3062 2925 penes
3109 2853 3337 2904 Graecos
3366 2862 3380 2901 :
3415 2867 3444 2895 »
3474 2844 3535 2899 in
3568 2860 3676 2898 an-

2028 2953 2212 3024 tiquis
2261 2948 2616 3005 editionibus
2656 2948 2881 3001 vocatur
2927 2939 3129 3014 ἀγάπη,
3182 2938 3239 2993 id
3268 2934 3407 3009 quod
3453 2931 3675 2988 dilectio

2027 3022 2175 3113 apud
2207 3040 2415 3096 Graecos
2451 3041 2533 3092 est
2570 3032 2837 3103 (Tertull.
2888 3030 3162 3101 Apologet.
3219 3042 3349 3096 cap.
3397 3022 3486 3092 39,
3538 3035 3675 3092 pag.

2028 3110 2175 3201 473).
2204 3126 2503 3197 Numquid
2535 3141 2672 3196 ergo
2702 3122 2797 3177 his
2836 3118 3192 3175 editionibus
3224 3111 3476 3187 praefecti
3523 3110 3675 3164 hanc

274 3200 495 3311 {’35an
524 3204 721 3276 plures
783 3206 935 3305 und?
984 3205 1056 3260 ad
1104 3200 1578 3311 Pefessitftes,“
1607 3213 1917 3311 Ρτθῗθιυτξῖδ
1949 3243 1991 3311 C
2031 3200 2287 3275 Graecam
2318 3231 2517 3272 vocem
2552 3212 2848 3279 addidere,
2882 3223 3059 3280 qnam
3110 3205 3302 3261 Graece
3347 3200 3675 3256 nescientes

1378 3306 1578 3311 ____--_
1643 3304 1757 3311 --.Α
1839 3305 1868 3311 _
2032 3308 2083 3311 -.ν
2220 3308 2251 3311 ..
2393 3304 2424 3311 ..
2716 3299 2728 3311 ο
3034 3294 3098 3311 .n
3140 3294 3239 3311 ale,
3288 3296 3473 3311 a__‘__
3510 3288 3565 3311 2—
3606 3285 3641 3311 13

271 3290 643 3364 singulorum
686 3295 911 3366 cperari
961 3293 1191 3366 possint
1237 3315 1259 3343 ι
1316 3289 1605 3362 (Cyprian.
1639 3287 1806 3358 epist.
1837 3287 1913 3351 5).

270 3380 573 3445 Quomodo
604 3390 799 3440 autem
825 3384 930 3439 hac
961 3383 1111 3455 stipe
1140 3386 1197 3436 et
1244 3378 1628 3451 eleemosynis
1663 3374 1916 3432 necessi-

272 3472 493 3528 tatibus
524 3474 821 3545 egentium
854 3472 1321 3529 subvenieudum
1353 3473 1527 3535 esset,
1554 3468 1636 3523 sic
1658 3466 1754 3522 ille
1781 3482 1917 3521 con-

275 3559 469 3616 stituit
499 3579 513 3618 :
554 3582 576 3611 α
608 3564 771 3628 Quod
821 3562 870 3618 si
904 3560 1208 3635 penuriam
1240 3558 1375 3615 talis
1423 3564 1479 3613 et
1509 3556 1916 3612 necessitatem

274 3651 638 3723 paupertatis
668 3652 952 3721 obtendit,
986 3655 1175 3722 potest
1205 3650 1356 3705 inter
1386 3651 1645 3716 caateros,
1679 3645 1779 3717 qui
1810 3644 1920 3700 ali-

276 3740 489 3796 mentis
550 3741 817 3798 Ecclesias
876 3741 1263 3810 sustinentur,
1322 3738 1501 3809 hujus
1560 3752 1791 3807 quoque
1826 3750 1920 3790 ne-

274 3830 520 3887 cessitas
549 3831 814 3902 adjuvari
841 3850 854 3899 ;
883 3831 934 3886 si
966 3833 1162 3886 tamen
1195 3832 1503 3884 contentus
1534 3825 1610 3880 sit
1641 3823 1918 3895 frugalio-

277 3919 462 3990 ribus,
496 3920 596 3975 sed
643 3919 1055 3976 innocentibus
1099 3916 1267 3973 cibis.
1327 3938 1356 3967 »
1408 3915 1612 3987 (Idem,
1662 3912 1832 3984 epist.
1862 3913 1919 3982 2,

274 4009 572 4078 Eucratio).
606 4012 752 4064 Eum
782 4008 980 4078 itaque
1010 4007 1070 4061 in
1103 4006 1362 4075 modum,
1403 4018 1649 4073 eamque
1681 4002 1752 4057 ob
1784 4017 1920 4057 cau-

277 4112 406 4152 sam
439 4097 687 4169 pecunia
716 4096 775 4151 in
808 4095 1128 4169 synaxibus
1161 4094 1376 4161 oblata,
1410 4096 1466 4148 et
1497 4092 1647 4163 apud
1683 4090 1921 4145 clericos

278 4185 563 4259 deposita,
597 4186 712 4255 his,
737 4185 837 4258 qui
870 4183 1156 4241 nominati
1187 4188 1346 4252 sunt,
1379 4179 1782 4252 indigentibus
1801 4178 1924 4234 dis-

277 4276 668 4334 tribuebatur.

353 4385 745 4451 Quamobrem
802 4383 1200 4441 Tertullianus
1260 4383 1410 4439 hanc
1458 4376 1924 4433 Christianorum

279 4474 648 4541 charitatem,
674 4491 791 4546 qua
839 4473 1058 4539 omnia,
1092 4476 1297 4546 praeter
1346 4484 1576 4533 uxores,
1609 4465 1927 4521 indiscreta

278 4562 595 4632 habebant,
645 4567 876 4620 tantum
921 4562 1162 4631 extollit,
1204 4564 1492 4633 quantum
1540 4556 1601 4610 in
1659 4554 1925 4610 ethnicos

2030 3308 2256 3363 librarii
2294 3304 2546 3361 scribere
2604 3299 2731 3356 ausi
2764 3316 2878 3353 non
2912 3294 3098 3352 sunt?
3126 3294 3253 3349 Alio
3285 3296 3479 3346 tamen
3510 3288 3571 3342 in
3603 3285 3673 3341 li-

2025 3398 2131 3454 bro
2161 3395 2379 3467 scripta
2409 3392 2610 3448 Latine
2642 3388 2959 3454 invenitur,
2990 3385 3092 3441 ubi
3124 3384 3247 3454 ipse
3275 3376 3672 3435 Tertullianus

2029 3488 2098 3543 de
2151 3483 2510 3555 martyribus
2568 3480 2627 3534 in
2686 3492 2976 3534 carcerem
3034 3472 3234 3528 missis
3265 3470 3387 3525 haec
3418 3465 3668 3523 scribit:

2028 3598 2056 3626 «
2090 3575 2222 3639 Quae
2272 3574 2439 3644 justa
2489 3572 2628 3625 sunt
2683 3583 2816 3622 caro
2873 3580 2989 3619 non
3046 3560 3282 3626 amittit,
3313 3574 3415 3630 per
3467 3570 3669 3611 curam

2028 3662 2294 3721 Ecclesia;
2342 3665 2399 3716 et
2440 3674 2666 3730 agapen
2720 3655 2966 3710 fratrum
3018 3672 3047 3701 »
3094 3651 3299 3722 (Idem,
3340 3645 3410 3702 ad
3439 3644 3670 3715 Martyr.

2029 3770 2157 3825 cap.
2187 3754 2256 3822 2).
2292 3750 2379 3806 lbi
2430 3753 2623 3804 autem
2666 3760 2877 3800 nomen
2907 3740 3053 3797 illud
3088 3756 3195 3795 sua
3228 3736 3462 3809 propria
3491 3731 3675 3805 signi-

2028 3822 2298 3899 ﬁcatione
2337 3855 2439 3912 pro
2491 3836 2774 3893 charitate
2818 3837 2875 3888 et
2922 3830 3231 3887 dilectione
3261 3824 3565 3896 accipitur.
3597 3822 3676 3876 Eo

2027 3938 2227 3989 tamen
2260 3910 2496 3986 nomine
2524 3926 2583 3980 in
2625 3925 2752 3996 ejus
2784 3919 3158 3994 Apologetieo,
3190 3915 3278 3972 uti
3325 3915 3397 3970 ab
3430 3910 3680 3983 Origene

2032 4022 2281 4091 (Origen.
2319 4018 2462 4084 lib.;
2521 4024 2695 4071 contr.
2750 4010 2941 4082 Gels.),
2991 4026 3025 4065 a
3080 4006 3249 4063 nobis
3307 4001 3446 4058 alibi
3505 3999 3681 4055 citato

2031 4111 2195 4182 (tom.
2228 4112 2253 4162 Ι
2282 4108 2554 4177 Apparet.
2587 4119 2718 4175 pag.
2750 4101 2901 4171 715),
2933 4101 3173 4153 vocatur
3215 4091 3680 4150 Christianorum

2032 4181 2215 4265 omna,
2258 4196 2318 4251 in
2348 4212 2465 4266 qua
2514 4192 2802 4265 praecipue
2861 4184 3158 4243 eminebat
3186 4181 3425 4238 illorum
3476 4182 3683 4234 mutua

2032 4285 2262 4343 dilectio
2289 4287 2344 4339 et
2376 4281 2649 4337 charitas.

2104 4374 2209 4429 Illa
2237 4372 2441 4444 igitur,
2471 4370 2531 4425 in
2581 4367 2830 4438 hujusce
2878 4363 3096 4420 amoris
3129 4360 3343 4434 pignus
3373 4358 3531 4425 data,
3565 4371 3682 4411 non

2034 4466 2262 4537 poterat
2293 4460 2495 4530 utique
2524 4454 2815 4513 dissoluta
2844 4470 2973 4508 esse
3004 4455 3060 4507 et
3090 4449 3353 4521 prodiga.
3380 4447 3451 4501 At
3480 4460 3683 4515 quam-

2033 4532 2122 4610 vis
2152 4552 2211 4606 in
2244 4550 2343 4607 illa
2373 4546 2594 4619 aliquid
2629 4545 2839 4601 fuisset
2889 4540 3060 4597 effusi
3106 4544 3282 4609 atque
3330 4532 3684 4605 sumptuosi,

279 4669 431 4721 eam,
466 4660 531 4709 ut
578 4671 757 4725 supra
815 4618 1479 4720 ostendimuslavaritia
1524 4650 1578 4701 et
1612 4642 1928 4715 cupiditate
1956 4618 2006 4682 D
2038 4660 2151 4698 non
2191 4642 2319 4696 ideo
2369 4618 2568 4693 tamen
2630 4635 2701 4689 ab
2759 4630 3010 4687 ethnicis
3066 4624 3385 4698 vituperari
3415 4622 3685 4679 debebat.

277 4743 603 4799 insatiabili
643 4743 988 4799 dirimentes
1034 4739 1328 4796 invehitur
1357 4733 1619 4809 (Tertull.
1650 4734 1924 4805 Apologet.

280 4848 408 4904 oap.
444 4832 533 4899 39,
569 4849 700 4904 pag.
734 4833 881 4903 471).
925 4831 1039 4887 Nec
1072 4834 1313 4894 mirum,
1345 4825 1426 4881 ait
1462 4824 1579 4890 ille,
1635 4822 1684 4878 si
1718 4822 1789 4877 ab
1822 4821 1925 4876 ho-

282 4920 542 4976 minibus
572 4922 715 4977 adeo
747 4919 937 4976 avaris
980 4936 1086 4974 nec
1127 4916 1461 4973 Christiana
1490 4912 1768 4984 religione
1812 4910 1925 4965 im-

282 5007 444 5063 butis
490 5008 842 5065 conviolatur
885 5010 1041 5064 tanta
1086 5007 1355 5071 eharitas,
1389 5002 1476 5058 uti
1525 5001 1585 5055 in
1635 4999 1927 5070 antiquio-

284 5097 449 5153 ribus
482 5098 700 5153 nostris
730 5097 1030 5153 codicibus
1061 5100 1118 5152 et
1158 5095 1217 5149 in
1270 5090 1530 5163 antiquis
1568 5088 1928 5145 editionibus

226 5256 227 5259 η
286 5186 570 5258 scriptum
593 5190 701 5257 est,
728 5186 788 5241 in
812 5192 1020 5257 quarto
1054 5190 1254 5241 autem
1287 5179 1636 5253 simpliciter
1662 5178 1926 5249 violatur,

287 5278 388 5332 sed
442 5278 644 5332 eodem
686 5291 919 5346 semper
948 5292 1145 5331 sensu.
1182 5271 1471 5344 Rigaltius
1501 5273 1696 5323 tamen
1728 5272 1931 5323 contra

288 5366 557 5423 codicum
610 5365 874 5421 omnium
923 5364 1096 5419 ﬁdem
1127 5362 1324 5436 posuit
1353 5359 1696 5426 eonvivatur,
1729 5357 1785 5411 id
1821 5362 1926 5427 est,

283 5456 616 5511 Christiana
646 5453 902 5509 charitas
935 5453 1261 5509 convivium
1319 5449 1475 5506 facit.
1507 5447 1617 5501 Sed
1649 5446 1771 5501 haec
1802 5462 1928 5501 cor-

286 5546 462 5601 rectio
493 5543 715 5600 nullius
756 5544 1025 5598 ﬁrmatur
1071 5542 1288 5598 codicis
1312 5538 1678 5595 auctoritate.
1718 5534 1930 5591 Deinde

284 5651 420 5690 vero
451 5635 532 5690 ibi
571 5632 971 5690 Tertullianus
999 5632 1263 5705 loquitur
1293 5630 1363 5685 de
1395 5628 1650 5683 fraterna
1680 5624 1930 5680 charita-

286 5727 365 5795 te,
426 5724 497 5781 ab
555 5721 806 5782 ethnicis
863 5721 1008 5780 adeo
1064 5722 1279 5781 violata
1335 5722 1400 5776 ut
1463 5714 1932 5773 Christianorum

2037 4728 2421 4798 Quantumvis
2446 4726 2602 4782 enim
2635 4740 2767 4779 care
2798 4719 3180 4787 constitisset,
3217 4716 3322 4770 hac
3353 4712 3691 4784 indigentes

2029 4821 2411 4893 juvabantur.
2444 4812 2635 4885 Atqui,
2690 4810 2842 4868 sicut
2899 4807 3119 4881 Optime
3175 4805 3445 4860 observat
3485 4806 3691 4857 auctor

2038 4916 2279 4967 noster:
2316 4910 2554 4962 Lucrum
2596 4913 2674 4959 est
2714 4903 2940 4973 pietatis
2989 4901 3170 4969 facere
3215 4900 3497 4966 sumptum
3530 4893 3686 4964 (Ter-

2035 4999 2165 5055 tull.
2222 4998 2498 5068 Apologet.
2550 5010 2676 5064 cap.
2727 4992 2818 5061 39,
2870 5006 2999 5062 pag.
3053 4986 3201 5059 473).
3249 4986 3503 5040 Tantum
3552 5000 3687 5038 vero

2038 5090 2259 5155 aberat,
2295 5093 2357 5142 ut
2414 5082 2729 5139 Christiani
2787 5081 2845 5134 in
2917 5080 3069 5134 hanc
3128 5091 3352 5131 omnem
3412 5075 3689 5142 sumptus

2038 5178 2329 5235 maximos
2363 5176 2635 5241 facerent,
2664 5174 2728 5226 ut
2767 5187 3001 5226 summa
3061 5182 3199 5222 sane
3256 5158 3590 5232 frugalitate
3623 5175 3688 5214 ao

2039 5266 2327 5324 modestia
2355 5263 2730 5336 praeberetur.
2779 5259 3085 5313 Enimvero
3134 5251 3284 5307 nihil
3331 5248 3689 5319 intempera-

2037 5362 2164 5413 tum
2198 5359 2299 5411 aut
2327 5335 2805 5417 immoderatum,
2831 5347 2939 5415 vel,
2975 5345 3125 5401 sicut
3158 5340 3238 5397 ait
3268 5335 3690 5403 Tertullianus,

2040 5446 2191 5502 Nihil
2222 5442 2476 5507 vilitatis,
2508 5439 2657 5494 nihil
2705 5436 3058 5492 immodestia:
3089 5428 3333 5486 admittit
3358 5424 3520 5494 (Ibid.
3554 5442 3688 5498 pag.

2039 5536 2183 5606 477).
2217 5533 2440 5588 Nomen
2472 5534 2667 5584 autem
2698 5527 2804 5582 vile
2833 5521 3148 5594 aliquando
3186 5516 3363 5573 etiam
3410 5531 3512 5585 pro
3562 5532 3689 5571 eor-

2041 5602 2178 5681 dido
2210 5625 2268 5677 et
2310 5619 2558 5690 abjecto,
2591 5612 2908 5686 aliquando
2938 5609 3115 5667 etiam
3166 5620 3270 5678 pro
3320 5602 3687 5674 abundanti;

2042 5729 2157 5786 quo
2215 5723 2395 5768 sensu
2453 5703 2600 5763 dixit
2626 5702 2879 5776 Vigilius
2928 5699 3191 5771 vilemque
3226 5691 3516 5769 phaselum
3544 5694 3693 5770 (Vir-
