4158 6336
188 371 344 433 1053

1096 377 1169 435 D.
1216 377 1313 436 LE
1360 377 1687 437 NOURRY
1731 372 2378 438 OBSERVATIONES
2424 377 2690 439 ΝονιιΕ.

3443 372 3601 434 1054,

182 503 387 576 utique
415 503 834 574 Tertullianus,
867 522 971 562 nec
1002 507 1189 579 magis
1228 508 1533 578 speciatim
1571 508 1628 561 in
1681 511 1829 579 Apo-
1866 509 1917 574 Α
1944 507 2151 575 timus,
2199 509 2559 581 Scripturam
2610 501 3042 576 intervérterint,
3076 506 3158 561 ita
3212 504 3469 559 haeretici
3498 520 3568 561 no

183 592 432 665 logetico
466 593 714 650 dicenda
743 611 868 650 esse
900 595 1145 651 censuit.
1170 598 1378 653 Verum
1410 596 1468 651 in
1493 614 1599 653 suo
1629 596 1699 651 ad
1728 598 1833 652 Na-

178 683 349 739 tiones
380 683 527 738 libro
561 683 1030 739 criminationem
1054 684 1215 740 illam
1249 685 1551 741 excutitac
1590 685 1830 753 refellit;

182 774 311 827 «At
342 772 524 839 vobis,
560 772 767 843 inquit,
802 772 1054 828 dicimur
1085 774 1326 846 pessimi
1352 780 1408 830 et
1448 775 1831 847 probrosissi-

180 862 259 917 mi
293 862 556 928 avaritia,
592 861 841 932 luxuria,
877 862 1253 935 improbitate
1286 887 1311 912 υ
1346 865 1553 935 (Idem,
1586 864 1687 919 lib.
1722 866 1834 920 iad

176 952 407 1006 Nation.
460 966 587 1022 cap.
637 951 692 1015 5,
740 967 873 1022 pag.
919 951 1071 1023 565).
1118 952 1201 1007 Ita
1254 969 1395 1008 sane
1444 951 1528 1007 illi
1568 953 1833 1008 solebant

176 1038 543 1095 Christianos
574 1038 942 1095 calumniari.
975 1039 1122 1108 Quid
1174 1058 1306 1098 vero
1350 1042 1663 1114 respondet
1693 1043 1830 1099 Ter-

175 1128 510 1183 tullianus?
540 1130 661 1185 Non
706 1130 1057 1199 negabimus,
1109 1130 1209 1198 ait,
1258 1130 1541 1201 quosdam.
1597 1135 1833 1187 Fatetur

176 1217 375 1289 itaque
408 1233 513 1274 nec
546 1216 717 1290 plane
743 1217 1085 1274 dissimulat
1115 1220 1402 1290 quosdam
1447 1220 1626 1277 fuisse
1670 1221 1831 1276 Chri-

176 1305 419 1373 stianos,
452 1305 551 1377 qui
585 1306 930 1363 criminibus
988 1308 1288 1363 nonnullis
1320 1308 1612 1381 inquinati
1643 1315 1828 1366 erant.

175 1395 280 1450 Sed
305 1394 443 1466 quid
471 1394 603 1450 inde
625 1401 827 1452 contra
849 1400 1106 1463 caeteros,
1133 1402 1188 1453 et
1211 1397 1393 1453 multo
1418 1399 1604 1471 magis
1631 1406 1832 1455 contra

177 1483 571 1541 Christianam
625 1484 1018 1557 religionem?
1068 1486 1224 1541 Nihil
1275 1504 1537 1558 prorsus,
1591 1489 1826 1560 inquit:

172 1573 293 1629 imo
354 1572 464 1629 hoc
509 1573 702 1645 ipsum
764 1592 865 1646 pro
917 1576 1044 1645 eius
1074 1580 1131 1631 et
1160 1575 1399 1632 veritate
1429 1580 1485 1631 et
1518 1578 1830 1633 sanctitate

175 1661 533 1719 stabilienda
559 1661 882 1735 plurimum
918 1664 1072 1719 facit.
1108 1664 1253 1719 Nam
1292 1686 1318 1715 ε(
1352 1666 1572 1721 sufficit
1601 1670 1658 1721 et
1698 1667 1826 1735 hoc,

175 1750 259 1807 ait
290 1750 407 1820 ille,
432 1753 500 1807 ad
526 1752 931 1808 testimonium
965 1753 1220 1809 nominis
1253 1754 1437 1809 nostri
1469 1772 1533 1810 uc
1564 1755 1827 1826 perfectae

174 1840 500 1946 religionis,
533 1840 583 1946 si
635 1858 748 1897 non
795 1859 1020 1946 omnes,
1053 1842 1101 1898 si
1155 1860 1268 1898 non
1319 1842 1576 1914 plures»
1624 1844 1825 1915 (lbid.).
1859 1882 1907 1946 B

172 1927 354 1998 Cujus
385 1945 525 1984 sane
560 1928 708 1985 hanc
739 1930 1045 2002 pulchram
1095 1948 1162 1986 ac
1192 1948 1386 1987 veram
1431 1932 1617 1987 reddit
1646 1933 1828 1989 ratio-

172 2032 307 2072 nem
342 2034 354 2071 ε
380 2039 410 2068 ‹‹
443 2018 689 2074 Necesse
710 2022 817 2087 est,
848 2019 1058 2092 inquit,
1078 2018 1134 2075 in
1171 2036 1431 2091 corpore,
1455 2024 1510 2076 et
1540 2029 1828 2093 quantum

170 2104 314 2161 velis
344 2105 569 2178 integro
591 2111 692 2163 aut
715 2124 882 2179 puro,
909 2114 971 2163 ut
999 2126 1194 2164 naevus
1226 2109 1407 2181 aliqui
1434 2109 1558 2181 (pro
1590 2110 1829 2183 aliquis)

172 2194 478 2263 ell'ruticet,
533 2200 634 2251 aut
699 2197 1008 2253 verrucula
1065 2201 1360 2269 exsurgat,
1423 2203 1523 2254 aut
1569 2198 1827 2271 lentingo

175 2284 496 2339 sordescat.
529 2308 550 2336 ι
590 2286 781 2357 (lbid.)
813 2286 1060 2358 Scripsit
1092 2288 1329 2357 quidem
1352 2287 1642 2358 e/fruticet,
1676 2289 1828 2344 sicut

175 2371 237 2427 in
266 2371 415 2429 libro
453 2374 518 2429 de
547 2377 747 2429 Anima
781 2375 1081 2431 hominem
1110 2393 1178 2430 ex
1210 2376 1440 2430 duobus
1476 2376 1733 2443 formari,
1769 2387 1827 2433 ut

177 2461 286 2516 duo
311 2463 524 2533 pariter
550 2464 833 2519 hominem
861 2481 931 2520 ex
966 2469 1204 2535 utraque
1251 2465 1556 2520 substantia
1584 2469 1826 2537 exfruti-

174 2558 296 2605 cent
322 2551 505 2622 (Idem
535 2551 602 2607 de
627 2553 809 2608 Anim.
844 2569 969 2624 cap.
1001 2554 1115 2625 27),
1146 2554 1265 2609 sive
1296 2553 1557 2609 oriantur
1586 2560 1643 2610 et
1671 2572 1827 2611 cres-

176 2643 331 2695 cant.
363 2640 435 2694 At
458 2656 636 2712 parva
665 2641 773 2697 hac
801 2643 1032 2698 macula
1078 2642 1404 2699 evidentius
1451 2644 1708 2699 ostendit
1738 2650 1825 2700 to-

174 2729 304 2783 tum
337 2745 548 2800 corpus
579 2729 894 2802 pulchrum
926 2748 1075 2797 esse,
1110 2749 1320 2787 sanum
1369 2736 1428 2788 et
1475 2734 1819 2804 perfectum.

169 2815 261 2872 Sic
291 2834 428 2890 ergo
459 2818 721 2890 quidam,
758 2821 855 2876 sed
891 2820 1252 2892 paucissimi,
1302 2821 1645 2889 Christiani,
1688 2826 1822 2879 tan-

169 2921 347 2977 quam
382 2906 525 2961 naavi
560 2908 801 2979 quidam
835 2908 893 2962 in
926 2912 1047 2963 toto
1079 2908 1312 2963 illorum
1346 2925 1587 2981 corpore
1617 2927 1684 2965 ac
1716 2927 1824 2966 cce-

165 2998 252 3061 tu,
274 2994 491 3051 clarius
520 2997 1007 3053 demonstrabant
1037 3014 1331 3054 summam
1363 2998 1706 3055 Christianis
1738 3016 1823 3061 re_

168 3082 404 3154 ligionis
436 3086 873 3156 perfectionem.

237 3188 457 3245 Deinde
487 3207 619 3246 vero
670 3190 985 3247 Christiani
1015 3189 1122 3258 illi,
1157 3209 1190 3247 a
1223 3196 1381 3248 recta
1412 3193 1616 3265 regula
1646 3195 1816 3250 aber-

164 3282 387 3345 rantes,
420 3296 522 3351 pro
555 3280 903 3337 delictorum
935 3253 1220 3354 gravitate
1251 3282 1309 3337 in
1346 3253 1595 3354 publicis
1641 3301 1813 3356 syna-
1846 3253 1889 3320 Ο

160 3366 335 3422 xibus
368 3368 654 3437 solebant,
690 3375 757 3425 ut
786 3374 959 3426 antea
986 3370 1244 3426 vidimus
1278 3374 1404 3441 (art.
1440 3375 1684 3444 super.),
1718 3374 1815 3428 ad-

163 3457 409 3525 moneri,
442 3459 677 3531 corripi,
727 3459 1026 3532 castigari,
1057 3464 1115 3514 et
1170 3459 1487 3531 aliquando
1531 3466 1812 3535 tanquam

164 3546 429 3603 membra
460 3547 696 3619 putrida
729 3547 1349 3605 excommunicationis
1382 3548 1573 3623 gladio
1604 3567 1816 3623 ampu-

160 3634 275 3689 tari
309 3651 374 3690 ac
427 3637 648 3707 projici.
685 3637 1076 3702 Quamobrem
1120 3636 1255 3694 alibi
1287 3642 1490 3694 auctor
1519 3644 1716 3694 noster
1745 3639 1815 3694 ad

160 3725 475 3797 Scapulam
506 3728 744 3798 scripsit
778 3746 791 3785 :
829 3752 857 3780 «
894 3728 1232 3801 Depositum
1285 3746 1397 3785 non
1432 3730 1813 3802 abnegamus,

162 3812 607 3871 matrimonium
670 3816 893 3873 nullius
947 3817 1369 3885 adulteramus,
1412 3817 1666 3890 pupillos
1724 3819 1818 3890 pie

156 3906 504 3972 tractamus,
534 3903 932 3977 indigentibus
967 3906 1561 3979 refrigeramus,nulli
1594 3907 1813 3963 malum

158 4007 263 4062 pro
297 3991 450 4047 malo
484 3992 807 4048 reddimus.
836 3993 1102 4050 Viderint
1130 3994 1228 4067 qui
1264 3998 1484 4050 sectam
1515 3995 1817 4051 mentiun-

156 4083 279 4149 tur,
314 4095 459 4149 quos
490 4083 548 4134 et
578 4079 726 4152 ipsis
760 4096 1105 4137 recusamus
1128 4104 1156 4134 ››
1190 4083 1454 4155 (Tertull.
1492 4085 1566 4139 ad
1593 4085 1811 4156 Scapul.

157 4182 287 4239 cap.
322 4168 397 4238 4),
432 4166 564 4224 illos
611 4169 917 4241 nimirum,
950 4171 1051 4243 qui
1084 4188 1191 4227 sua
1232 4177 1468 4245 prOpter
1498 4172 1718 4229 scelera
1746 4190 1814 4229 ex

158 4256 344 4313 sacris
374 4257 546 4329 ejecti
577 4262 745 4315 erant
777 4260 1025 4316 coetibus
1056 4260 1812 4336 Christianorum,quorum

160 4362 375 4403 nomen
412 4346 865 4405 mentiebantur.

233 4454 348 4509 Alii
379 4469 510 4510 vero
533 4453 921 4511 Christianam
945 4455 1286 4530 religionem
1309 4473 1371 4514 se
1392 4458 1648 4529 proﬁteri
1670 4474 1809 4515 ven-

160 4542 452 4609 ditabant,
486 4542 777 4609 nimirum,
800 4544 1075 4613 haeretici,
1100 4546 1201 4618 qui
1231 4548 1300 4603 de
1327 4563 1459 4614 una,
1486 4550 1552 4602 ut
1580 4546 1662 4601 ait
1691 4546 1809 4615 ille,

1942 600 2115 652 stram
2150 597 2290 653 hanc
2318 597 2645 653 novitiolam
2670 603 3024 668 paraturam,
3058 595 3165 650 hoc
3195 598 3283 649 est
3315 593 3447 648 novi
3480 594 3595 649 Te-

1943 686 2221 741 stamenti
2270 686 2473 753 libros,
2516 688 2632 740 suis
2680 685 3029 757 Opinionibus
3077 684 3147 738 ad
3191 681 3595 754 philosophicas

1940 778 2240 830 sententias
2296 775 2753 830 adulteraverunt
2805 773 3070 845 (Tertull.
3122 772 3403 844 Apologet.
3462 788 3592 843 cap.

1944 863 2030 931 47,
2054 881 2183 936 pag.
2210 866 2358 934 519),
2382 864 2439 919 id
2470 870 2578 933 est,
2614 864 2805 919 conati
2840 866 2979 918 sunt
3010 863 3286 917 traditam
3318 863 3377 915 in
3409 862 3592 917 sacris

1944 952 2112 1023 Legis
2144 970 2301 1008 novae
2334 953 2501 1009 libris
2533 953 2855 1009 doctrinam
2888 953 2959 1007 ad
2992 950 3427 1023 philosophicas
3457 967 3592 1005 sen-

1940 1041 2153 1097 tentias
2185 1043 2626 1097 accommodare
2662 1059 2673 1097 :
2709 1042 2810 1097 sed
2846 1041 2992 1097 falsa
3021 1057 3157 1096 cum
3184 1040 3333 1095 veris
3364 1056 3590 1112 przepo-

1940 1137 2095 1185 stere
2126 1130 2464 1200 miscentes,
2498 1131 2569 1186 ab
2602 1131 2731 1203 ipsa
2766 1130 3005 1185 veritate
3051 1128 3437 1197 desciverunt,
3488 1145 3591 1184 ve-

1940 1235 2120 1288 raque
2151 1220 2630 1275 adulteraverunt
2658 1222 3027 1275 documenta.

2011 1323 2222 1379 Verqu
2255 1326 2507 1396 expedite
2546 1326 2848 1396 planeque,
2896 1325 3085 1397 pergit
3113 1325 3230 1391 ille,
3263 1327 3586 1396 praescribi-

1939 1429 2062 1467 mus
2092 1414 2366 1468 adulteris
2395 1416 2616 1479 nostris,
2647 1415 2765 1469 sive
2810 1415 3206 1484 exceptionem
3261 1413 3416 1469 hisce
3465 1414 3588 1468 hai-

1941 1501 2156 1568 reticis,
2190 1519 2367 1557 sacrae
2399 1502 2714 1574 Scripturaa
2745 1502 3206 1573 corruptoribus,
3230 1503 3584 1574 opponimus

1938 1589 2191 1659 illosque
2236 1591 2322 1646 vel
2373 1608 2438 1647 eo
2491 1592 2615 1647 solo
2665 1597 3010 1662 argumento
3051 1591 3394 1661 refellimus,
3427 1592 3583 1663 quod

1940 1696 2057 1734 una
2088 1681 2165 1733 sit
2196 1682 2453 1735 veritatis
2484 1680 2707 1751 regula,
2731 1704 2751 1729 υ
2788 1697 2915 1751 qua:
2943 1680 3140 1743 veniat
3169 1696 3203 1735 a
3233 1680 3459 1735 Christo
3487 1697 3588 1751 per

1939 1767 2405 1839 comitesipsius,
2431 1771 2645 1839 quibus
2668 1768 2969 1839 aliquanto
3002 1768 3351 1839 posteriores
3375 1768 3587 1823 diversi

1937 1872 2067 1911 esse
2098 1863 2592 1913 commentatores
2624 1858 3031 1929 probabuntur
3062 1880 3083 1909 x
3124 1856 3309 1929 (Ibid,
3344 1873 3400 1928 p.
3434 1857 3583 1928 519).

1941 1946 2321 2015 Apertissime
2350 1963 2486 2016 ergo
2518 1947 2722 2001 deﬁnit
2754 1946 2984 2000 unicam
3017 1962 3145 2000 esse
3180 1962 3322 2000 veras
3352 1944 3584 2016 religio-

1940 2033 2031 2088 nis
2062 2034 2343 2104 regulam,
2376 2051 2501 2105 quas
2543 2035 2711 2090 nobis
2768 2036 2984 2090 tradita
3031 2040 3120 2089 est
3162 2052 3196 2090 a
3245 2034 3498 2100 Christo,
3531 2038 3588 2089 et

1936 2123 2291 2178 transmissa
2341 2141 2442 2194 per
2488 2127 2616 2195 ejus
2664 2128 2885 2179 comites
2928 2123 3221 2194 apostolos
3267 2139 3333 2177 ac
3365 2123 3586 2194 primos

1936 2210 2276 2282 discipulos,
2309 2228 2343 2265 a
2372 2212 2587 2283 quibus
2619 2212 2779 2265 illam
2812 2220 2866 2266 et
2917 2210 3134 2280 scripto
3180 2217 3237 2265 et
3282 2211 3457 2266 verbo
3488 2227 3584 2265 ac-

1936 2300 2220 2369 cepimus.
2254 2299 2545 2370 Quidquid
2580 2301 2775 2371 itaque
2805 2299 3065 2355 haeretici
3089 2303 3145 2353 et
3176 2298 3283 2354 hac
3312 2298 3580 2354 traditio-

1937 2388 2029 2443 nis
2060 2404 2263 2442 norma
2282 2389 2580 2443 diversum
2612 2388 2927 2443 commenti
2952 2393 3114 2455 sunt,
3150 2403 3255 2442 nec
3286 2404 3318 2442 a
3347 2387 3577 2443 Christo

1935 2493 2041 2532 nec
2071 2492 2104 2530 a
2134 2476 2340 2547 primis
2379 2477 2508 2546 ejus
2558 2476 2870 2547 discipulis
2904 2476 3198 2546 proﬂuxit,
3232 2475 3375 2529 illud
3409 2475 3580 2547 plane

1932 2565 2147 2619 falsum
2175 2571 2285 2622 est.
2316 2565 2459 2620 Nam
2488 2566 2581 2620 his
2612 2565 2962 2636 posteriores
2989 2565 3383 2635 probabuntur.

2004 2672 2113 2726 Sed
2146 2689 2179 2727 a
2210 2688 2346 2743 quo,
2371 2672 2579 2727 amabo
2611 2677 2685 2741 te,
2706 2672 3131 2742 probabuntur?
3158 2671 3307 2726 Num
3341 2672 3413 2727 ab
3435 2671 3583 2741 ipso-

1933 2764 2052 2815 met
2081 2761 2439 2817 Tertulliano
2462 2761 2489 2815 ‘t
2523 2762 2583 2816 Si
2615 2778 2708 2815 res
2739 2763 2818 2816 ita
2840 2762 2934 2827 sit,
2968 2761 3060 2815 his
3090 2761 3279 2816 verbis
3312 2777 3485 2816 suum
3518 2762 3581 2814 de

1932 2852 2456 2919 Prwscriptionibus
2488 2851 2869 2905 haereticorum
2901 2849 3197 2922 pollicitus
3228 2849 3578 2915 estlibrum,

1931 2939 2032 2992 ubi
2063 2939 2205 2993 illud
2239 2940 2432 3010 reipsa
2461 2940 2747 3010 probavit.
2780 2940 2892 2994 Sed
2944 2939 3088 2993 satis
3124 2939 3279 2993 inter
3317 2939 3578 2994 eruditos

1929 3042 2044 3082 non
2075 3032 2303 3082 constat
2339 3034 2535 3081 utrum
2570 3028 2663 3081 hic
2692 3028 2840 3082 liber
2869 3032 3005 3082 ante
3034 3026 3123 3082 vel
3155 3032 3287 3098 post
3318 3028 3575 3096 Apologe-

1928 3116 2096 3170 ticum
2127 3117 2320 3171 editus
2352 3116 2546 3170 fuerit.
2580 3116 2783 3171 Nonne
2826 3132 2961 3187 ergo
2995 3115 3183 3187 potuit
3230 3115 3422 3171 dicere
3444 3132 3574 3186 pro-

1929 3204 2225 3271 babuntur,
2259 3204 2395 3274 quia
2444 3204 2684 3259 cuilibet
2744 3204 2887 3259 illud
2944 3206 3190 3276 probatu
3247 3203 3573 3262 facillinum

1927 3299 2075 3348 erat.

1994 3387 2274 3438 Caeterum
2301 3383 2494 3454 palam
2517 3383 2615 3439 ille
2644 3385 2737 3439 afﬁ
2750 3389 2900 3440 rmat
2920 3384 3221 3440 haereticos
3242 3383 3418 3439 etiam
3441 3387 3575 3441 ante

1925 3471 2226 3542 publicum
2260 3472 2539 3527 falsarum
2584 3474 2930 3544 opinionum
2961 3490 3202 3529 suarum
3236 3488 3476 3528 examen
3508 3489 3575 3528 eo

1924 3561 2055 3631 ipso
2083 3560 2297 3615 erroris
2328 3561 2611 3631 convinci,
2645 3563 2799 3633 quod
2848 3579 3008 3618 novae
3040 3563 3179 3630 sint,
3214 3578 3319 3617 nec
3348 3562 3574 3617 traditis

1927 3665 1961 3704 a
1990 3649 2218 3705 Christo
2260 3654 2363 3704 aut
2412 3650 2572 3705 illius
2621 3650 2947 3722 discipulis,
2979 3652 3079 3707 sed
3113 3652 3185 3706 ab
3213 3651 3423 3706 iisdem
3458 3650 3572 3705 hae-

1928 3739 2123 3793 reticis
2168 3738 2310 3793 falso
2360 3738 2711 3810 excogitatae.
2760 3743 3123 3813 Quapropter
3170 3739 3309 3795 alibi
3358 3757 3419 3795 se
3450 3739 3574 3796 haec

1927 3826 2119 3882 fusius
2148 3827 2571 3898 explicaturum
2604 3829 2893 3900 promittit
2921 3828 2980 3883 in
3012 3829 3159 3885 libro
3188 3829 3253 3884 de
3274 3830 3571 3900 Praescrip-

1925 3917 2165 3972 tionibus
2195 3918 2600 3983 haereticorum,
2634 3920 2718 3973 uti
2768 3918 2983 3974 clarius
3029 3918 3191 3974 hisce
3240 3917 3432 3973 verbis
3471 3935 3571 3973 ex-

1927 4005 2148 4076 plicat:
2183 4028 2212 4056 «
2244 4006 2406 4062 Alius
2456 4006 2687 4062 libellus
2744 4007 2901 4062 hunc
2956 4007 3202 4079 gradum
3257 4006 3572 4062 sustinebit

1925 4095 2204 4150 adversus
2234 4095 2540 4150 haereticos
2566 4096 2740 4151 etiam
2774 4095 2899 4150 sine
2928 4099 3242 4150 retractatu
3275 4094 3569 4150 doctrina-

1922 4200 2055 4238 rum
2088 4186 2486 4252 revincendos,
2520 4185 2672 4256 quod
2707 4184 2815 4239 hoc
2857 4184 2975 4239 sint
3003 4185 3073 4239 de
3118 4182 3570 4255 praescriptioni-

1922 4274 2034 4328 bus
2092 4273 2365 4328 novitatis
2427 4293 2455 4322 »
2514 4274 2720 4343 (Idem,
2780 4272 2896 4328 lib.
2960 4288 2977 4326 ι
3035 4272 3243 4328 advers.
3305 4272 3568 4329 Marcion.

1923 4377 2049 4433 cap.
2085 4362 2160 4433 1).

1993 4450 2250 4507 Gentiles
2306 4449 2489 4522 igitur
2536 4450 2683 4507 nihil
2743 4468 2983 4524 prorsus
3040 4469 3110 4509 ex
3161 4452 3566 4510 haereticorum

1922 4538 2294 4611 corruptione
2324 4540 2604 4597 adversus
2648 4540 2992 4597 Christianas
3023 4542 3324 4615 religionis
3351 4542 3565 4599 verita-

164 4633 259 4687 via
293 4632 575 4688 doctrinae
599 4637 655 4688 et
694 4633 953 4705 veritatis
984 4634 1236 4707 obliquos
1264 4636 1465 4691 multos
1492 4640 1541 4691 et
1572 4636 1818 4707 inexpli-
1849 4624 1896 4689 D
1925 4637 2041 4686 tem
2077 4635 2131 4685 et
2175 4630 2569 4702 praestantiam
2619 4630 2962 4687 concludere
3010 4637 3296 4703 poterant.
3330 4633 3475 4689 Nam
3509 4632 3567 4687 hi

161 4722 366 4778 cabiles
392 4725 651 4779 tramites
669 4722 970 4789 sciderunt,
999 4740 1065 4781 ac
1088 4724 1436 4796 semetipsos
1467 4724 1731 4796 aliosque
1751 4724 1810 4779 in

155 4828 423 4867 errorum
454 4816 511 4868 et
540 4812 828 4868 haircsum
878 4814 1157 4886 abyssum
1190 4818 1435 4887 egerunt
1464 4814 1809 4886 praecipites.

153 4901 264 4954 Sed
300 4900 379 4971 hi,
406 4900 617 4972 inquit,
640 4902 751 4957 orti
775 4908 916 4958 sunt
946 4904 1014 4958 de
1048 4903 1531 4975 philosophorum
1563 4904 1810 4974 semine,

151 4989 221 5043 de
246 5005 499 5060 quorum,
534 4991 707 5045 sicuti
730 4991 892 5059 alibi,
916 4993 1081 5061 dixit,
1109 4993 1347 5064 ingeniis
1379 4992 1555 5048 omnis
1585 4992 1813 5050 hwresis

151 5079 467 5149 animatur,
524 5078 679 5136 962
737 5080 877 5136 alibi
924 5099 1082 5150 vero,
1149 5084 1377 5138 haereses
1427 5083 1813 5140 subornantur

148 5168 361 5239 (Idem,
408 5166 696 5239 Apotoget.
752 5185 880 5241 cap.
933 5172 1022 5238 47,
1076 5187 1210 5243 pag.
1268 5172 1412 5239 517;
1447 5170 1628 5241 idem,
1660 5171 1809 5230 lib.1

148 5258 370 5313 advers.
402 5258 661 5313 Marcion.
706 5273 833 5329 cap.
869 5258 959 5327 43,
1001 5264 1057 5316 et
1101 5261 1203 5316 lib.
1236 5262 1300 5318 de
1332 5263 1643 5333 Prwscript.
1678 5279 1805 5334 cap.

145 5351 223 5416 7;
254 5348 430 5415 idem,
464 5348 589 5403 adv.
625 5352 884 5419 Hermog.
932 5365 1058 5421 cap.
1088 5351 1163 5417 8).
1216 5352 1573 5423 Quapropter
1605 5351 1677 5407 ab
1708 5350 1807 5408 illo

149 5456 270 5494 non
303 5438 483 5494 semel
515 5441 572 5493 et
602 5442 803 5509 postea
847 5438 918 5493 ab
951 5439 1300 5514 Hieronymo
1332 5440 1665 5514 philosophi
1698 5458 1807 5513 ap-

149 5526 446 5600 pellantur
467 5527 810 5600 patriarchas
833 5526 1240 5587 haereticorum
1265 5530 1803 5602 (Hieronym.epist.

153 5617 249 5682 143,
279 5617 349 5671 ad
382 5617 674 5687 Ctesiph.).
701 5619 1210 5682 Quemadmodum
1242 5627 1437 5676 autem
1469 5619 1802 5692 philosophi

154 5720 385 5765 auorum
415 5706 625 5764 veteris
642 5706 1021 5781 Testamenti,
1046 5713 1111 5767 ut
1129 5709 1401 5783 superius
1433 5708 1801 5773 animadver-

1923 4722 1994 4776 de
2024 4719 2282 4775 Ecclesia
2316 4720 2604 4776 catholica
2635 4721 2868 4792 penitus
2906 4721 3103 4787 excisi,
3138 4739 3252 4776 non
3310 4721 3568 4793 amplius

1920 4810 2035 4866 nisi
2067 4811 2302 4865 nomine
2330 4812 2526 4875 tenus,
2576 4809 2694 4864 imo
2726 4826 2797 4865 ne
2844 4810 3081 4866 nomine
3109 4810 3365 4882 quidem,
3398 4811 3567 4868 Chri-

1920 4902 2287 4959 stianierant.
2309 4899 2532 4955 Audias
2546 4900 2714 4956 velim
2741 4900 3076 4973 loquentem
3100 4903 3572 4975 ipsummetTer-

1917 4991 2231 5049 tullianum
2267 5006 2280 5047 :
2312 5011 2341 5041 α
2373 4990 2429 5044 Si
2462 4989 2717 5047 haeretici
2746 4996 2905 5060 sunt,
2938 4992 3256 5048 Christiani
3286 5009 3415 5049 esse
3446 5010 3561 5047 non

1920 5086 2189 5154 possunt,
2214 5095 2328 5135 non
2362 5096 2395 5134 a
2422 5079 2651 5135 Christo
2682 5080 2973 5147 habendo,
2993 5082 3145 5152 quod
3178 5082 3249 5137 de
3280 5099 3388 5137 sua
3417 5080 3562 5136 elec-

1917 5172 2075 5228 tione
2097 5169 2301 5226 sectati
2323 5167 2729 5224 haereticorum
2755 5171 2991 5225 nomina
3013 5170 3363 5226 admittunt»
3380 5170 3562 5238 (Idem

1919 5261 1982 5316 de
2010 5260 2323 5332 Prmscript.
2359 5258 2550 5315 haeret.
2576 5274 2698 5329 cap.
2733 5260 2843 5329 37).
2877 5262 3017 5315 Eam
3049 5276 3189 5315 sane
3222 5259 3293 5315 ob
3322 5275 3561 5313 causam

1916 5349 2230 5405 Christiani
2276 5349 2657 5421 imperatores
2704 5349 2858 5403 963
2908 5347 3217 5404 voluerunt
3275 5346 3406 5403 illos
3456 5363 3560 5401 no-

1917 5443 2073 5496 mine
2104 5438 2358 5494 auctoris
2391 5436 2740 5509 nuncupari,
2776 5458 2804 5487 ‹‹
2846 5438 3016 5507 cujus
3064 5434 3256 5491 scelus
3308 5436 3363 5490 in
3396 5435 3559 5490 dese-

1917 5529 2091 5585 rendo
2122 5528 2237 5583 Deo
2278 5526 2490 5581 imitati
2539 5548 2566 5576 »
2618 5525 2777 5595 (Cod.
2818 5525 3104 5593 Theodos.,
3149 5525 3238 5580 tit.
3271 5524 3334 5579 de
3362 5525 3557 5581 Haeret.

1912 5618 2021 5689 leg.
2052 5619 2146 5683 65,
2178 5634 2235 5688 p.
2276 5617 2396 5683 190,
2430 5619 2473 5670 t.
2525 5614 2640 5685 V1,)
2693 5614 2783 5669 vel
2840 5615 2993 5670 sicut
3049 5613 3204 5685 apud
3261 5614 3557 5671 Socratem

1912 5708 2104 5769 aiebat
2158 5703 2576 5770 Constantinus
2620 5702 2887 5778 Magnus,
2920 5726 2949 5757 «
2981 5708 3048 5762 ut
3076 5719 3328 5777 quorum
3371 5704 3560 5762 secuti
