4158 6346
590 377 744 437 1055

1106 377 1636 439 TERTULLIANI
1680 377 2000 439 OPERUM
2045 376 2246 437 PARS
2289 378 2340 438 Ι.
2372 409 2444 422 --
2477 376 2752 439 SERIES
2798 379 2848 451 Ι,
2892 377 3464 440 APOLOGETICA.

3831 376 4002 437 £056

591 510 731 561 sunt
778 519 973 561 mores
1018 521 1221 561 eorum
1273 505 1450 562 etiam
1497 507 1777 564 vocabulo
1819 505 2189 580 appellentur
2209 528 2238 556 ››
2267 507 2322 574 Α
2351 507 2752 564 observatione
2782 525 2815 564 a
2843 508 3018 564 nobis
3046 507 3383 580 praetermiti
3430 522 3547 562 non
3596 505 3832 562 debent.
3869 505 3998 560 Pri-

588 595 836 665 (Socrat.
870 594 972 649 lib.
1008 610 1047 662 ι,
1081 611 1208 666 cap.
1241 596 1296 662 9,
1328 613 1387 668 p.
1421 598 1533 661 32).
1571 597 1876 653 Rationem
1906 596 1954 652 si
1986 613 2234 668 quaeras,

2349 612 2513 652 mum
2546 596 2743 668 itaque
2776 613 2790 652 :
2827 617 2854 650 α
2883 597 3169 664 Quotidie,
3201 596 3415 668 inquit,
3448 595 3808 662 obsidemur,
3840 611 4001 665 quo-

590 682 741 739 hanc
773 700 805 738 a
831 683 1116 755 Cypriano
1149 685 1341 754 accipe
1375 702 1388 752 ;
1427 707 1454 736 «
1485 687 1644 742 Sicut
1674 686 1941 742 diabolus
1973 686 2238 742 Christus
2347 685 2494 740 tidie
2526 686 2924 758 prodimur,in
2955 686 3101 757 ipsis
3132 684 3456 757 plurimum
3504 684 3752 740 ccetibus
3779 688 3840 738 et
3855 699 3993 738 con-

591 788 704 826 non
738 775 844 837 est,
879 773 1150 843 quamvis
1183 771 1346 828 fallat
1377 774 1435 827 in
1469 776 1704 830 nomine
1735 775 1892 830 illius
1943 791 1956 829 :
2009 775 2092 829 ita
2130 790 2234 829 nec

587 858 954 914 Christianus
1011 860 1192 916 videri
1251 865 1460 932 potest,
1495 862 1596 933 qui
1655 880 1769 919 non
1807 865 2130 935 permanet
2174 862 2233 918 in

591 947 880 1020 Evangelii
911 954 968 1004 et
999 949 1126 1020 ejus
1158 949 1292 1005 ﬁdei
1323 951 1564 1008 veritate
1597 974 1626 1002 ››
1671 953 1958 1024 (Cyprias.
1991 953 2057 1007 de
2088 951 2233 1008 Unit.

590 1036 834 1109 Eecles.)
869 1036 1044 1093 Vides
1095 1055 1236 1094 sane
1286 1039 1489 1109 quanti
1535 1041 1761 1098 roboris
1791 1041 2001 1096 sithoc
2029 1040 2234 1096 adver-

591 1141 694 1180 sus
727 1125 1020 1198 quoslibet
1049 1127 1352 1183 haereticos
1384 1130 1981 1200 argumentum,quod
2005 1145 2074 1184 ex
2095 1145 2234 1200 pra-

589 1213 1006 1284 scriptionibus
1065 1214 1186 1271 sive
1241 1216 1483 1287 antiqua
1537 1217 1960 1289 discipulorum
2018 1217 2234 1273 Christi

586 1301 898 1358 traditione
945 1303 1191 1374 petitum
1250 1310 1358 1360 est.
1391 1306 1785 1362 Tertullianus
1841 1306 1996 1362 enim
2037 1312 2233 1377 aperte

589 1390 958 1446 demonstrat
989 1391 1136 1448 nihil
1169 1393 1403 1465 penitus
1434 1394 1680 1465 gentiles
1710 1396 1988 1451 adversus
2013 1395 2232 1464 religio-

591 1479 682 1534 nis
734 1479 1076 1536 Christianas
1125 1482 1541 1552 perfectionem
1593 1484 1872 1540 conﬁcere
1933 1501 2104 1555 posse
2164 1501 2233 1539 cx

590 1567 866 1638 pessimis
913 1568 1145 1625 illorum
1187 1572 1482 1627 erroribus
1515 1572 1956 1640 haereticorum;
2015 1573 2231 1644 quippe

589 1656 689 1728 qui
721 1673 916 1712 veram
965 1657 1179 1713 Christi
1227 1659 1552 1716 doctrinam
1601 1661 1684 1717 ita
1733 1668 2132 1733 corruperant,
2168 1668 2232 1717 ut

589 1760 695 1800 nec
725 1744 852 1816 ipso
884 1745 1348 1803 Christianorum
1387 1751 1621 1806 nomine
1651 1751 1809 1822 digni
1853 1750 2226 1807 haberentur.

2344 775 2778 844 gregationibus
2847 775 3066 830 nostris
3140 773 3532 845 opprimimur
3601 795 3630 822 ››
3715 771 3992 844 (Tertull.

2343 863 2617 934 Apologet.
2650 881 2777 935 cap.
2807 864 2862 932 7,
2896 880 2951 934 p.
2985 861 3134 933 307).
3168 861 3292 918 Non
3327 860 3493 933 pauci
3525 876 3686 931 ergo,
3720 860 3826 915 sed
3861 858 3997 930 plu-

2343 952 2498 1023 rimi,
2532 969 2646 1008 non
2679 970 2829 1021 raro,
2875 953 2975 1009 sed
3011 949 3356 1023 saepissime,
3389 949 3449 1004 in
3501 949 3628 1005 suis
3657 947 3909 1005 cutibus
3940 953 3998 1004 et

2342 1039 2483 1096 alibi
2508 1039 3132 1113 opprimebantur,Nec
3155 1038 3369 1094 mirum
3401 1053 3562 1094 sane.
3589 1037 3737 1093 Nam
3771 1036 3998 1092 ethnici

2342 1129 2501 1184 omni
2533 1146 2774 1201 prorsus
2821 1127 3188 1184 humanitate
3227 1127 3514 1199 deposita,
3553 1145 3577 1176 ι
3609 1125 3827 1198 partim
3858 1142 3998 1198 pro-

2343 1218 2485 1290 priis
2535 1218 2767 1286 animis,
2801 1219 3014 1288 partim
3057 1217 3287 1289 legibus
3336 1217 3746 1287 obsequentes,
3780 1215 3842 1270 in
3895 1231 3997 1271 eos

2341 1307 2673 1362 sawiebant.
2716 1307 2866 1372 Quin
2897 1305 3099 1376 etiam,
3125 1304 3375 1376 quoties,
3415 1304 3498 1359 ait
3527 1303 3721 1359 adhuc
3752 1303 3998 1359 Tertul-

2341 1395 2554 1460 lianus,
2587 1396 2893 1466 praeteritis
2920 1395 3086 1450 vobis
3117 1393 3422 1465 (nimirum
3453 1391 3850 1464 prasidibus),
3879 1409 3993 1448 suo

2331 1485 2466 1555 jure
2497 1501 2602 1540 nos
2635 1484 2939 1539 inimicum
2970 1483 3183 1555 vulgus
3215 1481 3439 1537 invadit
3467 1480 3762 1552 lapidibus
3808 1487 3866 1537 et
3901 1481 3996 1536 in-

2339 1571 2592 1629 cendiis!
2628 1596 2656 1623 ››
2707 1573 2872 1644 (Ibid.
2925 1589 3053 1644 cap.
3099 1573 3188 1640 37,
3236 1587 3297 1642 p.
3329 1569 3480 1641 461.)
3512 1569 3686 1626 Nulla
3713 1569 3996 1626 videlicet

2339 1667 2672 1734 exspectata
2722 1663 2992 1733 judicum
3041 1659 3351 1731 sententia,
3402 1659 3503 1715 sed
3563 1676 3707 1715 caeco
3762 1660 3998 1731 impetu

2338 1751 2546 1822 plebeii
2575 1751 2821 1823 gentiles
2845 1750 3100 1823 lapidum
3122 1749 3336 1806 ictibus
3357 1749 3686 1805 obruebant
3703 1748 3996 1806 Christia-

657 1833 917 1888 Tertium
950 1835 1188 1890 tandem
1227 1841 1350 1892 erat
1394 1837 1855 1894 Christianorum
1887 1857 2094 1911 genus,
2127 1838 2227 1910 qui
2258 1875 2306 1940 B
2337 1858 2465 1910 nos,
2496 1847 2599 1897 aut
2628 1842 2788 1897 vivos
2819 1841 3162 1896 exurebant.

587 1919 723 1976 ﬁdei
753 1938 871 1977 suae
903 1921 1225 1980 desertores
1255 1929 1310 1979 et
1341 1930 1638 1998 apostatze,
1663 1927 1733 1982 ad
1755 1927 1966 1999 impios
1987 1929 2228 1982 deorum

587 2009 1089 2082 cultus,tanquam
1113 2029 1286 2068 canes
1306 2014 1378 2069 ad
1409 2015 1712 2087 vomitum,
1741 2017 1953 2072 reversi
1978 2017 2226 2072 fuerant.

587 2097 698 2153 Sed
732 2099 947 2156 frustra
976 2100 1192 2156 ethnici
1219 2119 1286 2157 ex
1317 2103 1526 2159 horum
1557 2110 1954 2175 apostatarum
1985 2105 2228 2160 crimine

588 2186 810 2258 aliquid
860 2189 1136 2246 adversus
1189 2192 1578 2249 Christianam
1638 2195 1975 2267 religionem
2027 2194 2227 2250 inferri

586 2292 758 2347 posse
788 2277 1242 2334 arbitrabantur.
1267 2281 1411 2336 Nam
1444 2283 1543 2353 qui
1571 2284 1767 2338 datam
1789 2283 2016 2340 Christo
2050 2284 2225 2338 fidem

587 2362 965 2436 violaverant,
997 2383 1110 2422 non
1143 2373 1308 2424 erant
1337 2369 1590 2441 amplius
1619 2370 1951 2438 Christiani,
1982 2388 2088 2427 nec
2121 2388 2224 2442 po-

587 2457 780 2508 terant
825 2453 935 2510 hoc
983 2455 1262 2528 appellari
1296 2458 1549 2525 nomine,
1581 2460 1968 2523 Quamobrem
1999 2460 2224 2515 Tertul-

588 2539 783 2597 lianus
815 2543 1078 2600 ethnicos
1110 2544 1202 2601 his
1233 2547 1422 2603 verbis
1469 2548 1780 2620 compellat
1811 2565 1824 2604 :
1861 2573 1887 2598 ‹‹
1923 2550 2223 2621 Ejusmodi

583 2628 855 2687 homines
885 2648 1072 2704 neque
1110 2640 1485 2708 congregant,
1517 2653 1704 2708 neque
1735 2639 2087 2710 participant
2116 2655 2221 2694 no-

586 2716 836 2788 biscum,
872 2721 1003 2776 facti
1035 2727 1166 2794 post
1193 2723 1404 2780 delicta
1431 2725 1622 2782 denuo
1658 2729 1856 2798 vestri,
1889 2730 2120 2800 quando
2151 2744 2222 2786 ne

584 2806 704 2862 illis
752 2809 988 2880 quidem
1029 2811 1400 2884 misceamur,
1451 2832 1598 2885 quos
1650 2822 1844 2874 vestra
1910 2819 1998 2875 vis
2046 2825 2223 2892 atque

585 2898 804 2954 saevitia
826 2899 894 2954 ad
925 2903 1258 2972 negandum
1280 2903 1552 2976 subegit»
1575 2906 1950 2976 (Tertull.lib.
1975 2925 1994 2964 1
2010 2909 2079 2964 ad
2095 2911 2218 2966 Nat.

583 3002 711 3058 cap.
743 2987 816 3059 4).
865 2987 1046 3051 Quam
1095 2995 1289 3046 autem
1341 2992 1449 3048 hoc
1500 3011 1698 3050 verum
1733 2997 1810 3052 sit
1837 3014 1905 3053 ex
1936 2997 2006 3055 iis
2038 3017 2220 3056 unus-

579 3074 825 3148 quisque
856 3076 1021 3134 facile
1050 3077 1356 3152 intelliget,
1383 3099 1507 3152 quae
1529 3085 1850 3156 Cyprianus
1871 3087 2088 3161 aliique
2117 3107 2221 3145 an-

580 3164 728 3236 tiqui
761 3166 1072 3238 scriptores
1104 3170 1291 3226 nostri
1348 3173 1644 3229 memoriae
1691 3174 1846 3232 haud
1879 3177 2059 3234 semel
2089 3196 2222 3250 pro-

2405 1931 2491 1986 Ad
2521 1929 2756 2001 singula
2785 1935 2979 1986 autem
3011 1945 3212 1986 eorum
3237 1927 3529 2000 supplicia
3560 1933 3627 1984 ut
3651 1927 3991 1998 veniamus,

2336 2020 2510 2074 modo
2551 2019 2610 2074 in
2652 2020 2881 2090 insulas,
2915 2018 3106 2090 inquit
3152 2023 3355 2074 auctor
3404 2022 3622 2084 noster,
3671 2018 3995 2088 relegamur

2334 2108 2492 2178 (Ibid.
2523 2125 2650 2179 cap.
2685 2110 2771 2176 12,
2805 2125 2860 2180 p.
2892 2109 3018 2178 341)
3046 2125 3060 2174 ;
3103 2107 3203 2162 sed
3235 2106 3368 2162 aliis
3396 2123 3537 2162 sane
3565 2105 3842 2162 omnibus
3874 2107 3990 2161 mi-

2335 2214 2442 2252 nor
2491 2202 2615 2252 erat
2653 2196 2773 2251 haec
2833 2195 3022 2251 exsilii
3075 2211 3290 2266 pcena:
3337 2217 3366 2244 «
3398 2195 3572 2250 modo
3629 2195 3690 2249 in
3741 2197 3993 2251 metalla

2333 2286 2679 2340 damnamur
2707 2308 2728 2334 ι
2755 2286 2919 2356 (Ibid.
2952 2301 3077 2355 cap.
3105 2285 3189 2351 12,
3221 2301 3278 2355 p.
3311 2285 3460 2352 341),
3494 2284 3565 2339 ad
3595 2300 3663 2339 ea
3693 2283 3987 2339 nimirum

2332 2375 2584 2430 maxime
2616 2390 2749 2430 cum
2781 2373 2978 2429 labore
3021 2373 3370 2428 etfodionda.
3405 2372 3643 2428 Plurimi
3673 2388 3810 2428 vero
3841 2389 3986 2428 con-

2328 2464 2718 2519 trudebantur
2746 2463 2805 2518 in
2835 2462 3158 2518 horrendos
3195 2478 3476 2529 carceres,
3506 2460 3705 2518 inedia
3731 2466 3792 2517 et
3822 2463 3986 2518 fame

2329 2553 2734 2621 consumendi,
2758 2551 2872 2607 nisi
2901 2551 3018 2620 alii,
3047 2556 3110 2606 ut
3139 2568 3318 2623 supra
3346 2550 3622 2620 diximus,
3653 2549 3986 2607 Christiani

2328 2643 2412 2698 eis
2448 2641 2719 2714 opitulati
2765 2641 3033 2698 fuissent.
3063 2639 3170 2696 Sed
3197 2639 3318 2695 haec
3346 2639 3742 2696 Tertullianus
3773 2639 3835 2694 in
3866 2655 3984 2695 suo

2328 2732 2486 2787 brevi
2517 2730 2778 2802 quidem,
2811 2731 2912 2786 sed
2945 2728 3242 2786 excellenti
3274 2730 3347 2784 ad
3393 2729 3676 2800 Martyres
3706 2727 3859 2783 libro
3892 2731 3990 2784 fu-

2329 2821 2454 2876 sius
2485 2820 2857 2892 prosequitur
2887 2819 3090 2890 (Idem,
3122 2818 3193 2873 ad
3231 2816 3514 2889 Martyr.).
3563 2817 3847 2873 Pristerea
3869 2835 3986 2872 un-

2327 2912 2492 2981 gulis,
2553 2909 2652 2978 ait,
2711 2908 2976 2964 deraditis
3033 2908 3206 2963 latera
3261 2907 3702 2962 Christianorum
3765 2908 3982 2978 (Idem,

2327 3001 2604 3071 Apologet.
2650 3015 2774 3069 cap.
2829 2999 2915 3064 12,
2968 3013 3024 3068 p.
3079 2997 3226 3067 339).
3279 2994 3520 3068 Ungula:
3561 3000 3756 3050 autem
3790 2995 3990 3050 ferrea

2328 3094 2495 3144 erant
2518 3089 2933 3159 instrumenta,
2951 3090 3234 3157 tanquam
3259 3087 3512 3140 ferarum
3536 3100 3765 3155 ungues
3799 3084 3983 3139 fabri-

2331 3184 2480 3244 cata,
2513 3177 2728 3248 quibus
2763 3175 2979 3231 ethnici
3023 3173 3208 3230 latera
3263 3173 3725 3229 Christianorum
3785 3173 3984 3229 sulca-

580 3253 856 3309 diderunt
885 3255 955 3311 de
1006 3255 1208 3328 lapsis,
1241 3259 1341 3330 qui
1373 3265 1753 3333 tyrannorum
1797 3266 1972 3322 minis
2004 3272 2060 3322 et
2089 3239 2220 3324 cru-
2250 3239 2294 3306 Ο
2331 3239 2475 3322 bant
2500 3239 2557 3322 et
2585 3265 2972 3321 dilaniabant.
3004 3263 3392 3328 Quamobrem
3413 3261 3512 3318 ille
3545 3267 3743 3334 postea
3779 3263 3933 3318 dixit
3967 3281 3980 3320 :

579 3340 830 3400 ciatibus
853 3343 1248 3404 Christianam
1271 3349 1443 3406 fidem
1467 3352 1854 3422 ejuraverant.
1882 3356 1990 3412 Sed
2011 3357 2082 3412 de
2101 3356 2219 3413 illis

580 3432 962 3502 opportunior
991 3434 1329 3506 disputandi
1360 3437 1524 3494 locus
1555 3441 1724 3496 nobis
1754 3443 2008 3500 dabitur.
2049 3445 2220 3501 Recte

579 3534 716 3590 ergo
763 3519 1157 3579 Tertullianus
1197 3525 1464 3582 ethnicos
1495 3545 1702 3586 rursus
1731 3530 2102 3603 alloquendo,
2136 3533 2220 3590 sic

580 3605 918 3662 concludit:
958 3632 978 3658 α
1012 3611 1144 3667 Sine
1191 3629 1370 3669 causa
1408 3615 1540 3672 illos
1587 3620 1806 3675 vocatis
1835 3620 2217 3693 Christianos,

579 3708 727 3764 quos
754 3695 865 3767 ipsi
896 3705 1112 3771 negant
1141 3701 1476 3775 Christiani,
1509 3706 1609 3776 qui
1641 3723 1725 3773 se,
1775 3708 1833 3763 id
1882 3717 1972 3766 est
2001 3712 2220 3770 Christi

579 3781 754 3871 fidem
787 3801 998 3858 negare
1048 3805 1164 3844 non
1195 3797 1411 3846 norunt
1439 3811 1467 3844 ιι
1530 3795 1735 3867 (Ibid.).
1770 3797 1896 3854 Veri
1926 3800 2217 3871 siquidem

577 3870 916 3944 Christiani,
953 3877 1318 3947 quibuslibet
1350 3881 1666 3939 dirissimis
1695 3870 2014 3945 tormentis
2034 3893 2219 3948 vexati

574 3960 916 4019 Christiana:
964 3964 1265 4037 religionis
1304 3969 1608 4026 veritatem
1637 3972 1706 4027 ad
1748 3975 2217 4038 crudelissimam

576 4065 764 4122 usque
823 4051 1284 4112 internecionem
1335 4060 1809 4118 constantissime
1866 4074 2216 4135 asserentes,

575 4141 838 4212 martyrii
867 4159 1141 4199 coronam
1164 4149 1688 4218 consequebantur.
1716 4151 1826 4207 Sed
1857 4155 1999 4225 quid
2033 4157 2102 4212 de
2124 4156 2216 4213 his

576 4230 970 4288 sanctissimis
1013 4235 1368 4306 martyribus
1410 4241 1615 4294 auctor
1652 4244 1850 4297 noster
1889 4244 2214 4315 tradiderit,

573 4316 696 4388 jam
727 4318 1157 4391 explanandum
1187 4328 1295 4380 est.

1192 4439 1420 4497 CAPUT
1458 4443 1594 4499 XXI.

987 4525 1064 4580 De
1091 4525 1422 4585 Christianis
1451 4533 1796 4605 martyribus

1091 4650 1409 4692 ARTICULUS
1448 4654 1688 4696 PRIMUS.

577 4715 783 4802 Quibus
806 4735 878 4802 ac
897 4737 1060 4802 quani
1087 4726 1262 4802 variis
1287 4724 1680 4800 horrendisque
1707 4732 2040 4788 cruciatibus
2061 4733 2212 4788 Chri-

647 4795 814 4845 stiani
855 4795 924 4864 ab
971 4797 1204 4850 ethnicis
1244 4795 1628 4864 torquerentur
1671 4810 1723 4857 et
1763 4803 2210 4860 trucidarentur:

645 4875 710 4915 ac
735 4877 833 4916 cur
860 4862 1213 4922 Sarmenticii
1235 4873 1287 4923 et
1316 4862 1557 4927 Sanaxii
1586 4875 1762 4930 vocati
1786 4875 1917 4931 sint.

651 4973 824 5064 l‘lulla
850 4978 1052 5048 procul
1081 4979 1259 5038 dubio
1315 4983 1776 5044 Christianorum
1805 4989 1990 5047 virtus
2022 4991 2212 5064 magis

585 5062 832 5134 refulsit,
865 5083 1039 5138 quam
1090 5068 1472 5130 invictissima
1501 5077 1558 5130 in
1591 5077 1908 5134 tolerandis
1944 5096 2043 5150 pro
2073 5062 2209 5135 reli-

573 5152 765 5224 gionis
794 5171 911 5210 sum
941 5157 1276 5216 defensione
1297 5163 1602 5235 suppliciis
1623 5167 2212 5237 patientia,constan-

572 5242 656 5297 tia
702 5247 877 5314 atque
922 5245 1224 5305 fortitudo.
1258 5251 1483 5315 Quanto
1531 5253 1688 5310 enim
1720 5256 1925 5327 majori
1956 5256 2210 5314 ethnicis

574 5329 647 5385 ob
696 5337 923 5404 spretas
971 5335 1467 5411 labefactatasque
1497 5357 1698 5398 eorum
1733 5344 2044 5416 religiones
2077 5346 2208 5401 odio

570 5425 756 5488 erant,
788 5426 952 5480 tanto
994 5426 1442 5500 crudelioribus,
1473 5431 1629 5487 964
1657 5437 1715 5487 et
1747 5449 1780 5488 a
1808 5433 2040 5490 nemine
2069 5435 2207 5491 hac-

569 5510 741 5563 tenus
775 5513 1114 5584 excogitatis
1151 5517 1548 5574 vexationibus
1579 5535 1644 5574 ac
1673 5522 1980 5578 termentis
2010 5538 2207 5578 excar-

571 5596 963 5656 niﬁcabantur
990 5608 1049 5658 et
1078 5605 1458 5662 necabantur.
1511 5605 1684 5664 Plura
1730 5613 1924 5666 autem
1970 5611 2205 5668 illorum

573 5683 861 5752 supplicia
909 5689 1306 5751 Tertullianus
1334 5701 1616 5766 recenset,
1667 5712 1796 5769 quae
1854 5700 1980 5758 sine
2009 5699 2207 5773 aliqua

2329 3357 2432 3412 Nos
2463 3357 2532 3411 ad
2563 3357 2756 3424 Deum,
2788 3354 2846 3410 in
2885 3352 3133 3424 equuleo
3182 3352 3338 3408 haud
3389 3351 3587 3419 dubie,
3617 3357 3720 3407 aut
3749 3351 3864 3406 alia
3899 3353 3981 3408 si-

2330 3445 2455 3500 mili
2484 3444 2778 3514 machina,
2809 3458 3079 3514 expansos
3120 3441 3349 3511 ungulae
3387 3441 3614 3514 fodiant
3643 3441 3812 3513 (Ibid.
3844 3458 3976 3514 cap.

2328 3536 2417 3604 30,
2450 3552 2506 3606 p.
2537 3534 2682 3604 441).
2712 3531 3066 3588 Prudentius
3094 3532 3253 3587 enim
3284 3531 3531 3587 canebat
3563 3547 3576 3587 :

2515 3641 2770 3690 Incensus
2796 3638 2882 3687 his
2913 3637 3248 3701 Asclepiades
3273 3637 3516 3699 jusserat

2511 3702 2924 3752 Eviscerandum
2954 3699 3168 3763 corpus.
3199 3701 3422 3763 equuleo
3453 3699 3662 3749 eminus

2515 3766 2770 3823 Pendere,
2793 3768 2846 3812 et
2874 3764 3023 3812 uncis
3053 3762 3379 3826 angulisque
3408 3775 3664 3811 crescere.

2604 3826 2878 3890 (Prudent,
2910 3826 2973 3874 de
2999 3830 3177 3876 sancto
3207 3825 3416 3874 Roman.
3449 3838 3501 3874 v.
3536 3827 3623 3874 107
3653 3827 3708 3872 et
3739 3830 3912 3887 seqq.)

2400 3925 2777 3995 Prosequitur
2803 3921 3200 3979 Tertullianus
3228 3939 3242 3978 :
3266 3921 3346 3977 Ad
3377 3921 3575 3977 bestias
3603 3921 3966 3992 impellimur,

2327 4013 2446 4069 sive
2477 4012 2568 4082 iis,
2601 4030 2730 4083 quae
2760 4029 2866 4068 nos
2896 4012 3192 4079 devorent,
3226 4011 3284 4065 in
3333 4008 3560 4065 theatro
3608 4008 3922 4079 objicimur
3953 4025 3968 4062 :

2323 4103 2384 4157 in
2443 4119 2549 4158 nos
2608 4101 2808 4171 bestiae,
2869 4099 3024 4155 sicut
3078 4103 3284 4172 postea
3339 4097 3676 4169 descripsit,
3710 4098 3967 4152 insiliunt

2327 4189 2587 4259 (Tertull.
2621 4190 2893 4261 Apologet.
2955 4205 3084 4260 cap.
3141 4186 3229 4258 12,
3277 4203 3411 4258 pag.
3462 4187 3609 4254 241;
3660 4185 3800 4242 ibid.
3843 4201 3963 4256 cap.

2324 4280 2413 4346 30,
2446 4295 2502 4350 ρ.
2536 4278 2681 4349 445).
2700 4278 2884 4342 Quam
2907 4277 3180 4348 frequens
3203 4279 3399 4330 autem
3429 4274 3603 4331 fuerit
3629 4273 3775 4330 illud
3804 4273 3964 4329 Chri-

2323 4368 2651 4424 stianorum
2683 4365 3039 4438 supplicium
3069 4364 3206 4420 inde
3237 4363 3497 4434 colligas,
3527 4363 3680 4434 quod
3715 4363 3773 4418 in
3807 4362 3966 4418 omni

2323 4455 2556 4528 publica
2585 4454 2748 4512 clade
2768 4455 2967 4510 statim
2987 4452 3256 4526 gentiles,
3279 4452 3432 4508 sicut
3451 4451 3645 4507 adhuc
3671 4451 3771 4508 ille
3801 4451 3966 4508 testi-

2322 4546 2626 4610 ﬁcabatur,
2659 4543 3013 4608 clamabant,
3053 4543 3390 4599 Christianos
3419 4541 3497 4596 ad
3525 4542 3771 4597 leonem!
3804 4540 3966 4612 (Ibid.

2240 4605 2288 4670 D
2319 4651 2451 4706 cap.
2491 4633 2578 4700 40,
2704 4633 2854 4704 479.)
2883 4605 3009 4688 Alio
3040 4636 3236 4688 autem
3268 4630 3330 4686 in
3361 4629 3533 4701 libro,
3567 4631 3668 4686 ubi
3698 4605 3969 4686 ethnico-

2319 4739 2451 4778 rum
2481 4725 2802 4778 conventus
2830 4721 3089 4792 exagitat
3107 4724 3165 4776 et
3185 4720 3536 4775 condemnat
3557 4734 3570 4772 :
3590 4719 3731 4784 Illic,
3748 4719 3972 4790 inquit,

2319 4813 2381 4865 in
2409 4826 2507 4866 nos
2537 4810 2851 4881 quotidiani
2879 4812 3056 4867 leones
3083 4807 3506 4880 expostulantur
3544 4808 3723 4879 (Idem
3743 4807 3813 4862 de
3837 4809 3974 4879 Spe-

2317 4901 2448 4955 ctat.
2483 4913 2610 4969 cap.
2641 4899 2754 4969 27).
2786 4899 3009 4954 Rursus
3039 4896 3180 4952 alibi
3210 4900 3504 4952 asseverat
3531 4895 3745 4951 Christi
3765 4894 3977 4952 hostes

2319 4987 2430 5043 sub
2458 4985 2706 5058 pedibus
2733 4987 2862 5058 ejus
2885 4989 3011 5059 jam
3041 5001 3170 5042 esse
3191 4983 3563 5056 constitutos,
3586 4983 3748 5040 omni
3770 4985 3977 5042 adhuc

2313 5076 2672 5147 popularium
2715 5081 2856 5132 ccetu
2884 5077 3098 5131 claman
3115 5084 3164 5131 te
3192 5092 3212 5129 :
3245 5074 3585 5130 Christianos
3612 5073 3684 5128 ad
3713 5074 3938 5130 leonem
3962 5079 3981 5128 !

2318 5167 2501 5235 (Idem
2531 5166 2596 5221 de
2624 5167 2934 5221 Resurrect.
2980 5181 3135 5220 earn.
3194 5179 3320 5235 cap.
3361 5163 3477 5231 22.)
3535 5162 3684 5227 Quid
3742 5161 3926 5233 plura
3954 5163 3983 5218 ?

2317 5253 2611 5310 Castitatis
2649 5254 2920 5310 osoribus
2977 5251 3284 5309 denuntiat
3329 5251 3658 5306 timendum
3692 5267 3810 5307 non
3844 5269 3982 5308 esse

2316 5359 2386 5399 ne
2414 5359 2522 5399 non
2550 5346 2666 5399 sint
2697 5346 2794 5415 qui
2836 5343 3166 5407 acclament,
3217 5339 3559 5396 Christianos
3603 5339 3674 5394 ad
3705 5341 3932 5396 leonem
3963 5345 3984 5397 l

2317 5433 2522 5504 (Idem,
2555 5434 2780 5489 Exhort.
2831 5432 2902 5488 ad
2947 5437 3085 5487 cast.
3137 5446 3262 5502 cap.
3315 5430 3427 5499 12.)
3476 5434 3669 5501 Atque
3718 5429 3804 5484 ita
3836 5445 3986 5487 con-

2317 5521 2632 5578 clamatum
2672 5527 2764 5579 est
2808 5522 3088 5578 adversus
3114 5519 3266 5578 005
3320 5516 3726 5591 Polycarpum,
3777 5525 3853 5574 ut
3908 5535 3984 5576 ex

2316 5611 2564 5668 Eusebio
2595 5611 2880 5669 discimus
2910 5611 3145 5683 (Euseb.
3174 5607 3278 5664 lib.
3314 5609 3531 5664 vaist.
3564 5608 3765 5665 Eecles.
3801 5625 3858 5663 c.
3885 5610 3982 5678 15,

2314 5715 2372 5772 p.
2425 5699 2538 5772 32).
2596 5699 2920 5772 Cyprianus
2975 5711 3211 5770 quoque
3267 5696 3338 5753 de
3391 5712 3458 5753 se
3510 5696 3640 5769 ipso
3667 5694 3977 5770 scripsit:
