4158 6356
222 346 379 407 1057

1126 350 1202 411 D.
1246 349 1345 410 LE
1386 350 1716 412 NOURRY
1754 348 2407 415 OBSERVATIONES
2452 354 2708 416 NOVE.

3474 366 3634 429 1058

224 502 253 531 ‹‹
282 479 421 536 Orto
451 479 653 536 statim
684 478 1036 537 turbationis
1068 480 1291 554 impetu
1331 482 1545 554 primo,
1591 498 1725 539 cum
1776 496 1867 537 me
1903 482 1953 549 Α
1982 481 2155 539 Recte
2198 484 2455 554 quidem,
2522 486 2799 558 inquies;
2858 490 2962 545 sad
3021 507 3126 547 cur
3155 492 3204 549 is
3233 494 3456 553 dimidii
3507 502 3635 556 axis

223 570 477 627 clamore
499 570 753 628 violento
792 571 1048 644 populus
1108 572 1432 645 ﬂagitasset
1485 595 1515 625 ι)
1573 574 1866 647 (Cyprian.

224 662 395 735 epist.
420 662 533 729 20).
568 662 714 727 Quid
746 666 943 716 autem
967 662 1335 734 ﬂagitaverit,
1368 680 1475 719 nos
1506 664 1745 719 Pontius
1776 663 1871 717 his

223 752 284 806 in
314 751 472 806 illius
503 750 634 805 Vita
664 751 831 806 docet
858 752 1051 807 verbis
1083 768 1095 807 :
1131 774 1158 801 τι
1199 752 1448 808 Maxime
1480 769 1613 808 cum
1662 756 1719 808 et
1747 752 1869 808 suf-

223 840 425 910 fragiis
474 855 625 912 saepe
674 839 937 912 repetitis
994 841 1063 895 ad
1129 840 1356 897 leonem
1416 842 1811 913 postularetur
1841 862 1868 891 »

224 930 411 1001 (Pent.
447 931 503 985 in
542 930 663 985 Vita
696 929 957 1001 Cyprian.
1010 945 1143 1002 pag.
1195 930 1268 1001 4).
1322 932 1627 1003 Expendas
1672 932 1871 1003 itaque

221 1019 396 1073 velim
429 1035 502 1073 an
534 1019 648 1073 huc
678 1020 854 1073 etiam
906 1018 1298 1075 collineaverit
1340 1020 1739 1076 Tertullianus
1768 1036 1872 1075 no-

225 1107 481 1170 ster,ubi
512 1108 583 1162 de
615 1108 878 1162 Romana
911 1107 1077 1179 plebe
1109 1107 1254 1163 dixit
1286 1124 1300 1165 :
1334 1131 1361 1160 «
1394 1113 1511 1165 Nec
1544 1109 1648 1164 ulli
1681 1109 1871 1181 magis

222 1196 691 1269 depostulatores
748 1196 1240 1268 Christianorum,
1300 1215 1477 1269 quam
1556 1198 1789 1271 vulgus,
1840 1220 1867 1249 »

223 1286 435 1358 plebeii
468 1286 760 1358 siquidem
779 1286 1045 1341 homines
1069 1288 1295 1342 caeteris
1320 1287 1489 1359 longe
1514 1288 1871 1359 frequentius

226 1375 606 1448 postulabant
636 1375 1085 1446 clamabantque
1117 1376 1453 1433 Christianos
1506 1377 1575 1431 ad
1632 1378 1869 1434 leonem.

225 1466 286 1521 Si
320 1470 509 1520 tamen
537 1463 942 1531 exlstimes,ibi
977 1465 1048 1519 de
1101 1465 1363 1536 quolibet
1407 1466 1613 1521 mortis
1663 1482 1874 1536 genere

225 1556 299 1611 ab
322 1555 393 1610 iis
420 1553 713 1626 postulato
734 1570 1061 1609 sermonem
1095 1555 1238 1621 fieri,
1272 1555 1448 1627 idque
1479 1555 1871 1627 probes,haud

226 1644 483 1699 multum
515 1643 881 1699 resistemus.
904 1643 1012 1699 Sed
1045 1643 1280 1698 interim
1329 1645 1400 1699 ad
1433 1643 1547 1699 alia
1593 1644 1872 1700 Christia-

226 1751 437 1790 norum
493 1737 787 1789 tormenta
839 1736 1237 1788 transeamus.
1295 1732 1407 1787 Alii
1455 1734 1729 1799 crucibus,
1790 1735 1871 1789 ait

226 1828 430 1880 auctor
461 1827 660 1878 noster
688 1822 948 1924 (Tertull.
982 1822 1259 1893 Apologet.
1295 1823 1544 1922 cap..i2,
1604 1838 1658 1893 p.
1721 1822 1871 1924 33.39),
1902 1858 1949 1924 Β

224 1919 277 1969 et
305 1913 558 1985 stipitbus
588 1911 1067 1983 imponebantur,
1099 1915 1219 1978 aut,
1268 1910 1441 1966 sicuti
1476 1915 1675 1983 postea
1704 1912 1868 1978 dixit,

223 2019 412 2060 cruces
441 2017 528 2057 eos
556 2000 922 2070 suspendunt.
963 1999 1076 2055 Alii
1106 2002 1340 2057 cervices
1368 2008 1597 2072 ponunt,
1643 2004 1745 2057 aut
1803 2006 1870 2057 ut

222 2092 361 2149 alibi
392 2091 552 2163 loqui
582 2089 813 2158 maluit,
843 2089 1027 2161 gtadii
1055 2092 1288 2163 guttura
1317 2106 1505 2145 eorum
1543 2090 1870 2146 detruncant

222 2182 390 2254 (Ibid.
426 2196 551 2252 cap.
583 2180 673 2248 30,
706 2196 763 2251 p.
799 2179 941 2249 415).
973 2178 1085 2233 Alii
1116 2179 1359 2251 insuper
1379 2180 1602 2247 ignibus
1632 2183 1872 2235 uruntur

219 2270 309 2326 vel
338 2287 437 2325 eos
468 2270 621 2337 ignes
652 2269 930 2334 lambunt,
962 2267 1115 2324 sicut
1144 2272 1347 2339 postea
1402 2268 1475 2322 ab
1505 2267 1604 2323 illo
1646 2268 1868 2323 dictum

223 2359 384 2431 (Ibid.
417 2358 528 2413 loc.
561 2357 707 2430 cit.).

295 2468 366 2521 At
395 2466 515 2521 haec
562 2463 721 2518 varia
777 2462 1203 2534 suppliciorum
1259 2478 1473 2534 genera
1531 2462 1589 2518 in
1643 2480 1752 2518 suo
1804 2464 1872 2520 de

225 2555 505 2612 Pudicitia
546 2552 695 2608 libro
750 2552 835 2607 sic
885 2550 1133 2624 explicat
1165 2568 1178 2605 :
1215 2574 1243 2601 ‹‹
1276 2555 1488 2625 Martyr
1543 2558 1684 2624 puta
1715 2570 1869 2609 nunc

223 2645 331 2700 sub
384 2644 601 2717 gladio,
656 2642 780 2712 jam
860 2640 1049 2713 capite
1122 2640 1372 2709 librato;
1448 2646 1592 2713 puta
1650 2643 1708 2698 in
1768 2660 1868 2714 pa-

221 2732 431 2801 tibulo,
484 2734 608 2801 jam
669 2746 909 2802 corpore
977 2746 1276 2802 expanso;
1328 2734 1469 2803 puta
1528 2730 1583 2786 in
1647 2732 1867 2803 stipite,

214 2825 340 2895 jam
376 2823 541 2878 leone
571 2836 844 2875 concesso
872 2836 887 2886 ;
919 2822 1061 2890 puta
1092 2818 1150 2873 in
1182 2820 1445 2889 axe,jam
1475 2819 1741 2876 incendio
1763 2822 1869 2877 ad-

223 2916 444 2967 structo
476 2933 504 2961 »
534 2910 741 2982 (Idem.
777 2908 841 2963 de
880 2908 1124 2964 Pudicit.
1158 2908 1418 2980 cap.22).
1449 2908 1649 2980 Neque
1672 2914 1868 2966 tamen

223 3000 339 3056 illis
370 3004 599 3055 tantum
632 2997 992 3053 cruciatibus
1023 2996 1388 3052 Christianos
1436 2998 1696 3068 torqueri
1746 2998 1870 3070 ipse

222 3090 551 3146 denuntiat.
584 3088 730 3142 Nam
764 3086 879 3145 alio
911 3085 1103 3140 adhuc
1134 3085 1194 3139 in
1228 3084 1376 3140 libro
1426 3092 1715 3141 memorat
1754 3104 1868 3142 non

232 3180 404 3235 modo
432 3177 682 3249 gladium
710 3192 932 3247 gravem
962 3183 1016 3231 et
1041 3191 1256 3230 crucem
1276 3176 1628 3243 excelsam,“
1662 3177 1870 3232 rabiem

226 3270 548 3327 bestiarum.
574 3275 625 3322 et
647 3282 921 3321 summam
951 3266 1169 3337 ignium
1192 3281 1433 3335 pernam,
1456 3281 1656 3320 verum
1689 3265 1867 3321 etiam

225 3375 383 3416 omne
410 3357 687 3428 carniﬁcis
710 3355 995 3426 ingenium
1023 3354 1083 3407 in
1103 3356 1389 3408 tormentis
1420 3354 1874 3409 immanioribus

1980 572 2164 645 stipes
2191 573 2407 629 dicitur
2428 574 2455 630 ?
2485 578 2560 630 At
2592 575 2856 643 observa,
2915 595 3134 651 quaeso,
3195 584 3416 657 stipitis
3472 588 3629 645 966

1979 662 2215 718 nomine
2245 662 2527 735 appellari
2561 666 2796 733 fustem,
2828 671 2892 722 ut
2922 669 3003 724 ait
3060 670 3290 739 Festus,
3334 679 3496 732 terra:
3529 679 3625 735 de—

1980 752 2155 806 fixum
2191 752 2365 824 (Fest.
2393 754 2536 810 adv.
2577 756 2792 828 Stipes).
2832 756 3050 815 Nomen
3082 776 3214 815 vero
3246 765 3387 831 aris,
3422 782 3627 838 quem-

1980 840 2300 896 admodum
2333 842 2486 897 idem
2521 848 2727 900 Festus
2760 851 2977 913 monet,
3013 848 3202 905 varios
3233 850 3409 907 habet
3443 854 3627 926 signi-

1983 928 2191 985 ficatus
2221 930 2503 1002 (ldem,ad
2530 950 2582 988 v.
2616 936 2794 1005 Axis).
2824 935 3151 1008 Aliquando
3183 939 3340 995 enim
3373 944 3630 1001 sumitur

1987 1034 2085 1089 pro
2119 1019 2565 1091 septentrionali
2598 1022 2725 1078 coeli
2760 1029 2942 1094 parte,
2979 1025 3295 1097 aliquando
3339 1047 3440 1102 pro
3462 1034 3629 1089 tereti

1981 1107 2178 1179 stipite
2200 1109 2351 1164 circa
2378 1127 2549 1181 quem
2575 1113 2820 1167 vertitur
2843 1118 3003 1183 rota;
3032 1117 3187 1172 unde
3206 1135 3628 1193 nonnunquam

1981 1213 2014 1251 a
2045 1198 2231 1268 poetis
2264 1214 2365 1269 pro
2397 1203 2517 1253 toto
2544 1216 2719 1255 curru
2752 1202 3074 1274 accipitur;
3107 1207 3362 1279 denique
3386 1226 3486 1280 pro
3511 1227 3631 1267 sec-

1978 1284 2069 1339 tili
2100 1286 2395 1341 tabula.At
2429 1290 2687 1343 secundo
2722 1307 2897 1347 sensu
2932 1293 3055 1348 axis
3086 1312 3295 1352 nomen
3330 1314 3363 1353 a
3394 1299 3626 1355 Tertul-

1979 1372 2136 1428 liano
2168 1374 2354 1445 accipi
2385 1376 2634 1443 videtur,
2669 1382 2724 1432 et
2754 1379 2825 1433 ah
2858 1378 2956 1435 illo
2995 1380 3313 1451 signiﬁcari
3345 1391 3628 1460 martyres

1982 1461 2298 1532 aliquando
2361 1464 2432 1518 ad
2493 1480 2659 1520 axem
2714 1466 3035 1537 integrum,
3097 1472 3357 1527 crebrius
3388 1490 3523 1531 vero
3553 1478 3627 1532 ad

1982 1548 2262 1619 stipitem,
2301 1551 2418 1607 sive
2455 1551 2667 1607 fustem
2702 1558 2867 1609 terra:
2914 1555 3190 1624 deﬁxum,
3241 1562 3343 1615 sed
3384 1562 3509 1618 axis
3540 1564 3628 1619 di-

1981 1638 2161 1693 midio
2192 1640 2494 1707 minorem,
2528 1642 2816 1699 revinctos
2869 1646 3136 1701 cremari.
3171 1648 3398 1705 Ethnici
3430 1652 3630 1725 itaque

1981 1727 2325 1783 Christianis
2375 1730 2651 1786 omnibus
2684 1731 2927 1788 ridiculo
2983 1738 3362 1794 semaxiorum
3391 1740 3627 1798 nomine

1982 1815 2364 1873 insultabant.

2049 1905 2266 1961 Verum
2299 1906 2458 1963 hisce
2489 1911 2669 1965 tantis
2702 1916 2942 1982 tamque
2972 1911 3281 1971 horrendis
3314 1916 3625 1990 suppliciis

1979 1994 2191 2050 satiata
2221 2011 2335 2050 non
2369 2000 2494 2051 erat
2525 1996 2803 2054 immanis
2834 2016 2900 2055 ac
2935 1999 3106 2072 plane
3164 2002 3461 2062 horribilis
3488 2024 3625 2079 gen-

1979 2082 2170 2139 tilium
2203 2085 2523 2142 crudelitas
2552 2091 2607 2142 et
2636 2088 2849 2146 rabies.
2879 2088 3021 2145 Nam
3061 2112 3087 2144 α
3117 2091 3263 2164 ipsis
3287 2093 3621 2153 Bacchana-

1980 2170 2125 2227 lium
2159 2172 2344 2240 furiis,
2378 2190 2483 2229 nec
2514 2175 2785 2244 mortuis,
2813 2177 2894 2233 ait
2924 2179 3343 2250 Tertullianus,
3377 2188 3628 2255 parcunt

1978 2262 2348 2333 Christianis,
2399 2264 2542 2334 quin
2591 2264 2725 2319 illos
2771 2266 2841 2321 de
2908 2268 3108 2339 requie
3171 2271 3504 2345 sepulturae,
3554 2276 3625 2331 de

1980 2350 2138 2423 asylo
2169 2352 2420 2420 quodam
2453 2353 2659 2408 mortis
2682 2356 2808 2424 jam
2843 2354 3129 2428 alios,jam
3162 2375 3269 2416 nec
3298 2364 3450 2416 totos
3472 2363 3623 2418 avel-

1978 2438 2125 2507 lant,
2165 2440 2478 2507 dissecent,
2537 2441 2867 2499 distrahant
2925 2466 2952 2494 »
3009 2447 3270 2517 (Tertull.
3332 2450 3612 2523 Apologet.

1980 2545 2107 2601 cap.
2137 2530 2251 2601 37).
2287 2529 2420 2585 Alia
2453 2534 2649 2587 autem
2683 2531 2741 2587 in
2775 2531 3185 2591 dissertatione
3216 2539 3536 2606 (Dissertat.
3562 2542 3624 2596 in

1981 2619 2235 2674 Lactant.
2308 2636 2434 2691 cap.
2506 2621 2592 2687 10,
2667 2626 2775 2676 art.
2846 2623 2901 2695 2)
2963 2625 3344 2696 patefecimus
3401 2634 3624 2700 quanta

1979 2707 2193 2762 ethnici
2225 2708 2453 2765 feritate
2484 2709 2544 2764 in
2577 2714 2943 2767 mortuorum
2969 2719 3025 2768 et
3055 2717 3421 2787 sepultorum
3464 2735 3624 2775 mar-

1979 2800 2174 2869 tyrum
2202 2814 2445 2870 corpora
2474 2799 2741 2855 bacchati
2776 2802 3012 2857 fuerint.

2582 2961 2902 3000 ARTICULUS
2941 2963 3003 3001 Il.

1981 3031 2250 3099 Quomodo
2278 3034 2508 3100 sanguis
2540 3037 2851 3104 martyrum
2871 3050 3051 3090 semen
3079 3038 3254 3106 fuerit
3276 3036 3624 3095 Christiano-

2049 3119 2194 3169 rum,
2226 3106 2377 3173 isque
2423 3106 2713 3176 majorem,
2745 3122 2913 3176 quam
2970 3109 3181 3177 Cicero,
3242 3109 3465 3177 Seneca,
3494 3113 3625 3167 Dio-

2052 3190 2236 3251 genes,
2300 3176 2534 3251 Pyrrho,
2587 3178 2907 3251 Callinicus,
2936 3176 3172 3251 (aliique
3216 3176 3527 3251 philosophi
3572 3191 3624 3239 et

2050 3250 2298 3301 oratores
2323 3247 2553 3315 ethnici,
2588 3249 2657 3303 at
2706 3247 3151 3319 persuadendum
3196 3247 3303 3307 vim
3342 3247 3619 3312 habuerit.

2054 3370 2305 3425 Tantum
2338 3372 2521 3439 abest,
2548 3376 2614 3426 ut
2644 3388 2729 3438 ea,
2766 3389 2891 3443 quae
2925 3373 3402 3442 memoravimus,
3437 3394 3502 3432 ac
3534 3378 3629 3433 vix

226 3466 351 3521 (Ιοω
384 3448 522 3503 feris
552 3445 847 3501 ονυάθιίυε
878 3442 1137 3539 ξιοωίηξε
1188 3442 1491 3539 ingenii?“
1524 3445 1873 3539 ,εκοοεςίιωςθ
1984 3459 2217 3530 quidem
2254 3460 2378 3515 sine
2426 3460 2665 3516 horrore
2724 3442 2915 3516 audiri
2969 3468 3236 3533 possunt,
3301 3469 3627 3539 martyrum

222 3541 451 3611 poterat
482 3537 693 3627 (Idem,
750 3534 820 3589 ad
852 3532 1122 3627 Marti/rs)-
1185 3537 1376 3627 ᾼῐᾳυθ
1410 3532 1490 3588 ita
1520 3532 1618 3627 illo
1654 3534 1869 3627 Baucis
1981 3549 2272 3620 supplicia
2293 3548 2437 3605 alios
2468 3549 2829 3607 Christianos
2859 3532 3213 3623 areligionis
3244 3571 3363 3610 suae
3398 3532 3622 3627 profes-

220 3628 340 3717 illis
373 3626 794 3700 Ροείθτίοτίδυδ
828 3624 1021 3679 verbis
1053 3622 1206 3677 halm
1235 3624 1486 3677 Obscura
1516 3622 1868 3717 SigniﬁchiF
1977 3638 2141 3694 sione
2172 3638 2599 3706 deterruerint;
2634 3644 2699 3694 ut
2726 3639 2863 3695 inde
2914 3622 3180 3698 fortiores
3233 3622 3621 3717 facti,_plures

222 3716 449 3773 nullum
483 3731 610 3771 esse
640 3717 1067 3769 tormentorum
1097 3727 1306 3783 genus,
1341 3728 1490 3784 quos
1545 3712 1866 3769 Christiani

218 3810 346 3862 tum
377 3802 719 3860 discruciati
752 3818 868 3857 non
900 3800 1139 3856 fuerint.

289 3912 435 3978 Quia
488 3927 623 3966 vero
654 3909 785 3963 aliis
846 3907 1096 3980 gravior,
1154 3905 1243 3961 vel
1274 3905 1429 3961 sicut
1478 3922 1613 3961 mox
1670 3907 1740 3961 ab
1797 3923 1862 3962 eo

215 4002 500 4073 scriptum
532 3997 1073 4067 vidimus,maxima
1101 3999 1225 4051 erat
1255 3996 1478 4067 ignium
1514 3995 1859 4066 pmna,hinc

215 4089 465 4161 gentiles
524 4104 654 4144 eam
714 4104 747 4142 a
803 4084 1155 4141 Christianis
1223 4084 1441 4156 saepius
1500 4085 1859 4155 repetebant.

217 4179 607 4244 Quamobrem
638 4176 791 4247 illos,
823 4175 908 4229 uti
939 4173 1021 4228 ibi
1054 4173 1112 4228 in
1140 4172 1440 4228 codicibus
1471 4174 1688 4229 nostris
1722 4172 1861 4246 legi-

218 4284 373 4338 mus,
405 4284 572 4335 nunc,
634 4267 691 4322 id
749 4269 837 4321 est
894 4256 1001 4320 suo
1058 4265 1342 4333 tempore,
1400 4264 1784 4319 sarmenticios
1815 4271 1867 4318 et

215 4360 513 4423 semaxios,
558 4374 674 4413 non
707 4356 833 4413 sine
864 4369 1162 4411 sarcasmo
1194 4356 1251 4406 et
1280 4352 1550 4407 irrisione
1579 4353 1865 4407 vocabant

216 4449 422 4520 (Idem,
456 4447 727 4519 Apolaget.
761 4462 887 4516 cap.
936 4444 1026 4511 50,
1078 4460 1135 4514 p.
1168 4441 1280 4511 53).
1316 4441 1379 4495 In
1439 4441 1698 4512 antiquis
1730 4458 1863 4497 vero

217 4536 577 4593 editionibus
615 4533 913 4601 semissios,
965 4531 1205 4603 quidam
1258 4534 1452 4585 autem
1502 4529 1615 4601 legi
1661 4529 1866 4586 volunt

1974 3726 2239 3783 ethnicos
2270 3728 2339 3782 ad
2374 3744 2501 3782 eam
2533 3728 2979 3800 amplexandam
3011 3732 3312 3803 traxerint,
3337 3737 3513 3807 atque
3539 3737 3620 3792 ita

1974 3820 2182 3872 auctus
2214 3833 2445 3889 semper
2475 3817 2651 3873 fuerit
2682 3818 2914 3874 illorum
2946 3837 3248 3878 numerus.
3294 3823 3441 3880 Nam
3474 3824 3618 3897 ipsi-

1973 3909 2091 3961 met
2120 3906 2333 3961 ethnici
2358 3906 2572 3977 agnitis
2604 3911 2927 3981 martyrum
2953 3913 3037 3963 tot
3062 3911 3357 3981 tantisque
3389 3914 3617 3969 crucia-

1971 3995 2148 4058 tibus,
2186 3995 2447 4066 miraque
2478 4012 2721 4067 prorsus
2780 3999 3129 4068 constantia,
3186 4004 3310 4054 tum
3361 4002 3616 4072 profecto

1973 4082 2383 4139 alliciebantur
2418 4088 2482 4138 ut
2510 4088 2686 4140 tantm
2718 4084 3080 4141 fortitudinis
3137 4103 3376 4143 causam
3425 4089 3618 4145 curio-

1973 4173 2097 4227 sius
2126 4172 2505 4243 inquirerent,
2566 4189 2750 4244 eaque
2782 4179 3082 4245 comperta
3138 4180 3194 4230 et
3233 4176 3615 4249 deprehensa,

1973 4261 2178 4315 ﬁerent
2206 4260 2540 4316 Christiani.
2567 4262 2744 4317 Nobis
2774 4266 2968 4318 autem
2999 4263 3047 4318 si
3082 4265 3215 4336 quis
3249 4264 3621 4323 nolit-crede-

1974 4350 2120 4416 re,is
2151 4348 2581 4405 Tertullianum
2614 4355 2880 4405 nostrum
2916 4352 3117 4407 audiat
3152 4368 3164 4407 :
3194 4375 3222 4403 «
3257 4354 3622 4427 Quis,inquit

1971 4438 2268 4510 (martyris
2300 4436 2553 4507 alicujus
2586 4440 2902 4495 maximam
2936 4440 2993 4494 in
3016 4443 3326 4498 tormentis
3354 4449 3622 4500 constan-

1971 4527 2112 4582 tiam
2145 4526 2438 4598 intuitus),
2464 4544 2577 4582 non
2610 4528 3096 4600 contemplatione
3125 4533 3253 4602 ejus
3284 4533 3616 4589 concutitur

215 4628 518 4697 semassios,
551 4630 609 4681 et
640 4628 843 4697 postea
872 4622 1010 4677 assis
1040 4636 1143 4693 pro
1174 4620 1323 4689 amis,
1357 4619 1525 4691 quasi
1556 4619 1862 4676 Tertullia-
1894 4604 1939 4668 D
1970 4617 2041 4671 ad
2074 4616 2490 4687 requirendum
2515 4617 2656 4687 quid
2696 4617 2857 4673 intus
2908 4618 2964 4674 in
2999 4636 3059 4674 re
3081 4620 3158 4674 sit
3178 4621 3363 4685 ?Quis
3387 4638 3497 4677 non
3522 4623 3624 4677 ubi

216 4734 327 4772 nus
359 4718 552 4773 dicere
582 4714 832 4771 voluerit
862 4711 1226 4768 Christianos
1258 4709 1545 4764 revinctos
1580 4709 1761 4764 fuisse
1793 4709 1864 4764 ad

217 4808 478 4880 stipitem
512 4806 631 4862 sive
662 4804 863 4878 palum
895 4801 1125 4856 dimidii
1159 4799 1331 4855 assis.
1365 4799 1477 4853 Sed
1510 4815 1624 4869 quo
1656 4796 1868 4853 sensu?

217 4901 363 4950 Num
397 4896 600 4952 eodem
634 4910 748 4966 quo
778 4892 982 4947 asseris
1012 4887 1388 4960 signiﬁcatu?
1422 4887 1533 4942 Sed
1567 4887 1623 4941 id
1656 4904 1866 4957 parum

218 4983 536 5056 probabile.
572 4983 767 5038 Potior
796 4979 998 5053 procul
1030 4978 1209 5033 dubio
1242 4983 1299 5033 et
1338 4977 1593 5049 genuina
1639 4981 1866 5033 nostro-

217 5089 349 5128 rum
384 5077 441 5128 et
470 5072 740 5141 aliorum,
776 5086 891 5125 uno
925 5072 1157 5123 tantum
1191 5072 1429 5137 excepto
1477 5082 1661 5138 eoque
1693 5067 1867 5123 forsi-

216 5168 315 5219 tan
342 5165 638 5232 corrupto,
671 5158 935 5215 omnium
968 5156 1236 5212 codicum
1268 5155 1498 5210 videtur
1525 5155 1865 5211 lectio.Nam

220 5254 468 5326 ipsemet
511 5248 932 5315 Tertullianus,
982 5245 1198 5300 mentis
1250 5261 1367 5299 sua:
1400 5245 1658 5316 optimus
1687 5244 1866 5301 inter-

218 5360 372 5417 pres,
434 5341 802 5399 continenter
863 5335 1092 5409 adjecit,
1178 5357 1207 5386 ‹‹
1269 5334 1407 5406 quia
1473 5333 1545 5389 ad
1604 5333 1865 5405 stipitem

218 5432 445 5489 dimidii
478 5432 601 5487 axis
633 5428 896 5496 revincti,
945 5429 1378 5483 sarmentorum
1412 5423 1638 5481 ambitu
1671 5424 1866 5479 exuri-

217 5541 350 5580 mur
380 5547 407 5574 »
438 5523 644 5596 (Ibid).
680 5521 831 5576 Dixit
858 5521 1055 5591 itaque
1086 5516 1450 5573 Christianos
1497 5515 1565 5571 ad
1603 5514 1865 5587 stipitem

219 5631 320 5671 seu
360 5615 559 5687 palum
620 5612 913 5686 alligatos,
969 5626 1035 5666 ac
1094 5607 1411 5665 sarmentis
1473 5605 1867 5678 undequaque

220 5703 651 5779 circumpositis
703 5702 951 5778 igneque
1007 5699 1295 5771 accensis,
1354 5697 1513 5756 vivos
1573 5696 1863 5755 comburi.

1975 4705 2299 4776 requisivit,
2333 4706 2598 4761 accedit?
2631 4707 2727 4761 ubi
2759 4708 3025 4777 accessit,
3079 4710 3227 4765 mori
3279 4712 3554 4782 exoptat?
3588 4734 3616 4762 ››

1977 4794 2242 4866 (Tertull.
2300 4794 2582 4866 Apotoget,
2642 4812 2767 4867 cap.
2828 4797 2919 4864 50,
2980 4813 3116 4869 pag.
3191 4800 3319 4870 535)
3397 4800 3453 4855 id
3513 4805 3622 4870 est,

1978 4884 2176 4953 agnita
2215 4888 2273 4939 et
2320 4884 2589 4939 confessa
2630 4883 2790 4940 illius
2841 4885 3141 4956 religionis
3191 4888 3452 4959 veritate,
3485 4893 3626 4946 tunc

1977 4977 2211 5045 exeptat
2268 4973 2632 5045 quibuslibet
2687 4973 2868 5029 vitam
2926 4975 3095 5031 finire
3154 4977 3512 5034 cruciatibus
3570 4984 3628 5036 et

1978 5062 2336 5135 suppliciis?
2386 5063 2471 5117 Ad
2505 5062 2815 5134 Scapulam
2847 5080 2979 5120 vero
3018 5065 3137 5121 haec
3198 5083 3432 5139 quoque
3493 5068 3629 5123 fecit

1978 5153 2196 5208 verba:
2233 5174 2261 5201 «
2294 5151 2551 5222 Quisque
2610 5155 2837 5207 tantam
2895 5153 3266 5211 tolerantiam
3328 5159 3623 5227 spectans,

1981 5247 2044 5298 ut
2074 5242 2271 5315 aliquo
2308 5241 2587 5314 scrupulo
2620 5258 2954 5315 percussus,
2990 5248 3047 5299 et
3075 5243 3371 5315 inquirere
3422 5261 3624 5301 accen-
3713 5227 3725 5242 ’

1978 5334 2139 5388 ditur
2169 5333 2312 5404 quid
2332 5331 2409 5388 sit
2439 5332 2497 5387 in
2532 5337 2795 5401 causa,et
2823 5332 2923 5388 ubi
2956 5334 3291 5405 cognoverit
3323 5334 3624 5391 veritatem

1979 5428 2037 5478 et
2067 5422 2191 5495 ipse
2224 5422 2426 5478 statim
2458 5421 2729 5493 sequitur
2786 5443 2806 5470 α
2838 5421 3046 5493 (Idem,
3094 5421 3163 5477 ad
3213 5421 3437 5493 Scapul.
3493 5439 3622 5495 cap.

1979 5514 2050 5586 4).
2085 5512 2292 5569 Omnis
2326 5512 2522 5583 itaque
2552 5511 2922 5566 Christianus
2954 5515 3085 5581 post
3144 5509 3445 5583 religionis
3506 5529 3625 5569 suae

1978 5604 2403 5677 professionem
2435 5617 2669 5658 summo
2694 5600 2855 5655 illius
2876 5601 3284 5657 conservandae
3303 5618 3367 5656 ac
3396 5604 3625 5660 tuendae

1977 5696 2256 5753 incensus
2314 5691 2537 5762 studio,
2609 5712 2638 5741 ‹‹
2716 5695 2981 5763 paratus,
3040 5690 3124 5749 ait
3180 5690 3371 5750 adhuc
3428 5697 3631 5752 auctor
