4158 6348
511 351 667 412 1059

1025 346 1552 411 TERTULLIANI
1595 345 1924 408 OPERUM
1962 345 2167 406 PARS
2209 347 2260 408 Ῑ.
2289 347 2670 408 —SERlES
2712 348 2763 421 Ι,
2807 347 3372 410 APOLOGETICA.

3739 349 3917 410 1060

509 491 722 551 noster,
754 483 824 537 ad
874 497 1046 538 omne
1092 478 1448 552 supplicium
1509 499 1538 529 »
1597 477 1801 550 (Idem,
1859 477 2133 549 Apotogef.
2167 480 2216 546 Α
2246 477 2617 534 tolerantiam
2649 479 2866 536 doloris
2896 482 2953 534 et
2983 479 3187 534 mortis
3220 483 3623 553 contemptum
3675 480 3912 537 hortati

508 591 630 645 cap.
664 572 751 638 30,
784 587 917 643 pag.
950 569 1092 638 445).
1124 567 1279 622 Nihil
1312 568 1492 637 enim,
1522 565 1843 638 inquiebat,
1881 587 1902 616 α
1939 570 2142 621 nostra

505 660 763 718 refertin
798 659 904 714 hoc
951 674 1088 727 aevo,
1151 656 1261 710 nisi
1322 656 1392 710 de
1423 672 1487 710 eo
1544 655 1818 710 excedere
1878 676 1907 704 ››
1969 655 2136 725 (Ibid.

503 767 628 822 cap.
665 749 754 816 41,
799 764 926 818 pag.
987 746 1132 815 480).
1191 745 1298 799 Sed
1365 743 1569 814 majori
1624 759 1924 814 nunquam
1985 744 2133 798 967

502 855 676 910 quam
710 836 892 908 gloria
925 837 994 890 de
1025 834 1124 888 illo
1147 849 1206 889 se
1239 833 1490 905 migrare
1539 832 1926 901 existimabat,
1961 849 2136 904 quam

503 926 779 998 martyrio
812 928 1145 979 coronatus.

571 1016 866 1085 Susceptis
899 1013 1082 1083 igitur
1129 1010 1466 1066 Christiana:
1501 1008 1802 1081 religionis
1861 1029 1888 1058 «
1948 1009 2137 1062 nemi-

501 1120 634 1162 nem
678 1103 852 1175 (sicut
906 1101 1004 1155 ille
1060 1100 1203 1155 scite
1260 1098 1528 1169 advertit)
1581 1099 1782 1170 pudet,
1845 1097 2134 1152 neminem

499 1193 763 1266 paenitet,
791 1189 899 1245 nisi
934 1189 1104 1261 plane
1137 1204 1250 1242 non
1283 1191 1434 1242 retro
1480 1186 1680 1241 fuisse.
1715 1186 1770 1240 Si
1800 1185 2133 1252 denotatur,

502 1281 820 1355 gloriatur;
849 1278 894 1334 si
925 1280 1253 1346 accusatur,
1289 1293 1400 1331 non
1452 1274 1710 1330 defendit
1752 1290 1764 1328 :
1816 1275 2136 1344 interroga-

499 1376 598 1426 tus
627 1369 715 1424 vel
747 1367 899 1424 ultro
938 1366 1248 1422 conﬁtetur
1280 1381 1294 1419 :
1327 1365 1637 1419 damnatus
1686 1362 1906 1435 gratias
1955 1362 2075 1433 agit
2107 1382 2134 1409 »

503 1459 674 1532 (Apol.
707 1474 833 1530 cap.
896 1457 946 1523 1,
1007 1471 1063 1526 p.
1124 1453 1270 1524 269).
1328 1452 1526 1523 Neque
1583 1451 1641 1505 id
1701 1450 1984 1506 audacius
2036 1453 2135 1503 aut

498 1552 716 1603 temere
747 1546 820 1601 ab
851 1543 947 1598 illo
977 1543 1340 1598 vcnditatum
1374 1538 1688 1612 putaveris.
1718 1537 1845 1594 Alio
1875 1538 2032 1593 enim
2073 1537 2134 1592 in

500 1635 649 1691 libro
679 1633 823 1688 illud
855 1632 1045 1688 adhuc
1076 1631 1160 1685 sic
1188 1629 1395 1700 repetit
1430 1645 1444 1685 :
1481 1650 1508 1677 ‹‹
1570 1627 1872 1682 Neminem
1932 1627 2132 1698 pudet,

501 1724 795 1780 neminem
827 1721 1083 1793 pmnitet,
1118 1717 1232 1774 nisi
1265 1717 1663 1789 pristinorum.
1697 1716 1752 1770 Si
1803 1716 2130 1785 denotatur,

500 1812 820 1884 gloriatur;
851 1810 899 1865 si
931 1807 1204 1876 trahitur,
1238 1824 1351 1861 non
1381 1805 1686 1871 subsistit;
1721 1804 1771 1859 si
1801 1808 2132 1868 accusatur,

502 1917 620 1957 non
649 1898 943 1965 defendit;
971 1897 1378 1966 interrogatus,
1411 1894 1718 1949 confitetur
1750 1912 1764 1959 ς
1799 1893 2131 1959 damnatus,

501 1988 720 2060 gratias
742 1987 862 2059 agit
891 2007 920 2035 υ
951 1985 1158 2055 (Idem,
1191 1983 1292 2037 lib.
1328 2000 1345 2037 1
1373 1981 1443 2037 ad
1467 1987 1594 2037 Arat.
1631 1997 1758 2052 cap.
1793 1982 1843 2047 1,
1877 1997 1934 2050 p.
1982 1981 2130 2048 559).

502 2077 804 2133 Neminem
835 2075 1014 2146 igitur
1070 2073 1384 2142 pcenltebat
1413 2085 1476 2125 se
1533 2069 1925 2124 Christianum
1982 2085 2129 2136 esse,

501 2167 602 2220 sed
635 2169 806 2229 retro,
833 2163 954 2218 sive
985 2161 1167 2215 citius'
1185 2167 1242 2215 et
1273 2164 1463 2224 antea,
1497 2175 1612 2213 non
1644 2159 1845 2223 fuisse,
1879 2172 1944 2211 ac
1974 2172 2130 2210 sum-

499 2270 596 2309 mo
629 2253 1006 2324 pristinorum
1049 2248 1418 2315 delictorum,
1467 2247 1524 2300 in
1578 2247 1742 2300 tetris
1791 2243 2130 2299 idololatrias

497 2341 754 2396 tenebris
786 2339 1199 2406 admissorum,
1233 2335 1431 2390 dolore
1459 2334 2132 2389 afticiebatur.Praeterea

495 2432 549 2485 si
575 2431 864 2484 denotatur
895 2427 967 2482 ab
998 2425 1195 2496 aliquo
1244 2439 1306 2478 se
1352 2423 1740 2478 Christianam
1792 2420 2129 2490 religionem

498 2518 781 2590 profiteri,
814 2522 870 2571 et
899 2514 1110 2569 idcirco
1153 2511 1404 2567 trahitur
1453 2512 1522 2566 ad
1559 2511 1828 2581 judicum
1862 2509 2130 2562 tribuna-

498 2606 595 2661 lia.
631 2621 739 2660 non
767 2604 1008 2674 defendit
1060 2618 1073 2655 :
1135 2602 1190 2655 si
1242 2603 1550 2667 accusatur,
1610 2599 1660 2652 si
1720 2598 2130 2667 interrogatur,

498 2711 614 2750 non
646 2693 884 2757 resistit,
918 2707 1033 2745 non
1061 2687 1415 2752 dissimulat,
1447 2703 1559 2742 non
1603 2692 1814 2757 negat;
1843 2685 1946 2740 sed
1981 2683 2130 2739 ultro

499 2787 557 2838 et
607 2782 865 2854 glorians
912 2778 1202 2846 conﬁtetur
1256 2777 1457 2846 (Idem,
1515 2775 1794 2844 Apotoget.
1854 2789 1981 2843 cap.
2041 2773 2129 2840 46,

499 2886 635 2942 pag,
663 2871 792 2938 511)
827 2886 840 2936 ;
891 2883 957 2922 ac
1014 2871 1294 2937 Lycurgo,
1326 2865 1396 2917 de
1427 2880 1541 2934 quo
1600 2879 1703 2917 nos
1745 2866 1944 2932 postea
2001 2875 2134 2916 cum

500 2958 855 3014 Tertulliano
887 2957 1150 3010 dicemus
1183 2951 1384 3023 (Infra,
1417 2968 1542 3022 cap.
1579 2951 1664 3019 14,
1712 2957 1822 3004 art.
1853 2950 1932 3019 3),
1963 2948 2133 3017 longe

501 3049 725 3112 fortior,
757 3047 1049 3101 damnatus
1076 3043 1285 3110 gratias
1311 3041 1442 3111 agit.
1477 3040 1838 3108 Quapropter
1866 3038 2132 3108 Apotoge-

497 3137 603 3191 tico
632 3151 738 3189 suo
771 3134 944 3187 finem
970 3131 1060 3185 his
1083 3129 1274 3186 verbis
1302 3127 1552 3197 imponit
1583 3144 1595 3181 :
1624 3127 1917 3181 Sententiis
1946 3127 2133 3179 vestris

2249 571 2406 633 sunt,
2435 567 2769 640 eloquentia
2797 568 2966 641 longe
2999 569 3312 640 superavit.
3355 573 3499 625 Nam
3527 569 3914 642 eloquentior

2250 655 2358 710 fuit
2389 657 2660 713 Cicerone
2691 660 2749 712 in
2784 658 3134 725 Tusculanis,
3170 657 3325 713 sicut
3354 658 3437 713 ait
3492 657 3909 716 Tertullianus

2250 745 2539 816 (.tpotoget.
2572 746 2680 802 loc.
2716 747 2858 818 cit.).
2894 747 3111 801 Harum
3145 751 3342 803 autem
3396 747 3791 818 quaestionum
3827 749 3904 802 lio

2248 833 2351 888 ber
2379 856 2407 884 «
2442 835 2667 906 primus
2689 836 2777 907 (ut
2805 835 3070 906 ejusdem
3101 835 3395 891 Ciceronis
3415 835 3606 892 verbis
3627 838 3903 909 utamur)

2247 923 2317 977 de
2368 925 2796 978 contemnenda
2862 927 3068 992 morte,
3121 925 3415 979 secundus
3465 925 3536 980 de
3583 923 3904 980 tolerando

2247 1011 2462 1082 dolore,
2493 1013 2564 1067 de
2595 1013 2940 1085 aegritudine
2971 1011 3242 1068 lenienda
3271 1013 3502 1079 tertius,
3539 1021 3792 1085 quartus
3825 1014 3902 1069 de

2245 1101 2487 1172 reliquis
2534 1101 2713 1156 animi
2765 1101 3296 1173 pertubationibus,
3348 1103 3664 1173 quintus...
3718 1103 3898 1158 docet

2245 1189 2313 1244 ad
2347 1189 2511 1244 beate
2558 1190 2870 1245 vivendum
2928 1189 3080 1245 908
3137 1190 3414 1245 virtutem
3475 1205 3536 1245 se
3580 1190 3714 1262 ipsa
3762 1207 3903 1246 esse

2244 1281 2576 1333 contentam
2611 1300 2638 1327 »
2668 1278 2870 1346 (Cicer.
2905 1277 3006 1334 lib.
3037 1295 3074 1334 ιι
3109 1279 3176 1333 de
3206 1279 3412 1346 Divin.,
3445 1293 3580 1351 pag.
3613 1279 3744 1350 248,
3779 1279 3895 1333 lin.

2246 1367 2310 1420 14
2333 1369 2390 1420 et
2420 1366 2630 1437 seqq.).
2667 1367 2994 1421 Fecundior
3019 1367 3196 1422 etiam
3227 1365 3324 1421 ille
3364 1372 3683 1440 martyrum
3746 1384 3899 1423 san-

2243 1454 2376 1526 guis
2409 1455 2517 1508 fuit
2556 1459 2771 1510 Seneca
2801 1455 2860 1510 in
2891 1456 3179 1525 Fortuitis,
3231 1471 3354 1526 quas
3401 1454 3540 1510 alibi
3589 1456 3907 1528 deperdita

2242 1543 2548 1614 (Dissertat.
2581 1544 2640 1597 in
2670 1547 2916 1598 Lactant.
2953 1559 3078 1614 cap.
3110 1544 3194 1613 10,
3231 1548 3339 1598 art.
3371 1543 3451 1615 3),
3485 1547 3542 1598 et
3571 1560 3607 1598 a
3636 1542 3901 1599 Lactan-

2243 1631 2324 1686 tio
2352 1632 2530 1687 citata
2558 1631 3076 1686 animadvertimus
3127 1631 3279 1703 (Lib.
3329 1648 3363 1686 v
3413 1632 3591 1687 divin.
3640 1633 3896 1688 Institut.

2242 1735 2368 1790 cap.
2401 1719 2512 1790 14).
2549 1724 2606 1774 In
2641 1719 2750 1775 hoc
2781 1724 2974 1774 autem
3009 1719 3157 1774 libro
3189 1721 3259 1775 de
3302 1725 3641 1792 contemptu
3676 1721 3896 1777 mortis

2241 1809 2942 1879 disputaverat.Disertior
2961 1825 3194 1880 quoque
3223 1809 3331 1863 fuit
3354 1808 3449 1865 ille
3482 1809 3726 1882 sanguis
3756 1810 3894 1865 Dio-

2241 1913 2407 1968 gene,
2440 1895 2594 1951 haud
2631 1897 2804 1951 dubie
2834 1895 3063 1968 Cynico,
3123 1913 3295 1968 quem
3362 1897 3610 1969 ipsemet
3658 1897 3897 1953 Tertul-

2241 1985 2435 2039 lianus
2464 1984 2576 2040 alio
2610 1985 2667 2039 in
2701 1984 2847 2040 libro
2878 1984 2970 2040 his
3001 1985 3194 2040 verbis
3225 1985 3538 2056 designat:
3575 2007 3603 2035 ‹‹
3636 1985 3895 2042 Affeota-

2240 2076 2320 2128 tio
2351 2073 2604 2128 humana
2635 2073 2854 2128 caninae
2885 2073 3344 2144 aequanimitatis
3371 2077 3609 2146 stupore
3638 2074 3899 2131 formata

2241 2161 2510 2233 (Tertull.
2557 2162 2622 2216 de
2676 2165 2896 2217 Patient
2967 2178 3094 2232 cap.
3154 2163 3230 2232 2).
3293 2162 3392 2216 llle
3449 2167 3667 2230 autem,
3734 2168 3897 2220 teste

2244 2251 2482 2313 Laertio,
2539 2251 2611 2305 ad
2660 2250 2927 2304 laborum
2975 2248 3342 2304 tolerantiam
3393 2266 3457 2304 se
3499 2250 3696 2321 ipsum
3729 2252 3894 2306 omni

2240 2354 2310 2394 ex
2337 2343 2497 2408 parte
2526 2338 2880 2401 excercebat,
2933 2338 3284 2408 scripsitque
3315 2337 3530 2392 librum
3571 2339 3643 2392 de
3675 2344 3892 2402 morte,

2243 2441 2357 2496 quo
2389 2427 2459 2479 ad
2491 2441 2618 2480 eam
2651 2426 2935 2497 patienter
2965 2425 3262 2480 ferendam
3294 2426 3440 2480 alios
3473 2426 3672 2498 procul
3706 2427 3892 2482 dubio

2240 2513 2510 2569 hortatur
2552 2514 2761 2583 (Laert.
2821 2513 2922 2567 lib.
2992 2529 3070 2580 v1,
3128 2517 3187 2568 in
3252 2515 3348 2569 Vit.
3412 2515 3798 2583 Diogen.§23
3833 2521 3894 2570 et

2240 2604 2351 2672 80).
2387 2603 2465 2658 Ad
2500 2602 2621 2658 haec
2650 2618 2804 2662 vero.
2835 2601 2992 2656 idem
3026 2607 3345 2674 martyrum
3378 2603 3620 2674 sanguis
3646 2619 3894 2659 summa

2240 2689 2548 2760 eloquendi
2580 2690 2854 2745 facultate
2884 2689 3023 2744 vicit
3051 2690 3430 2760 Pyrrhonem,
3470 2691 3568 2760 qui
3617 2692 3888 2761 quidem,

2240 2784 2304 2834 ut
2336 2783 2500 2832 notat
2527 2779 2788 2833 Stobaeus
2818 2778 3018 2848 (serm.
3054 2778 3176 2847 120,
3210 2794 3343 2850 pag.
3401 2779 3573 2848 606)),
3635 2781 3893 2835 docebat

2242 2866 2388 2921 nihil
2418 2866 2701 2920 interesse
2730 2865 2882 2920 inter
2909 2867 3087 2920 vitam
3119 2869 3177 2920 et
3209 2871 3479 2921 mortem.
3535 2869 3610 2922 De
3657 2867 3757 2922 illo
3788 2884 3894 2922 au-

2241 2953 2554 3026 templura
2587 2955 2849 3009 Laertius
2881 2953 3005 3025 (lib.
3041 2971 3120 3017 1x,
3152 2955 3210 3008 in
3266 2956 3366 3008 Vit.
3425 2955 3728 3026 Pyrrham,
3759 2958 3786 3024 §
3818 2957 3888 3010 91

2241 3057 2299 3098 et
2329 3059 2491 3114 seqq.
2545 3043 2808 3114 Denique
2855 3042 3162 3114 sanguinis
3203 3041 3382 3111 hujus
3433 3046 3622 3112 major
3653 3044 3766 3098 fuit
3799 3045 3891 3098 fa-

2248 3133 2484 3197 cundia,
2517 3147 2691 3201 quam
2726 3132 3006 3194 Cattinici,
3035 3129 3306 3186 videlicet
3354 3133 3626 3200 Suctorii,
3651 3135 3722 3186 ab
3755 3132 3894 3188 Hie-

497 3223 734 3287 ethnici,
795 3221 1003 3290 gratias
1065 3220 1300 3287 agimus.
1357 3215 1472 3270 Cur
1531 3215 1722 3286 ergo?
1780 3215 1923 3279 Quia
1996 3203 2203 3269 cumC
2243 3236 2484 3292 ronymo
2542 3218 2702 3274 citati
2756 3220 3080 3290 (Protegom.
3142 3221 3199 3273 in
3250 3219 3465 3276 Daniel.
3516 3236 3648 3291 pag.
3700 3221 3890 3290 1073),

497 3312 831 3367 damnamur
859 3326 893 3363 a
916 3309 1085 3375 vobis,
1116 3323 1150 3360 a
1178 3306 1281 3360 Deo
1319 3305 1652 3359 absolvimur
1683 3301 1943 3373 (Tertull.
2000 3305 2135 3368 Apo-

501 3402 658 3470 toget.
690 3415 816 3470 cap.
848 3398 939 3462 50,
967 3411 1098 3466 pag.
1130 3393 1568 3464 536).Eumdem
1603 3390 1771 3461 plane
1796 3390 1855 3444 in
1891 3392 2132 3445 modum

503 3488 739 3553 Lucius,
768 3492 916 3541 teste
946 3489 1146 3539 sancto
1174 3482 1424 3544 Justino,
1472 3482 1688 3550 gratias
1745 3478 1974 3543 Urbico,
2031 3476 2134 3547 qui

500 3577 668 3630 illum
724 3574 1231 3634 condemnaverat,
1289 3569 1534 3624 retulit:
1595 3567 1655 3623 Ὁ
1713 3563 1770 3619 δὲ
1825 3565 1913 3619 καὶ
1971 3564 2132 3639 χάριν

493 3660 688 3718 εἰδάναι
745 3659 1024 3733 ὡμολόγει
1082 3661 1334 3731 πονηρῶν
1399 3652 1670 3709 δεσποτῶν
1727 3659 1834 3708 τῶν
1866 3652 2126 3707 τοιούτων

496 3750 890 3824 ἀπηλλάχθαι,
956 3745 1237 3820 γινώσκων
1297 3743 1386 3798 καὶ
1443 3744 1578 3817 πρὸς
1632 3743 1723 3798 τὸν
1783 3742 1992 3811 lla-ripa
2039 3740 2127 3794 καὶ

499 3837 726 3915 βασιλέα
778 3842 884 3892 τῶν
946 3834 1183 3909 οὐρανῶν
1267 3832 1607 3907 πορεύεσθαι.
1671 3833 1737 3887 Et
1791 3831 2007 3902 quidem
2071 3847 2128 3884 se

491 3932 732 4002 gratiam
788 3927 890 3981 itte
934 3925 1125 3980 debere
1170 3925 1446 3994 professus
1499 3929 1623 3976 est:
1654 3937 1688 3975 α
1719 3921 1878 3975 malis
1933 3919 2130 3990 quippe

491 4019 725 4074 dominis
753 4033 810 4071 se
849 4017 1100 4082 liberari,
1148 4017 1200 4068 et
1227 4011 1301 4066 ad
1333 4016 1505 4066 Deum
1563 4015 1788 4065 Patrem
1841 4013 1894 4064 et
1944 4024 2128 4076 regem

493 4111 756 4164 castorum
805 4104 1048 4159 transire
1094 4101 1333 4171 (Justin.
1385 4100 1612 4169 Apotog.
1663 4115 1723 4163 ιι,
1771 4097 1845 4152 ad
1891 4098 2124 4168 Senat.).

493 4196 599 4250 Sed
631 4194 710 4262 id,
769 4193 819 4248 si
877 4207 1113 4246 necesse
1163 4193 1338 4254 esset,
1399 4187 1649 4242 infinitis
1709 4187 2126 4258 propemodum

494 4281 775 4352 exemplis
806 4279 976 4335 facile
1007 4282 1203 4348 posset
1231 4276 1619 4346 comprobari.

565 4389 689 4444 Non
723 4387 936 4442 mirum
993 4385 1210 4453 itaque,
1246 4381 1294 4437 si
1352 4397 1467 4452 quo
1527 4379 1732 4450 majori
1788 4381 2128 4436 crudelitate

493 4477 710 4533 ethnici
739 4473 1102 4531 Christianos
1141 4469 1331 4542 gladio
1363 4470 1748 4535 demetebant,
1807 4485 1873 4524 eo
1930 4468 2126 4540 plures

2243 3309 2343 3380 qui
2375 3325 2490 3363 non
2521 3307 2711 3362 solum
2735 3307 3069 3375 historicus,
3098 3308 3199 3362 sed
3247 3309 3512 3379 sophista
3536 3313 3714 3364 etiam
3750 3310 3889 3365 fuit.

2240 3398 2447 3452 Varias
2489 3402 2686 3450 autem
2737 3395 2921 3450 edidit
2965 3395 3489 3451 commentationes
3539 3415 3572 3452 a
3621 3397 3803 3451 Suida
3830 3405 3891 3452 et

2240 3483 2755 3543 Vossiointlicatas
2813 3483 3002 3554 (Suid.
3061 3484 3132 3538 ad
3168 3501 3220 3538 v.
3280 3481 3652 3552 Καλλίνικος;
3715 3486 3884 3543 Voss.

2239 3573 2342 3628 lib.
2370 3589 2410 3628 ιι
2439 3571 2505 3626 de
2535 3574 2740 3627 Hister.
2775 3571 2942 3627 Grzc.
2973 3589 3102 3642 cap.
3166 3572 3255 3641 13,
3305 3589 3437 3644 pag.
3488 3574 3639 3644 225),
3699 3573 3881 3629 alias-

2238 3678 2352 3731 que
2383 3660 2597 3732 plures.
2630 3665 2705 3713 At
2742 3676 2918 3715 unam
2977 3677 3046 3714 ex
3080 3660 3151 3715 iis
3209 3661 3367 3715 haud
3425 3661 3601 3716 dubie
3659 3661 3889 3733 legerat

2235 3747 2762 3816 Tertullianus,ubi
2793 3748 2863 3802 de
2885 3748 3166 3818 patientia
3187 3754 3244 3804 et
3273 3749 3702 3804 contemnenda
3727 3767 3883 3804 mor-

2236 3843 2293 3894 te
2322 3837 2622 3892 disseruit.

2305 3957 2556 4030 Sanguis
2600 3957 2783 4029 igitur
2829 3962 3150 4030 martyrum
3203 3961 3485 4030 majorem
3518 3962 3588 4015 ad
3639 3977 3886 4032 persua-

2236 4047 2491 4102 dendum
2521 4047 2636 4101 vim
2669 4045 3076 4118 habuit,quam
3103 4047 3226 4103 ulla
3254 4048 3464 4104 horum
3499 4050 3875 4122 aliorumque

2235 4134 2596 4191 ethnicorum
2619 4134 3374 4207 quorumlibetscriptorum
3391 4137 3884 4209 eloquentissima

2235 4223 2438 4280 oratio.
2465 4226 2662 4294 Neque
2690 4221 2746 4276 id
2779 4223 3139 4279 Tertulliano
3171 4224 3279 4279 fuit
3331 4227 3576 4297 probatu
3616 4228 3876 4298 difficile,

2236 4312 2336 4369 sed
2387 4311 2552 4368 obvio
2597 4311 2871 4367 omnibus
2919 4317 2976 4368 et
3039 4312 3425 4372 invictissime
3474 4315 3652 4372 hocce
3700 4333 3877 4389 argu-

2238 4405 2476 4456 mento:
2537 4422 2565 4451 ‹‹
2612 4401 2738 4456 Non
2784 4404 3000 4467 tantos,
3053 4401 3268 4474 inquit,
3316 4403 3623 4460 inveniunt
3673 4405 3879 4460 borum

2236 4491 2412 4546 verba
2461 4489 2804 4561 discipulos,
2854 4494 3105 4560 quantos
3152 4491 3470 4547 Christiani
3521 4493 3711 4564 factis,
3772 4493 3885 4548 hoc

493 4581 563 4621 ex
591 4579 790 4620 eorum
822 4560 1128 4632 sanguine,
1187 4558 1351 4629 quasi
1412 4558 1825 4613 fecundissimo
1883 4559 2128 4624 semine,

2242 4583 2349 4644 est,
2381 4579 2562 4633 effuso
2592 4558 2888 4649 sanguine
2911 4595 3040 4643 suo,
3073 4580 3328 4635 docendo
3363 4601 3389 4628 ››
3421 4558 3709 4648 (Τθτιυιιξ
3748 4586 3890 4648 Apo-

494 4653 850 4708 oriebantur.
879 4649 983 4704 Sed
1018 4648 1174 4711 audi,
1207 4648 1469 4715 obsecro,
1516 4651 1807 4702 auctorem
1861 4653 2127 4702 nostrum

496 4743 595 4812 qui
629 4740 787 4794 hisce
815 4737 1071 4793 todidem
1129 4735 1324 4790 verbis
1377 4735 1661 4804 ipsosmet
1689 4735 1953 4790 ethnicos
1983 4734 2130 4789 allo-

495 4830 697 4900 quitur
727 4845 740 4882 :
781 4848 807 4879 α
837 4827 950 4880 Nec
982 4824 1298 4895 quidquam
1335 4823 1562 4892 proﬁcit
1592 4823 1936 4894 exquisitior
1975 4841 2128 4892 quaa-

496 4933 608 4988 que
632 4914 947 4970 crudelitas
976 4916 1186 4975 vestra,
1217 4910 1489 4964 illecebra
1544 4916 1634 4964 est
1689 4912 1876 4981 magis
1936 4916 2123 4966 sectae.

496 5004 697 5062 Plures
725 5001 1032 5064 efficimur,
1064 4998 1288 5071 quoties
1333 4999 1609 5052 metimur
1638 5015 1672 5053 a
1703 4999 1886 5054 vobis.
1920 4999 2129 5054 Semen

496 5098 587 5150 est
627 5091 869 5164 sanguis
927 5089 1392 5144 Christianorum
1452 5107 1480 5135 »
1537 5087 1796 5156 (Tertull.
1856 5088 2125 5157 Apotoget.

496 5199 622 5254 cap.
655 5182 745 5250 50,
804 5195 934 5252 pag.
993 5177 1140 5247 535).
1199 5174 1352 5228 Alibi
1408 5190 1584 5229 vero:
1622 5195 1650 5222 «
1708 5174 1822 5229 Nec
1879 5175 2127 5241 deficiet,

495 5271 707 5342 inquit,
740 5269 860 5324 hac
890 5271 1066 5335 secta,
1100 5280 1273 5337 quam
1304 5267 1444 5317 tunc
1475 5262 1745 5316 :edificari
1775 5263 1949 5331 scias,
1997 5280 2129 5319 cum

495 5361 635 5416 caedi
668 5358 894 5414 videtur
923 5378 950 5406 »
985 5356 1193 5424 (Idem,
1215 5352 1284 5407 ad
1305 5351 1529 5421 Scaput.
1561 5352 1623 5404 in
1651 5352 1797 5419 ﬁn.).

565 5464 712 5531 Quin
744 5464 920 5518 etiam
952 5462 1002 5516 is
1032 5461 1156 5547 igse
1188 5465 1508 5528 martyrum
1542 5455 1807 5528 sanguis,
1850 5461 1967 5512 tam
1998 5458 2130 5513 forti

493 5553 902 5623 constantique
934 5549 1128 5606 animo
1158 5548 1400 5614 effusus,
1433 5561 1634 5600 omnes
1666 5561 1907 5617 prorsus
1942 5549 2128 5619 genti-
2155 5585 2158 5590 .

493 5641 580 5698 les
609 5640 728 5696 sive
759 5636 1160 5711 philosOphos,
1202 5635 1321 5692 sive
1354 5633 1522 5704 alios,
1581 5634 1676 5706 qui
1735 5635 2022 5704 quosdam
2053 5638 2126 5694 ad

2241 4668 2404 4739 toget.
2457 4681 2583 4736 cap.
2629 4666 2720 4731 50,
2776 4682 2905 4736 pag.
2954 4667 3100 4736 535).
3181 4670 3478 4733 Quantum
3537 4668 3693 4723 enim
3754 4669 3888 4739 ipso

2240 4753 2585 4810 Tertulliani
2609 4757 2869 4824 tempore
2900 4754 3273 4826 multiplicati
3296 4755 3514 4811 fuerint
3563 4756 3887 4812 Christiani

2231 4844 2355 4913 jam
2389 4842 2776 4896 ostendimus.
2814 4847 2884 4895 At
2930 4859 3062 4898 vero
3093 4843 3199 4898 illa
3229 4846 3368 4915 ipsa,
3416 4844 3498 4898 ita
3538 4844 3636 4900 ille
3669 4845 3894 4900 affatur

2238 4930 3027 5003 gentiles,obstinatio,quam
3060 4933 3431 5004 exprobratis,
3481 4935 3753 5004 magistra
3801 4944 3894 4990 est

2239 5019 2422 5092 (lbid.)
2453 5017 2682 5074 Plinius
2713 5019 2868 5074 enim
2918 5022 3240 5087 Secundus,
3273 5021 3345 5076 ab
3379 5021 3476 5077 illo
3519 5021 3683 5092 prius
3735 5023 3891 5078 cita-

2238 5113 2337 5164 tus
2367 5105 2523 5178 (Ibid.
2558 5123 2683 5178 cap.
2715 5107 2770 5176 2,
2820 5124 2952 5179 pag.
2997 5109 3148 5180 271),
3195 5109 3304 5164 hoo
3351 5109 3750 5166 obstinationis
3780 5127 3894 5168 no-

2240 5196 2396 5252 mine
2426 5195 2610 5250 utitur
2638 5195 2695 5248 in
2727 5212 2835 5250 sua
2865 5197 2936 5251 ad
2968 5198 3285 5268 Trajanum
3318 5197 3730 5271 imperatorem
3763 5202 3898 5273 epi-

2240 5284 2409 5341 stola.
2461 5301 2576 5355 qua
2628 5281 2714 5336 illi
2784 5285 3022 5356 scripsit
3077 5303 3090 5340 :
3143 5303 3204 5342 se
3256 5287 3404 5342 nihil
3461 5288 3764 5343 invenisse
3823 5289 3896 5345 in

2239 5371 2604 5438 Christianis,
2634 5381 2838 5443 praeter
2879 5375 3308 5431 obstinationem
3356 5392 3468 5432 non
3524 5378 3902 5448 sacriﬁcandi

2241 5461 2402 5519 falsis
2453 5459 2686 5515 illorum
2741 5462 2877 5518 diis.
2941 5464 3088 5519 Tum
3157 5465 3367 5520 deinde
3417 5465 3538 5521 haec
3603 5467 3823 5536 adjecit
3880 5487 3897 5525 :

2239 5572 2267 5602 «
2302 5549 2500 5620 Neque
2531 5547 3334 5626 dubitabam,qualecumque
3363 5559 3519 5612 esset
3549 5556 3702 5628 quod
3737 5555 3897 5612 fate-

2238 5643 2462 5704 rentur,
2495 5637 2877 5708 pervicaciam
2909 5646 3063 5700 certe
3094 5645 3150 5699 et
3178 5643 3557 5703 inﬂexibilem
3608 5644 3898 5703 obstina-
