4158 6330
318 287 468 350 1061

318 526 449 582 pag.
482 510 628 581 374).
663 511 893 567 Ethnici
927 512 1124 586 itaque
1172 516 1559 587 pervicaciam
1592 524 1651 576 et
1682 521 1966 577 inflexibi-

316 600 432 655 lem
481 599 933 657 obstinationem
975 603 1352 675 appellabant
1385 606 1533 663 banc
1568 608 1967 668 invincibilem

319 687 781 745 Christianorum
814 694 1226 761 constantiam,
1253 711 1369 767 qua
1400 697 1559 751 omni
1591 699 1966 756 cruciatuum

320 780 862 850 tormentorumque
891 796 1101 853 genere
1140 785 1539 841 excarnificari
1572 788 1969 861 trucidarique

321 866 638 937 malebant,
670 885 845 939 quam
891 870 977 925 vel
1028 872 1341 928 minimum
1390 874 1502 929 diis
1556 876 1778 932 {ictitiis
1831 879 1967 934 dare

316 970 567 1026 granum
622 958 833 1029 thuris,
868 960 954 1015 vel
1008 960 1351 1034 religionem
1402 981 1569 1019 suam
1622 982 1829 1035 negare
1869 971 1969 1023 aut

316 1044 710 1103 dissimulare.
772 1050 850 1103 Ea
928 1048 1108 1121 igitur
1167 1051 1433 1107 miranda
1488 1070 1727 1125 prorsus
1784 1056 1965 1111 animi

318 1133 592 1190 fortitudo
620 1137 899 1209 magistra
929 1140 1070 1208 erat,
1096 1156 1222 1211 quin
1246 1140 1496 1198 ethnicis
1531 1143 1700 1214 plane
1730 1161 1968 1216 persua-

316 1223 489 1278 debat
518 1241 712 1281 veram
744 1243 870 1283 esse
901 1227 1083 1283 solam
1118 1233 1380 1285 nostram
1413 1230 1775 1304 religionem.

830 1370 984 1426 969
1015 1387 1332 1429 ABTICULUS
1371 1390 1458 1429 In.

319 1474 599 1553 Quomodo
648 1475 1038 1553 Tertullianus
1082 1480 1303 1547 refellat
1358 1482 1599 1537 ethnicos
1652 1483 1965 1553 objicientes

389 1548 666 1623 iniustam
694 1563 808 1602 esse
837 1548 1275 1604 Christianorum
1304 1568 1341 1605 a
1378 1568 1435 1607 se
1480 1548 1803 1609 uexatorum
1833 1569 1964 1623 que-

389 1620 709 1691 rimonium,
743 1623 942 1691 quippe
989 1624 1085 1691 qui
1141 1622 1211 1675 art
1269 1628 1537 1679 tormenta
1593 1642 1657 1679 ac
1712 1620 1962 1691 mortem,

388 1707 574 1762 quam,
598 1690 1251 1767 dissimulatajeligione
1278 1711 1401 1767 sua,
1424 1696 1667 1751 deuitare
1693 1690 1960 1767 poterant,

389 1767 576 1835 sponte
604 1771 905 1827 currentes,
939 1764 1050 1819 dici
1070 1766 1253 1835 potius
1299 1766 1570 1821 debebant
1608 1764 1883 1822 detinentes
1914 1764 1963 1821 et

424 1842 663 1901 esperatz
685 1850 704 1894 .°
732 1851 799 1888 ac
827 1817 930 1904 quo
948 1817 1093 1903 jurer
1109 1817 1255 1891 hune
1281 1817 1967 1894 ei'i'rébiiziioiééiii‘étéitéi
1999 1817 2042 1880 Β

390 1906 882 1979 exemptisMultii,
913 1908 1267 1977 Empedoctis,
1295 1910 1543 1974 Didonis,
1570 1912 1780 1979 Reguli,
1814 1913 1964 1965 Ana-

386 1978 606 2043 xarchi,
640 1978 924 2050 Laconum,
939 1995 1258 2050 puerorum,
1288 1983 1493 2038 Attica:
1523 1978 1793 2050 mulieris,
1821 1982 1965 2037 Cleo-

382 2056 567 2119 patra:
594 2054 644 2104 et
671 2050 862 2104 uxoris
890 2049 1237 2107 Asdrubalis.

387 2173 615 2228 Ethnici
642 2178 705 2227 ut
723 2173 1043 2230 immanem
1067 2179 1124 2229 et
1146 2175 1497 2231 horrendam
1524 2193 1693 2231 suam
1718 2176 1780 2232 in
1801 2176 1965 2232 Chri-

317 2263 538 2317 stianos
571 2263 977 2318 crudelitatem
1011 2280 1239 2334 quoquo
1271 2266 1442 2320 modo
1472 2271 1838 2335 excusarent,
1872 2282 1964 2321 re-

316 2350 687 2422 spondebant
716 2350 789 2406 iis
820 2351 1009 2421 perire
1040 2351 1367 2408 volentibus
1417 2352 1639 2409 nullam
1690 2354 1813 2409 ﬁeri
1872 2354 1966 2409 in-

309 2439 574 2509 juriam;
610 2440 728 2493 imo
776 2455 908 2494 vero
956 2441 1167 2496 debere
1218 2458 1317 2497 eos
1369 2442 1628 2513 diligere,
1663 2459 1764 2514 per
1793 2460 1965 2515 quos,

320 2544 499 2598 quam
548 2527 821 2582 volebant
873 2530 1293 2601 optabantque,
1347 2536 1591 2586 mortem
1644 2548 1964 2604 conseque-

318 2618 553 2671 bantur.
586 2616 694 2670 Sed
736 2615 1133 2673 Tertullianus
1166 2619 1425 2674 ostendit
1455 2619 1689 2675 inanem
1722 2638 1965 2692 prorsus

318 2703 665 2774 [utilemque
696 2720 823 2759 esse
848 2705 999 2760 hanc
1030 2706 1493 2777 responsionem.
1542 2710 1588 2762 A
1618 2708 1964 2764 Christianis

316 2793 610 2864 siquidem
643 2791 1023 2862 postulabant
1050 2795 1319 2866 gentiles,
1345 2799 1407 2849 ut
1435 2797 1615 2851 falsos
1648 2797 1785 2852 deos
1815 2796 1961 2851 cole-

316 2887 762 2950 rent,suumque
786 2888 1064 2951 negarent
1085 2882 1277 2937 solum
1300 2892 1356 2937 et
1378 2900 1575 2939 verum
1601 2900 1729 2939 esse
1758 2890 1960 2940 Deum.

312 2974 385 3025 At
414 2970 559 3024 illud
591 2970 826 3041 quidem
860 2971 917 3023 in
953 2976 1235 3042 potestate
1274 2972 1532 3043 ipsorum
1569 2990 1634 3027 ac
1666 2974 1966 3029 voluntate

314 3059 567 3130 positum
618 3059 1098 3114 constantissime
1145 3062 1516 3127 recusabant,
1551 3061 1965 3132 malebantque

313 3147 603 3212 damnari,
635 3163 812 3216 quam
845 3165 877 3202 a
906 3152 1020 3203 Deo
1053 3149 1303 3204 excidere
1353 3149 1623 3245 (Tertull.
1683 3151 1961 3219 Apologet.
1996 3181 2039 3245 ρ

318 3252 445 3307 cap.
480 3236 568 3304 49,
602 3252 731 3306 pag.
762 3236 915 3307 528),
958 3236 1018 3291 id
1076 3242 1186 3304 est,
1248 3253 1412 3302 cuma
1444 3236 1768 3293 reluctante
1829 3255 1966 3293 con-

322 3324 569 3379 scientia
598 3324 783 3379 Deum
816 3325 1101 3396 negando,
1149 3342 1181 3380 a
1210 3325 1407 3379 divina
1437 3326 1565 3395 ejus
1595 3327 1781 3397 gratia
1811 3326 1969 3382 exci-

322 3414 479 3481 dere,
514 3429 577 3468 ac
635 3413 822 3484 pcenis
872 3413 1031 3469 brevi
1078 3413 1371 3480 ﬁniendis,
1404 3418 1461 3469 et
1490 3430 1723 3470 summo
1755 3414 1971 3471 scelere

322 3501 652 3569 declinatis,
688 3503 894 3557 merito
925 3501 1181 3557 incidere
1206 3502 1265 3557 in
1298 3511 1562 3557 aeternas.

393 3591 611 3647 Invicto
642 3590 825 3662 igitur
863 3590 1162 3662 alacrique
1201 3591 1396 3646 animo
1448 3593 1564 3662 pati
1617 3590 1786 3662 plane
1816 3592 1971 3647 vole-

325 3680 483 3749 bant,
506 3696 696 3734 verum
725 3695 784 3734 eo
813 3696 985 3749 more,
1011 3680 1093 3735 ait
1110 3679 1530 3746 Tertullianus,
1560 3695 1663 3750 quo
1693 3686 1744 3734 et
1773 3681 1975 3735 bellum

319 3767 476 3822 miles
508 3767 713 3839 (lbid.).
745 3769 828 3822 ita
857 3767 1012 3822 enim
1045 3769 1105 3822 in
1137 3767 1413 3823 omnibus
1442 3766 1679 3822 ineditis
1712 3770 1769 3822 et
1798 3767 1973 3823 editis

321 3855 625 3911 codicibus
674 3860 808 3910 ante
859 3855 1202 3927 Rigaltium,
1238 3856 1341 3928 qui
1374 3855 1544 3911 solita
1573 3855 1807 3911 licentia
1836 3857 1975 3911 ulti-

320 3960 486 3998 mum
519 3960 731 3999 nomen
773 3944 931 3999 miles
979 3943 1214 4015 penitus
1263 3942 1526 3999 abstulit.
1580 3944 1693 3998 Sed
1726 3944 1979 4016 ipsemet

321 4031 580 4088 auctoris
610 4032 828 4087 nostris
851 4033 1035 4087 oratio
1067 4030 1209 4087 illud
1235 4030 1534 4103 postulare
1558 4032 1797 4088 omnino
1818 4032 1977 4089 vide-

321 4127 437 4176 tur.
495 4121 911 4177 Sanctissimos
977 4120 1274 4176 enimvero
1359 4124 1648 4192 martyres
1722 4126 1979 4187 nostros,

322 4214 454 4266 ante
477 4215 859 4283 tyrannorum
890 4208 1211 4265 tribunalia
1266 4209 1339 4264 de
1386 4208 1673 4280 religione
1721 4226 1830 4265 sua
1858 4227 1979 4266 cer-

322 4304 536 4370 tantes,
587 4315 719 4355 eum
771 4299 902 4355 aliis
950 4298 1252 4371 componit
1302 4297 1614 4367 militibus,
1650 4297 1751 4368 qui
1782 4304 1981 4371 aperto

322 4393 529 4458 marte,
564 4406 862 4462 manuque
904 4392 1195 4458 conserta,
1246 4404 1381 4443 cum
1432 4385 1763 4459 reipublicae
1797 4387 1981 4443 hosti-

321 4479 434 4535 bus
467 4478 753 4535 dimicant
808 4478 1012 4551 (Ibid.).
1064 4478 1339 4535 Praelium
1369 4475 1690 4548 siquidem,
1723 4477 1828 4545 ait,
1862 4476 1980 4544 ille,

1225 296 1302 357 D.
1347 295 1447 357 LE
1490 298 1822 364 NOURRY
1863 303 2521 375 OBSERVATIONES
2562 316 2852 381 NOV/ES

313 420 534 476 tionem
566 421 777 479 debere
812 423 1006 496 puniri
1048 447 1075 475 »
1128 426 1298 499 (Plin.
1352 427 1454 484 lib.
1510 447 1565 500 x,
1620 432 1795 505 epist.
1847 435 1971 507 101,
2002 442 2054 508 Α

2087 438 2353 539 ρνοῆιὶυω
2382 446 2554 539 quod
2584 448 2875 539 declinare
2923 456 3181 530 amplius
3212 479 3328 521 non
3361 458 3578 539 potest,
3610 486 3733 529 non

2082 529 2255 584 modo
2311 532 2465 603 velit,
2523 538 2622 592 sed
2678 546 2835 597 amet
2910 529 3109 617 etiam,
3170 529 3446 611 omnib-us
3505 529 3730 621 viribus

2079 632 2212 715 cum
2250 622 2513 691 tyrannis
2545 626 2801 685 dimicet.
2854 636 2978 688 Non
3028 640 3273 707 putabat
3326 660 3463 715 ergo
3495 630 3731 706 remil-

2080 704 2273 763 lianus
2297 717 2759 779 praevertendum
2787 704 3564 792 inconsideratatemeritate
3585 738 3757 793 tem?

2080 811 2190 897 ptris
2243 802 2980 897 martyrii,r-sedgquoties,
3039 819 3149 871 Deo
3202 819 3279 874 ita
3329 826 3728 897 permittente,

2078 883 2446 957 offerebatur,
2484 893 2652 949 toties
2702 895 2917 956 invicta
2969 903 3150 959 animi
3209 883 3551 969 fortitudine
3584 883 3729 972 sub-'-

2078 974 2361 1030 eundum.
3748 1004 3751 1009 λ

2147 1064 2218 1117 At
2244 1066 2484 1134 quidam
2519 1070 2735 1129 ethnici
2769 1076 2897 1134 aliis
2952 1081 3241 1154 mitiores,
3271 1087 3416 1144 etin
3447 1090 3727 1149 Christia-

2081 1168 2184 1249 nos
2216 1155 2405 1254 magis
2434 1164 2732 1231 prepensi,
2767 1171 3050 1239 urgebant
3078 1174 3209 1230 illos
3239 1193 3368 1235 esse
3400 1183 3726 1254 dementes,

2078 1241 2177 1339 qui
2228 1241 2395 1344 tacile
2426 1253 2733 1344 “poterant,
2765 1265 3021 1315 manente
3049 1265 3196 1332 apud
3252 1269 3504 1324 animum
3529 1241 3727 1344 prope-'-

2076 1330 2180 1383 sito
2224 1330 2483 1430 (Tertull.
2533 1338 2813 1430 Apolugel.
2868 1364 2993 1418 cap.
3044 1330 3135 1418 27,
3186 1371 3319 1427 pag.
3370 1330 3727 1430 433),.9l70

2077 1434 2181 1472 seu
2231 1422 2491 1512 mentali,
2526 1428 2608 1481 uti
2659 1431 2845 1499 aiunt,
2898 1422 3293 1512 restrictio—ne,
3335 1447 3447 1503 diis
3478 1422 3747 1505 'sacriii-r

2077 1523 2228 1599 care,
2260 1510 2461 1582 sicque
2493 1517 2650 1575 abire
2697 1523 2885 1580 illaesi.
2932 1528 3043 1584 Sed
3076 1531 3133 1585 bi
3166 1510 3307 1590 sane
3350 1538 3727 1599 fraudulenta

2076 1596 2443 1698 humanitate
2487 1610 2681 1676 specie
2726 1613 2945 1670 dabant
2990 1619 3339 1680 Christianis
3383 1596 3721 1698 consilium,

2075 1702 2189 1757 quo
2219 1704 2481 1759 Ipsorum
2515 1700 2861 1758 credulitate
2894 1705 3291 1767 abuterentur.
3325 1714 3450 1769 Non
3485 1717 3722 1774 aliunde

2074 1782 2286 1845 autem,
2314 1781 2500 1852 pergit
2532 1785 2950 1860 Tertullianus,
2976 1793 3084 1851 hoc
3110 1800 3416 1857 consilium
3449 1820 3724 1863 emanare
3772 1844 3777 1848 ι

2076 1868 2325 1966 poterat,
2369 1888 2571 1966 quam
2617 1891 2686 1930 ex
2741 1885 2906 1949 patre
2961 1888 3250 1943 mendacii
3307 1890 3559 1964 diabolo,
3620 1896 3726 1966 qui

2076 1955 2313 2051 eosdem
2361 1959 2722 2051 Christianos
2766 1978 2867 2027 aut
2906 1974 2957 2027 vi
3006 1980 3064 2030 et
3108 1979 3347 2051 saevitia,
3379 1987 3484 2038 aut
3512 1955 3725 2042 saltem

2077 2046 2293 2100 astutia
2323 2054 2378 2102 et
2411 2050 2541 2108 dolo
2571 2054 2990 2118 circumvenire
3022 2046 3437 2126 moliebantur.

2146 2150 2455 2251 Summum
2508 2159 2725 2232 itaque,
2760 2170 2822 2219 ut
2873 2184 3050 2240 supra
3079 2175 3446 2232 ostendimus
3477 2180 3625 2251 (cap.
3665 2183 3724 2239 9.

2078 2244 2188 2291 art.
2221 2242 2559 2339 5;.tem.-l
2611 2251 2872 2322 Apparet.
2926 2274 3058 2329 pag.
3110 2262 3258 2333 357),
3310 2262 3369 2317 hi
3422 2242 3723 2337 piaculum

2076 2341 2205 2380 esse
2231 2332 2646 2392 existimabant
2679 2340 2796 2396 ullo
2831 2360 3091 2415 unquam
3124 2354 3297 2404 modo
3327 2352 3392 2407 de
3420 2332 3539 2417 sua,
3569 2358 3726 2413 sicut

2076 2420 2159 2474 ait
2214 2418 2632 2492 Tertuilianus,
2696 2432 2963 2499 religione
3018 2439 3263 2492 mentiri.
3324 2441 3718 2502 Quamobrem

2075 2508 2371 2564 malebant
2401 2515 2713 2587 quoslibet,
2743 2534 2809 2573 ac
2836 2526 3216 2591 quantumvis
3240 2528 3565 2585 horrendos
3589 2549 3722 2587 cru-

2075 2599 2263 2653 ciatus
2317 2602 2586 2670 experiri,
2638 2605 2828 2676 iisque
2876 2611 3179 2682 trucidari,
3221 2632 3398 2686 quam
3448 2619 3566 2674 ullo
3614 2622 3725 2676 mi-

2076 2686 2236 2741 nimo
2269 2689 2596 2755 mendacio,
2628 2701 2729 2747 aut
2762 2695 2877 2749 ulla
2908 2699 3397 2774 dissimulatione,
3427 2714 3530 2762 aut
3558 2724 3723 2765 exce-

2073 2775 2272 2845 ptione
2321 2778 2585 2846 mentali,
2638 2781 2853 2854 tingere
2904 2803 2965 2841 se
2995 2790 3251 2861 aliquem
3303 2794 3493 2850 colere
3523 2796 3723 2867 deum,

2076 2879 2252 2935 quem
2285 2864 2498 2921 falsum
2529 2883 2657 2925 esse
2691 2879 2989 2930 noverant.

2147 2958 2250 3007 Ast
2298 2954 2346 3007 si
2398 2971 2510 3010 non
2543 2958 2853 3027 dementis,
2902 2963 3252 3036 inquiebant
3292 2970 3535 3043 ethnici,
3568 2976 3725 3030 certe

2075 3040 2364 3133 desperati
2399 3042 2654 3102 hominis
2702 3055 2824 3104 erat
2871 3052 3110 3109 cuilibet
3165 3040 3586 3130 suppliciorum
3630 3078 3726 3133 ge-

2078 3129 2201 3183 neri
2244 3146 2310 3185 ac
2358 3133 2779 3191 crudelissima)
2804 3141 2929 3196 nsei
2961 3160 3089 3198 sese
3111 3129 3386 3216 obiicere,
3407 3129 3726 3219 quaejactis

2076 3215 2135 3306 in
2168 3218 2362 3288 ignem
2393 3221 2624 3277 duobus
2649 3232 2750 3280 aut
2771 3229 2960 3285 tribus
2992 3215 3725 3306 thurisgranis—facillime

2078 3305 2315 3395 devitari
2366 3310 2575 3378 potuit.
2628 3316 2758 3369 Jam
2809 3333 2941 3373 vero
3002 3338 3035 3374 a
3084 3305 3251 3380 nobis
3304 3327 3609 3395 (Disserlut.
3662 3345 3724 3382 ιη

2076 3393 2267 3449 Minui.
2304 3412 2429 3468 cap.
2489 3399 2577 3469 l2,
2610 3407 2718 3456 art.
2781 3406 2833 3474 1,
2892 3412 2948 3461 et
3004 3393 3410 3469 Disserlutsin
3468 3417 3721 3473 Lactant.

2078 3497 2204 3552 cap.
2260 3484 2347 3553 10,
2398 3490 2505 3540 art.
2558 3489 2611 3558 3)
2658 3490 3031 3552 observatum
3098 3505 3188 3555 est
3244 3501 3604 3561 Christianos
3648 3506 3721 3561 ab

2079 3571 2329 3664 ethnicis
2352 3575 2683 3664 (appellatos
2713 3581 3028 3654 deplorata:
3058 3594 3114 3644 et
3163 3590 3486 3664 desperaraa
3519 3595 3721 3651 factio-

2081 3660 2174 3714 nis
2205 3661 2495 3736 homines,
2530 3673 2833 3740 prOpterea
2880 3676 3037 3745 quod
3085 3681 3283 3736 omnia
3340 3689 3633 3739 tormenta
3673 3688 3732 3740 et

2083 3752 2383 3820 quodlibet
2405 3756 2883 3817 crudelissimum
2909 3766 3111 3823 mortis
3134 3786 3322 3841 genus
3343 3773 3734 3845 despicerent,

2086 3856 2189 3895 nec
2250 3849 2606 3902 vererentur.
2662 3849 2975 3922 Repulsam
3007 3872 3141 3911 vero
3200 3860 3270 3914 ab
3327 3861 3458 3917 aliis
3514 3861 3733 3917 ibidem

2084 3929 2340 3987 vidimus
2403 3934 2720 3993 absurdam
2770 3940 2988 3999 hancce
3036 3947 3525 4005 criminationem.
3586 3952 3735 4014 Quid

2087 4024 2282 4076 autem
2315 4023 2715 4084 Tertullianus
2748 4041 2760 4082 :
2795 4030 2991 4102 Nulla,
3023 4035 3239 4108 inquit,
3273 4038 3606 4110 desperatio
3639 4044 3742 4096 aut

2090 4111 2336 4179 perditio
2360 4117 2468 4181 est,
2497 4116 2595 4169 ubi
2629 4117 2871 4175 minime
2902 4122 3082 4179 dubia
3114 4125 3481 4197 victoria,ubi
3512 4133 3735 4185 certum

2090 4197 2356 4269 placendi
2388 4207 2501 4259 Dee
2536 4206 2772 4278 pignus)
2806 4209 2904 4264 ubi
2954 4228 3227 4269 securum
3276 4222 3502 4272 istarum
3552 4218 3735 4273 felici-

2089 4290 2227 4379 tatis
2259 4294 2564 4362 praemium
2616 4297 2881 4368 (Tertull.
2933 4301 3211 4373 Apologet.
3276 4322 3403 4376 cap.
3459 4308 3549 4375 50,
3601 4324 3736 4379 pag.

2088 4377 2236 4449 530).

2162 4468 2269 4523 Sed
2302 4471 2576 4543 agedum,
2607 4489 2722 4544 qua
2761 4494 2956 4548 quaeso
2999 4481 3186 4537 fronte
3219 4489 3502 4557 martyres
3535 4485 3745 4553 nostri,

322 4573 379 4624 et
404 4573 608 4640 postea
637 4547 1000 4638 Lactantius,
1051 4567 1326 4639 martyris
1367 4547 1478 4634 est,
1513 4582 1626 4637 quo
1658 4571 1793 4621 ante
1819 4566 1979 4636 judi-
2009 4547 2057 4612 D
2091 4560 2336 4612 mortem
2369 4576 2469 4630 pro
2520 4578 2652 4617 vera
2711 4547 2818 4621 sua
2877 4569 3157 4641 religione
3213 4578 3342 4628 lzeto
3375 4547 3744 4645 vlubentique

322 4658 481 4713 cium
541 4656 864 4714 tribunalia
916 4658 1015 4713 sub
1073 4656 1395 4712 discrimine
1450 4656 1645 4725 capitis
1695 4654 1980 4727 (Lactant.

320 4746 425 4801 lib.
471 4764 502 4802 v
540 4746 714 4802 divin.
748 4748 927 4802 Instit.
958 4763 1086 4817 cap.
1122 4746 1211 4815 11,
1246 4761 1377 4817 pag.
1411 4743 1510 4798 491
1546 4768 1559 4812 ;
1600 4742 1842 4799 Tertull.
1875 4743 1980 4798 loc.

323 4836 465 4907 cit.),
496 4852 610 4890 non
646 4840 874 4891 armata
928 4834 1165 4906 quidem
1219 4835 1368 4889 ferro
1400 4850 1601 4898 manu,
1637 4834 1737 4887 sed
1770 4832 1986 4887 invicta

326 4924 607 4995 patientia
637 4925 971 4996 pugnando,
1033 4922 1335 4979 victoriam
1387 4926 1509 4976 tam
1558 4925 1777 4976 certam
1809 4937 1983 4991 quam

328 5011 650 5084 gloriosam
682 5016 959 5084 reportat.
993 5018 1067 5068 At
1097 5011 1298 5067 nullus
1332 5010 1571 5082 quidem
1604 5009 1773 5066 miles
1804 5010 1985 5065 liben-

326 5106 417 5157 ter
445 5117 507 5156 se
538 5101 854 5157 committit
884 5100 1105 5172 prazlio,
1135 5101 1196 5155 in
1248 5116 1362 5170 quo
1412 5099 1551 5170 quia
1592 5098 1983 5170 periclitatur,

330 5189 587 5247 naturali
621 5190 833 5245 timore
862 5189 1135 5262 trepidat.
1181 5187 1288 5245 Ubi
1319 5203 1452 5243 vero
1502 5186 1769 5258 praelium
1801 5188 1981 5243 semel

327 5280 477 5336 inire
507 5278 851 5351 compulsus
883 5284 987 5345 est,
1031 5278 1168 5334 totis
1218 5282 1443 5349 pugnat
1473 5274 1693 5331 viribus
1722 5281 1983 5349 tuncque

328 5370 560 5428 laetatur
589 5387 723 5426 cum
758 5373 1051 5439 reportata
1081 5372 1171 5424 est
1205 5367 1465 5423 victoria.
1498 5365 1583 5421 Ad
1616 5365 1773 5421 hunc
1803 5366 1985 5439 igitur

335 5460 577 5515 modum
611 5462 831 5529 martyr
860 5457 1176 5531 pugnando
1226 5457 1511 5512 adversus
1553 5457 1857 5527 tyrannos,
1892 5457 1986 5509 in-

335 5548 526 5620 genito
576 5548 853 5607 omnibus
897 5549 1107 5606 timore
1157 5546 1480 5621 periculum
1512 5543 1873 5601 reformidat.
1905 5544 1988 5602 De

338 5642 507 5709 parta
554 5644 746 5699 tamen
786 5638 1026 5699 victoria
1051 5641 1211 5698 tanto
1243 5636 1459 5711 gaudio
1491 5634 1888 5708 perfunditur,
1920 5638 1988 5695 ut

2094 4645 2289 4701 animo
2330 4648 2634 4723 abeuntes,
2690 4659 2961 4724 poterant
3010 4661 3270 4716 nefandae
3317 4663 3745 4734 desperationis

2093 4736 2165 4790 ab
2197 4735 2445 4792 ethnicis
2477 4742 2786 4797 accusari?
2817 4746 2999 4819 (Ibid.)
3030 4748 3233 4805 Nonne
3262 4751 3349 4805 illi
3382 4753 3494 4823 ipsi
3527 4753 3747 4809 multos

2094 4841 2161 4879 ex
2191 4826 2444 4898 suis,qui
2478 4828 2794 4887 dirissimis
2826 4838 3432 4912 tormentis,neceque
3461 4843 3753 4899 horrenda

2095 4931 2155 4971 se
2187 4916 2370 4971 occidi
2403 4917 2555 4974 ultre
2588 4921 2744 4990 passi
2779 4922 3033 4995 fuerant,
3076 4946 3191 4984 non
3231 4931 3486 4986 summis
3518 4936 3750 4987 tantum

2092 5005 2392 5074 laudibus,
2453 5009 2553 5063 sed
2613 5016 2838 5067 aterna:
2899 5014 3094 5087 gloria
3154 5019 3342 5075 titulis
3396 5036 3463 5075 ac
3529 5020 3743 5075 statuis

2095 5097 2576 5153 exornaverunt?
2624 5099 2805 5173 (Ibid.)
2864 5103 3009 5160 Nam
3080 5107 3474 5179 praetermisso
3527 5124 3738 5179 magno

2097 5184 2485 5256 gladiatorum
2543 5206 2808 5263 numero,
2868 5195 2988 5265 qui,
3045 5197 3199 5251 sicut
3255 5197 3406 5252 intra
3452 5197 3739 5262 dicemus,

2099 5292 2265 5332 suam
2300 5277 2499 5347 vitam,
2556 5278 2756 5337 iisdem
2798 5284 3049 5341 ethnicis
3098 5286 3498 5356 laudantibus,
3531 5291 3741 5357 sponte

2098 5366 2236 5423 feris
2284 5368 2597 5440 objectant,
2630 5387 2780 5444 sape
2820 5376 3034 5446 saepius
3087 5377 3453 5444 amittebant,
3504 5395 3526 5424 ι
3586 5379 3740 5431 certe

2094 5456 2336 5528 Matius,
2386 5458 2579 5529 inquit
2625 5467 2828 5517 auctor
2874 5469 3093 5533 noster,
3126 5466 3423 5521 dexteram
3456 5481 3627 5521 suam
3658 5464 3743 5520 lu-

2095 5546 2241 5603 bens
2299 5546 2357 5603 in
2418 5565 2519 5604 ara
2576 5551 2876 5621 cremavit,
2911 5557 2976 5608 ut
3036 5553 3144 5609 hoc
3177 5557 3397 5610 factum
3433 5556 3586 5610 fama
3618 5555 3746 5626 ejus

2097 5636 2338 5695 haberet
2364 5658 2387 5689 ι
2424 5638 2627 5711 (Idem,
2659 5639 2738 5696 ad
2763 5639 2991 5713 Martyr.
3022 5659 3149 5715 cap.
3171 5644 3244 5715 4).
3276 5645 3345 5702 At
3373 5644 3444 5703 de
3471 5642 3581 5704 hoc
3611 5644 3739 5717 ipso
