4158 6334
479 319 637 381 1063

993 311 1523 376 TERTULLIANI
1567 306 1893 372 OPERUM
1934 303 2138 367 PARS
2180 304 2232 364 1.
2264 335 2340 348 -
2371 299 2645 364 SERIES
2687 300 2737 372 Ι,
2784 298 3356 361 APOLOGETIGA.

3719 297 3890 360 1064

479 450 644 508 Mutii
678 449 826 505 facto
867 446 1006 504 alibi
1057 443 1446 502 disseruimus
1492 443 1744 514 (Dissert.
1802 441 1863 496 in
1910 439 2111 498 Minut.
2142 436 2193 503 Α
2226 435 2477 506 clusum,
2511 432 2768 506 quotidie
2799 431 3167 501 claudebant,
3209 432 3394 487 donec
3443 431 3892 489 ardentissimis

483 541 665 598 Octav.
699 554 826 609 cap.
858 537 912 607 6,
946 538 1056 591 art.
1087 534 1163 605 3).

550 628 750 683 Nonne
779 625 951 680 etiam
1006 643 1034 673 ‹‹
1077 620 1480 694 Empedocles,
1509 619 1590 675 ait
1619 617 1738 685 ille,
1771 621 1960 672 totum
1993 631 2122 672 sese

475 714 888 773 Catanensium
934 710 1154 766 Etneis
1204 709 1439 781 ignibus
1488 705 1774 762 donavit?
1813 725 1845 758 ››
1877 704 2025 760 Male
2061 705 2119 758 in

474 801 892 872 manuscriptis
925 797 1669 864 codicibus,Alhanicnsium
1690 791 2118 850 AthenaeiaAlio

474 894 691 966 quippe
734 890 791 944 in
840 888 988 943 libro
1029 903 1062 941 a
1113 885 1283 941 nobis
1317 887 1440 956 jam
1492 884 1690 949 citato,
1725 882 2012 952 scriptum
2047 880 2120 934 ab

475 982 576 1039 illo
606 978 856 1051 legimus
890 993 903 1033 :
959 996 979 1024 α
1012 975 1115 1039 Qui
1171 975 1225 1028 in
1261 975 1426 1045 ignes
1454 971 1656 1028 Etnaai
1690 971 1906 1026 montis
1942 968 2120 1024 dissi-

474 1070 585 1127 luit
617 1091 637 1119 ιν
673 1064 936 1139 (Tertull.
989 1064 1267 1134 Apologct.
1323 1078 1453 1133 cap.
1487 1062 1574 1127 49,
1609 1077 1737 1132 pag.
1769 1059 1914 1127 528;
1963 1061 2020 1113 et
2051 1057 2123 1111 ad

474 1159 700 1230 Martyr.
734 1173 866 1227 cap.
893 1153 971 1225 4).
1007 1152 1158 1207 Alibi
1183 1167 1315 1206 vero
1349 1167 1362 1204 :
1400 1171 1424 1202 (ι
1461 1147 1836 1220 Empedocles
1867 1145 2006 1218 quia
2033 1161 2121 1201 se-

477 1250 649 1305 deum
682 1244 1027 1300 deliraret...
1062 1257 1133 1297 ne
1192 1239 1390 1311 aliqua
1445 1237 1748 1310 sepultura
1801 1235 2125 1290 conditiore

473 1337 854 1411 putresceret,
888 1347 1090 1386 assum
1124 1345 1184 1385 se
1227 1327 1450 1390 maluit,
1488 1326 1546 1381 in
1601 1327 1827 1381 [Etnam
1862 1323 2122 1395 praecipi-

471 1426 653 1504 tando
700 1442 726 1474 ο
792 1421 994 1494 (Idem,
1049 1418 1112 1474 de
1157 1419 1339 1472 Anim.
1394 1432 1521 1487 cap.
1570 1415 1688 1488 32).
1751 1415 1897 1470 971
1960 1411 2124 1469 Prius

499 1517 693 1572 autem
725 1510 996 1567 Horatius
1026 1507 1312 1564 cecinerat
1342 1523 1355 1561 :

571 1654 586 1670 .
661 1653 674 1667 .
745 1653 758 1667 .
833 1653 845 1666 .
910 1615 1090 1664 Dicam
1121 1613 1390 1675 Siculique
1420 1614 1590 1674 poetas

572 1680 808 1731 Narrabo
853 1678 1124 1726 interitum
1158 1690 1169 1723 :
1199 1671 1331 1724 deus
1360 1671 1667 1722 immortalis
1696 1671 1879 1722 haberi

571 1745 736 1793 Deum
765 1741 909 1803 cupit
937 1737 1297 1802 Empedocles,
1326 1737 1599 1787 ardentem
1631 1735 1853 1798 frigidus
1879 1735 1996 1784 )Etu
2016 1746 2101 1783 am

571 1805 792 1856 Insiluit.

895 1863 1095 1925 (Horat.
1128 1860 1191 1910 de
1219 1863 1322 1909 art.
1344 1863 1485 1924 poet.
1517 1873 1566 1908 v.
1599 1860 1688 1910 463
1716 1863 1768 1908 et
1795 1859 1963 1922 seqq.)

477 1992 656 2049 Plura
701 1989 751 2046 si
811 1987 1130 2056 desideres,
1163 1983 1399 2042 consule
1447 1983 1764 2050 Laertium,
1797 1982 2114 2038 Lucianum

480 2079 820 2152 Gregorium
869 2077 1322 2142 Nazianzenum,
1363 2078 1416 2128 et
1457 2072 1602 2128 alios
1631 2073 1842 2143 (Laert.
1874 2071 1981 2126 lib.
2021 2087 2117 2125 vm

479 2170 541 2230 in
601 2170 699 2227 Vit.
759 2166 1038 2238 Empedoc.
1095 2166 1122 2232 §
1176 2163 1283 2230 69;
1357 2161 1590 2217 Lucian.
1650 2160 1862 2230 dialog.
1921 2159 2116 2229 Menip.

479 2274 613 2330 pap.
648 2258 787 2324 142;
821 2259 879 2311 et
909 2259 1228 2310 lcaromen.
1260 2267 1395 2322 pag.
1425 2250 1525 2304 731
1554 2266 1567 2316 ;
1619 2253 1675 2305 et
1704 2248 1803 2304 lib.
1834 2265 1875 2302 ιι
1913 2249 2116 2303 Histor.

475 2363 608 2419 pag.
640 2345 765 2400 398.

544 2435 692 2490 Tum
742 2432 953 2488 deinde
1000 2427 1398 2485 Tertullianus
1459 2443 1473 2481 :
1533 2447 1562 2476 ‹‹
1619 2424 1846 2496 Aliqua,
1905 2423 2118 2495 inquit,

474 2521 842 2593 Carthaginis
866 2517 1152 2576 conditrix
1174 2533 1312 2589 rogo
1333 2515 1656 2571 secundum
1677 2512 2117 2568 matrimonium

481 2611 706 2667 dedit»
756 2610 930 2680 (Tert.
990 2607 1260 2678 Apologet.
1312 2621 1439 2674 cap.
1491 2604 1580 2669 50,
1637 2617 1771 2673 pag.
1829 2602 1977 2671 530).
2035 2604 2120 2655 Ita

479 2715 684 2754 omnes
715 2695 897 2753 nostri
929 2696 1157 2751 codices
1201 2697 1259 2748 et
1307 2709 1420 2747 non
1471 2691 1610 2746 editi
1644 2695 1701 2745 et
1727 2689 1886 2745 editi.
1923 2691 2120 2758 Itaque

478 2786 746 2844 nonnulli
803 2787 1022 2840 frustra
1085 2782 1392 2853 legendum
1442 2783 1651 2852 putant
1707 2795 1821 2834 non
1882 2777 2117 2850 quidem

474 2877 693 2948 Aliqua,
727 2875 824 2930 sed
858 2874 1028 2930 Eliso.
1081 2871 1224 2927 Dido
1274 2869 1428 2925 enim
1481 2867 1571 2923 his
1620 2867 1811 2923 verbis
1839 2871 1957 2922 tam
1989 2881 2120 2938 per-

476 2965 678 3036 spicue
709 2963 1069 3033 designatur,
1095 2964 1158 3014 ut
1199 2974 1368 3014 nemo
1401 2957 1499 3023 sit,
1524 2957 1623 3027 qui
1656 2972 1784 3011 eam
1815 2954 1970 3010 illico
2002 2972 2117 3010 non

475 3058 772 3126 agnoscat.
806 3051 1086 3116 Quocirca
1119 3047 1503 3119 Hieronymus
1533 3043 1714 3100 simili
1747 3043 1917 3116 plane
1947 3044 2118 3100 modo

477 3141 690 3199 alicubi
722 3139 995 3211 scripsit:
1032 3161 1059 3188 ‹‹
1093 3137 1388 3207 Stringam
1426 3134 1675 3231 breviter
1700 3133 1960 3231 reginam
1991 3136 2114 3231 Gar-
2145 3164 2188 3231 Ο

472 3229 754 3301 thagiois,
778 3243 903 3299 quas
935 3226 1123 3296 magis
1155 3225 1357 3279 ardere
1418 3221 1629 3288 voluit,
1681 3237 1858 3291 quam
1891 3220 2113 3276 Hiarba:

475 3317 596 3389 regi
625 3317 841 3372 nubere
875 3337 903 3366 »
935 3313 1290 3387 (Hieronym.
1323 3311 1500 3384 epist.
1548 3311 1638 3378 91,
1686 3310 1754 3365 ad
1783 3310 2054 3382 Ageruch.
2100 3325 2115 3366 :

475 3410 534 3462 et
559 3405 659 3460 lib.
713 3421 732 3459 ι
779 3404 901 3459 adv.
950 3404 1172 3472 levia).
1231 3403 1303 3456 At
1336 3399 1431 3456 ille
1460 3404 1679 3465 tamen,
1735 3399 2114 3470 quemadmo-

477 3495 616 3550 dum
656 3490 1075 3559 Tertuiliauus,
1136 3488 1303 3544 illiud
1367 3488 1519 3543 idem
1579 3485 1716 3541 alibi
1771 3486 2116 3555 enarrando,

475 3581 664 3653 ipsam
699 3579 935 3635 nomine
965 3594 1070 3633 suo
1125 3575 1385 3648 appellat
1424 3574 1689 3646 (Tertull.
1721 3573 1822 3629 lib.
1856 3592 1874 3629 ι
1915 3574 1983 3628 ad
2013 3575 2118 3629 Na-

473 3671 611 3725 tion.
650 3669 734 3738 18,
769 3683 900 3739 pag.
932 3667 1080 3736 584).
1132 3665 1244 3721 Sed
1293 3664 1415 3719 haec
1473 3679 1545 3718 ne
1601 3662 2118 3735 grammaticorum

481 3757 717 3829 quidem
752 3754 968 3828 pueris,
997 3753 1309 3825 Virgilium
1365 3751 1620 3823 quotidie
1668 3751 1994 3823 legentibus
2031 3751 2119 3806 in-

480 3849 778 3917 comperta
807 3859 935 3901 esse
965 3845 1233 3913 possunt.

551 3934 747 4006 Pergit
797 3937 957 3989 actor
1011 3934 1210 3986 noster
1263 3945 1275 3984 :
1327 3952 1347 3978 ι
1381 3925 1638 4000 Regulus
1687 3944 1759 3984 ne
1814 3945 1969 3986 unus
2017 3946 2120 4001 pro

478 4021 681 4080 multis
711 4021 980 4078 hostibus
1009 4019 1248 4087 viveret,
1289 4021 1412 4074 toto
1451 4033 1688 4089 corpore
1737 4033 1936 4074 cruces
1975 4018 2120 4089 pati-

479 4116 578 4168 tur
607 4133 635 4163 »
670 4110 874 4182 (Idem,
905 4108 1122 4181 Apolog.
1155 4123 1205 4162 c.
1246 4107 1337 4173 50,
1389 4122 1519 4179 pag.
1567 4106 1693 4177 530)
1741 4123 1754 4161 :
1813 4106 1900 4161 vel
1948 4106 2122 4163 sicuti

480 4199 593 4256 alio
619 4200 680 4256 in
711 4199 860 4255 libro
901 4197 1128 4255 edicere
1166 4194 1424 4252 maluit:
1467 4219 1495 4246 «
1554 4195 1752 4251 Crucis
1808 4195 2121 4252 novitatem

478 4305 806 4349 numerosae
839 4292 895 4343 et
925 4288 1207 4342 abstrusas
1237 4283 1492 4355 Regulus
1531 4287 1723 4340 vester
1751 4283 1996 4340 libenter
2025 4286 2122 4340 de-

482 4378 698 4434 dicavit
731 4400 751 4425 υ
807 4376 1012 4448 (Idem,
1063 4375 1142 4430 ad
1179 4378 1424 4444 Martyr,
1459 4390 1509 4428 c.
1564 4374 1629 4440 4;
1682 4377 1738 4428 et
1786 4373 1850 4429 de
1897 4375 2121 4430 Exhort.

481 4469 666 4526 cauit.
697 4484 747 4524 c.
780 4467 891 4534 31).
921 4464 1033 4521 Sed
1062 4463 1119 4518 id
1151 4462 1323 4534 paulo
1357 4461 1726 4534 explicatius,
1750 4462 1960 4535 hisque
2004 4481 2126 4520 ver-

2229 523 2409 579 exorti
2443 521 2584 578 solis
2617 520 2801 576 radiis
2832 521 3119 575 urendum
3149 523 3522 592 exponerent.
3554 522 3630 575 At
3657 521 3733 576 de
3768 521 3891 578 hoc

2229 611 2434 683 Reguli
2467 609 2752 682 supplicio
2797 608 2934 665 alibi
2981 608 3210 680 egimus
3267 609 3510 675 (Dissert.
3564 610 3628 664 in
3667 611 3884 666 Minut.

2231 703 2413 758 Octav.
2446 717 2495 756 c.
2527 701 2581 768 6,
2616 704 2723 755 art.
2773 700 2827 768 3,
2861 703 2918 754 et
2964 699 3186 754 Dissert.
3240 699 3304 753 in
3359 701 3604 753 Lactant.
3666 714 3718 754 ο.
3792 700 3887 770 10,

2230 794 2338 846 art.
2370 791 2446 859 3).

2300 879 2685 950 Explanatum
2719 892 2949 948 quoque
2980 894 3013 932 a
3057 875 3225 931 nobis
3273 875 3385 930 fuit
3433 876 3587 947 quod
3639 876 3892 931 Tertul-

2227 967 2423 1022 lianus
2463 968 2533 1022 de
2584 965 2924 1022 Anaxarcho
2954 965 3258 1036 subjunxit
3289 980 3302 1020 :
3337 987 3365 1016 «
3396 965 3560 1029 Cum,
3592 965 3650 1019 in
3682 982 3891 1021 exem-

2231 1057 2392 1129 plum
2434 1056 2676 1128 ptisanae
2707 1054 2824 1127 pilo
2868 1058 3329 1110 contunderetur
3361 1070 3374 1108 :
3415 1054 3642 1122 Tunde,
3671 1056 3891 1121 tunde,

2233 1147 2445 1214 aiebat,
2483 1143 2806 1200 Anaxarchi
2838 1142 3071 1211 follem;
3119 1141 3529 1198 Anaxarchum
3568 1143 3726 1198 enim
3760 1161 3888 1200 non

2231 1234 2452 1290 tundis.
2486 1255 2514 1284 »
2551 1233 2766 1289 Follem
2805 1232 2884 1288 ibi
2927 1249 2992 1287 eo
3037 1248 3208 1288 sensu
3237 1231 3405 1299 dixit,
3441 1248 3556 1304 quo
3597 1233 3886 1299 Lucilius,

2234 1341 2267 1378 a
2325 1323 2506 1380 Nonio
2537 1323 2773 1391 citatus,
2831 1321 3145 1392 folliculum
3201 1320 3438 1392 scripsit
3493 1336 3596 1391 pro
3651 1337 3890 1391 corpore

2235 1409 2490 1483 (Tertull.
2541 1412 2811 1482 Apologet.
2841 1427 2893 1466 c.
2923 1411 3012 1477 50,
3043 1428 3097 1481 p.
3129 1410 3236 1464 530
3264 1426 3278 1478 ;
3336 1413 3483 1475 tom,
3541 1408 3562 1460 Ι
3614 1409 3881 1480 Αρραναι.

2233 1517 2290 1572 p.
2325 1501 2500 1566 1147;
2532 1504 2675 1556 Non.
2707 1499 2774 1554 de
2802 1499 3051 1571 Signi/Ec.
3089 1499 3322 1570 verbor.,
3356 1515 3405 1554 ο.
3436 1499 3532 1570 2);
3582 1498 3886 1554 Arnobius

2229 1605 2402 1645 vero:
2443 1608 2464 1635 α
2492 1588 2645 1644 Nihil
2677 1589 2846 1644 nobis
2876 1592 2964 1643 est
2995 1587 3352 1659 promissum
3385 1589 3458 1644 ad
3487 1590 3638 1646 hanc
3666 1589 3882 1652 vitam,

2232 1695 2338 1734 nec
2367 1679 2426 1734 in
2459 1675 2831 1734 carnunculaa
2860 1677 3038 1747 hujus
3070 1676 3328 1732 folliculo
3354 1699 3380 1726 »
3407 1678 3641 1749 (Arnob,
3673 1679 3733 1734 in
3767 1679 3878 1733 fin.

2230 1766 2332 1828 lib.
2367 1788 2406 1826 ιι
2437 1768 2646 1825 advers.
2685 1769 2877 1838 gent).
2927 1766 3119 1822 Greece
3166 1769 3366 1821 autem
3417 1767 3732 1840 Gregorius
3757 1772 3880 1822 Na-

2224 1863 2535 1918 zianzenus
2573 1856 2828 1928 scripsit,
2875 1854 2966 1908 τὸν
3022 1852 3186 1908 αὐτοῦ
3243 1852 3476 1909 θύλακον
3531 1857 3723 1930 (Greg.
3755 1856 3877 1912 Na-

2224 1953 2406 2008 zianz.
2443 1950 2684 2006 Carmin.
2738 1947 2904 2002 Iamb.
2942 1946 3051 2017 18),
3085 1945 3237 2002 972
3267 1945 3405 2002 ilius
3433 1963 3536 2003 vas
3567 1951 3627 2002 et
3655 1951 3875 2003 utrem.

2295 2058 2378 2112 Ad
2412 2054 2725 2111 mulierum
2775 2056 3041 2124 exempla
3072 2053 3208 2109 inde
3257 2053 3648 2110 Tertullianus
3679 2070 3883 2128 regre-

2227 2148 2402 2217 ditur,
2427 2145 2623 2216 aitque
2650 2160 2662 2197 :
2699 2164 2726 2190 σι
2757 2141 2946 2197 Attica
2975 2141 3270 2208 meretrix,
3290 2142 3561 2198 carnifice
3586 2143 3706 2213 jam
3742 2143 3884 2198 fati-

2227 2239 2383 2308 gato,
2415 2237 2709 2306 postremo
2741 2231 3001 2302 linguam
3031 2247 3200 2286 suam
3256 2246 3549 2288 comesam
3575 2232 3634 2287 in
3663 2231 3881 2288 faciem

2225 2323 2455 2398 tyranni
2489 2318 2779 2377 saevientis
2809 2319 3072 2391 exspuit;
3121 2322 3186 2374 ut
3214 2323 3524 2392 exspueret
3571 2324 3628 2376 et
3650 2337 3884 2389 vocem,

2229 2430 2300 2469 ne
2347 2411 2680 2480 conjuratos
2738 2407 2997 2463 confiteri
3047 2411 3243 2479 posset
3317 2428 3339 2456 ι
3393 2408 3656 2479 (Tertull.
3718 2410 3882 2480 Apol.

2229 2518 2279 2556 c.
2306 2502 2395 2566 50,
2429 2516 2485 2570 p.
2522 2498 2667 2570 330).
2701 2497 2916 2552 Eadem
2943 2495 3041 2551 ille
3073 2496 3302 2552 duobus
3335 2495 3468 2553 aliis
3499 2497 3558 2554 in
3589 2497 3758 2552 libris
3783 2498 3886 2570 (ad

2229 2589 2462 2660 Martyr.
2497 2604 2548 2643 c.
2581 2588 2632 2657 4,
2664 2588 2691 2655 §
2723 2586 2832 2657 17),
2865 2586 2965 2641 sed
2997 2584 3240 2642 diversis
3282 2586 3476 2641 verbis
3523 2586 3739 2642 retulit.
3789 2589 3881 2644 Ab

2227 2676 2537 2732 Ambrosio
2582 2679 2777 2731 autem
2827 2677 3204 2745 nuncupatur
3259 2690 3273 2728 :
3332 2697 3362 2725 ‹‹
3396 2675 3755 2747 Pythagorea
3807 2692 3881 2732 ex

2226 2765 2553 2837 virginibus
2586 2786 2614 2814 »
2645 2765 2930 2834 (Ambros.
2964 2762 3066 2818 lib.
3101 2780 3119 2818 ι
3146 2763 3214 2832 ﬂe
3250 2764 3516 2832 Virginio.
3549 2781 3602 2820 c.
3631 2765 3682 2833 4,
3706 2763 3736 2837 §
3761 2765 3878 2832 17).

2228 2855 2367 2912 Vide
2399 2854 2446 2909 si
2472 2853 2661 2926 placet
2717 2869 2843 2924 quas
2893 2852 2950 2906 in
2991 2851 3151 2908 hunc
3197 2852 3484 2908 Ambrosii
3517 2853 3706 2909 locum
3739 2853 3884 2908 sub-

2228 2942 2581 3007 notavimus,
2614 2945 2672 2996 et
2696 2958 2820 3013 quae
2869 2942 2940 3014 de
2985 2939 3090 2996 illa
3139 2941 3394 2998 diximus
3450 2941 3510 2998 in
3575 2941 3881 3013 superiore

2226 3031 2402 3103 hujus
2450 3033 2794 3103 Apparatus,
2826 3018 3009 3086 nostri
3049 3033 3230 3098 tomo,
3258 3029 3358 3085 ubi
3387 3031 3728 3086 monuimus
3758 3030 3879 3101 ipsi

2228 3119 2439 3174 Leaenae
2473 3135 2684 3174 nomen
2716 3118 2967 3174 inditum
3001 3119 3187 3190 (Tom.
3223 3120 3245 3174 Ι
3291 3120 3558 3191 Apparat.
3593 3136 3650 3191 p.
3686 3119 3875 3190 1250).

2297 3225 2476 3281 Multo
2533 3225 2830 3282 difficilius
2888 3224 3031 3281 illud
3102 3225 3416 3296 videbitur,
3475 3226 3630 3298 quod
3676 3228 3887 3280 auctor

2227 3317 2426 3370 noster
2453 3313 2732 3370 continuo
2776 3315 3083 3384 subjunxit
3141 3331 3154 3370 :
3215 3337 3245 3366 «
3308 3320 3456 3371 Zeno
3486 3314 3710 3371 Eleates
3741 3330 3885 3369 con-

2226 3401 2420 3459 sultus
2451 3419 2483 3458 a
2508 3403 2778 3476 Dionysio
2811 3403 3094 3476 quidnam
3143 3403 3515 3476 philosophia
3546 3407 3879 3476 prastaret,

2227 3506 2360 3546 cum
2437 3491 2834 3562 respondisset
2886 3497 3288 3564 contemptum
3357 3493 3589 3559 mortis,
3636 3490 3887 3563 flagellis

2226 3578 2459 3651 tyranni
2497 3573 2823 3650 subjectus,
2876 3582 3234 3638 sententiam
3288 3599 3456 3639 suam
3513 3581 3586 3637 ad
3633 3584 3888 3635 mortem

2229 3683 2419 3738 usque
2454 3667 2720 3740 signabat
2753 3691 2781 3717 »
2829 3665 3089 3738 (Tertull.
3122 3667 3392 3739 Apologet.
3427 3687 3475 3726 ο.
3514 3671 3605 3734 50,
3639 3685 3696 3741 p.
3728 3668 3886 3736 530).

2230 3755 2294 3811 In
2355 3755 2771 3827 manuscriptis
2829 3756 3047 3812 nostris
3105 3757 3429 3822 codicibus,
3482 3760 3613 3811 ante
3667 3771 3886 3811 nomen

2226 3844 2464 3913 ﬂagellis
2515 3844 2726 3914 legitur
2766 3845 3147 3916 impascibilis,
3199 3845 3258 3900 in
3293 3844 3555 3916 antiquis
3605 3844 3886 3899 editioni-

2228 3931 2342 3987 bus
2369 3934 2818 4002 impassibilz’bus.
2851 3934 2962 3990 Sed
2993 3933 3278 4006 Rigaltius
3319 3933 3428 3989 hoc
3457 3933 3722 3998 verbum,
3753 3938 3888 3988 tan-

2230 4036 2408 4091 quam
2467 4020 2538 4075 ab
2596 4020 2868 4093 imperito
2926 4023 3164 4079 librario
3221 4038 3525 4095 perperam
3576 4021 3872 4087 additum,

2230 4108 2528 4164 resecavit.
2565 4109 2708 4175 Quid
2742 4126 2897 4178 vero,
2928 4113 2978 4168 si
3025 4113 3176 4168 Zeno
3213 4111 3591 4184 ,impassibilis
3639 4109 3871 4165 dicatur

2232 4213 2334 4269 pro
2365 4197 2804 4271 insuperabilis,
2837 4205 3036 4273 utpote
3084 4200 3186 4274 qui
3232 4199 3456 4258 nullius
3513 4198 3875 4256 cruciatibus

2232 4285 2382 4343 vinci
2413 4303 2676 4359 unquam
2709 4290 3008 4361 potuerit?
3057 4291 3195 4347 Jure
3247 4291 3491 4346 forsitan
3542 4286 3756 4362 potiori
3785 4286 3886 4341 Ri-

2232 4375 2451 4447 galtius
2482 4376 2726 4433 dixisset
2770 4378 2827 4434 in
2880 4379 2986 4435 hoc
3033 4379 3288 4435 auctoris
3333 4378 3520 4434 nostri
3555 4380 3716 4433 textu
3749 4392 3885 4430 cor-

2235 4469 2475 4536 ruptum
2508 4465 2686 4522 fuisse
2706 4484 2739 4524 a
2759 4467 3016 4524 librariis
3041 4470 3298 4541 Dionysii
3318 4483 3555 4523 nomen.
3577 4466 3884 4521 Testatum

481 4556 574 4612 bis
606 4555 743 4611 alibi
768 4553 1082 4610 edisseruit
1131 4568 1144 4608 :
1192 4573 1218 4601 «
1254 4550 1528 4621 Regulus,
1562 4552 1680 4606 dux
1708 4551 2122 4625 Romanorum,
2153 4535 2202 4599 D
2230 4535 2522 4624 siquidem
2556 4554 2820 4612 Laertius
2842 4557 2976 4613 fecit
2995 4535 3280 4613 Zenonem
3299 4556 3561 4612 Eleatum
3584 4561 3885 4610 mortuum

487 4647 695 4715 captus
753 4660 788 4698 a
843 4640 1420 4712 Carthaginensibus,
1469 4657 1601 4695 cum
1660 4656 1722 4696 se
1779 4658 1962 4697 unum
2023 4659 2124 4714 pro

485 4731 690 4788 multis
737 4730 983 4802 captivis
1029 4727 1585 4800 Carthaginensibus
1633 4731 1996 4801 compensari
2027 4748 2126 4787 vo.

485 4819 714 4886 luisset,
746 4817 954 4874 maluit
1000 4817 1270 4873 hostibus
1299 4816 1483 4886 reddi,
1527 4821 1584 4872 et
1634 4818 1694 4873 in
1747 4835 1888 4875 arca:
1943 4836 2126 4892 genus

487 4909 741 4980 stipatus
773 4907 1034 4978 undique
1075 4904 1452 4972 extrinsecus,
1503 4905 1682 4963 clavis
1731 4909 2012 4977 confixus,
2043 4913 2130 4966 tot

489 5012 688 5055 cruces
749 4996 936 5054 sensit
992 5017 1021 5046 »
1074 4995 1276 5066 (Idem,
1323 4994 1595 5066 Apologet.
1645 5011 1693 5052 c.
1737 4997 1826 5052 50.
1872 5014 1930 5069 p.
1977 4998 2126 5069 530).

485 5086 978 5145 Crudelissimum
1026 5084 1226 5157 itaque
1263 5083 1376 5140 hoc
1407 5083 1681 5156 supplicii
1738 5101 1923 5157 genus
1965 5090 2131 5142 vocat

486 5179 800 5243 novitatem,
834 5176 1115 5232 hactenus
1146 5189 1261 5229 non
1295 5172 1568 5229 usitatam
1599 5175 1777 5229 cruci:
1804 5191 2127 5243 numerosae,

489 5265 669 5324 clavis
690 5265 961 5323 videlicet
998 5263 1187 5322 acutis
1225 5261 1486 5332 undique
1517 5262 1933 5331 eminentibus,
1956 5268 2130 5335 atque

487 5357 749 5412 abstrusa
807 5356 1004 5425 (Idem,
1062 5353 1164 5409 lib.
1226 5368 1244 5406 ι
1295 5350 1366 5406 ad
1421 5349 1544 5404 Nat.
1605 5366 1653 5404 c.
1702 5352 1786 5419 18,
1831 5369 1885 5423 p.
1919 5353 2042 5418 484,
2075 5357 2132 5409 et

488 5445 592 5501 lib.
625 5445 695 5500 ad
722 5446 953 5516 Martyr.
987 5461 1036 5499 c.
1070 5443 1146 5515 4),
1179 5439 1336 5513 quia,
1371 5441 1438 5495 ut
1462 5438 1691 5495 Tubero
1716 5442 1870 5512 apud
1900 5443 1966 5499 A.
2000 5442 2128 5499 Gel-

488 5533 634 5592 lium
663 5533 1012 5590 testiﬂcatur
1041 5529 1206 5604 (Gell.
1257 5528 1360 5585 lib.
1393 5544 1429 5585 ν
1473 5528 1644 5586 Noct.
1683 5529 1870 5603 Attic,)
1901 5548 1950 5588 c.
1985 5533 2038 5599 4,
2070 5532 2129 5588 in

488 5626 644 5680 atras
669 5627 726 5680 et
754 5623 1073 5695 profundas
1106 5619 1380 5680 tenebras
1408 5615 1602 5690 illum,
1651 5617 1710 5676 in
1749 5619 2013 5694 arcahilla
2041 5620 2132 5679 in-

2232 4658 2360 4698 esse
2403 4645 2558 4698 circa
2613 4647 3105 4717 septuagesimam
3188 4662 3404 4702 nonam
3476 4641 3884 4716 Olympiadem

2235 4731 2444 4803 (Laert.
2479 4729 2578 4787 lib.
2630 4749 2687 4788 ιχ
2731 4735 2792 4789 in
2846 4735 2965 4792 Vita
3009 4737 3256 4802 Zeno-nis,
3289 4734 3454 4804 §29).
3510 4730 3681 4803 Atqui
3729 4729 3887 4785 circa

2233 4820 2676 4891 nonagesimam
2721 4828 2993 4894 quartam
3025 4825 3342 4896 Dionysius
3388 4821 3585 4878 senior
3614 4817 3886 4891 tyranni-

2236 4909 2367 4964 dem
2414 4910 2741 4968 exercuisse
2786 4913 3146 4984 perhibetur.
3197 4913 3286 4969 Ab
3340 4913 3445 4968 hoc
3497 4911 3696 4981 itaque
3730 4908 3886 4964 Zeno

2237 5013 2344 5054 nec
2373 4997 2643 5065 cruciari,
2675 5016 2781 5057 nec
2811 5002 2997 5058 occidi
3028 5001 3236 5074 potuit.
3281 5001 3408 5057 Non
3459 5014 3703 5074 prorsus
3745 5012 3888 5069 ergo

2237 5084 2532 5142 immerito
2581 5095 2683 5144 aut
2728 5090 3126 5147 Tertullianus
3157 5088 3444 5148 memoria
3483 5087 3684 5161 lapsus
3717 5087 3890 5158 argui

2237 5179 2446 5246 potest,
2482 5181 2583 5232 aut
2615 5179 2927 5236 oscitantes
2957 5180 3182 5238 librarii
3230 5179 3389 5236 haud
3422 5177 3658 5235 insolito
3690 5191 3894 5232 errore

2237 5263 2582 5336 Dionysium
2615 5283 2718 5338 pro
2749 5268 3032 5340 Nearcho,
3065 5273 3168 5326 aut
3210 5274 3476 5341 Demyso,
3509 5275 3610 5323 aut
3659 5265 3893 5320 Diome-

2238 5351 2414 5409 donte
2442 5359 2643 5424 postea
2673 5357 3056 5429 scripserunt.
3096 5357 3245 5413 Nam
3277 5356 3417 5413 varii
3449 5355 3784 5428 scriptores,
3820 5356 3894 5407 ut

2239 5440 2379 5498 alibi
2419 5443 2784 5502 ostendimus
2830 5447 3019 5518 (Tom.
3069 5451 3095 5500 Ι
3141 5447 3405 5518 Apparat.
3436 5462 3493 5517 p.
3531 5443 3709 5514 1246),
3743 5458 3891 5496 nar-

2239 5535 2372 5588 rant
2400 5532 2686 5591 Zenonem
2737 5535 2987 5594 Eleatem
3043 5535 3116 5593 ab
3168 5552 3284 5594 uno
3315 5551 3383 5593 ex
3414 5533 3531 5592 illis
3561 5537 3780 5593 tortum
3815 5548 3887 5588 ac

2237 5624 2508 5681 necatum
2562 5623 2768 5686 fuisse.
2821 5625 2936 5686 Nec
2981 5641 3213 5686 movere
3277 5641 3630 5700 quemquam
3687 5621 3887 5691 debet:
