4158 6328
340 284 496 344 1065

1244 283 1316 342 D.
1364 280 1462 341 LE
1507 277 1835 342 NOURRY
1877 272 2534 337 OBSERVATIONES
2578 272 2843 333 NOV/E.

3592 273 3752 335 {066

339 417 494 489 quod
536 420 686 472 Zeno
745 415 816 471 de
878 415 1149 472 affectata
1203 412 1534 487 tyrannide,
1592 428 1709 467 non
1769 414 1987 479 autem,
2018 414 2074 481 Α
2106 406 2321 472 balem,
2352 409 2525 478 capta
2553 404 2923 477 Carthagine,
2974 404 3155 460 vitam
3187 402 3513 477 aScipiene
3570 404 3755 478 impe-

342 506 497 563 sieut
526 505 611 561 ait
640 504 1059 573 Tertullianus,
1092 504 1162 559 de
1196 502 1575 576 philosophias
1609 502 1758 557 bene
1808 500 1986 556 inter-

340 599 579 666 rogatus
609 595 682 651 ab
714 593 813 650 ille
844 593 1035 649 fuerit.
1085 592 1233 657 Quid
1264 592 1421 648 enim
1470 595 1625 647 vetat
1673 588 1989 662 quominus

339 688 646 757 tyrannus,
671 683 875 739 habita
895 683 965 739 de
987 680 1334 754 proditionis
1368 679 1619 737 consciis
1645 680 1986 752 quaestione,

344 775 417 829 ab
447 790 514 830 eo
544 772 779 845 petierit
809 772 1095 844 quidnam
1129 774 1436 843 praestaret
1466 770 1813 840 decoretque
1864 763 1989 838 phi-

344 861 636 935 losophia,
677 866 745 917 ut
793 861 899 917 hac
947 860 1402 933 interrogatione
1451 858 1595 915 illud
1638 854 1991 931 proditionis

350 952 570 1007 crimen
603 950 797 1007 acrius
826 951 1171 1023 exprobaret
1191 949 1219 1004 ?

414 1042 676 1113 Denique
708 1040 1172 1113 superbientium
1206 1038 1484 1113 patientia
1514 1054 1622 1095 sua
1679 1035 1990 1109 gentilium

344 1148 554 1203 agmen
589 1130 681 1187 his
713 1129 1118 1187 Tertullianus
1151 1131 1207 1185 in
1239 1129 1583 1201 Apotogetico
1616 1125 1837 1183 claudit
1865 1141 1991 1181 ver-

343 1220 435 1276 bis
469 1238 483 1277 :
517 1241 546 1271 «
580 1221 745 1276 Certe
791 1223 1093 1275 Daconum
1139 1216 1388 1290 ﬂagella,
1438 1218 1549 1273 sub
1600 1214 1784 1271 oculis
1814 1213 1991 1271 etiam

344 1308 706 1365 hortantium
739 1307 1205 1380 prepinquerum
1238 1307 1771 1375 accrhata,tantum
1805 1303 1989 1359 bone-

346 1398 427 1454 ris
456 1398 1088 1468 conferunt,quantum
1122 1394 1429 1468 sanguinis
1461 1394 1739 1450 fuderunt
1772 1414 1800 1442 ››
1829 1392 1991 1463 (Ter-

343 1486 474 1544 tull.
506 1487 725 1559 Apotog.
762 1502 812 1542 c.
845 1488 935 1557 50,
969 1502 1023 1558 p.
1057 1485 1205 1555 530)-
1239 1489 1304 1539 In
1355 1500 1461 1540 suo
1520 1488 1715 1538 autem
1774 1481 1843 1536 ad
1874 1483 1993 1537 Na-

343 1579 523 1633 tiones
548 1576 696 1631 libro
728 1575 849 1631 haec
870 1591 933 1631 se
962 1575 1204 1647 quidem
1234 1578 1431 1629 tncere
1460 1572 1606 1629 velle
1637 1571 1721 1627 sic
1749 1574 1997 1626 testatur

350 1685 379 1717 σι
410 1665 484 1721 Ut
513 1669 738 1721 taceam
771 1665 842 1720 de
874 1663 1156 1719 Laconica
1181 1662 1369 1735 gloria
1397 1685 1425 1714 »
1462 1662 1586 1734 (lib.
1623 1678 1641 1717 ι
1673 1662 1745 1716 ad
1774 1661 1992 1717 Nation.

348 1772 397 1812 c.
433 1755 519 1822 18,
554 1770 610 1826 p.
641 1753 770 1826 584)
804 1770 816 1821 ;
854 1753 955 1809 sed
987 1752 1187 1809 aculeo
1211 1769 1325 1807 non
1360 1751 1557 1807 minus
1586 1756 1756 1806 acute
1788 1748 1997 1857 pungit
2028 1791 2072 1857 Β

346 1842 629 1901 ethnicos.
662 1842 873 1900 Verum
903 1841 1116 1897 clarius
1147 1841 1382 1912 scripsit
1413 1841 1483 1896 ad
1518 1844 1803 1911 martyres
1836 1838 1993 1893 hunc

347 1932 520 2006 plane
551 1931 945 1987 inhumanum
981 1946 1201 1986 morem
1236 1946 1424 2002 usque
1455 1930 1527 1985 ad
1581 1944 1748 1984 suam
1800 1942 1992 1999 perse-

345 2037 579 2078 verasse
630 2024 860 2077 aetatem
895 2036 909 2077 :
943 2042 971 2070 ‹‹
1028 2019 1231 2089 Hodie,
1284 2019 1493 2091 inquit,
1545 2018 1699 2090 apud
1732 2017 1997 2072 Lacedae-

348 2110 577 2166 monios
635 2107 976 2165 selemnitas
1032 2108 1291 2163 maxima
1335 2112 1425 2164 est
1454 2102 1903 2178 διαμαστίγωσις,
1937 2104 1995 2159 id

351 2204 440 2256 est
468 2198 782 2271 ﬂagellatie
815 2213 830 2255 :
863 2215 977 2254 non
1012 2196 1154 2253 latet
1185 2198 1243 2252 in
1277 2213 1393 2269 que
1425 2212 1590 2251 sacro
1646 2200 1781 2251 ante
1832 2209 1995 2249 aram

352 2287 577 2344 nobiles
606 2288 761 2343 913
784 2286 1005 2358 quique
1026 2285 1426 2342 adolescentes
1456 2282 1702 2356 ﬂagellis
1732 2282 1998 2355 afﬂigun-

352 2383 471 2444 tur,
502 2376 874 2432 adstantibus
915 2376 1258 2448 parentibus
1305 2391 1371 2430 ac
1419 2372 1789 2445 propinquis,
1824 2376 2000 2443 atque

357 2466 441 2522 uti
464 2468 835 2537 perseverent
864 2463 1336 2519 adhortantibus.
1388 2461 1810 2518 Ornamentum
1841 2460 1996 2517 enim

352 2559 410 2611 et
464 2554 651 2627 gloria
705 2553 1084 2624 deputabitur
1150 2554 1372 2624 majore
1419 2552 1657 2624 quidem
1706 2550 1898 2621 titulo,
1949 2549 1999 2605 si

348 2644 546 2700 anima
573 2642 769 2714 potius
791 2643 1031 2698 cesserit
1054 2640 1451 2714 plagis,quam
1486 2657 1698 2711 corpus
1731 2661 1757 2691 »
1788 2640 1995 2709 (Idem,

351 2734 423 2789 ad
452 2733 684 2804 Martyr.
740 2747 791 2787 e.
838 2731 915 2813 4).
965 2732 1072 2786 Sed
1116 2732 1186 2786 de
1219 2730 1310 2786 his
1362 2729 1534 2801 plura
1557 2730 1683 2800 jam
1713 2728 1774 2784 in
1807 2729 1998 2800 primo

347 2824 677 2894 Apparatus
707 2820 895 2875 nostri
926 2824 1084 2875 tome
1132 2819 1537 2875 enarravimus
1567 2819 1731 2890 (tem.
1795 2819 1816 2875 Ι
1874 2818 1997 2890 Ap-

344 2919 527 2985 paret.
562 2927 619 2984 p.
657 2910 836 2981 1246).

421 3002 682 3057 Duarum
714 2999 956 3071 insuper
986 2995 1296 3053 mulierum
1330 2997 1596 3070 exempla
1626 2997 1687 3053 in
1746 2995 1897 3052 libro
1929 2996 2001 3053 ad

350 3091 609 3147 Nationes
657 3088 897 3161 protulit
944 3085 1211 3158 (Tertull.
1264 3086 1364 3143 lib.
1399 3105 1417 3141 ι
1446 3087 1517 3142 ad
1562 3088 1788 3143 Nation.
1823 3103 1872 3142 c.
1907 3087 1995 3154 18,

353 3196 410 3251 p.
440 3178 592 3248 584).
624 3154 822 3233 Prima
858 3177 931 3232 ab
955 3154 1068 3231 ille
1128 3175 1476 3247 simpliciter
1504 3181 1748 3233 vocatur
1803 3179 1998 3247 regina
2028 3154 2070 3221 α

350 3268 607 3341 Λῖρῃρῑί,
640 3266 923 3322 nimirum
953 3264 1278 3337 Cleopatra,
1336 3282 1455 3338 quae
1509 3266 1692 3321 bestiis
1721 3268 1856 3337 suis,
1893 3265 2001 3322 hee

356 3363 448 3414 est
478 3355 703 3429 aspidis
736 3355 807 3411 ad
838 3371 901 3411 se
931 3354 1083 3410 clam
1115 3353 1317 3410 delatas
1351 3371 1575 3424 morsu,
1608 3372 1707 3410 usa
1755 3363 1852 3425 est,
1884 3371 2001 3426 qua

357 3450 607 3504 mortem
639 3444 751 3501 sibi
783 3443 1276 3514 censcivit.Magis
1307 3448 1501 3499 autem
1536 3443 1841 3516 perspicue
1885 3443 2000 3498 haec

354 3538 425 3593 ad
459 3540 744 3606 martyres
774 3532 1012 3605 scripsit
1044 3548 1057 3587 :
1096 3552 1118 3581 ι
1152 3533 1370 3588 Bestias
1410 3532 1629 3589 femina
1655 3532 1865 3589 lubens
1896 3549 1998 3603 ape

350 3624 520 3696 petit,
553 3628 609 3679 et
642 3622 843 3695 utique
870 3621 1103 3694 aspides
1143 3626 1466 3693 serpentes,
1502 3626 1669 3677 tauro
1721 3620 1812 3677 vel
1863 3637 2000 3677 urso

350 3711 915 3784 horridiores,quas
973 3709 1275 3782 Cleopatra
1334 3710 1586 3766 immisit
1614 3710 1748 3779 sibi,
1809 3727 1881 3766 ne
1940 3710 1999 3765 in

349 3819 564 3858 manus
597 3800 822 3856 inimici
855 3799 1181 3873 perveniret
1241 3799 1329 3871 (ad
1384 3800 1615 3871 Martyr.
1673 3816 1723 3854 c.
1778 3800 1853 3869 4).
1887 3799 1998 3855 Sed

349 3891 458 3946 hoc
486 3891 720 3945 famosa
753 3888 1020 3944 mulieris
1076 3888 1306 3943 facinus
1350 3888 1567 3959 sepius
1596 3888 1668 3942 ab
1700 3887 2001 3943 historicis

349 3978 628 4035 Suetonio
661 3977 785 4049 (lib.
820 3994 860 4033 ιι
892 3976 950 4032 in
980 3978 1099 4032 Vit.
1131 3978 1343 4045 August
1375 3980 1401 4044 §
1428 3977 1541 4048 30),
1575 3976 1888 4032 Plutarcho
1918 3976 2001 4048 (in

359 4069 461 4125 Vit.
498 4067 754 4135 Antonii,
796 4081 928 4138 pag.
985 4064 1109 4136 954)
1144 4070 1201 4120 et
1229 4065 1381 4135 aliis,
1442 4082 1667 4121 necnon
1726 4083 1759 4120 a
1815 4064 2003 4136 poetis

354 4158 729 4213 decantatum
760 4160 871 4211 est.
907 4156 1273 4227 Quaprepter
1320 4154 1433 4209 haec
1468 4154 1708 4221 Horatii,
1742 4170 1869 4224 quin
1931 4156 2003 4209 ad

355 4244 705 4301 Tertulliani
735 4242 1101 4317 propositum
1137 4244 1325 4315 magis
1358 4244 1716 4312 conducunt,
1741 4243 2006 4299 carmina

359 4336 575 4392 citasse
605 4334 749 4390 satis
781 4333 892 4389 erit
923 4348 937 4387 :

545 4451 689 4500 Ausa
717 4452 770 4499 et
791 4449 1077 4512 jacentemg
1098 4447 1272 4496 visere
1304 4448 1528 4511 regiam,

544 4512 701 4563 Vultu
734 4510 928 4560 sereno
960 4510 1129 4569 fortis,
1160 4514 1212 4560 et
1241 4510 1460 4572 asperas

603 4577 847 4626 Tractare
877 4578 1172 4635 serpentes,
1207 4578 1267 4622 ul.
1293 4578 1467 4622 atrum

700 4638 933 4699 Corpore
964 4637 1291 4685 combiberat
1323 4649 1608 4686 venenum.

548 4700 852 4751 Deliberata
880 4704 1053 4749 morte
1082 4699 1349 4760 ferocior;

548 4764 715 4817 Suavis
744 4764 988 4813 Liburnis
1018 4763 1222 4812 scilicet
1252 4761 1498 4811 invidens

612 4827 825 4875 Privata
853 4825 1045 4875 deduci
1072 4825 1307 4888 superbo

704 4891 821 4939 Non
856 4888 1071 4939 humilis
1098 4885 1292 4937 mulier
1321 4885 1609 4950 triumpho.

618 4970 822 5031 (Horat.
853 4969 945 5019 lib.
977 4984 996 5018 ι
1030 4967 1259 5021 Carmin.
1290 4967 1376 5019 od.
1408 4969 1487 5031 37,
1517 4982 1568 5017 v.
1604 4969 1664 5018 25
1699 4970 1752 5018 et
1781 4969 1951 5032 seqq.)

370 5077 565 5134 Altera
596 5092 768 5149 porro
798 5076 1012 5131 mulier
1047 5075 1548 5147 Carthaginensis,
1609 5098 1638 5126 «
1687 5077 2015 5133 Asdrubale

371 5166 607 5233 marito,
641 5165 724 5221 ait
764 5164 1189 5230 Tertullianus,
1221 5164 1280 5218 in
1338 5164 1613 5220 extremis
1643 5167 1844 5237 patriis
1878 5184 2015 5223 cen-

368 5256 621 5314 stantior
654 5278 673 5304 -
712 5252 969 5325 (Tertull.
1002 5253 1103 5308 lib.
1137 5271 1156 5307 I
1184 5252 1257 5308 ad
1287 5254 1511 5308 Nation.
1544 5270 1595 5308 c.
1628 5255 1715 5316 l8.
1750 5272 1806 5327 p.
1866 5257 2016 5329 584),

368 5347 514 5417 sive,
548 5348 614 5401 ut
642 5343 785 5401 alibi
816 5342 981 5411 dixit,
1011 5364 1040 5393 «
1066 5343 1188 5413 jam
1221 5342 1461 5398 ardente
1482 5343 1855 5416 Carthagine,
1885 5362 2017 5402 cum

371 5436 653 5496 maritum
685 5449 861 5490 suum
895 5431 1220 5506 supplicem
1267 5430 1526 5503 Scipioni
1582 5431 1823 5503 videret,
1885 5452 2020 5492 cum

375 5527 515 5585 ﬁliis
545 5525 671 5582 suis
716 5524 775 5579 in
807 5522 1146 5579 incendium
1178 5520 1377 5595 patria:
1423 5520 1709 5579 devolavit
1758 5544 1785 5574 «
1814 5523 2021 5596 (Idem,

380 5616 453 5676 ad
485 5618 719 5689 Martyr.
751 5630 878 5686 cap.
912 5614 990 5684 4).
1020 5615 1162 5670 Cum
1196 5611 1353 5670 enim
1412 5610 1747 5672 rescivisset
1806 5616 2022 5673 Asdru-

660 5745 921 5803 Psraoa.
969 5740 1018 5801 Ι.

2097 500 2307 564 trasse,
2342 510 2523 566 seque
2556 494 2625 548 ab
2663 510 2729 549 ee
2787 492 3147 559 derelictam,
3182 493 3241 548 in
3287 493 3542 550 incensas
3589 493 3755 551 urbis

2099 584 2265 657 ignes
2296 601 2358 640 se
2390 600 2523 639 cum
2579 582 2715 639 ﬁliis
2762 582 3035 653 injecisse
3087 587 3467 639 memoratur.
3518 582 3755 640 Videris

2100 674 2389 733 Valerium
2423 674 2738 729 Maximum
2781 673 2907 743 (lib.
2959 690 3043 741 III,
3094 690 3221 746 cap.
3257 675 3293 727 2
3340 675 3578 730 Extent.
3613 674 3642 748 §
3672 675 3750 745 8).

2100 762 2365 836 aliosque
2397 763 2710 819 historicos
2742 764 3081 834 scriptores.

2171 854 2280 909 Tot
2310 857 2507 909 autem
2539 869 2671 908 cum
2702 855 2957 907 virorum
2985 858 3110 907 tum
3135 851 3448 908 mulierum
3475 852 3755 925 exemplis

2103 947 2254 1000 recte
2286 942 2687 998 Tertullianus
2723 942 3091 997 demonstrat
3120 940 3501 1009 Christianas,
3535 941 3645 997 sibi
3680 942 3753 998 ob

2101 1031 2287 1086 solam
2323 1030 2662 1103 religionem
2698 1030 2860 1086 illata
2908 1032 2980 1085 ab
3012 1030 3263 1086 ethnicis
3324 1034 3511 1086 morte
3570 1031 3747 1087 luben

2100 1120 2332 1176 tissime
2365 1121 2560 1175 animo
2594 1120 3033 1184 occumbentes,
3066 1120 3138 1175 ab
3171 1118 3265 1174 his
3310 1136 3616 1191 perperam
3651 1120 3754 1176 de-

2103 1209 2334 1265 mentiae
2361 1213 2416 1264 et
2441 1209 2869 1281 desperationis
2900 1208 3340 1266 accusari.Nam
3360 1210 3612 1265 summis
3641 1208 3756 1265 illis

2102 1297 2377 1354 laudibus
2410 1302 2466 1353 et
2496 1298 2785 1353 honorum
2820 1296 3005 1352 titulis
3038 1313 3175 1353 suos
3209 1296 3493 1353 hactenus
3530 1313 3753 1353 meme-

2103 1393 2260 1444 rates
2292 1386 2695 1444 cumulabant.
2730 1390 2803 1441 At
2832 1386 3002 1457 longe
3036 1386 3358 1456 majoribus
3390 1386 3553 1458 digni
3585 1390 3754 1443 erant

2103 1475 2418 1531 Christiani
2452 1480 2759 1547 martyres,
2794 1474 2893 1546 qui
2925 1489 3037 1530 non
3072 1475 3304 1529 caducas
3337 1490 3615 1546 vanazque
3646 1473 3750 1530 he-

2104 1564 2332 1620 minum
2387 1564 2585 1637 glorias
2646 1564 2968 1636 captandas,
3012 1564 3114 1618 sed
3176 1567 3403 1618 aeternae
3458 1562 3754 1620 felicitatis

2103 1655 2506 1725 comparanda)
2548 1670 2742 1720 causa,
2780 1652 3082 1708 horrendis
3109 1651 3278 1724 plane
3301 1652 3657 1708 cruciatibus
3690 1669 3753 1709 se

2103 1741 2503 1797 excarniﬁcari
2534 1741 2752 1797 mirum
2784 1739 2955 1813 plane
2988 1740 3047 1797 in
3088 1741 3324 1796 modum
3359 1741 3751 1812 patiebantur.

2109 1831 2635 1887 Pcrsuasissimum
2679 1830 2968 1901 siquidem
3028 1830 3319 1886 habebant
3350 1846 3413 1886 se
3459 1829 3736 1903 martyrio

2106 1921 2525 1993 sempiternam
2568 1920 2994 1976 beatitudinem
3025 1923 3462 1975 consecuturos.
3493 1920 3602 1976 Sed
3635 1919 3692 1975 id
3716 1936 3749 1974 a

2106 2010 2277 2067 nobis
2308 2009 2481 2082 paulo
2513 2008 2820 2067 enodatius
2850 2007 3263 2081 explicandum
3294 2011 3403 2065 est.

2708 2166 3025 2207 ARTICULUS
3068 2166 3145 2206 ιν.

2104 2259 2287 2329 Quam
2316 2259 2606 2330 perspicue
2636 2259 3001 2313 Tertullianus
3053 2256 3240 2330 doceat
3268 2257 3607 2330 martyrium
3634 2272 3751 2313 esse

2177 2328 2473 2384 secundum
2504 2330 2799 2401 baptisma,
2833 2344 2934 2399 quo
2965 2332 3076 2384 tota
3105 2329 3201 2384 Dei
3238 2328 3431 2398 gratia
3456 2328 3755 2401 redimitur

2178 2402 2334 2456 914
2358 2398 2796 2472 peccata'omnia
2825 2398 3203 2467 remittuntur,
3245 2417 3309 2455 ac
3352 2398 3624 2471 praelium
3681 2416 3754 2456 ex

2180 2490 2284 2544 quo
2331 2475 2557 2528 victores
2612 2474 2938 2540 Christiani,
2987 2472 3429 2544 patmalagveste
3464 2473 3670 2541 ornati,
3702 2475 3756 2528 et

2179 2543 2515 2617 triumphali
2542 2561 2712 2603 curru
2743 2547 2801 2601 in
2827 2544 3153 2617 paradisum
3183 2543 3477 2600 vehuntur.

2180 2672 2427 2727 Maxima
2459 2671 2735 2743 profecto,
2769 2669 2941 2726 sicuti
2972 2669 3248 2739 vidimus,
3282 2673 3337 2725 et
3384 2668 3546 2725 omni
3577 2667 3752 2725 laude

2110 2764 2299 2832 major
2331 2760 2443 2816 fuit
2476 2759 2861 2816 invictissime
2901 2763 3223 2831 martyrum
3281 2759 3581 2827 fortitudo,
3640 2775 3761 2830 qua

2109 2854 2405 2922 acceptam
2439 2867 2472 2904 a
2499 2848 2728 2906 Christo
2762 2848 3101 2921 religionem
3133 2866 3241 2904 suo
3285 2851 3596 2921 sanguine,
3627 2852 3757 2904 tan-

2112 2956 2288 3012 quam
2318 2938 2551 3011 publice
2583 2937 2798 3010 sigillo,
2835 2938 3240 3010 ebsignarunt.
3271 2940 3343 2992 At
3371 2955 3438 2993 eo
3495 2953 3637 2993 sane
3683 2935 3751 2991 li-

2109 3028 2345 3084 bentius
2377 3027 2545 3082 illum
2578 3027 2984 3099 profuderunt,
3032 3042 3147 3098 quo
3205 3026 3422 3081 certius
3475 3029 3758 3082 noverant

2111 3117 2231 3172 fere
2262 3121 2327 3172 ut
2357 3115 2635 3189 martyrio
2668 3132 2901 3171 omnem
2936 3113 3035 3170 Dei
3065 3113 3337 3186 gratiam,
3371 3114 3758 3185 omniumque

2109 3204 2338 3261 veniam
2373 3208 2745 3277 peccatorum
2778 3202 3383 3275 adipiscerentur.Cur
3413 3201 3569 3259 enim
3600 3202 3759 3258 Chri-

2110 3294 2338 3350 stianus
2370 3299 2488 3349 tam
2540 3292 2811 3348 ardenter
2855 3291 3201 3363 martyrium
3250 3291 3536 3363 optabat?
3568 3296 3640 3347 Ut
3668 3307 3756 3363 eo,

2110 3383 2303 3455 inquit
2332 3382 2753 3452 Tertullianus,
2789 3404 2817 3432 «
2850 3380 2948 3437 Dei
2980 3385 3161 3435 totam
3210 3381 3457 3452 gratiam
3490 3379 3759 3453 redimat,

2110 3477 2175 3528 ut
2203 3488 2439 3528 omnem
2472 3472 2700 3526 veniam
2734 3471 2807 3526 ab
2839 3487 2905 3527 eo
2937 3468 3417 3541 compensatione
3448 3469 3762 3542 sanguinis

2110 3561 2201 3618 sui
2234 3561 2504 3633 expediat
2535 3581 2556 3611 ι
2590 3559 2855 3632 (Tertull,
2888 3559 3164 3631 Apotoget.
3189 3559 3416 3630 cap.50,
3446 3575 3576 3631 pag.
3609 3558 3758 3631 330).

2110 3651 2414 3707 Rationem
2446 3651 2496 3705 si
2527 3648 3087 3722 expestules,statim
3120 3648 3496 3719 respondebit
3528 3665 3541 3705 :
3581 3669 3609 3699 «
3632 3651 3767 3704 Om-

2111 3740 2210 3795 nia
2238 3740 2394 3796 enim
2425 3739 2563 3794 huic
2592 3737 2986 3811 operidelicta
3014 3737 3367 3794 donantur.»
3401 3737 3528 3793 Alio
3560 3742 3756 3793 autem

2111 3829 2168 3884 in
2194 3829 2340 3885 libro
2372 3831 2535 3884 decet
2567 3827 2712 3883 illud
2745 3827 3069 3883 secundum
3126 3842 3256 3882 esse
3302 3825 3618 3897 baptisma,
3651 3842 3763 3897 quo

2111 3920 2299 3991 gratia
2330 3918 2429 3974 Dei
2479 3918 2750 3983 donatur,
2805 3917 3121 3986 omniaque
3181 3920 3439 3987 peccata,
3482 3918 3617 3970 ante
3663 3931 3762 3970 sa-

2113 4008 2515 4064 cratissimum
2548 4006 2695 4062 illud
2718 4022 2883 4077 aqua:
2906 4003 3202 4059 lavacrum
3236 4002 3575 4069 commissa,
3596 4002 3766 4073 plane

2115 4099 2470 4169 penitusque
2501 4096 2901 4152 remittuntur.
2939 4094 3050 4149 Sed
3084 4092 3301 4164 ipsum,
3334 4092 3384 4148 si
3420 4091 3627 4164 placet,
3678 4090 3765 4147 le-

2115 4190 2393 4257 quentem
2437 4185 2631 4240 adhuc
2688 4182 3002 4238 audiamus
3038 4197 3050 4236 :
3086 4204 3113 4232 «
3148 4182 3248 4236 Est
3303 4181 3542 4252 quidem
3595 4180 3766 4238 nobis

2115 4273 2290 4329 etiam
2324 4273 2649 4330 secundum
2683 4272 3004 4332 lavacrum.
3040 4286 3225 4325 unum
3269 4274 3325 4325 et
3355 4269 3576 4342 ipsum,
3626 4286 3770 4326 san-

2116 4363 2316 4435 guinis
2342 4362 2572 4418 scilicet
2599 4362 2728 4433 (hoc
2758 4364 2848 4416 est
2882 4358 3271 4431 martyrii),de
3299 4376 3411 4429 quo
3447 4358 3765 4415 Dominus:

2118 4453 2334 4520 Habeo,
2363 4452 2575 4523 inquit,
2610 4449 2904 4521 baptismo
2937 4448 3151 4521 tingui,
3184 4465 3318 4503 cum
3375 4448 3501 4519 jam
3552 4447 3773 4504 tinctus

2038 4526 2082 4591 D
2116 4542 2439 4598 fuisset.....
2476 4541 2592 4596 Hos
2624 4541 2771 4595 duos
2802 4538 3129 4610 baptismes
3160 4538 3230 4593 de
3260 4536 3496 4593 vulnere
3528 4537 3777 4610 perfossi

2118 4630 2316 4686 lateris
2368 4629 2585 4697 emisit,
2639 4632 2929 4701 quatenus
2985 4627 3085 4699 qui
3134 4627 3195 4683 in
3246 4628 3597 4700 sanguinem
3646 4629 3776 4699 ejus

2119 4721 2442 4789 crederent,
2492 4736 2646 4790 aqua
2692 4717 3066 4784 lavarentur;
3114 4718 3215 4788 qui
3272 4735 3428 4789 aqua
3474 4716 3774 4789 iuvissent,

2120 4810 2298 4867 etiam
2332 4809 2682 4881 sanguinem
2714 4811 3001 4880 potarent.
3033 4806 3136 4863 Hic
3168 4810 3256 4863 est
3309 4807 3641 4879 baptismus
3674 4808 3776 4881 qui

2120 4900 2437 4967 lavacrum,
2469 4902 2526 4955 et
2556 4915 2671 4955 non
2729 4902 3036 4970 acceptum
3068 4901 3468 4969 repraesentat,
3528 4901 3585 4955 et
3643 4915 3773 4970 per-

2123 4990 2312 5045 ditum
2364 4988 2558 5044 reddit
2607 5007 2634 5040 ι)
2694 4987 2899 5058 (Idem,
2954 4985 3019 5042 de
3066 4988 3337 5058 Baptism.
3371 5002 3498 5059 cap.
3550 4987 3661 5058 i6).
3708 4989 3777 5042 At

2122 5079 2267 5135 illud
2299 5079 2370 5135 ab
2401 5094 2467 5135 eo
2498 5080 2789 5133 assertum
2822 5076 3076 5133 vidimus
3107 5076 3313 5149 (supra
3342 5093 3391 5132 ο.
3429 5076 3516 5147 11,
3549 5079 3659 5131 art.
3692 5076 3774 5147 5),

2124 5168 2625 5240 quemadmodum
2677 5183 2712 5222 a
2760 5165 3051 5238 discipulo
3100 5166 3229 5236 ejus
3297 5164 3605 5236 Cypriane,
3675 5164 3778 5235 qui

2126 5263 2404 5331 praeterea
2432 5258 2715 5328 majorem
2748 5255 2949 5326 hujus,
3001 5271 3180 5325 quam
3214 5253 3422 5326 prioris
3473 5251 3779 5324 baptismi,

2128 5347 2377 5420 gratiam
2410 5346 2501 5401 his
2550 5345 2739 5401 verbis
2798 5344 2989 5416 palam
3044 5343 3368 5415 praedicat;
3433 5364 3455 5391 ι
3519 5341 3781 5399 Primum

2129 5437 2428 5510 baptisma
2458 5435 2834 5491 credentibus
2876 5431 3168 5501 dedimus,
3228 5433 3296 5487 ad
3341 5430 3500 5487 aliud
3549 5446 3785 5504 quoque

2131 5525 2395 5599 singulos
2427 5540 2821 5598 praeparemus
2870 5520 3237 5578 insinuantes
3268 5523 3326 5576 et
3372 5521 3645 5578 decentes
3678 5521 3787 5579 hoe

2134 5632 2270 5674 esse
2298 5614 2594 5687 baptisma
2624 5613 2681 5670 in
2715 5609 2906 5684 gratia
2940 5608 3158 5681 majus,
3191 5608 3248 5666 in
3282 5611 3571 5681 potestate
3601 5608 3787 5669 subli-

3428 5740 3507 5800 34
