4162 6382
384 312 387 315 '
444 292 601 354 1067

958 284 1481 349 TERTULLIANI
1526 281 1849 346 OPERUM
1894 280 2096 340 PARS
2140 279 2291 339 1.-
2328 278 2596 341 SERIES
2639 280 2686 354 Ι,
2734 281 3301 343 APOLOGETICA.

3679 284 3703 342 1
3718 282 3848 344 068

444 425 624 494 mlus,
656 423 716 478 in
746 422 965 478 honore
996 417 1346 492 pretiosius;
1379 415 1675 487 baptisma
1719 413 1776 468 in
1826 427 1940 485 quo
1970 426 2074 467 an-
2104 412 2160 480 Α
2190 412 2403 481 praada,
2454 413 2719 469 omnium
2778 414 3033 486 profecto
3093 414 3370 485 maxima,
3428 414 3840 486 potiebantur;

443 513 555 588 geli
585 510 907 584 haptizant,
948 505 1241 579 baptisma
1272 505 1325 560 in
1365 520 1480 577 quo
1511 504 1665 559 Deus
1705 505 1765 557 et
1812 499 2083 555 Christus

445 606 572 676 ejus
598 599 930 665 exsultant;
975 596 1293 667 baptisma,
1338 597 1473 665 post
1521 592 1675 663 quod
1740 605 1911 646 nemo
1953 589 2079 660 jam

445 694 689 767 peccat:
722 686 1033 760 baptisma,
1081 684 1233 755 quod
1292 682 1423 737 ﬁdei
1483 685 1693 737 nostra:
1725 679 2080 733 incrementa

444 780 852 843 consummat;
886 773 1203 845 baptisma,
1238 771 1389 844 quod
1425 786 1530 825 nos
1562 770 1632 824 de
1666 769 1883 823 mundo
1924 781 2080 821 rece-

445 870 672 933 dentes,
704 863 902 921 statim
932 863 1048 919 Deo
1080 859 1333 932 copulat.
1370 860 1431 914 In
1464 874 1626 930 aquis
1657 856 1949 928 baptismo
1980 871 2079 909 ac-

444 957 661 1029 cipitur
688 957 1059 1026 peccatorum
1098 948 1389 1015 remissio,
1426 948 1484 1002 in
1517 946 1825 1017 sanguinis
1864 959 2079 999 corona

442 1046 726 1102 virtutum
758 1063 785 1091 »
810 1039 1099 1112 (Cyprian.
1132 1037 1197 1092 de
1226 1036 1806 1105 Exhortat.martyr.).
1840 1030 2078 1087 Brevius

440 1150 573 1190 vero
604 1131 746 1187 alibi
779 1147 791 1184 :
826 1152 852 1179 «
887 1126 1205 1197 Numquid,
1239 1125 1449 1195 inquit,
1484 1129 1671 1194 potest
1692 1122 1776 1176 vis
1800 1119 2076 1193 baptismi

441 1239 570 1279 esse
626 1220 815 1290 major
868 1222 969 1272 aut
1026 1214 1237 1287 potior,
1296 1229 1473 1283 quam
1532 1210 1837 1277 confessio,
1900 1225 2075 1279 quam

441 1310 657 1384 passio,
690 1315 754 1364 ut
804 1306 937 1377 quis
990 1319 1184 1358 coram
1241 1299 1577 1356 hominibus
1623 1299 1991 1363 conﬁteatur,
2022 1300 2079 1384 et

440 1362 725 1471 :angui’ne
753 1362 859 1451 sub
888 1391 1212 1463 baptizatur
1242 1411 1269 1437 ››
1303 1386 1864 1457 (Idem,epist.73,ad
1892 1362 2076 1454 Jub.)?

439 1490 655 1544 Eadem
688 1484 784 1540 ille
814 1482 954 1538 alibi
983 1478 1193 1550 repetit
1238 1477 1435 1548 (epist.
1488 1477 1595 1542 55;
1646 1475 1747 1529 lib.
1807 1476 1870 1530 de
1924 1473 2073 1530 Orat.

440 1577 710 1645 Domin.),
752 1588 875 1645 quae
935 1569 1244 1625 conﬁrmat
1296 1564 1665 1636 Augustinus
1696 1563 1819 1634 (lib.
1882 1579 1983 1618 xm
2013 1564 2077 1618 de

442 1667 602 1724 Civit.
638 1679 765 1734 cap.
814 1661 891 1731 7),
945 1656 1044 1712 ubi
1100 1653 1276 1710 variis
1331 1653 1637 1723 Scripturae
1686 1668 1862 1707 sacrm
1888 1653 2076 1707 verbis

441 1752 697 1812 ostendit
714 1754 946 1805 tantum
969 1744 1158 1800 valere
1176 1741 1838 1840 martyrium,quantum
1870 1740 2075 1840 siquis
2105 1774 2153 1840 Β

444 1858 609 1900 sacro
641 1834 1012 1910 baptismatis
1030 1834 1185 1888 fonte
1208 1828 1655 1887 ablueretur.lhi
1686 1846 1818 1885 vero
1852 1828 2070 1899 adjicit:

446 1954 475 1983 «
508 1929 654 1995 Quid
687 1926 843 1982 enim
874 1922 1207 1995 pretiosius,
1240 1934 1416 1990 quam
1449 1933 1629 1987 mors,
1664 1934 1767 1989 per
1805 1934 1980 1989 quam
2013 1918 2078 1973 ﬁt

445 2024 512 2075 ut
540 2022 598 2074 et
626 2015 838 2072 delicta
866 2010 1063 2068 omnia
1092 2008 1486 2075 dimittantur,
1517 2011 1573 2062 et
1616 2006 1822 2062 merito
1868 2021 2075 2062 cumu-

442 2108 619 2164 latius
635 2098 1003 2176 augeantur?
1025 2121 1053 2148 ‹‹
1076 2095 1418 2152 Ambrosius
1442 2099 1635 2150 autem
1666 2094 1927 2166 pressius
1948 2096 2076 2150 Ter~

444 2191 677 2251 tulliani
707 2190 891 2246 nostri
937 2184 1181 2257 vestigia
1208 2188 1446 2239 secutus
1476 2187 1565 2238 est
1595 2200 1608 2238 :
1636 2206 1663 2232 «
1700 2182 1821 2239 Non
1869 2199 2074 2251 unum,

445 2283 657 2354 inquit,
684 2283 775 2336 est
802 2272 1137 2349 baptisma?
1167 2272 1359 2328 Unum
1408 2280 1513 2341 est,
1565 2271 1719 2342 quod
1768 2271 1862 2326 hic
1900 2271 2078 2326 tradit

443 2370 721 2436 Ecclesia,
753 2383 854 2439 per
882 2380 1096 2438 aquam
1126 2366 1183 2419 et
1210 2360 1493 2434 Spiritum
1524 2364 1813 2427 sanctum,
1860 2360 1931 2415 de
1961 2377 2075 2431 quo

443 2461 584 2517 dicit
613 2457 896 2516 Dominus
917 2454 1093 2510 Jesus
1137 2468 1151 2507 :
1211 2451 1491 2522 Baptisma
1546 2450 1717 2504 habeo
1774 2448 2073 2521 baptizari,

440 2549 582 2623 quod
609 2564 699 2603 vos
727 2545 969 2601 nescitis.
1004 2542 1213 2611 Utique
1235 2540 1362 2611 jam
1393 2538 1720 2609 baptizatus
1744 2537 1801 2592 in
1823 2538 2076 2594 Jordane

441 2641 652 2707 fuerat,
700 2634 853 2691 sicut
899 2629 1203 2702 superiora
1262 2626 1559 2682 declarant
1610 2642 1623 2680 :
1673 2627 1774 2682 sed
1823 2626 1899 2682 sit
1965 2627 2074 2683 hoc

440 2726 801 2798 baptismum
864 2716 1178 2793 passionis,
1243 2732 1358 2787 quo
1407 2715 1582 2771 etiam
1632 2715 1918 2787 sanguine
1965 2732 2074 2772 suo

440 2812 850 2885 unusquisque
878 2808 1026 2865 975
1062 2806 1382 2861 mundatur
1411 2825 1440 2854 »
1470 2803 2077 2877 (Ambros.Exposit.in

435 2903 579 2976 psal.
610 2916 803 2965 cxvm,
834 2914 1014 2954 serm.
1049 2896 1102 2965 3,
1134 2896 1161 2963 §
1194 2893 1299 2966 14).
1333 2892 1443 2948 Sed
1476 2892 1546 2947 de
1588 2892 1680 2948 his
1710 2892 1880 2964 plura
1917 2894 2072 2966 apud

444 2990 737 3060 theologos
786 2984 1166 3044 scholasticos
1231 2980 1346 3053 legi
1411 2986 1659 3053 possunt
1725 2981 1806 3053 (in
1864 2982 1965 3038 lib.
2016 2999 2074 3037 ιν

442 3080 687 3137 Sentent.
717 3076 851 3132 dist.
886 3075 938 3143 4,
972 3078 1028 3129 et
1057 3073 1116 3126 in
1146 3070 1352 3126 Summ.
1385 3068 1445 3127 S.
1491 3070 1778 3137 Thommae,
1809 3074 1958 3142 part.
1983 3087 2068 3142 ιιι,

442 3172 648 3241 quiest.
678 3167 770 3232 66,
802 3168 910 3221 art.
946 3162 1052 3235 11).

513 3277 865 3331 Persuasum
897 3269 1077 3341 igitur
1104 3265 1452 3323 Christianis
1486 3265 1717 3337 penitus
1748 3270 1873 3320 erat
1922 3283 2076 3321 nun-

443 3378 621 3435 quam
652 3361 933 3431 majorem
965 3374 1028 3413 se
1065 3357 1136 3411 de
1165 3354 1549 3420 daemonibus,
1572 3358 1797 3408 (sternte
1829 3371 1946 3410 suae
1980 3372 2079 3410 sa-

440 3453 583 3507 lutis
603 3444 1267 3515 osorihus,triumphum
1298 3459 1675 3514 agere,quam
1697 3458 1830 3497 cum
1858 3444 2078 3499 ethnici

442 3536 718 3609 malignis
743 3534 979 3590 illorum
1022 3531 1493 3602 instigationibus
1543 3532 1869 3597 subornati,
1918 3533 2078 3603 ipsos

442 3630 678 3699 propter
704 3622 917 3680 Christi
931 3620 1355 3676 confessionem
1384 3619 1841 3674 interﬁciebant:
1881 3638 1903 3666 ι
1930 3621 2077 3676 Nam

441 3716 595 3782 illos,
628 3713 710 3769 ait
738 3716 956 3765 Auctor
988 3714 1204 3775 noster,
1238 3723 1541 3777 nunquam
1576 3707 1764 3778 magis
1789 3708 2079 3764 detrium-

444 3804 719 3876 phamus,
751 3814 926 3871 quam
960 3813 1093 3851 cum
1126 3812 1227 3866 pro
1260 3796 1393 3849 ﬁdei
1438 3794 1826 3849 obstinatione
1858 3818 1887 3844 ››
1916 3798 2078 3866 (Ter-

442 3892 571 3947 tull.
602 3890 882 3962 Apologet.
927 3902 1053 3956 cap.
1086 3886 1177 3950 27,
1208 3901 1263 3955 p.
1315 3884 1462 3953 434),
1517 3900 1619 3937 seu
1674 3886 1983 3953 constanti,
2017 3890 2082 3942 ut

444 3979 619 4053 paulo
685 3982 821 4033 ante
886 3975 1245 4037 dicebamus,
1314 3972 1642 4042 invictaque
1720 3974 2076 4047 defensione,

448 4089 479 4120 «
507 4070 879 4124 damnamur.
914 4086 943 4113 »
975 4062 1113 4128 Quis
1147 4068 1364 4130 autem,
1387 4065 1444 4115 et
1472 4077 1649 4132 quam
1682 4062 1971 4132 gloriosus
2003 4065 2081 4120 sit

442 4156 542 4213 ille
596 4154 1061 4211 Christianorum
1112 4150 1466 4221 triumphus,
1518 4149 1673 4204 hunc
1721 4149 1973 4222 explicat
2017 4152 2077 4207 in

443 4246 683 4302 modum
716 4259 730 4300 :
763 4244 1026 4297 Praelium
1052 4249 1133 4296 est
1172 4240 1352 4308 nobis,
1383 4240 1522 4311 quod
1569 4238 1912 4294 Christianas
1944 4258 2075 4312 pro-

440 4332 713 4390 fessionis
742 4330 1018 4397 accusati,
1049 4343 1403 4401 provocamus
1432 4327 1504 4383 ad
1542 4326 1853 4399 gentilium
1896 4329 2079 4384 tribu-

439 4423 719 4489 nalia;ut
748 4421 866 4476 illic
918 4418 1016 4473 sub
1073 4418 1392 4472 discrimine
1446 4417 1643 4487 capitis
1697 4432 1795 4486 pro
1850 4417 2076 4472 veritate

2191 502 2672 573 quandoquidem
2729 518 2795 558 ea
2848 505 3108 567 victoria,
3168 503 3255 557 uti
3295 503 3378 558 ait
3406 502 3841 571 Tertullianua,

2189 589 2349 644 habet
2378 594 2427 644 et
2451 592 2689 661 gloriam
2715 593 2982 663 placendi
3004 592 3132 664 Deo,
3162 596 3213 648 et
3239 591 3486 664 przdam
3518 592 3742 648 vivendi
3773 594 3842 649 in

2187 687 2461 735 aeternum
2494 681 2699 751 (ibid.).
2734 683 2810 737 Eo
2842 686 3039 737 autem
3073 682 3322 738 fortasse
3355 682 3543 752 major
3580 681 3843 753 gratior-

2190 784 2303 839 que
2334 767 2455 823 hisc
2487 770 2679 840 praeda
2707 770 2819 841 ipsi
2849 770 3184 839 videbatur,
3238 770 3414 841 quod,
3468 770 3624 825 sicut
3653 786 3845 842 supra

2188 855 2599 913 adnotavimus
2630 858 2784 930 (sup.
2835 875 2886 913 ο.
2941 859 3027 926 11,
3060 862 3170 914 art.
3222 858 3300 929 5),
3351 857 3652 913 existimat
3684 858 3839 914 illud

2188 943 2485 1000 felicitatis
2516 950 2740 1001 internae
2773 947 3104 1019 prazmium,
3153 945 3286 1002 aliis
3333 946 3515 1017 justis
3561 946 3838 1016 dilatum,

2187 1032 2404 1087 sanctis
2453 1035 2809 1107 martyribus
2860 1036 3057 1092 statim
3116 1039 3251 1107 post
3319 1038 3567 1091 mortem
3625 1051 3839 1090 exces-

2187 1136 2431 1193 sumque
2463 1139 2637 1177 suum
2670 1123 2939 1179 conferri.

2257 1210 2404 1275 Quin
2437 1211 2613 1266 etiam
2648 1218 2762 1266 tam
2794 1212 3083 1284 insignem
3114 1211 3484 1284 triumphum
3507 1212 3577 1267 de
3606 1213 3837 1268 mundo

2186 1301 2240 1351 et
2271 1298 2499 1354 diabolo
2558 1301 2869 1371 agentibus
2902 1318 3014 1356 non
3074 1302 3273 1356 deerat
3327 1300 3832 1373 triumphantium

2184 1386 2441 1457 habitus,
2474 1389 2650 1443 vestis
2691 1389 2961 1460 palmata,
2993 1394 3051 1444 et
3081 1406 3311 1444 currus.
3372 1389 3483 1445 Sed
3534 1406 3832 1460 quaenam,

2186 1479 2377 1546 putas,
2419 1476 2541 1531 haec
2598 1483 2765 1532 erant
2816 1477 3311 1549 triumphantium
3363 1481 3686 1549 martyrum
3734 1479 3837 1533 in-

2184 1564 2376 1635 signia
2391 1565 2418 1619 ‘t
2435 1565 2587 1619 Nihil
2604 1569 2756 1621 certe
2776 1567 3175 1638 minus,quam
3196 1567 3589 1622 Romanorum
3609 1568 3833 1622 ducum

2185 1655 2242 1707 et
2272 1652 2711 1723 imperatorum.
2744 1654 2887 1708 Nam
2923 1670 3056 1709 cum
3088 1655 3159 1709 ad
3192 1653 3421 1709 dimidii
3450 1653 3598 1723 axis,
3616 1654 3687 1709 de
3713 1671 3835 1726 quo

2186 1739 2359 1810 paulo
2404 1744 2592 1807 antea,
2645 1740 2903 1812 stipitem
2951 1740 3063 1795 vivi
3121 1744 3429 1809 exurimus,
3482 1743 3572 1796 hic
3616 1750 3715 1805 est,
3749 1743 3839 1797 ait

2183 1826 2600 1897 Tertullianua,
2632 1829 2851 1885 habitus
2881 1831 3121 1885 victoriae
3157 1833 3380 1897 nostra,
3418 1830 3537 1887 haec
3574 1830 3839 1901 palmata

2184 1918 2385 1987 vestis;
2417 1918 2521 1972 tali
2563 1934 2731 1973 curru
2785 1918 3195 1990 triumphamus
3246 1917 3509 1990 (Tertull.
3572 1919 3839 1990 Apotoaet

2182 2019 2231 2059 ο.
2263 2004 2353 2075 50,
2386 2022 2439 2076 p.
2472 2006 2619 2077 340).

2256 2094 2515 2148 Primum
2548 2098 2744 2150 autem
2776 2092 2855 2149 ibi
2888 2098 3246 2150 memoratur
3287 2094 3525 2149 habitus
3548 2094 3831 2166 victorias,

2186 2197 2301 2253 quo
2332 2181 2567 2237 nomine
2594 2182 2916 2253 generatim
2962 2182 3369 2254 signiﬁcantur
3417 2182 3615 2237 omnia
3643 2184 3832 2238 victo-

2186 2270 2304 2339 riae,
2351 2269 2471 2325 sive
2534 2270 3032 2343 triumphantium
3099 2276 3466 2337 ornamenta,
3539 2272 3830 2329 nimirum

2185 2374 2397 2415 corona
2430 2375 2623 2426 aurea,
2656 2359 2799 2415 sella
2820 2359 3064 2428 curulis,
3098 2360 3279 2431 scipio
3323 2360 3641 2427 eburneus,
3692 2365 3836 2433 toga

2186 2448 2359 2519 picta,
2390 2447 2590 2502 tunica
2642 2446 2920 2518 palmata,
2952 2452 3009 2502 et
3056 2447 3193 2514 alia,
3246 2463 3496 2520 quorum
3546 2449 3834 2519 frequens

2185 2536 2337 2608 apud
2366 2534 2558 2590 varios
2589 2536 2900 2608 scriptores
2928 2536 3147 2591 mentio
3176 2535 3331 2591 facta
3374 2540 3482 2591 est.
3514 2536 3835 2593 Brevitatis

2181 2639 2317 2679 vero
2346 2639 2519 2679 causa
2547 2622 2954 2695 praetermissis
2987 2622 3255 2695 pluribus
3284 2622 3378 2678 his
3437 2625 3831 2693 ornamentis,

2184 2712 2298 2767 duo
2328 2715 2551 2766 tautum
2589 2711 2659 2766 ab
2706 2711 2801 2768 ills
2849 2712 3203 2779 indicantur,
3250 2712 3511 2784 palmata
3541 2712 3723 2768 vestis
3768 2718 3833 2769 et

2181 2800 2558 2871 triumphalis
2588 2816 2814 2855 currus.
2847 2802 2919 2855 At
2959 2800 3155 2856 Livius
3186 2801 3255 2856 de
3298 2800 3371 2855 iis
3419 2800 3669 2873 aliisque
3717 2800 3830 2858 De-

2183 2889 2339 2944 cium
2383 2889 2717 2961 loquentem
2777 2888 2859 2943 sic
2915 2889 3183 2944 inducit:
3217 2909 3245 2939 ‹‹
3276 2888 3379 2945 Cui
3438 2890 3682 2945 deorum
3714 2889 3829 2946 ho-

2183 2976 2481 3032 minumve
2510 2976 2821 3048 indignum
2869 2976 3051 3032 videri
3084 2980 3275 3048 potest
3326 2993 3425 3032 eos
3471 2978 3625 3033 viros
3675 2994 3829 3049 quos

2182 3083 2284 3122 vos
2315 3065 2475 3121 sellis
2505 3064 2829 3136 curulibus,
2848 3068 2983 3137 toga
3009 3065 3509 3138 praetexta,tunica
3539 3056 3829 3138 palmata,

2104 3132 2147 3201 (ἶ
2188 3159 2242 3210 et
2273 3158 2406 3226 toga
2434 3154 2608 3226 picta,
2658 3158 2715 3209 et
2754 3132 2965 3210 corona
3006 3132 3347 3227 triumphali
3378 3132 3829 3226 honoraveritis,

2188 3259 2436 3316 quorum
2491 3243 2718 3308 domos,
2767 3242 2969 3315 spoliis
3014 3243 3268 3299 hostium
3302 3244 3513 3312 afﬁxis,
3562 3243 3833 3316 insignes

2187 3332 2339 3387 inter
2368 3332 2520 3387 916
2570 3331 2715 3387 alias
2764 3332 3038 3403 feceritis,
3086 3332 3445 3404 pontiﬁcalia
3499 3337 3673 3403 atque
3724 3350 3832 3388 au-

2187 3420 2413 3493 guralia
2446 3420 2701 3492 insignia
2732 3420 3002 3491 adjicere,
3023 3420 3122 3493 qui
3152 3421 3314 3477 Jovis
3345 3421 3552 3493 optimi
3582 3421 3831 3477 maximi

2187 3513 2392 3564 ornatu
2430 3509 2757 3576 decoratus,
2792 3524 2963 3564 curru
2996 3514 3199 3566 aurato
3230 3526 3332 3582 per
3354 3510 3565 3566 Urbem
3596 3516 3831 3581 vectus,

2184 3600 2245 3653 in
2277 3597 2620 3671 Capitolium
2655 3600 2987 3655 ascenderit
3039 3621 3067 3649 »
3126 3600 3266 3668 (Liv.
3328 3599 3430 3656 lib.
3462 3618 3517 3671 x,
3548 3602 3575 3669 §
3603 3601 3709 3672 7)?
3740 3602 3834 3659 Ita

2188 3691 2381 3744 autem
2414 3687 2560 3743 dixit
2590 3704 2604 3743 :
2640 3711 2667 3738 «
2701 3688 2861 3744 Jovis
2892 3693 3129 3759 ornatu,
3175 3688 3313 3759 quia
3363 3690 3829 3762 triumphantes,

2188 3776 2271 3831 uti
2304 3776 2570 3833 observat
2599 3778 2855 3844 Servius,
2890 3777 3106 3834 habent
3134 3778 3334 3834 omnia
3354 3778 3513 3834 Jovis
3545 3778 3826 3851 insignia,

2188 3872 2483 3937 sceptrum
2518 3866 2862 3937 palmatum.
2891 3868 3048 3923 Unde
3078 3867 3160 3921 ait
3188 3866 3509 3933 Juvenalis,
3541 3870 3603 3923 In
3633 3871 3831 3925 tunica

2184 3955 2331 4009 lovis
2365 3976 2385 4003 ι
2422 3954 2604 4026 (Serv.
2639 3956 2702 4009 In
2742 3954 2920 4025 eclog.
2956 3956 3042 4022 10,
3074 3972 3129 4010 v.
3158 3957 3249 4024 27,
3303 3974 3359 4028 p.
3390 3957 3505 4028 55).
3556 3957 3637 4011 De
3664 3962 3831 4013 veste

2186 4047 2381 4097 autem
2414 4042 2671 4114 palmata
2698 4047 2755 4099 et
2784 4059 2959 4099 curru
2992 4044 3071 4099 ita
3100 4043 3200 4100 ille
3229 4044 3367 4099 alibi
3402 4061 3414 4099 :
3454 4067 3475 4093 α
3508 4044 3827 4101 Sciendum

2186 4130 2390 4186 sellam
2421 4134 2683 4186 curulem
2715 4149 2748 4185 a
2778 4148 2950 4187 curru
3000 4134 3239 4199 dictam,
3291 4134 3448 4203 quod
3480 4149 3549 4189 ea
3588 4139 3829 4189 tantum

2186 4223 2523 4287 utebantur,
2557 4221 2654 4291 qui
2687 4219 3029 4291 triumphali
3062 4237 3235 4275 curru
3280 4222 3491 4277 invecti
3524 4222 3777 4278 fuissent
3812 4240 3828 4279 :

2186 4308 2341 4363 sicut
2368 4309 2545 4363 etiam
2589 4308 2843 4378 palmata
2890 4309 3107 4363 dicitur
3136 4310 3354 4378 tunica,
3407 4326 3588 4381 quam
3637 4327 3827 4366 mere-

2187 4397 2420 4463 bantur,
2472 4396 2569 4468 qui
2620 4402 3021 4467 reportassent
3069 4398 3140 4451 de
3190 4398 3455 4453 hostibus
3507 4398 3824 4468 palmam»

441 4486 704 4581 ejusdem
735 4506 1028 4580 religionis
1059 4511 1268 4561 nostra:
1295 4505 1511 4559 tuenda
1546 4510 1835 4559 certemus.
1872 4507 1932 4559 In
1966 4505 2074 4560 hoc

2185 4486 2385 4556 (idem,
2417 4487 2475 4539 in
2508 4486 2604 4541 lib.
2664 4502 2703 4540 ιι
2752 4486 2967 4540 ιΕηεὶά.
3026 4502 3082 4539 ν.
3136 4487 3263 4552 334,
3296 4504 3351 4557 p.
3410 4488 3559 4557 637).
3618 4487 3827 4543 Nonne

441 4604 634 4655 autem
670 4598 864 4669 przelio
893 4597 1183 4660 vincimus,
1219 4594 1430 4664 inquit.
1461 4609 1585 4647 cum
1614 4594 1931 4648 occidimur.
1966 4594 2072 4648 De-

442 4688 621 4757 nique
648 4703 715 4741 ex
737 4686 843 4739 hoc
880 4683 1073 4755 prmlio
1104 4684 1348 4737 victores
1378 4682 1664 4737 evadimus
1685 4698 1807 4737 cum
1855 4682 2074 4737 obduci-

442 4792 570 4830 mur
597 4775 751 4845 (ibib.
781 4790 830 4827 c.
875 4774 964 4837 50,
1002 4789 1056 4843 ρ.
1110 4772 1260 4842 530),
1320 4772 1376 4826 id
1435 4776 1543 4839 est,
1607 4772 1676 4824 ad
1717 4771 2074 4842 supplicium

444 4863 604 4919 ducti
650 4860 1054 4917 consumimur
1098 4864 1156 4915 et
1202 4860 1540 4916 occidimur.
1577 4863 1650 4914 Eo
1694 4860 1848 4915 enim
1899 4876 2075 4916 sensu

443 4954 657 5010 Auctor
686 4955 884 5005 noster
913 4949 1022 5005 hoc
1069 4949 1308 5003 verbum
1361 4949 1678 5004 obducimur
1720 4948 1797 5003 ibi
1847 4948 2078 5004 videtur

444 5041 791 5114 sumpsisse,
843 5055 958 5110 quo
1008 5026 1119 5091 alio
1169 5038 1521 5108 signiﬁcatu,
1591 5038 1673 5090 uti
1722 5036 2075 5107 videbimus,

441 5130 581 5188 alibi
611 5129 850 5199 accepit.
883 5127 1028 5193 Quia
1056 5141 1189 5181 vero
1220 5126 1533 5181 Christiani
1583 5125 1725 5179 nihil
1778 5126 1967 5195 magis
2014 5126 2073 5180 in

436 5220 587 5276 votis
616 5218 929 5282 habebant,
980 5231 1155 5286 quam
1216 5231 1317 5285 pro
1368 5214 1662 5284 religionis
1710 5229 1826 5267 sua;
1874 5214 2071 5268 defen-

435 5310 595 5365 sione
626 5306 771 5364 mori
804 5312 859 5361 et
887 5303 1189 5371 trucidari,
1218 5303 1528 5357 vincebant
1557 5302 1775 5372 utique,
1812 5317 1943 5355 cum
1976 5318 2065 5357 ne-

431 5399 733 5454 cahantur.
766 5395 911 5450 Nam
942 5394 1169 5449 victoria
1199 5396 1294 5461 est,
1319 5391 1399 5445 ait
1429 5390 1619 5445 adhuc
1649 5389 2064 5459 Tertullianus,

424 5502 524 5557 pro
553 5501 660 5558 quo
687 5485 1003 5553 certaveris,
1044 5483 1289 5537 obtinere
1330 5479 1532 5549 (ibid.).

2182 4580 2373 4628 autem
2418 4574 2496 4627 ibi
2540 4572 2734 4627 innuit
2776 4590 2904 4627 eam
2953 4575 3036 4628 sic
3081 4579 3505 4645 nuncuputam,
3558 4576 3695 4645 quia
3726 4575 3824 4629 his

2183 4662 2450 4729 dabatur,
2497 4662 2593 4731 qui
2637 4661 2892 4732 palmam
2945 4662 3330 4717 meruerant?
3360 4662 3471 4717 Alii
3506 4668 3700 4718 tamen
3734 4664 3823 4717 sic

2183 4756 2444 4805 vocatam
2478 4750 2811 4821 opinantur,
2847 4752 3000 4820 quod
3023 4750 3235 4821 palmis
3267 4757 3420 4806 esset
3451 4751 3688 4807 intexta.
3741 4752 3827 4807 De

2184 4838 2283 4893 illa
2314 4856 2481 4909 porro
2512 4839 2571 4893 hi
2601 4844 2739 4893 sunt
2770 4838 3055 4894 Martialis
3086 4856 3288 4894 versus
3322 4857 3335 4895 :

2454 4970 2491 5019 Ι.
2518 4982 2719 5036 comes.
2751 4974 2802 5019 et
2830 4983 3053 5036 magnos
3082 4970 3243 5036 illzesa
3263 4985 3468 5021 merere
3499 4972 3825 5036 triumphos,

2518 5032 2876 5094 Palmataeque
2908 5032 3121 5091 ducem,
3150 5035 3241 5083 sed
3278 5036 3381 5083 cito
3406 5034 3570 5083 redde
3598 5032 3759 5099 togas.

2739 5103 2982 5162 (Martial.
3013 5104 3107 5152 lib.
3131 5119 3218 5165 vn,
3248 5106 3572 5168 Epigramm.
3602 5105 3667 5167 Ι.)

2178 5228 2233 5281 Si
2268 5226 2398 5299 quis
2430 5226 2596 5299 plura
2625 5225 2783 5293 velit,
2816 5226 2908 5281 hic
2942 5229 3110 5283 adeat
3140 5214 3450 5285 Octavium
3486 5230 3824 5288 Ferrarium

2178 5317 2300 5389 (lib.
2334 5334 2374 5372 ιι
2403 5316 2468 5371 de
2508 5317 2579 5370 Rc
2605 5318 2827 5372 vestiar.
2879 5332 2928 5370 c.
2962 5318 3038 5387 8),
3088 5318 3295 5374 Aldum
3348 5319 3677 5375 Manutium
3735 5322 3824 5387 (de

2172 5409 2297 5475 toga
2352 5406 2621 5473 Romam),
2691 5406 2964 5459 Lazarum
3016 5406 3274 5479 Bayﬁum
3333 5409 3415 5479 (de
3464 5409 3535 5463 Re
3581 5408 3815 5466 Vestiar.

2173 5513 2221 5551 c.
2277 5495 2385 5566 10),
2436 5494 2733 5551 Albcrtum
2786 5494 3115 5549 Rubenium
3168 5496 3229 5567 (l.
3282 5514 3300 5552 ι
3343 5497 3409 5553 de
3465 5498 3537 5553 Rc
3582 5500 3814 5556 vestiar.

496 5594 565 5648 At
594 5592 705 5648 hoc
735 5590 790 5645 in
824 5587 1141 5646 certamine
1172 5586 1439 5657 victores,
1472 5588 1530 5641 et
1559 5583 1744 5657 gloria
1774 5583 1978 5655 utique
2002 5588 2059 5642 et
2170 5602 2219 5640 o.
2250 5585 2364 5655 21),
2387 5584 2486 5656 qui
2516 5584 2588 5641 de
2618 5598 2791 5640 curru
2823 5582 3169 5656 triumphali
3216 5586 3354 5644 data
3391 5601 3567 5657 opera
3601 5586 3813 5660 dispu-
