4162 6362
294 342 318 400 1
330 341 449 403 069

1227 341 1300 400 D.
1347 341 1446 402 LE
1488 340 1815 402 NOURBY
1859 338 2508 401 OBSERVATIONES
2556 342 2815 403 Νονιε.

3546 342 3705 404 1070

291 478 441 531 tant.
472 475 545 529 At
576 477 853 546 prmterea
898 476 969 530 de
1014 474 1109 531 his
1159 474 1408 545 aliisque
1445 471 1940 545 triumphantium
1970 476 2025 543 Α
2053 479 2182 528 sunt
2206 480 2259 529 et
2276 473 2637 545 odisseUbid.
2665 473 2773 530 loc.
2798 474 2940 545 cit.).
2963 477 3023 531 In
3043 474 3275 547 Rigaltii
3302 475 3555 533 editione
3579 476 3708 534 haec

292 563 626 633 insignibus
655 567 713 619 et
742 564 1105 619 ornamentis
1134 562 1374 635 poteris,
1407 562 1455 617 si
1487 562 1649 617 lubet
1678 565 1733 616 et
1753 566 1943 628 vacat,

292 653 452 709 adire
509 652 795 724 Onuphrii
850 652 1092 707 Panvini
1146 653 1211 708 de
1260 650 1547 723 Triumpho
1596 650 1836 716 librum,
1888 653 1945 705 et

292 743 513 799 Maderi
545 742 602 797 in
633 759 765 797 eum
801 742 1229 797 adnotationes.

362 832 649 887 Caeterum
682 830 853 902 longe
885 831 1073 900 major
1115 835 1241 885 erat
1283 829 1495 884 eximia
1527 829 1696 900 plane
1728 832 1944 900 marty-

290 937 423 978 rum
464 924 801 975 nostrorum
850 919 1131 991 triumphi
1166 918 1371 989 gloria.
1414 917 1621 973 Mediis
1651 917 1945 973 enimvero

289 1025 674 1066 accensorum
706 1012 1139 1064 sarmentorum
1181 1008 1459 1077 ﬂammis,
1497 1010 1777 1077 tanquam
1809 1023 1948 1079 pur-

288 1114 471 1172 purea
501 1096 875 1169 palmetaque
906 1102 1086 1164 veste,
1130 1097 1393 1168 undique
1423 1095 1739 1162 combusti,
1774 1100 1949 1167 atque

288 1188 359 1243 ad
408 1187 666 1258 stipitem
724 1185 1043 1258 palumque
1092 1186 1338 1257 alligati,
1373 1186 1508 1241 inde
1557 1184 1710 1240 sicut
1740 1184 1947 1239 trium-

286 1276 451 1348 phati
482 1279 639 1331 veste
668 1278 947 1345 etcurru,
980 1292 1095 1331 non
1124 1275 1180 1330 in
1213 1275 1586 1347 Capitolium,
1616 1275 1715 1329 sed
1749 1274 1806 1328 in
1842 1290 1945 1346 pa—

290 1366 578 1431 radisum,
640 1367 706 1419 ut
766 1380 947 1435 supra
1002 1364 1261 1419 vidimus
1319 1365 1390 1435 (c.
1455 1365 1542 1431 11,
1594 1367 1702 1419 art.
1751 1363 1828 1434 5).
1874 1364 1947 1418 de

290 1456 535 1521 mundo,
568 1455 638 1509 de
668 1456 967 1527 tyrrannis
998 1458 1054 1509 et
1082 1455 1153 1510 de
1202 1454 1435 1510 diabolo
1483 1454 1941 1527 triumphantes,

290 1544 677 1600 ducebantur.

901 1658 1131 1715 CAPUT
1170 1658 1335 1715 XVII.

287 1748 493 1818 Quibus
534 1749 887 1818 argumentis
946 1748 1316 1803 Tertullianus
1385 1747 1715 1803 demonstret
1778 1747 1941 1803 Chri-

355 1822 562 1875 stianos
593 1822 944 1891 iniquissime
971 1824 1025 1875 et
1057 1824 1247 1875 contra
1296 1820 1544 1875 omnium
1576 1821 1755 1890 legum
1790 1835 1940 1891 prae-

358 1894 568 1964 scripta
596 1894 667 1948 ab
693 1893 932 1949 ethnici:
961 1900 1181 1947 vexatos
1210 1896 1263 1946 et
1292 1892 1595 1947 trucidatos
1624 1893 1816 1962 fuisse.

822 2050 1139 2090 ARTICULUS
1180 2050 1425 2091 PRIMUS.

292 2124 516 2193 Quanta
541 2124 898 2194 perversitate
928 2123 1142 2179 ethnici
1192 2123 1556 2193 Christianos,
1587 2124 1697 2177 sibi
1724 2138 1945 2191 prorsus

360 2198 688 2268 incognitas,
718 2211 816 2250 nec
843 2196 940 2266 qui
967 2196 1218 2268 qualesve
1248 2204 1440 2261 essent,
1477 2197 1812 2266 investigare
1849 2211 1943 2249 vo-

361 2268 552 2337 lentes,
586 2267 811 2323 oderant
840 2267 1005 2337 atque
1033 2268 1468 2322 insectabantur.

361 2383 494 2446 Quae
529 2382 599 2437 de
630 2381 975 2437 Christianae
1023 2381 1324 2454 religionis
1369 2380 1606 2437 veritate
1636 2385 1693 2436 et
1723 2383 1945 2437 sancti-

290 2475 427 2539 tate,
463 2472 533 2526 de
562 2470 779 2525 divinis
832 2469 994 2526 illius
1044 2470 1414 2526 documentis
1472 2476 1530 2526 et
1575 2470 1828 2542 legibus,
1876 2471 1947 2528 de

292 2558 531 2632 optimis
563 2563 921 2614 sectatorum
974 2559 1104 2629 ejus
1136 2560 1424 2626 moribus,
1457 2559 1528 2615 de
1559 2559 1948 2616 invictissima

293 2653 621 2722 martyrum
654 2646 994 2703 fortitudine
1027 2664 1060 2703 a
1089 2648 1257 2704 nobis
1281 2648 1565 2704 hactenus
1596 2648 1751 2705 dicta
1782 2654 1946 2719 sunt,

294 2739 417 2796 haec
449 2738 597 2793 satis
628 2752 923 2809 superque
947 2738 1354 2793 demonstrant
1374 2737 1524 2793 hanc
1545 2737 1735 2810 ipsam
1758 2738 1945 2794 solam

295 2826 640 2900 religionem
679 2842 875 2881 veram
922 2842 1073 2895 esse,
1103 2832 1341 2882 cteteras
1372 2842 1503 2882 vero
1537 2843 1737 2883 omnes
1770 2828 1948 2885 falsas

298 2916 651 2989 penitusque
682 2915 1049 2986 rejiciendas.
1081 2914 1255 2971 Nulla
1285 2915 1465 2987 igitur
1503 2918 1692 2987 major
1719 2917 1947 2988 excogi-

294 3004 407 3061 tari
456 3007 649 3076 potest
696 3003 1004 3075 iniquitas,
1044 3020 1218 3075 quam
1262 3004 1593 3076 gentilium,
1636 3006 1735 3076 qui
1784 3006 1947 3060 Chri-

297 3093 519 3150 stianos
550 3096 787 3165 propter
816 3092 996 3162 hujus
1030 3092 1329 3165 religionis
1385 3110 1503 3147 sua:
1549 3093 1944 3150 defensionem

298 3199 532 3240 summa
599 3181 1028 3253 horrendaque,
1107 3182 1193 3237 uti
1266 3182 1542 3249 vidimus,
1601 3183 1949 3239 crudelitate

295 3272 603 3342 vexabant,
654 3271 1150 3327 excarnificabant
1197 3276 1254 3326 et
1312 3271 1677 3327 occidebant.
1734 3271 1944 3328 Verum

299 3358 707 3415 Tertullianus
740 3361 956 3427 noster,
991 3363 1054 3414 ut
1091 3359 1433 3415 eorumdem
1484 3359 1947 3417 Christianorum

299 3465 540 3505 causam
576 3448 908 3504 accuratius
938 3448 1229 3517 defendat,
1251 3449 1321 3504 ad
1346 3450 1461 3504 duo
1492 3449 1682 3505 adhuc
1714 3450 1950 3505 demon-

300 3538 546 3594 stranda
593 3553 909 3610 aggrersus
950 3541 1075 3605 est;
1144 3554 1210 3593 ac
1259 3538 1447 3609 primo
1501 3538 1649 3593 977
1713 3539 1948 3609 quidem

299 3626 664 3683 Christianos
695 3628 767 3682 ab
794 3626 1069 3698 ethnicis,
1102 3632 1305 3683 contra
1327 3629 1427 3699 jus
1460 3644 1631 3683 omne
1664 3628 1949 3695 naturale,

299 3714 563 3771 divinum
593 3721 648 3771 et
676 3714 1026 3783 humanum,
1062 3716 1441 3772 condemnari
1472 3733 1483 3771 :
1518 3718 1775 3773 secundo
1808 3717 1954 3774 falsa

300 3821 428 3861 esse
468 3803 718 3860 crimina
767 3804 967 3860 omnia
999 3821 1245 3876 quorum
1293 3807 1743 3874 accusabantur,
1779 3812 1954 3879 atque

297 3892 535 3949 illorum
567 3910 696 3949 reos
727 3910 925 3949 revera
953 3910 1082 3950 esse
1112 3894 1383 3966 gentiles.

369 3981 690 4038 Videamus
742 3981 939 4053 itaque
982 3982 1171 4054 primo
1203 4000 1321 4054 qua
1359 3982 1457 4039 ille
1487 3984 1710 4040 ratione
1742 3985 1950 4056 proba-

306 4069 456 4126 verit
504 4070 706 4141 primee
754 4071 1169 4142 propositionis
1208 4071 1531 4142 veritatem,
1554 4077 1611 4128 et
1641 4073 1712 4128 ad
1747 4090 1952 4128 secun-

301 4160 437 4215 dam
512 4158 723 4214 deinde
780 4159 1103 4216 veniemus.
1142 4164 1217 4215 At
1272 4159 1433 4231 hanc,
1474 4160 1685 4232 inquit,
1715 4164 1957 4233 primam

302 4264 530 4303 causam
561 4248 717 4319 apud
760 4262 868 4317 vos,
921 4248 1167 4303 Romani
1216 4248 1447 4320 imperii
1497 4250 1812 4319 antistites,
1844 4252 1955 4307 cot-

302 4338 545 4393 locamus
575 4337 889 4407 iniquitatis
919 4337 1036 4393 odii
1081 4353 1211 4407 erga
1256 4355 1455 4394 nomen
1495 4338 1953 4407 Christianorum,

303 4443 467 4497 quam
496 4427 854 4496 iniquitatem
884 4427 1025 4481 idem
1062 4428 1258 4481 titulus
1285 4434 1482 4483 onerat
1512 4433 1564 4483 et
1598 4430 1833 4484 revincit
1863 4430 1960 4500 qui

301 4515 524 4571 videtur
565 4530 844 4582 excusare,
880 4516 1190 4585 ignorantia
1238 4517 1457 4571 scilicet
1508 4516 1772 4588 (Tertull.
1813 4522 1955 4589 Apo-

2050 563 2224 617 verba
2254 564 2415 633 quale
2446 565 2519 619 sit
2548 563 2679 635 (vel,
2713 564 2864 619 sicut
2891 564 2950 620 in
2983 564 3287 621 nonnullis
3320 565 3513 634 editis,
3545 568 3707 639 esset)

2053 651 2195 723 quod
2224 652 2473 721 oderant,
2497 669 2737 724 prorsus
2767 655 2983 724 rejecta
3015 657 3312 720 sunt.Quo
3339 655 3705 727 autemjure,

2056 757 2127 794 an
2162 742 2396 812 prepria
2427 742 2770 797 auctoritate
2802 742 3057 815 Rigaltii,
3092 760 3165 798 an
3200 743 3704 815 typographorum

2055 845 2270 893 errore,
2303 831 2601 886 nescimus
2634 831 2907 902 quidem;
2941 833 3040 887 sed
3091 832 3267 904 probe
3316 832 3537 891 scimus
3586 832 3711 889 haec

2056 916 2115 971 in
2149 919 2646 990 subsequentibus
2696 926 2750 974 et
2799 920 3025 975 ultimis
3056 920 3415 976 editionibus
3440 921 3707 993 reperiri.

2059 1009 2135 1060 Ea
2164 1011 2357 1061 autem
2384 1008 2640 1079 genuina
2660 1024 2787 1063 esse
2810 1008 3153 1063 Tertulliani
3182 1010 3355 1064 verba
3376 1009 3711 1067 communis

2058 1094 2325 1150 codicum
2359 1096 2620 1150 omnium
2656 1098 2984 1163 consensio,
3018 1101 3074 1151 et
3103 1098 3368 1152 Auctoris
3395 1098 3584 1170 ipsius
3613 1099 3711 1154 in-

2058 1185 2293 1255 genium
2327 1185 2470 1239 satis
2503 1190 2697 1256 aperte
2730 1187 3105 1241 convincunt.
3142 1187 3266 1241 llaec
3297 1190 3491 1241 autem
3526 1191 3614 1243 est
3636 1186 3712 1241 il-

2057 1272 2172 1327 lius
2204 1275 2632 1345 argumentatio
2666 1292 2679 1329 :
2714 1274 2823 1330 Ubi
2870 1274 3087 1330 ethnici
3131 1279 3491 1347 agnoverunt
3522 1275 3620 1348 qui
3652 1281 3711 1333 et

2056 1362 2261 1433 quales
2291 1364 2413 1418 sint
2437 1362 2774 1431 Christiani,
2809 1380 2935 1435 qua:
2966 1380 3167 1419 eorum
3202 1364 3389 1436 pietas
3414 1381 3479 1420 ac
3511 1365 3707 1437 probi-

2052 1456 2163 1517 tas,
2198 1455 2322 1506 tum
2359 1452 2625 1522 protinus
2655 1469 2754 1508 eos
2803 1453 2998 1509 odisse
3046 1453 3346 1509 desinunt.
3385 1452 3531 1526 Ergo
3574 1453 3708 1510 illos

2053 1542 2316 1607 oderant,
2350 1541 2491 1613 quia
2520 1542 2617 1613 qui
2652 1546 2848 1597 essent
2880 1547 3051 1599 antea
3081 1542 3463 1615 ignorabant.

2122 1646 2395 1710 Quamvis
2415 1652 2608 1704 autem
2627 1648 2939 1717 nemo,nisi
2960 1649 3214 1705 naturali
3230 1649 3454 1705 lumine
3468 1649 3707 1707 omnino

2052 1735 2338 1807 privatus,
2368 1736 2424 1790 id
2458 1738 2713 1792 abnuere
2743 1742 2939 1809 queat,
2966 1743 3134 1810 urget
3165 1742 3360 1795 tamen
3393 1738 3705 1794 Tertullia-

2054 1841 2186 1894 nus,
2219 1829 2275 1879 et
2304 1824 2567 1881 ethnicos
2599 1825 2790 1885 adhuc
2832 1826 3071 1881 revincit
3118 1826 3474 1882 Anacharsis
3505 1831 3706 1883 aucto-

2052 1913 2242 1981 ritate,
2267 1913 2365 1985 qui
2389 1914 2603 1969 diserte
2625 1915 3024 1987 pronuntiavit
3053 1932 3166 1971 non
3201 1916 3397 1971 minus
3426 1932 3554 1972 reos
3577 1932 3706 1973 esse

2054 2023 2082 2052 ‹‹
2136 2001 2537 2073 imprudentes
2585 2004 2656 2058 de
2707 2004 3094 2077 prudentibus
3136 2004 3491 2076 judicantes,
3524 2022 3702 2078 quam

2052 2089 2396 2147 immusicas
2428 2092 2499 2147 de
2528 2092 2772 2149 musicis
2802 2115 2827 2144 η
2864 2093 3129 2165 (Tertull.
3165 2094 3440 2166 Apotoget.
3472 2111 3522 2149 c.
3558 2096 3609 2166 1,
3641 2112 3700 2167 p.

2051 2180 2201 2251 265).
2248 2181 2382 2245 Quae
2434 2182 2671 2253 quidem
2718 2183 2897 2253 hujus
2947 2182 3283 2255 philosOphi
3332 2184 3623 2240 sententia
3668 2202 3702 2239 a

2057 2270 2277 2325 Laertio
2308 2270 2392 2325 sic
2424 2270 2731 2327 exhibetur
2761 2288 2774 2327 :
2810 2273 3110 2343 Θαυμάζειν
3146 2267 3203 2324 δὲ
3244 2264 3343 2348 ἔφη
3390 2274 3507 2333 πῶς
3554 2269 3701 2346 παρὰ

2053 2361 2169 2417 τοῖς
2202 2354 2468 2426 Ἕλλησιν
2521 2358 2872 2433 ἀγωνίζονται
2927 2359 3019 2431 μὲν
3075 2360 3126 2413 oi.
3158 2365 3425 2434 τεχνῖται,
3456 2357 3701 2434 κρίνουσι

2055 2441 2113 2499 δὲ
2173 2446 2224 2498 ot
2286 2447 2362 2517 μὴ
2421 2452 2683 2521 τεχνῖται.
2734 2449 2929 2503 Mirari
2981 2465 3039 2504 se
3086 2449 3231 2504 dixit
3260 2450 3523 2521 quomodo
3551 2451 3703 2522 apud

2056 2535 2260 2591 Gracos
2288 2538 2535 2607 artiﬁces
2565 2541 2867 2605 certarent,
2889 2538 3314 2609 judicarentque
3341 2542 3437 2611 qui
3465 2540 3706 2610 artifices

2053 2641 2164 2681 non
2195 2631 2369 2681 essent
2402 2628 2613 2696 (Laert.
2648 2626 2749 2681 lib.
2785 2644 2801 2681 ι
2846 2628 2904 2681 in
2942 2628 3042 2683 Vit.
3094 2627 3446 2695 Anacharsis,
3480 2627 3510 2702 §
3559 2629 3705 2700 103).

2057 2714 2235 2770 Paulo
2265 2730 2398 2771 vero
2430 2714 2599 2771 aliter
2630 2714 2978 2770 Plutarchus
3008 2731 3135 2771 eam
3170 2716 3253 2771 sic
3287 2716 3485 2772 retulit
3515 2734 3530 2773 :
3561 2717 3705 2791 Ἓφη

2057 2799 2115 2856 δὲ
2175 2804 2391 2857 κάκεῖνο
2462 2804 2754 2876 θαυμάζειν
2811 2804 2839 2857 ὁ
2898 2805 3226 2879 Ἀνάχαρσις
3284 2801 3549 2875 ἰκκλησίᾳ
3604 2824 3709 2859 πα-

2057 2903 2431 2967 ραγενόμενος,
2473 2894 2557 2946 δτι
2608 2891 2824 2966 λέγουσι
2879 2893 2973 2965 μὲν
3018 2893 3070 2947 οἱ
3102 2893 3258 2971 σοφοὶ
3282 2894 3413 2968 παρ’
3439 2890 3708 2964 Ἵῧλλησι,

2055 2982 2297 3054 κρίνουσι
2331 2978 2386 3035 δί
2417 2981 2468 3035 o't
2502 2982 2746 3051 ἀμαθεῖς.
2780 2982 2838 3037 Id
2876 2991 3057 3037 autem
3097 2984 3242 3037 dixit
3289 2983 3626 3039 Anacharsis
3654 3000 3711 3040 se

2056 3073 2275 3136 mirari,
2307 3088 2432 3126 cum
2460 3072 2708 3126 concioni
2738 3072 3104 3143 inter/uisset,
3122 3071 3261 3141 quod
3287 3072 3526 3127 dicerent
3555 3070 3710 3143 apud

2064 3164 2281 3217 Graecos
2307 3162 2607 3232 sapientes,
2638 3160 2804 3215 stulti
2848 3176 2975 3215 vero
3019 3159 3334 3229 iudicarent
3384 3159 3705 3229 (Plutarch.

2061 3252 2123 3304 in
2160 3253 2287 3305 Vita
2312 3250 2496 3305 Solon.
2542 3265 2595 3320 p.
2629 3249 2743 3319 81).
2778 3249 2947 3303 Vides
2979 3265 3119 3304 sane
3150 3249 3415 3304 eamdem
3451 3249 3543 3303 his
3575 3265 3707 3303 om-

2058 3339 2234 3395 nibus
2263 3338 2454 3393 verbis
2486 3338 2731 3409 exprimi
2774 3338 3149 3403 sententiam,
3192 3354 3320 3408 quae
3351 3338 3709 3409 quibusdam

2057 3434 2290 3483 tantum
2332 3427 2581 3481 diversis
2608 3426 2967 3481 enuntiatur.
2996 3427 3170 3483 Nefas
3201 3427 3356 3482 enim
3390 3443 3518 3483 esse
3549 3442 3708 3483 asse-

2060 3520 2209 3573 ritur
2238 3517 2474 3589 aliquod
2508 3517 2579 3571 de
2609 3517 2788 3571 rebus
2816 3516 3100 3587 ignoratis
3134 3517 3268 3570 ferri
3292 3515 3611 3585 judicium.

2133 3627 2199 3680 At
2231 3623 2416 3679 multo
2446 3623 2757 3695 nequiores
2799 3627 2967 3677 erant
3014 3621 3252 3691 ethnici,
3289 3622 3388 3694 qui
3426 3622 3713 3679 Christia-

2063 3731 2170 3770 nos
2192 3714 2453 3781 oderant,
2482 3718 2538 3768 et
2559 3711 2824 3767 nefandis
2856 3712 3324 3768 condemnabant
3343 3712 3715 3779 criminibus,

2060 3802 2292 3859 tametsi
2323 3802 2477 3857 918
2511 3800 2715 3873 quales
2747 3808 2943 3856 essent
2974 3817 3087 3856 non
3123 3800 3316 3857 solum
3350 3802 3714 3871 nesciebant,

2062 3894 2164 3950 sed
2197 3892 2498 3948 inflexibili
2530 3890 2943 3958 obstinatione,
2972 3907 3078 3946 nec
3106 3890 3387 3957 scire,nec
3417 3890 3715 3963 inquirere

2064 3998 2321 4055 unquam
2352 3980 2641 4037 volebant.
2674 3979 2845 4035 Nulla
2871 3984 3067 4035 autem
3116 3980 3295 4051 hujus
3324 3978 3714 4035 intolerabilis

2064 4071 2399 4146 pervicacia:
2428 4074 2487 4126 et
2514 4068 2847 4125 voluntariae
2896 4069 3173 4124 caecitatis
3206 4068 3318 4124 alia
3359 4070 3481 4122 erat
3511 4084 3711 4133 causa,

2065 4161 2177 4216 nisi
2212 4159 2348 4232 quia
2378 4159 2731 4215 verebantur
2762 4174 2832 4212 ne
2866 4158 3020 4228 quod
3055 4156 3522 4212 Christianorum
3555 4161 3710 4212 esset

2064 4250 2294 4305 vivendi
2329 4264 2513 4320 genus
2546 4246 2938 4319 agnoscendo,
2974 4245 3139 4301 fateri
3170 4248 3521 4318 cogerentur
3552 4244 3711 4313 illos,

2066 4343 2198 4411 post
2228 4342 2563 4409 susceptam
2593 4335 2806 4390 Christi
2841 4333 3201 4407 religionem,
3237 4335 3417 4391 factos
3447 4350 3577 4390 esse
3600 4351 3718 4391 me-

2068 4428 2263 4483 liores.

2140 4518 2348 4573 Verum
2382 4512 2659 4570 audaCter
2688 4512 2771 4568 illi
2805 4514 3098 4585 negabant
3116 4512 3715 4584 Christianorum,qui

304 4605 463 4673 leget.
497 4619 545 4659 c.
584 4604 606 4658 1
636 4622 649 4670 ;
685 4607 741 4658 et
769 4602 867 4677 lib.
904 4621 920 4657 1
951 4603 1021 4658 ad
1050 4605 1268 4660 Nation.
1295 4622 1340 4659 c.
1380 4608 1429 4671 1,
1461 4587 1522 4676 p.
1549 4607 1696 4677 559).
1734 4607 1792 4661 ln
1827 4587 1953 4677 qui-
1984 4587 2030 4650 D
2063 4624 2094 4662 a
2135 4607 2376 4661 deorum
2426 4604 2583 4659 cultu
2635 4602 2985 4671 defecerant,
3018 4618 3209 4657 veram
3245 4602 3426 4657 fuisse
3458 4601 3715 4674 probita-

303 4694 553 4749 busdam
586 4700 781 4747 autem
818 4676 1175 4748 editionibus
1214 4693 1428 4765 legitur
1458 4676 1663 4749 odium)
1685 4712 1787 4766 pro
1818 4676 1953 4766 adii,

303 4784 406 4838 sed
447 4799 773 4854 perperam.
824 4782 973 4837 Nam
1020 4783 1336 4853 iniquitatis
1383 4784 1502 4839 odii
1550 4784 1628 4838 ibi
1678 4785 1831 4839 idem
1881 4786 1956 4839 si-

304 4870 547 4941 gnificat
594 4888 659 4925 ac
705 4872 890 4942 iniqui
917 4870 1050 4926 odii.
1088 4871 1344 4927 Primam
1378 4890 1511 4945 ergo
1557 4872 1953 4930 Tertullianus

306 4958 501 5030 arguit
538 4960 901 5014 ethnicorum
947 4959 1338 5033 iniquitatem,
1373 4976 1490 5033 qua
1520 4961 1681 5033 prius
1711 4962 1956 5018 oderant

306 5044 691 5116 Christianos,
737 5063 914 5117 quam
965 5047 1183 5103 scirent
1229 5050 1328 5120 qui
1381 5050 1655 5121 qualesve
1714 5050 1951 5106 fuerint.

305 5134 444 5198 Quae
501 5133 793 5189 enimvero
843 5136 1032 5205 major
1076 5137 1430 5206 perversitas
1470 5143 1578 5206 est,
1609 5156 1784 5210 quam
1816 5154 1951 5195 eum

309 5223 527 5286 odisse,
563 5238 755 5293 quem,
789 5225 987 5277 utrum
1039 5224 1171 5278 odio
1222 5224 1313 5279 vel
1362 5242 1559 5281 amore
1608 5228 1822 5299 dignus
1855 5228 1951 5294 sit,

309 5312 479 5383 plane
512 5312 739 5367 nescias
757 5312 785 5365 ?

381 5400 595 5457 Verum
630 5401 893 5456 ethnicos
915 5400 1024 5456 hoc
1046 5417 1195 5456 caeco
1218 5402 1273 5456 in
1289 5403 1647 5460 Christianos
1669 5405 1956 5461 exarsisse

306 5491 440 5551 odio
472 5490 609 5545 hinc
637 5490 807 5563 plane
838 5490 1094 5546 ostendit
1122 5493 1339 5548 Auctor
1362 5498 1575 5561 noster,
1595 5494 1728 5566 quia
1749 5511 1953 5563 omnes,

308 5582 404 5652 qui
432 5595 530 5636 eos
571 5590 739 5646 retro,
771 5580 893 5635 sive
943 5583 1116 5636 antea
1164 5581 1409 5651 oderant,
1444 5585 1575 5655 quia
1622 5584 1957 5655 ignorabant

309 5670 472 5740 quale
498 5672 572 5726 sit
602 5671 751 5742 quod
779 5669 1032 5736 oderant,
1059 5671 1233 5726 simul
1262 5671 1517 5729 desinunt
1549 5675 1827 5745 ignorare,
1848 5689 1959 5729 ces-

2066 4699 2179 4750 tem
2214 4712 2225 4748 :
2257 4718 2284 4745 ‹‹
2319 4695 2440 4749 Non
2495 4692 2673 4756 enim,
2726 4691 3094 4763 inquiebant,
3152 4692 3280 4747 ideo
3328 4692 3571 4759 bonum,
3631 4695 3721 4747 est

2064 4784 2307 4855 aliquid,
2344 4782 2480 4854 quia
2512 4781 2724 4835 multos
2755 4781 3037 4835 convertit
3067 4802 3094 4831 η
3130 4779 3397 4853 (Tertull.
3444 4781 3717 4852 Apoloqet.

2064 4890 2113 4927 c.
2148 4874 2199 4938 1,
2234 4890 2289 4945 p.
2329 4872 2477 4939 266),
2510 4870 2565 4923 id
2613 4873 2722 4937 est,
2774 4868 2968 4940 aliqua
3020 4869 3375 4941 professione
3422 4869 3493 4924 ad
3539 4870 3715 4925 aliam

2061 4961 2340 5017 traduxit.
2372 4962 2443 5015 Et
2472 4962 2624 5014 certe
2655 4960 2848 5030 quanti
2890 4975 2922 5013 a
2971 4959 3150 5031 bono,
3183 4959 3437 5024 aiebant,
3486 4958 3556 5013 ad
3594 4975 3715 5014 ma-

2068 5051 2187 5106 lum
2217 5052 2633 5123 performantur
2653 5048 2927 5120 (antiquae
2951 5049 3238 5105 editiones
3256 5050 3715 5121 praeformantur,

2064 5141 2273 5197 melius
2302 5140 2356 5194 in
2391 5138 2519 5194 aliis
2564 5141 2620 5193 et
2668 5138 2886 5192 nostris
2925 5138 3227 5194 codicibus
3271 5140 3712 5210 performantur,

2063 5232 2184 5287 sive
2215 5229 2410 5301 potius
2440 5230 2841 5297 reformantur,
2867 5227 2913 5282 si
2946 5228 3197 5298 alicujus
3222 5225 3439 5281 codicis
3478 5224 3715 5279 accede-

2064 5326 2153 5376 ret
2182 5318 2540 5389 auctoritas).
2580 5317 2887 5372 Addebant
2940 5317 3186 5387 gentiles
3228 5332 3240 5369 :
3301 5316 3502 5382 Quanti
3528 5316 3718 5367 trans-

2062 5414 2214 5480 fugae
2244 5410 2300 5463 in
2334 5404 2669 5479 perverum?
2718 5405 2784 5459 Hi
2833 5408 3027 5460 autem
3073 5403 3385 5475 transfugae
3415 5404 3718 5471 vocantur,

2066 5499 2163 5571 qui
2218 5499 2286 5551 ad
2341 5497 2539 5552 hostes
2588 5493 3009 5564 transfugiunt,
3058 5493 3142 5548 vel
3195 5492 3293 5564 qui
3343 5490 3716 5546 induciarum

2064 5590 2327 5658 tempore
2371 5587 2440 5640 ad
2491 5601 2589 5641 eos
2638 5582 3053 5653 commigrent,
3085 5599 3215 5637 eum
3277 5582 3493 5655 quibus
3552 5578 3718 5635 nulla

2065 5675 2324 5731 amicitia
2379 5678 2485 5731 est.
2537 5669 2713 5742 Atqui
2770 5668 2809 5724 ii
2858 5670 3104 5743 sepius,
3134 5670 3482 5744 inquiebant
3523 5666 3719 5726 adhuc
