4162 6362
331 388 483 447 1073

953 531 1268 572 ARTICULUS
1302 531 1342 571 II

329 626 542 692 Quanta
601 624 898 694 iniquitate
943 622 1148 678 ethnici
1206 622 1562 686 Christianos,
1602 638 1702 676 nec
1756 621 1974 675 auditos

400 712 499 751 nec
528 694 888 766 defensos,sed
917 711 1077 749 suum
1106 695 1376 749 duntaxat
1406 695 1469 749 ob
1500 710 1698 750 nomen
1720 695 1979 750 condem-

399 765 674 836 naverint,
707 776 759 822 et
776 765 1171 824 'crudelissimc
1197 768 1534 822 necaverint.

401 910 733 966 Secundum
765 907 1110 964 Tertulliani
1156 909 1437 964 adversus
1463 909 1803 964 effrenatam
1836 924 1980 981 gen-

332 999 525 1054 tilium
557 998 617 1053 in
649 997 1017 1054 Christianos
1048 997 1383 1054 violentiam
1418 1003 1830 1068 argumentum
1865 1014 1979 1054 non

335 1089 580 1144 minoris
629 1088 905 1158 profecto,
939 1103 1114 1158 quam
1165 1087 1458 1158 superius,
1509 1087 1733 1142 roboris
1776 1091 1866 1143 est
1915 1103 1980 1142 ac

331 1176 633 1233 momenti.
668 1177 913 1232 Ducitur
945 1180 1138 1231 autem
1170 1193 1237 1231 ex
1261 1176 1593 1232 certissima
1624 1176 1980 1246 judiciorum

336 1266 555 1338 regula,
590 1283 716 1338 quae
777 1265 1030 1320 naturali
1089 1265 1353 1336 aequitati
1407 1266 1548 1321 adeo
1592 1270 1983 1321 consentanea

329 1359 529 1422 est,ut,
553 1372 621 1410 ea
651 1353 1066 1426 praetermissa,
1090 1353 1567 1424 iniquissimum,
1592 1353 1824 1408 irritum
1857 1370 1981 1409 om-

330 1445 494 1512 nino,
528 1449 587 1500 et
613 1443 844 1498 nullum
880 1442 956 1498 sit
987 1444 1250 1513 cujusvis
1283 1442 1539 1498 hominis
1564 1444 1878 1513 judicium.
1913 1447 1983 1497 At

328 1535 473 1602 hac,
506 1538 572 1589 ut
602 1533 743 1590 scite
773 1531 1168 1587 Tertullianus
1203 1533 1633 1600 animadvertit,
1668 1532 1866 1605 regula
1897 1535 1985 1587 est

331 1641 456 1695 qum
487 1627 643 1679 vetat
692 1623 1002 1692 indefensos
1049 1630 1100 1677 et
1126 1623 1417 1678 inauditos
1455 1623 1675 1678 omnino
1723 1622 1985 1676 damnari

332 1712 594 1784 (Tertull.
647 1712 919 1783 Apologet.
955 1728 1086 1782 cap.
1127 1712 1178 1780 3,
1214 1727 1346 1783 pag.
1377 1713 1525 1782 276).
1559 1711 1636 1766 De
1682 1710 1832 1782 legis
1875 1728 1981 1765 au-

331 1806 451 1858 tem
483 1802 661 1872 hujus
693 1801 961 1872 aequitate
991 1800 1161 1871 plane
1192 1800 1438 1855 convicti
1470 1799 1736 1871 gentiles,
1766 1799 1983 1855 consti-

332 1895 568 1947 tuerant
598 1894 662 1946 ut
691 1889 938 1961 quilibet
965 1890 1371 1960 cujuscunque
1417 1889 1682 1944 criminis
1725 1888 1979 1944 insimu-
2011 1888 2057 1952 B

333 1980 510 2047 latus,
553 1983 835 2046 uteretur,
866 1982 915 2033 et
965 1980 1189 2050 proprio
1219 1995 1332 2046 ore,
1364 1979 1445 2034 ait
1490 1981 1706 2033 Auctor
1756 1983 1973 2044 noster,

333 2073 385 2125 et
413 2069 753 2125 mercenaria
782 2067 1425 2132 advocatione,videlicet
1446 2065 1973 2139 patronorum,qui,

332 2158 597 2214 mercede
628 2159 883 2228 accepta,
916 2171 1153 2212 causam
1183 2155 1420 2211 illorum
1451 2159 1777 2211 tuerentur.

402 2247 612 2304 Verum
641 2245 813 2318 longe
843 2245 1009 2300 aliter
1037 2244 1420 2312 Christianos,
1455 2245 1734 2300 falsorum
1773 2237 1975 2299 crimi-

330 2354 472 2392 num
504 2335 1185 2404 accusatos,tractabant.
1218 2334 1454 2390 Nullam
1486 2334 1700 2406 quippe
1733 2333 1972 2389 faculta-

329 2431 446 2481 tem
479 2425 562 2480 eis
585 2424 981 2480 concedebant
1002 2424 1399 2479 innocentiam
1431 2439 1600 2479 suam
1624 2427 1724 2478 aut
1750 2440 1847 2478 ore
1869 2440 1975 2479 suo

329 2519 430 2570 aut
460 2514 640 2569 ullius
673 2513 993 2584 patrocinio
1025 2529 1282 2584 unquam
1319 2513 1689 2568 defendendi.
1725 2512 1975 2568 Verum-

329 2609 527 2659 tamen
550 2601 806 2673 ejusdem,
833 2605 897 2656 ut
919 2601 1061 2656 scite
1083 2601 1179 2656 ille
1208 2601 1422 2673 arguit,
1446 2602 1739 2656 noxietatis
1770 2601 1976 2674 (Ibid),

333 2692 474 2758 sive,
509 2696 573 2746 ut
597 2692 657 2745 in
688 2691 904 2746 nostris
934 2690 1233 2746 codicibus
1281 2689 1702 2761 manuscriptis
1734 2694 1791 2744 et
1821 2690 1976 2745 anti-

334 2780 468 2852 quis
498 2778 856 2835 editionibus
884 2777 1115 2849 legitur,
1149 2777 1387 2844 eiusdem
1410 2792 1577 2834 noxae
1604 2777 1799 2832 eadem
1828 2786 1977 2833 trac-

336 2871 470 2924 tatio
500 2868 721 2923 debebat
751 2868 1092 2922 intervenire
1121 2866 1304 2937 (Ibid)
1334 2867 1482 2930 Quid
1533 2883 1668 2939 ergo
1715 2865 1978 2938 iniquius

337 2973 518 3030 quam
561 2957 620 3012 id
669 2956 824 3028 quod
866 2956 1097 3026 justum
1142 2960 1231 3010 est
1275 2956 1506 3012 ethnico
1553 2958 1890 3029 concedere,
1923 2962 1979 3013 et

335 3046 480 3103 illud
509 3045 707 3117 ipsum
739 3061 949 3116 negare
976 3044 1306 3100 Christiano
1331 3043 1358 3099 ?

404 3137 490 3192 Ad
520 3135 640 3190 haec
669 3151 824 3202 vero,
860 3134 1182 3190 secundum
1220 3133 1484 3189 omnium
1537 3133 1870 3190 divinarum
1918 3140 1977 3192 et

334 3225 726 3326 hum-auarum
765 3223 970 3324 legum
1003 3223 1340 3326 praescripta
1371 3222 1616 3294 quilibet
1645 3223 1845 3292 homo,
1875 3242 1975 3281 cu-
2008 3257 2051 3326 α

324 3315 518 3386 jusvis
547 3312 813 3369 criminis
845 3313 1200 3384 postulatus,
1233 3329 1347 3368 non
1389 3312 1580 3368 solum
1613 3329 1844 3386 semper
1874 3331 1976 3371 au-

333 3403 583 3460 diendus
641 3406 731 3458 est
787 3405 843 3457 et
899 3401 1367 3472 interrogandus,
1409 3402 1509 3457 sed
1561 3402 1977 3472 inquirendum

333 3493 601 3565 insuper,
634 3508 698 3547 ac
729 3491 1051 3563 quaestione
1099 3492 1274 3546 etiam
1321 3495 1378 3546 et
1424 3492 1734 3548 tormentis
1786 3497 1980 3548 extor-

333 3582 655 3653 quendum,
687 3597 810 3652 quas
861 3581 939 3636 sit
987 3579 1252 3635 criminis
1296 3579 1571 3651 qualitas,
1605 3581 1703 3652 qui
1734 3580 1897 3638 locus
1923 3587 1980 3639 et

334 3673 568 3741 modus,
601 3670 756 3742 quod
787 3669 1152 3741 tempus,qui
1186 3669 1327 3725 socii
1357 3686 1423 3725 ac
1455 3670 1692 3726 conscii.
1725 3672 1838 3727 Nec
1869 3672 1979 3728 hoc

333 3759 741 3832 aequissimum
791 3775 920 3815 esse
968 3759 1372 3814 difﬁtebantur
1417 3758 1654 3826 ethnici,
1710 3759 1810 3832 qui
1858 3761 1978 3817 haec

330 3850 529 3906 omnia
571 3849 883 3921 diligenter
930 3847 1327 3919 inquirebant,
1359 3847 1460 3903 ubi
1506 3847 1719 3919 aliquis
1748 3865 1815 3904 ex
1854 3850 1978 3906 suis

261 3945 266 3952 '
328 3937 508 3994 ullius
557 3936 797 3993 sceleris
827 3936 900 3992 ab
934 3935 1131 4007 aliquo
1177 3936 1583 3993 accusabatur.
1618 3937 1862 3993 Summa
1891 3942 1977 3995 ta-

330 4042 466 4083 men
485 4026 707 4098 injuria
725 4026 846 4081 hec
869 4025 1068 4081 omnia
1082 4025 1265 4082 missa
1287 4026 1578 4081 faciebant
1601 4028 1980 4098 spernebant-

331 4116 572 4189 que,ubi
600 4115 885 4188 agebatur
914 4115 987 4171 de
1009 4115 1320 4182 nostris,ait
1351 4114 1979 4188 Tertullianus,elogiis

331 4205 540 4278 (Ibid),
571 4204 631 4260 id
682 4208 793 4273 est,
826 4205 897 4260 de
940 4203 1409 4260 Christianorum
1456 4203 1880 4276 vituperatione
1921 4211 1979 4263 et

331 4295 722 4352 accusatione.
754 4294 949 4350 Minus
996 4293 1197 4365 itaque
1225 4294 1374 4349 bene
1405 4293 1464 4348 in
1513 4294 1816 4351 codicibus
1848 4312 1979 4353 nos-

330 4387 438 4444 tris
468 4387 716 4444 habetur
745 4386 996 4456 eulogiis,
1029 4383 1139 4440 hoc
1169 4388 1260 4441 est
1303 4385 1830 4454 benedictionibus,
1862 4386 1979 4442 nisi

332 4493 545 4533 nomen
577 4476 723 4532 illud
748 4475 820 4531 ab
852 4473 951 4530 illo
981 4473 1203 4529 ironice
1233 4478 1539 4546 acceptum
1569 4475 1747 4530 fuisse
1778 4476 1981 4546 proba-

328 4565 502 4623 veris.
535 4563 831 4637 Quidquid
863 4564 960 4630 sit,
994 4562 1206 4635 planus
1258 4569 1348 4620 est
1376 4568 1433 4619 et
1480 4568 1718 4636 apertus
1749 4565 1978 4621 Tertul-

1235 388 1308 444 D.
1357 386 1452 445 LE
1497 385 1823 446 NOURRY
1869 380 2513 445 OBSERVATIONES
2558 380 2816 440 NOVJE.

2004 516 2057 581 Α
2086 535 2114 564 ‹‹
2145 512 2542 584 Conquirendi
2577 527 2689 566 non
2724 511 2902 572 sunt;
2928 507 2976 563 si
3005 506 3361 570 deferantur,
3394 503 3450 558 et
3479 514 3733 572 arguan-

2827 30 2834 31 ί
2868 28 2926 31 _—
2935 27 3802 39 ‘_——-—‘-——-——-———-—--——-—.___.____..__.__“_._

3578 369 3735 429 1074

2087 607 2203 672 tur,
2237 601 2516 673 puniendi
2563 605 2701 655 sunt
2730 618 2754 649 ι)
2793 596 2964 670 (Plin.
3020 594 3265 650 Secund.
3320 592 3420 646 lib.
3452 608 3506 657 x,
3537 589 3730 659 lepist.

2094 692 2212 760 102,
2249 708 2381 763 pag.
2414 692 2563 762 377),
2594 689 2650 744 id
2684 692 2790 759 est,
2815 689 2986 758 juxta
3036 682 3377 740 Tertulliani
3410 678 3592 736 nostri
3638 677 3732 732 in-

2089 780 2587 851 terpretationem,
2623 779 2671 833 si
2704 775 3018 832 Christiani
3053 790 3247 828 revera
3288 786 3418 826 esse
3463 783 3733 839 compro-

2088 870 2299 925 bentur
2325 877 2378 924 et
2408 869 2844 933 convincantur,
2879 863 3158 938 puniendi
3198 860 3454 931 quidem,
3487 857 3588 912 sed
3622 855 3732 910 mi-

2091 959 2248 1014 nime
2280 957 2609 1029 inquirendi
2643 961 2801 1013 sunt.
2836 957 3049 1011 Totum
3085 955 3279 1008 autem
3310 950 3468 1004 hunc
3498 943 3733 1002 Tertul-

2089 1047 2230 1104 liani
2263 1047 2455 1103 locum
2489 1048 2686 1103 citavit
2712 1045 2996 1101 Eusebius
3029 1043 3152 1114 (lib.
3184 1058 3246 1096 ιιι
3273 1039 3473 1096 Eccles.
3508 1036 3731 1103 Histor.,

2092 1154 2218 1210 cap.
2252 1137 2342 1204 33,
2378 1153 2507 1209 pag.
2545 1137 2687 1207 106),
2721 1135 2819 1206 qui
2852 1132 3079 1206 prolata
3109 1148 3142 1186 a
3173 1129 3339 1186 nobis
3390 1127 3517 1198 ejus
3559 1123 3734 1180 verba

2091 1227 2174 1282 sic
2226 1227 2420 1282 Graece
2467 1226 2887 1297 interpretatus
2935 1225 3069 1279 est:
3121 1219 3190 1272 Τὸ
3237 1220 3342 1271 τῶν
3393 1214 3726 1288 Χριστιανῶν

2092 1313 2259 1393 ιξιῦλον
2314 1314 2389 1386 μὴ
2443 1313 2782 1382 ὲκζητεῖσοαι
2818 1312 2934 1386 μὶν,
2987 1308 3218 1383 ἐμπεσὸν
3279 1303 3336 1359 δὲ
3385 1301 3730 1372 κολάζισοαι,

2093 1423 2217 1477 quin
2277 1405 2522 1460 Ruﬁnus
2573 1404 2770 1458 Latine
2826 1401 3128 1458 reddidit:
3189 1420 3209 1448 ι
3246 1393 3555 1452 Christiani
3617 1407 3731 1446 non

2093 1496 2330 1566 quidem
2401 1494 2795 1566 requirantur,
2856 1492 2902 1547 si
2961 1489 3061 1562 qui
3137 1496 3326 1543 tamen
3399 1480 3732 1546 inciderint,

2092 1585 2415 1656 puniantur
2446 1606 2473 1632 »
2507 1584 2720 1655 (I‘tulin.
2755 1581 2856 1636 lib.
2890 1597 2952 1635 ιιι
2982 1581 3181 1634 Hister.
3228 1575 3412 1632 eccles.
3459 1588 3585 1642 cap.
3617 1568 3737 1640 27).

2095 1673 2303 1732 Nullus
2346 1673 2541 1743 itaque
2595 1669 2990 1726 Tertullianus
3041 1663 3326 1722 dubitavit
3381 1662 3489 1717 hoc
3545 1659 3733 1715 edicto

2093 1761 2537 1834 pronuntiatum
2562 1759 2743 1814 fuisse
2773 1757 3132 1813 Christianos
3152 1771 3262 1809 non
3285 1748 3729 1825 perquirendos,

2091 1852 2192 1908 sed
2226 1851 2424 1907 statim
2455 1854 2628 1921 atque
2654 1847 2957 1920 judicibus
2985 1846 3350 1912 offerrentur,
3370 1857 3435 1896 ac
3457 1835 3735 1896 Christia-

2090 1959 2196 1998 nos
2226 1957 2352 1997 esse
2383 1942 2696 2008 constaret,
2727 1935 2890 1992 nulla
2938 1933 3195 2006 amplius
3242 1931 3423 1987 ullius
3469 1928 3546 1985 rei
3584 1927 3734 1982 facta

2083 2029 2484 2103 inquisitione,
2535 2028 2883 2100 puniendos.
2926 2029 3044 2082 Nec
3094 2023 3245 2079 male
3293 2020 3550 2093 quidem.
3583 2017 3730 2073 Nam

2084 2121 2372 2190 Trajanus
2398 2118 2676 2174 continuo
2709 2115 2934 2189 addidit
2966 2132 2978 2170 :
3007 2136 3034 2164 «
3070 2115 3154 2169 Ita
3184 2117 3381 2167 tamen
3413 2113 3477 2166 ut
3507 2108 3606 2180 qui
3639 2123 3732 2163 ne-

2084 2209 2306 2281 gaverit
2335 2225 2396 2263 se
2444 2205 2838 2263 Christianum
2889 2219 3038 2271 esse,
3070 2202 3246 2273 idque
3295 2199 3488 2270 reipsa
3536 2196 3728 2253 mani-

2084 2298 2300 2353 festum
2356 2297 2571 2365 fecerit,
2621 2294 2680 2350 id
2729 2297 2837 2365 est,
2887 2291 3272 2364 supplicando
3325 2289 3437 2344 diis
3482 2287 3726 2355 nostris,

2085 2385 2352 2460 quamvis
2399 2387 2708 2455 suspectus
2758 2382 2816 2437 in
2866 2381 3223 2453 praateritum
3272 2377 3466 2443 fuerit,
3496 2375 3727 2432 veniam

2085 2493 2154 2532 ex
2213 2474 2551 2546 pmnitentia
2609 2472 2882 2543 impetret
2925 2492 2952 2520 ‹‹
3014 2468 3183 2541 (Plin.
3246 2466 3427 2538 ibid.).
3488 2463 3731 2520 Nullum

2086 2565 2266 2636 igitur
2317 2562 2780 2619 Christianorum
2829 2557 3048 2614 crimen
3080 2574 3114 2612 a
3153 2555 3460 2627 judicibus
3508 2551 3731 2624 inquiri

2084 2654 2286 2717 voluit,
2309 2653 2409 2708 sed
2445 2669 2543 2708 eos
2572 2650 2796 2707 oblatos
2828 2650 2898 2704 ob
2931 2646 3121 2703 solum
3153 2661 3328 2701 suum
3360 2659 3593 2713 nomen,
3628 2657 3734 2698 nec

2086 2743 2343 2816 amplius
2382 2741 2633 2806 auditos,
2669 2737 2884 2810 puniri,
2936 2735 3048 2791 nisi
3099 2735 3243 2790 forte
3296 2734 3403 2789 hoc
3453 2733 3736 2804 negarent

2086 2849 2300 2888 nomen
2329 2847 2524 2900 suum,
2557 2827 2835 2899 falsisque
2866 2825 2977 2881 diis
3009 2823 3424 2896 supplicarent.

2156 2943 2294 2996 Jure
2327 2938 2522 3010 itaque
2571 2935 2777 2992 merito
2808 2932 3096 2990 exclamat
3139 2929 3538 2987 Tertulliauus
3573 2943 3586 2983 :
3622 2949 3651 2978 «
3683 2927 3728 2982 Ο

2085 3028 2434 3085 sententiam
2478 3025 2824 3082 necessitate
2867 3019 3211 3079 confusam!
3246 3041 3274 3069 ››
3308 3016 3560 3090 (Tertull.
3595 3017 3733 3086 Apo-

2085 3119 2243 3187 loget.
2304 3133 2430 3188 cap.
2485 3117 2541 3182 2,
2599 3128 2732 3186 pag.
2787 3112 2934 3183 275).
2990 3107 3268 3166 Consulto
3325 3110 3522 3162 autem
3578 3104 3731 3160 dixit

2086 3208 2425 3276 necessitate,
2459 3205 2598 3276 quia
2647 3204 2937 3274 Trajanus
2985 3199 3146 3254 illam
3179 3196 3395 3253 clarius
3444 3192 3733 3266 explicare

2090 3314 2206 3353 non
2241 3300 2484 3368 poterat.
2519 3294 2597 3349 Ea
2638 3308 2770 3348 vero
2819 3290 3062 3347 confusa
3108 3291 3216 3356 est,
3258 3285 3396 3358 quia
3440 3283 3733 3354 Trajanus

2089 3391 2283 3458 negat,
2307 3383 2480 3440 sicuti
2512 3386 2662 3437 recte
2691 3380 2886 3452 arguit
2913 3380 3131 3434 Auctor
3159 3379 3360 3432 noster
3388 3372 3590 3446 (ibid.),
3617 3389 3734 3427 non

2088 3474 2442 3546 inquirendos
2474 3471 2856 3536 Christianos,
2889 3471 3089 3540 utpote
3120 3469 3453 3528 innocentes,
3481 3461 3731 3517 nullius-

2089 3582 2201 3637 que
2233 3563 2468 3620 sceleris
2499 3577 2627 3617 reos
2655 3584 2669 3628 ;
2700 3564 2750 3616 et
2780 3559 3016 3615 mandat
3062 3561 3257 3612 tamen
3307 3551 3634 3626 puniendos,
3674 3555 3735 3606 ut

2087 3656 2332 3710 nocentes
2363 3670 2429 3709 ac
2476 3649 2957 3722 gravissimorum
2990 3645 3255 3702 conscios
3283 3642 3592 3700 scelerum.
3625 3641 3730 3696 Ea-

2089 3745 2222 3799 dem
2257 3759 2392 3814 ergo
2423 3743 2544 3797 haec
2590 3738 2880 3796 sententia
2900 3737 3080 3809 parcit
3117 3742 3170 3792 et
3212 3735 3392 3804 servit,
3422 3731 3734 3788 dissimulat

2086 3841 2137 3889 et
2166 3831 2554 3888 animadvertit
2585 3827 2788 3900 (ibid).
2814 3825 3194 3882 Clementiam
3222 3823 3438 3894 quippe
3461 3820 3733 3876 dissimu-

2087 3921 2192 3988 lat,
2225 3921 2515 3994 parceudo
2564 3916 2932 3987 Christianis,
2966 3915 3068 3986 qui
3111 3912 3412 3986 judicibus
3443 3926 3559 3966 non
3589 3907 3729 3964 oﬂ‘e-

2087 4012 2386 4067 rebantur.
2439 4008 2612 4065 Saevit
2656 4024 2789 4064 vero
2846 4005 2906 4062 in
2967 4003 3213 4071 oblatos,
3263 3998 3499 4056 tametsi
3555 3997 3731 4054 inno-

2086 4105 2306 4168 centes,
2337 4115 2485 4170 quos
2533 4114 2708 4155 suum
2740 4083 3024 4152 duntaxat
3069 4092 3142 4148 ob
3174 4105 3387 4147 nomen
3421 4087 3593 4158 jubet
3623 4101 3730 4158 pu-

2085 4205 2221 4246 nll'l.

2158 4290 2222 4343 In
2246 4289 2367 4342 tota
2387 4301 2523 4358 ergo
2549 4275 3015 4341 Christianorum
3040 4295 3218 4334 causa
3239 4275 3384 4331 nihil
3415 4273 3572 4332 aliud
3605 4262 3734 4345 pos-

2086 4377 2407 4442 tulabatur,
2442 4374 2613 4430 sicuti
2647 4371 2833 4428 adhuc
2864 4370 2945 4425 ait
2991 4366 3410 4431 Tertullianus,
3443 4363 3558 4419 nisi
3605 4377 3732 4417 con-

2085 4468 2253 4539 fessio
2279 4465 2545 4532 nominis,
2578 4477 2688 4517 non
2738 4459 3081 4517 examinatio
3131 4456 3360 4514 sceleris
3408 4452 3563 4526 (ibid.
3596 4465 3730 4522 pag.

2087 4557 2236 4626 271),
2291 4571 2395 4610 nec
2452 4551 2709 4608 accusati
2766 4549 3045 4606 defensio.
3105 4547 3190 4602 Ad
3249 4545 3382 4600 illos
3439 4542 3734 4599 enimvero

330 4655 472 4713 liani
504 4630 843 4725 sensus.,qui
876 4630 1086 4710 asserit
1115 4655 1346 4709 tantum
1379 4630 1659 4722 abfuisse,
1694 4657 1758 4710 ut
1783 4654 1978 4727 genti-
2010 4631 2056 4696 D
2087 4645 2454 4702 damnandos
2486 4645 2589 4698 aut
2619 4639 3006 4696 absolvendos
3038 4636 3184 4692 illud
3214 4639 3444 4690 tantum
3476 4630 3736 4688 sufﬁcie-

330 4745 414 4802 les
444 4745 566 4817 illo,
600 4760 776 4815 quem
810 4742 1102 4814 aequitatis
1135 4742 1495 4814 postulabat,
1528 4744 1701 4800 modo
1734 4744 1793 4799 in
1825 4744 1973 4800 981

329 4835 817 4902 Christianorum,
860 4832 1036 4889 sicuti
1089 4831 1338 4888 aliorum
1388 4833 1677 4902 omnium,
1711 4833 1979 4901 crimina,

330 4941 584 4996 quorum
603 4922 1397 4993 lnsimulahantur,unquam
1413 4923 1811 4995 inquirerent;
1838 4924 1981 4996 quin

332 5013 526 5084 potius
558 5012 751 5068 omnis
793 5028 998 5069 eorum
1047 5009 1347 5082 inquisitio
1367 5011 1673 5082 judicibus
1705 5012 1981 5070 omnibus

335 5102 633 5175 prohibita
665 5105 810 5157 erat.

405 5191 591 5247 Plinio
621 5191 778 5246 enim
811 5189 1068 5246 secundo
1101 5189 1417 5259 Trajanum
1449 5191 1859 5263 imperatorem
1892 5191 1981 5246 in-

337 5280 663 5354 terroganti
695 5280 839 5351 quid
872 5278 1242 5347 Christianis,
1276 5296 1526 5351 quorum
1559 5280 1828 5337 inﬁnitus
1859 5297 1986 5353 pro-

336 5372 653 5445 pemodum
735 5373 861 5425 erat
938 5383 1244 5435 numerus,
1320 5369 1676 5436 faciendum,
1731 5369 1845 5438 ille,
1905 5370 1987 5426 ait

336 5461 757 5531 Tertullianus,
827 5457 1150 5530 respondit,
1231 5458 1326 5514 hoc
1392 5476 1565 5531 genus
1636 5459 1986 5531 inquirendos

335 5551 560 5624 quidem
588 5567 698 5607 non
727 5564 865 5619 esse,
897 5547 1104 5603 oblatos
1141 5563 1265 5604 vero
1311 5551 1505 5620 puniri
1547 5559 1797 5620 aportere
1827 5550 1985 5621 (Ter-

335 5639 468 5696 tull.
522 5641 742 5712 Apotog.
776 5654 826 5693 c.
859 5639 913 5705 2,
947 5636 1184 5708 p.273).
1237 5636 1555 5709 Ipsiusmet
1600 5642 1793 5694 autem
1842 5638 1985 5694 Tra-

333 5728 462 5800 jani
493 5729 616 5786 haec
645 5731 786 5787 sunt
834 5726 894 5782 in
924 5725 1175 5798 epistola
1221 5743 1327 5785 sua
1356 5728 1427 5784 ad
1476 5728 1734 5785 Plinium
1762 5728 1937 5785 verba
1967 5745 1980 5784 :

2089 4736 2205 4804 hat,
2241 4737 2304 4789 ut
2334 4747 2546 4788 nomen
2578 4746 2776 4800 suum,
2809 4744 2913 4785 seu
2944 4744 3009 4784 se
3056 4723 3418 4782 Christianos
3450 4737 3600 4788 esse,
3633 4722 3735 4775 aut

2090 4824 2371 4895 negarent
2400 4823 2500 4876 aut
2530 4818 2966 4875 confiterentur.

2160 4921 2320 4987 Quod
2354 4919 2613 4991 quidem,
2639 4933 2816 4988 quam
2838 4915 3110 4988 iniquum
3133 4912 3406 4983 omnique
3429 4907 3551 4982 juri
3581 4905 3734 4963 divi-

2091 5028 2188 5078 no,
2245 5008 2499 5066 naturin
2558 5011 2614 5062 et
2669 5007 2948 5073 humano,
2995 5004 3353 5072 adversetur,
3386 5000 3483 5055 ille
3540 4997 3733 5054 adhuc

2092 5102 2456 5157 demonstrat
2487 5096 2640 5153 982
2665 5095 3110 5167 quaestionibus,
3143 5110 3290 5165 quas
3310 5088 3648 5147 verberibus
3677 5087 3735 5139 et

2090 5188 2399 5247 tormentis
2421 5187 2578 5260 leges
2597 5186 2796 5242 haberi
2820 5186 3132 5257 imperant.
3166 5184 3290 5238 Non
3313 5180 3486 5236 aliam
3517 5175 3736 5246 quippe

2093 5281 2164 5337 ob
2197 5279 2476 5335 rationem
2525 5276 2773 5333 exerceri
2806 5276 3038 5343 debent,
3071 5289 3248 5346 quam
3288 5274 3352 5326 ut
3401 5266 3737 5336 retegantur

2094 5370 2362 5436 crimina,
2395 5373 2454 5423 et
2509 5367 2743 5422 illorum
2804 5363 3058 5420 accusati
3116 5380 3182 5417 ea
3232 5378 3265 5416 a
3307 5376 3369 5414 se
3426 5352 3740 5411 commissa

2094 5460 2408 5515 fateantur.
2468 5456 2679 5513 Omnia
2723 5470 2977 5524 namque
3025 5450 3238 5522 placita
3283 5445 3637 5520 principum,
3688 5441 3740 5496 si

2093 5550 2327 5621 tyranni
2359 5564 2475 5604 non
2519 5547 2658 5616 sint,
2682 5545 2848 5615 justa
2886 5545 3125 5599 senatus
3174 5537 3461 5608 consulta,
3493 5534 3738 5604 aliaeque

2093 5638 2254 5711 leges
2284 5655 2400 5694 non
2451 5636 2689 5693 omnino
2721 5633 2957 5704 iniquae,
2990 5629 3338 5702 praecipiunt
3380 5625 3554 5682 malos
3592 5624 3736 5694 erui,

2093 5744 2204 5784 non
2233 5726 2514 5795 abscondi,
2561 5724 2736 5781 verba
2784 5726 2922 5780 sunt
2964 5721 3230 5777 Auctoris
3282 5715 3489 5785 nostri,
3538 5715 3740 5785 confes-
