4162 6398
477 378 633 440 1075

992 374 1516 437 TERTULLIANI
1559 373 1885 436 OPERUM
1927 374 2126 435 PARS
2170 373 2219 434 Ι.
2247 406 2323 419 -
2353 374 2626 438 SERIES
2671 377 2721 453 Ι,
2769 377 3332 441 APOLOGETICA.

3716 374 3895 434 1076

476 525 561 566 eos
599 510 883 576 damnari,
916 524 1029 563 non
1075 508 1288 563 absolvi
1335 506 1492 575 (ibid.
1526 523 1655 578 pag.
1686 508 1826 573 276;
1878 512 1935 561 et
1962 505 2065 561 lib.
2097 524 2115 561 1
2144 508 2199 573 Α
2228 508 2443 579 quippe
2480 508 2695 565 tabella
2743 526 2857 565 non
2905 510 3137 581 aliquod
3194 509 3683 573 Christianorum,
3720 508 3895 562 sicut

478 598 549 653 ad
602 599 820 654 Nation.
872 613 997 666 cap.
1029 597 1083 665 2,
1136 612 1269 666 pag.
1314 595 1462 665 560).
1494 595 1580 648 Ad
1629 594 1941 665 Scapulam
1981 610 2114 649 vero

470 686 732 758 judicem
765 685 1035 740 similiter
1081 684 1420 740 scribebat:
1461 702 1481 729 α
1515 683 1663 747 Quid
1710 682 1964 753 amplius
2010 683 2117 738 tibi

477 776 809 843 mandatur,
841 789 1019 845 quam
1054 777 1326 828 nocentes
1358 771 1985 840 confessos,damnare,
2018 786 2118 825 ne-

476 866 684 934 gantes
729 866 921 917 autem
973 861 1044 916 ad
1094 864 1385 917 tormenta
1429 876 1748 915 revocare»
1798 860 2002 930 (Idem,
2051 858 2121 914 ad

483 949 705 1022 Scaput.
741 967 868 1021 cap.
901 950 953 1021 4)
980 952 1003 1004 Ρ

546 1059 969 1112 Verumtamen
1001 1052 1452 1121 ethnici,contra
1480 1053 1631 1109 hanc
1662 1057 1825 1109 tanta
1854 1053 2123 1124 aequitate

479 1143 881 1218 praescriptam
905 1142 1361 1214 judicandorum
1393 1158 1625 1197 reorum
1660 1140 2122 1207 normam,Cbri-

481 1233 706 1290 stisnos
736 1248 851 1287 non
903 1232 975 1286 ad
1031 1230 1266 1301 aliquod
1312 1229 1506 1286 scelus
1552 1229 1971 1293 conﬁtendum,
2021 1230 2121 1285 sed

481 1321 817 1393 negandum
872 1319 1300 1375 crudelissimis
1370 1318 1761 1389 quastionum
1815 1317 2124 1373 tormentis

482 1408 933 1480 compellebant.
964 1409 1318 1463 Persuasum
1351 1422 1488 1478 ergo
1534 1406 1748 1462 habere
1798 1407 2125 1462 debuerunt

480 1499 613 1555 illos
643 1512 771 1553 esse
802 1495 1095 1562 innoxios,
1121 1498 1178 1550 et
1208 1494 1428 1549 nullius
1450 1509 1579 1549 reos
1601 1493 1887 1560 criminis,
1911 1494 2127 1566 quippe

470 1588 583 1656 ‘qui
630 1585 776 1641 illud
826 1585 897 1640 ab
948 1584 1095 1656 ipsis
1145 1583 1346 1654 negari
1392 1582 1627 1649 vellent,
1673 1587 1774 1637 aut
1817 1598 1937 1652 eos,
1969 1583 2123 1654 quod

485 1675 650 1731 nefas
680 1678 788 1741 est,
820 1674 867 1729 si
918 1674 1000 1729 rei
1032 1674 1237 1736 forent,
1285 1670 1453 1742 plane
1505 1670 1754 1725 mentiri.
1807 1672 2127 1734 Quwstione

486 1762 779 1833 siquidem
812 1762 968 1822 torti,
999 1760 1332 1814 fatebantur
1363 1760 1671 1829 palamque
1702 1758 2037 1814 clamabant
2065 1773 2127 1814 se

489 1866 619 1907 esse
648 1848 1030 1904 Christianos.
1063 1847 1174 1902 Sed
1224 1846 1439 1902 ethnici
1490 1846 1704 1918 quibus
1755 1845 1900 1902 alios
1948 1846 2127 1902 conﬁ-

488 1941 683 1996 tentes
702 1952 831 1993 reos
854 1935 1109 2008 amplius
1130 1939 1400 2005 torquere
1423 1934 1509 1989 fas
1530 1950 1644 1989 non
1675 1938 1820 2003 erat,
1852 1933 2131 1990 Christia-

495 2042 605 2082 nos
634 2024 821 2080 dirius
843 2025 1131 2096 jubebant
1170 2023 1438 2090 cruciari,
1471 2023 1653 2079 donec
1698 2025 1997 2094 negarent,
2032 2025 2134 2077 aut

497 2117 866 2170 necarentur.

566 2205 738 2257 Recte
759 2216 894 2272 ergo
917 2198 1315 2255 Tertullianus
1336 2197 1470 2255 illos
1499 2198 1580 2254 sic
1610 2202 1778 2272 urget
1808 2216 1821 2255 :
1852 2221 1879 2249 «
1910 2196 2133 2254 Videtis

493 2290 784 2362 quomodo
843 2288 957 2360 ipsi
1025 2303 1124 2343 vos
1180 2290 1381 2342 contra
1433 2288 1712 2342 mandata
1765 2286 2012 2356 faciatis,
2069 2288 2135 2340 ut

493 2379 793 2434 confessos
826 2393 1038 2448 negare
1091 2376 1333 2447 cogatis.
1362 2376 1517 2431 Adeo
1564 2375 1923 2431 conﬁtemini
1967 2375 2133 2430 inno-

492 2470 688 2523 centes
713 2482 841 2522 esse
864 2481 1144 2535 nos,quos
1166 2464 1439 2519 damnare
1461 2464 1660 2519 statim
1683 2480 1751 2519 ex
1773 2462 2135 2520 confessione

496 2572 611 2611 non
665 2553 845 2610 vultis
877 2575 905 2603 »
951 2554 1136 2623 (Idem
1183 2551 1257 2607 ad
1304 2551 1522 2624 Scapul.
1577 2569 1705 2623 cap.
1740 2553 1815 2623 4).
1865 2553 1937 2607 At
1983 2556 2136 2607 certe

496 2642 559 2698 hi
606 2646 773 2697 tanta
828 2640 1025 2712 legum
1086 2656 1325 2695 suarum
1385 2639 1858 2710 praevaricatione
1912 2639 2137 2710 seipsos

500 2729 982 2786 manifestissime
1033 2728 1518 2783 condemnabant.
1567 2727 1927 2783 Christianos
1955 2727 2135 2797 enim,

502 2834 609 2875 nec
657 2817 909 2885 auditos,
944 2832 1048 2872 nec
1100 2817 1391 2884 defensos,
1429 2819 1711 2888 tanquam
1764 2817 2026 2871 omnium
2078 2815 2137 2870 iu

503 2907 665 2975 deos,
721 2905 900 2977 leges,
961 2905 1364 2976 imperatores,
1443 2920 1655 2975 mores,
1713 2903 2142 2975 ipsamquemet

502 2998 708 3052 contra
763 2997 1034 3049 naturam
1088 2992 1403 3048 criminum
1478 3008 1605 3048 reos
1675 2992 2135 3048 insectabantur.

504 3083 657 3139 Dum
689 3098 825 3155 ergo
874 3081 1213 3137 nitebantur
1261 3079 1392 3136 illos
1436 3080 1755 3151 quastione
1805 3081 1875 3135 ad
1924 3097 1992 3137 ea
2038 3095 2139 3135 ne-

2226 594 2473 651 aliorum
2526 603 2710 652 morte
2760 597 3194 663 damnatorum,
3239 596 3461 652 crimen
3509 597 3889 661 notabatur;

2227 685 2326 740 sed
2358 686 2548 740 solum
2579 686 3045 741 Christianorum
3079 702 3286 741 nomen
3321 702 3333 739 :
3364 709 3392 736 «ι
3424 685 3504 741 De
3534 684 3776 751 tabella,
3798 686 3897 741 ait

2227 774 2626 829 Tertullianus
2659 790 2757 829 eos
2788 773 3159 846 alloquendo,
3192 774 3448 830 recitatis
3501 772 3670 829 illum
3702 773 3895 828 Chri-

2229 861 2483 917 stianum
2524 884 2552 911 »
2606 862 2872 931 (Tertull.
2933 864 3159 933 Apotog.
3226 878 3351 935 cap.
3412 865 3467 929 2,
3528 879 3661 934 pag.
3720 861 3888 929 279),

2230 949 2492 1020 nihilque
2540 950 2816 1021 amplius.
2848 954 2921 1007 At
2968 967 3102 1006 cum
3134 965 3227 1006 res
3258 950 3339 1006 ita
3386 950 3484 1019 sit,
3519 951 3707 1022 pergit
3755 950 3889 1017 ille,

2230 1043 2381 1095 certe
2414 1056 2427 1093 :
2462 1038 2874 1095 «Christianus
2896 1041 2945 1094 si
2968 1039 3190 1095 nullius
3220 1038 3485 1095 criminis
3517 1055 3731 1095 nomen
3764 1044 3889 1106 est,

2232 1126 2397 1183 valde
2420 1127 2703 1197 ineptum,
2722 1127 2774 1182 si
2798 1126 2981 1183 solius
3002 1126 3280 1193 nominis,
3304 1125 3524 1182 crimen
3546 1133 3637 1183 est
3659 1149 3686 1175 »
3718 1128 3890 1197 (Ter-

2234 1216 2359 1271 tuli.
2392 1215 2576 1279 ibid.).
2612 1216 2681 1269 Et
2710 1215 2791 1271 ita
2838 1216 3078 1287 quidem
3117 1215 3175 1271 in
3226 1214 3456 1286 Rigaltii
3501 1216 3777 1271 editione.
3821 1215 3890 1271 In

2232 1304 2452 1359 nostris
2496 1319 2628 1358 vero
2676 1303 3023 1360 codicibus:
3078 1325 3100 1353 ι
3137 1303 3503 1359 Christianus
3551 1303 3601 1359 si
3652 1303 3893 1359 nullius

2232 1392 2496 1447 criminis
2528 1407 2738 1446 nomen
2770 1408 2905 1447 reus
2934 1396 3043 1460 est,
3078 1391 3245 1449 valde
3273 1391 3588 1457 incestum,
3610 1413 3638 1443 »ι
3672 1408 3891 1447 recen-

2233 1481 2409 1536 tiores
2445 1500 2469 1530 ι
2503 1481 2810 1545 incertum,
2838 1480 2887 1535 si
2933 1479 3116 1536 solius
3163 1479 3420 1535 nominis
3450 1480 3671 1535 crimen
3702 1485 3814 1536 est.
3859 1502 3893 1529 »ι

2236 1569 2297 1623 In
2328 1568 2683 1639 quibusdam
2728 1568 3167 1639 manuscriptis,
3200 1573 3259 1623 et
3287 1568 3460 1624 editis
3489 1567 3743 1639 Rigaltio
3774 1585 3890 1624 an-

2234 1656 2588 1734 tiquioribus
2646 1672 2661 1713 :
2720 1679 2749 1706 ‹‹
2805 1657 3173 1713 Christianus
3229 1657 3278 1712 si
3336 1656 3557 1712 nullius
3612 1656 3892 1712 criminis

2235 1762 2372 1801 reus
2400 1750 2509 1811 est,
2542 1760 2756 1800 nomen
2781 1744 2945 1800 valde
2970 1744 3271 1806 infestum.
3306 1745 3355 1799 si
3402 1745 3588 1801 solius
3619 1744 3893 1801 nominis

2237 1834 2457 1890 crimen
2488 1839 2596 1889 est.
2630 1855 2658 1883 »
2688 1837 2877 1904 Atque
2919 1832 3041 1889 haec
3080 1833 3307 1889 videtur
3348 1833 3604 1905 genuina
3648 1833 3892 1889 Tertul-

2240 1920 2381 1976 liani
2402 1920 2590 1987 lectio,
2624 1925 2798 1989 atque
2839 1921 2898 1975 in
2931 1919 3063 1977 aliis
3102 1921 3403 1977 codicibus
3432 1938 3501 1978 ea
3536 1938 3645 1978 vox
3681 1938 3897 1978 nomen

2238 2009 2615 2079 transposita,
2648 2013 2705 2064 et
2748 2008 2928 2064 altera
2978 2010 3267 2079 incestum,
3321 2017 3612 2081 corrupta.
3661 2009 3897 2065 Sensus

2241 2112 2495 2168 namque
2584 2096 2932 2152 Tertulliani
3002 2102 3113 2163 est,
3186 2096 3587 2155 Christianum
3664 2114 3892 2155 nomen

2240 2184 2424 2239 fuisse
2468 2183 2717 2239 ethnicis
2745 2184 2911 2241 valde
2961 2184 3264 2250 infestum,
3296 2192 3535 2257 propter
3576 2188 3733 2258 quod
3793 2202 3897 2242 so-

2242 2273 2509 2342 lum,nec
2537 2271 2695 2327 aliud
2725 2289 2965 2343 prorsus
2995 2274 3066 2328 ob
3089 2272 3331 2338 crimen,
3363 2273 3729 2330 Christianos
3760 2278 3894 2329 tam

2242 2361 2556 2417 crudeliter
2583 2361 2936 2431 torquebant
2964 2366 3021 2417 et
3048 2361 3498 2418 interﬁciebant.

2310 2452 2382 2504 At
2412 2448 2639 2503 nullum
2670 2453 2846 2512 certe,
2880 2454 3048 2520 urget
3075 2448 3468 2505 Tertullianus
3500 2450 3655 2521 (ibid.
3676 2465 3813 2521 cap.
3837 2451 3895 2518 3,

2245 2554 2375 2608 pag.
2406 2537 2553 2605 281),
2587 2536 2843 2592 nominis
2872 2537 3072 2591 odium
3098 2536 3322 2608 concipi
3352 2542 3563 2608 potest,
3597 2539 3713 2594 nisi
3741 2537 3898 2593 illud

2244 2625 2464 2695 aliquid
2517 2624 2809 2695 significet
2856 2625 3192 2694 barbarum,
3244 2631 3346 2680 aut
3389 2625 3666 2681 vitiosum
3714 2628 3773 2681 in
3832 2643 3901 2683 se

2245 2713 2393 2785 ipso,
2421 2711 2509 2767 vel
2544 2712 2854 2783 incognitis
2884 2711 3225 2768 hominibus
3264 2712 3366 2784 qui
3397 2730 3464 2769 eo
3495 2712 3901 2785 appellantur.

2243 2800 2420 2872 Atqui
2449 2799 2664 2855 ethnici
2688 2799 2833 2854 nihil
2855 2804 3164 2871 potuerant
3203 2799 3262 2855 in
3306 2800 3652 2857 Christianis
3683 2802 3899 2872 depre-

2247 2890 2500 2945 hendere
2524 2888 2736 2956 vitiosi,
2768 2906 2916 2959 quos
2964 2887 3050 2944 vel
3082 2888 3263 2945 semel
3302 2889 3507 2945 audire
3556 2889 3897 2946 noluerant.

2248 2976 2404 3035 Nihil
2425 2976 2602 3032 etiam
2633 2976 2945 3032 barbarum
2968 2974 3027 3031 in
3044 2975 3360 3053 Christiani
3382 2978 3807 3049 nomine,quod
3831 2978 3901 3035 de

2246 3067 2523 3133 unctione,
2545 3064 2626 3120 ait
2646 3063 3061 3136 Tertullianus,
3082 3064 3375 3121 deducitur
3403 3066 3560 3137 (ibid.
3587 3082 3718 3138 pag.
3740 3068 3900 3138 281).

503 3171 694 3244 ganda
740 3152 992 3241 adigere,
1026 3168 1358 3225 fatebantur
1403 3168 1605 3240 utique
1657 3173 1778 3224 tam
1818 3168 1965 3225 falsa
2012 3184 2138 3223 esse

2256 3154 2363 3210 Nec
2393 3153 2580 3208 hilum
2630 3152 2868 3224 quidem
2916 3154 3333 3225 promovebant
3381 3154 3572 3227 ignari
3619 3154 3898 3227 gentiles,

502 3217 1362 3328 ἒξὶῖῖωῖιῖέιῗᾘῖιὶὶιῗεῖιᾘὶῌᾶὲ
1407 3217 2138 3313 ἑὲξιῖἷιιεζῖζωέἴίιζιῖὀῖ
2170 3217 2212 3285 ο
2250 3242 2349 3315 qui
2385 3217 2751 3310 σιιναδιίαιῐοε,
2786 3217 3311 3309 non'Chriuianos.
3343 3217 3727 3315 αιῖρθιιαηᾶοε
3763 3217 3899 3302 εεεό

506 3347 701 3403 centia
746 3351 805 3402 et
850 3346 1175 3417 integritas.
1210 3346 1270 3400 In
1314 3344 1422 3401 hac
1459 3344 1659 3415 itaque
1698 3350 1819 3401 tam
1851 3345 2142 3401 horrenda

502 3433 844 3490 eorumdem
900 3432 1361 3489 Christianorum
1428 3432 1729 3489 vexatione
1786 3449 1901 3488 non
1958 3431 2140 3501 aliud,

505 3520 680 3578 sicuti
713 3521 905 3577 aiebat
940 3520 1358 3590 Tertullianus,
1390 3521 1504 3577 nisi
1536 3520 1851 3578 Christiani
1882 3521 2145 3591 znominis

502 3610 768 3683 praelium
795 3616 877 3664 est
920 3608 1119 3680 (idem,
1160 3609 1433 3680 Apologet.
1487 3626 1618 3681 cap.
1658 3611 1713 3676 2,
1741 3626 1874 3681 pag.
1906 3610 2054 3680 279),
2086 3609 2145 3664 in

507 3712 623 3769 quo
644 3702 921 3769 negantes
950 3697 1420 3766 absolvebantur,
1454 3703 1629 3770 atque
1659 3698 2146 3755 excarniﬁcaban-

505 3790 604 3843 tur
627 3785 987 3842 conﬁtentes.

578 3874 776 3946 Neque
805 3872 1099 3946 putaveris
1123 3872 1445 3944 quidquam
1474 3874 1547 3931 ab
1577 3873 1676 3930 illo
1706 3874 1787 3931 ibi
1819 3878 1919 3931 aut
1947 3876 2149 3931 ﬁctum

508 3966 614 4020 aut
659 3966 1093 4035 exaggeratum.
1138 3961 1284 4017 Nam
1333 3964 1536 4019 eadem
1582 3962 1752 4034 plane
1796 3965 1986 4020 fuerat
2035 3981 2151 4020 non

507 4050 700 4107 solum
728 4049 948 4106 Justini
999 4046 1297 4123 martyris,
1350 4051 1753 4123 Athenagorae,
1803 4052 2055 4118 Tatiani,
2088 4056 2152 4107 ut

507 4139 647 4195 alibi
684 4137 940 4194 vidimus
990 4139 1153 4209 (tom.
1188 4140 1207 4194 Ι
1236 4140 1506 4210 Apparat.
1561 4156 1695 4212 pag,
1740 4141 1868 4207 354,
1893 4141 2017 4208 356,
2052 4141 2150 4195 471

506 4232 564 4282 et
591 4227 738 4297 523),
771 4227 870 4282 sed
904 4225 1196 4283 Melitonis
1226 4227 1425 4294 etiam,
1458 4227 1633 4284 sicuti
1663 4229 1837 4285 refert
1865 4228 2154 4285 Eusebius

506 4315 742 4387 (Euseb.
794 4313 897 4369 lib.
932 4331 989 4370 ιν
1021 4317 1228 4371 Hister.
1278 4316 1474 4371 Eccles.
1525 4334 1651 4388 cap.
1706 4317 1795 4385 26,
1826 4333 1956 4387 pag.
2007 4317 2152 4389 147),

508 4403 743 4474 publica
774 4403 1181 4474 expostulatio.
1204 4403 1399 4460 Palam
1425 4404 1641 4476 quippe
1658 4404 1960 4476 conquesti
1993 4410 2153 4477 sunt,

504 4490 772 4564 quamvis
828 4490 1061 4547 nullum
1106 4508 1317 4547 nomen
1351 4509 1418 4548 ex
1464 4493 1657 4564 seipse
1689 4495 1906 4549 bonum
1951 4493 2025 4549 sit
2054 4498 2154 4549 aut

2248 3330 2747 3404 garriebant.Nam
2775 3329 2884 3386 hoc
2912 3330 3107 3401 ipsum
3140 3348 3354 3387 nomen
3384 3332 3458 3388 de
3484 3334 3776 3399 suavitate,
3808 3334 3897 3389 vet

2252 3420 2580 3490 benignitate
2617 3418 2943 3474 derivatum
2973 3429 3061 3475 est
3089 3419 3295 3491 (Ibid).
3327 3423 3405 3474 At
3432 3420 3503 3476 de
3533 3419 3643 3475 hac
3668 3420 3895 3476 utrius-

2252 3524 2364 3579 que
2394 3505 2648 3562 nominis
2678 3506 3027 3579 etymologia
3065 3506 3203 3563 alibi
3233 3506 3623 3565 disseruimus
3654 3507 3894 3579 (Disser-

2253 3598 2353 3652 tat.
2384 3596 2445 3651 in
2474 3596 2719 3652 Lactant.
2753 3611 2877 3667 cap.
2912 3596 2999 3664 17,
3032 3598 3143 3653 art.
3176 3596 3250 3668 1).

2852 3726 3170 3767 Λιιτιουιυε
3210 3727 3295 3766 ΠΙ.

2256 3805 2435 3871 Quam
2462 3798 2698 3853 absurde
2741 3797 2946 3853 ethnici
2974 3799 3270 3870 objioerent
3319 3798 3657 3871 Christiano:
3680 3805 3911 3871 propter

2327 3887 2491 3926 suum
2519 3872 2615 3941 aut
2643 3872 2887 3925 auctori:
2929 3874 3019 3924 sui
3047 3886 3249 3925 nomen
3278 3870 3402 3926 odio
3450 3872 3746 3940 habendos,
3774 3870 3912 3941 quia

2328 3942 2515 3996 nullus
2543 3940 2896 4012 philosoxihu:
2927 3940 3256 4013 Platonicos,
3283 3942 3593 4013 Epicureos,
3627 3940 3907 4013 Pythago-

2328 4028 2465 4068 reos.
2494 4013 2717 4079 Stoicos,
2746 4019 2795 4066 et
2840 4012 3206 4078 Academicos,
3235 4012 3425 4068 nullus
3474 4012 3716 4068 medicus
3769 4014 3911 4068 Era-

2327 4087 2637 4150 sistratum,
2668 4084 2855 4137 nullus
2884 4086 3280 4153 grammaticus
3309 4084 3911 4152 Aristarchummullus

2328 4170 2530 4225 coquus
2587 4156 2862 4224 Apicium,
2913 4160 3185 4210 sectarum
3238 4171 3473 4211 suarum
3527 4162 3809 4226 auctores,
3842 4156 3909 4212 ob

2328 4242 2493 4282 suum
2521 4241 2721 4281 nomen
2749 4226 2926 4282 odisse
2950 4226 3372 4298 perhibeantur.

2331 4341 2474 4397 Cum
2508 4340 2653 4397 nihil
2683 4341 2761 4395 sit
2790 4339 2911 4396 sole
2940 4341 3117 4397 etiam
3150 4341 3475 4398 meridiano
3507 4339 3913 4413 clarius,quod

2260 4429 2586 4484 humanum
2635 4427 2956 4499 ingenium,
2996 4427 3155 4484 false
3207 4428 3508 4501 religionis
3553 4428 3917 4501 praeiudiciis

2259 4523 2631 4584 excaecatum,
2665 4518 2980 4572 obscurare
3031 4534 3148 4573 non
3181 4518 3499 4585 moliatur;
3530 4534 3648 4573 non
3694 4518 3917 4572 mirum

506 4579 754 4676 m‘flufnv
785 4578 1153 4676 οδνίδίίδηξξβ
1185 4587 1370 4635 tamen
1422 4597 1596 4636 suum
1630 4582 1917 4676 άυηίθκίξί
1945 4582 2017 4637 0b
2048 4598 2149 4676 V‘?‘
2177 4579 2226 4644 D
2256 4604 2531 4675 profecto,
2565 4578 2857 4659 si'ethnici
2887 4578 3538 4676 quibusdamlitigiosis
3560 4603 3917 4675 disputatio-

506 4666 808 4734 cabulum,
843 4684 947 4722 nec
980 4667 1181 4723 audita
1210 4684 1471 4739 unquam
1507 4686 1705 4737 causa,
1739 4670 2141 4728 condemnari.

507 4756 721 4811 Eodem
748 4759 942 4811 autem
965 4755 1102 4824 telo,
1127 4757 1227 4811 sed
1250 4756 1424 4827 paulo
1446 4757 1611 4813 aliter
1640 4762 1922 4826 contorto,
1956 4758 2150 4814 ethni-

508 4859 608 4899 cos
637 4843 1056 4900 transfixarunt
1097 4844 1381 4901 Minutius
1413 4846 1592 4913 Felix,
1628 4848 1711 4901 uti
1742 4864 1921 4919 supra
1950 4851 2152 4903 osten-

506 4932 705 4987 dimus
760 4932 1062 5004 (Diuertal.
1112 4933 1172 4987 in
1199 4933 1396 4988 Minut.
1445 4937 1636 4990 Octav.
1688 4950 1814 5007 cap.
1846 4934 1901 5006 8,
1932 4939 2038 4992 art.
2071 4936 2150 5007 2),

505 5023 563 5076 et
592 5019 937 5093 Cyprianus,
972 5019 1143 5076 sicuti
1173 5020 1328 5077 infra
1353 5021 1637 5079 dicemus.

572 5126 687 5183 Nec
719 5125 976 5182 multum
1002 5126 1287 5181 curabant
1314 5127 1560 5198 gentiles
1582 5144 1877 5183 summam
1902 5126 2053 5183 hanc
2075 5131 2151 5183 te-

500 5229 635 5286 gere
666 5214 1044 5286 injustitiam,
1065 5230 1239 5286 quam
1274 5214 1391 5270 lata
1414 5231 1516 5286 per
1545 5216 1829 5282 tabellam,
1862 5216 2032 5286 cujus
2063 5215 2149 5271 Ci-

499 5318 630 5357 cero
661 5302 813 5357 983
862 5301 986 5374 (lib.
1020 5319 1053 5357 v
1084 5303 1143 5356 in
1181 5304 1329 5359 Verr.
1384 5318 1516 5374 pag.
1553 5304 1679 5371 179,
1713 5303 1818 5357 lin.
1854 5305 1920 5358 19
1950 5321 1963 5372 ;
1998 5307 2146 5360 orat.

500 5391 573 5446 23
618 5407 717 5462 pro
768 5391 954 5447 Rabir.
1013 5406 1145 5463 pag.
1203 5392 1330 5462 561,
1390 5390 1494 5445 lin.
1558 5390 1663 5445 ult.
1694 5408 1707 5459 ;
1742 5394 1887 5446 orat.
1918 5392 1989 5446 23
2044 5407 2148 5463 pro

505 5481 687 5536 Flacc.
728 5497 861 5553 pag.
908 5480 1033 5548 369,
1092 5479 1196 5535 lin.
1259 5481 1365 5550 47;
1398 5484 1543 5538 orat.
1597 5480 1667 5536 37
1724 5482 1784 5535 in
1839 5480 1900 5535 L.
1956 5482 2146 5537 Pison.

510 5584 645 5639 pag.
713 5569 861 5639 543),
939 5568 1155 5639 aliique
1231 5570 1445 5641 smpius
1520 5569 1856 5638 meminere,
1948 5574 2149 5628 contra

514 5670 615 5711 eos
670 5656 958 5714 sententia
1009 5656 1070 5714 in
1117 5657 1420 5729 publicum
1479 5658 1865 5731 proferebant.
1916 5658 1979 5718 In
2036 5659 2146 5719 hac

2259 4692 2431 4747 nibus
2455 4691 2787 4762 propositas
2810 4691 2880 4746 ab
2904 4694 3151 4748 Auctore
3172 4698 3372 4748 nostro
3392 4692 3812 4749 invictissimas
3844 4694 3910 4748 in

2258 4778 2727 4835 Christianorum
2758 4778 3157 4836 defensionem
3206 4781 3749 4853 argumentationes
3778 4781 3914 4837 elu-

2258 4867 2394 4923 dere
2423 4866 2853 4938 aut.inﬁrmare
2902 4868 3269 4924 tentaverint.
3301 4869 3589 4925 Audiendi
3614 4874 3812 4925 tamen
3845 4869 3914 4925 hi

2258 4959 2398 5010 sunt
2454 4955 2555 5025 qui
2610 4955 2969 5011 Christianos
3028 4956 3231 5012 audire
3290 4957 3589 5025 nolebant,
3623 4963 3682 5014 et
3731 4973 3914 5015 excu-

2257 5042 2490 5109 tiendis;
2521 5042 2961 5115 qualescunque
2991 5043 3130 5115 sint,
3162 5044 3397 5101 illorum
3429 5046 3706 5103 rationes.

2327 5131 2720 5187 Clamitabant
2747 5136 2944 5188 autem
2964 5149 3081 5188 non
3099 5134 3455 5205 requirenda
3483 5151 3613 5191 esse
3629 5134 3846 5191 Christi
3857 5152 3919 5192 a-

2257 5236 2467 5275 norum
2519 5218 2759 5293 scelera,
2804 5236 2930 5291 qua
2980 5221 3176 5277 omnia
3232 5238 3349 5277 uno
3407 5238 3613 5279 eorum
3670 5223 3920 5281 nomine

2257 5308 2855 5381 comprehenduntur.
2888 5308 3044 5365 984
3080 5312 3189 5366 Sed
3240 5310 3565 5368 falsissima
3608 5327 3740 5369 esse
3789 5312 3918 5369 haec

2257 5397 2507 5453 crimina
2530 5398 2656 5468 jam
2689 5397 3075 5454 ostendimus.
3105 5399 3217 5455 Fac
3246 5403 3469 5466 tamen,
3500 5399 3550 5455 si
3582 5400 3921 5472 possis,illa

2256 5490 2376 5542 tam
2404 5502 2542 5543 vera
2572 5502 2700 5542 esse
2728 5502 2902 5556 quam
2937 5484 3086 5543 falsa
3111 5488 3567 5559 sunt,numquid
3591 5488 3917 5558 homicida,

2254 5574 2343 5632 vel
2374 5575 2525 5631 alius
2574 5573 2818 5647 quilibet
2869 5574 3186 5633 sceleratus
3216 5577 3413 5649 homo,
3447 5582 3683 5650 propter
3728 5595 3915 5636 suum

2253 5663 2448 5725 solum
2496 5680 2707 5721 nomen
2759 5664 3136 5725 condemnari
3188 5666 3406 5724 debet?
3434 5666 3637 5725 Nonne
3669 5667 3914 5739 judioes
