4162 6368
342 425 496 484 1077

1253 421 1325 478 D.
1373 418 1470 478 LE
1514 417 1839 479 NOUBRY
1883 413 2531 477 OBSERVATIONES
2576 411 2838 472 NOVIE.

3591 397 3746 463 1078

341 557 620 610 tenentur
649 551 817 607 illum
853 551 1075 618 audire,
1107 555 1164 606 et
1194 550 1543 622 investigare
1573 550 1696 618 ubi,
1727 550 1984 620 quando,
2017 551 2071 617 Α
2103 564 2229 619 cap.
2260 547 2346 602 17.
2381 562 2512 618 pag.
2544 544 2692 615 308),
2724 546 2780 599 et
2810 539 3194 611 Hieronymus
3227 535 3351 608 (lib.
3393 549 3434 588 ιι
3490 533 3610 591 adv.
3641 537 3744 591 Jo-

344 644 661 716 quomodo,
692 641 908 713 quibus
939 640 1113 696 sociis
1146 641 1363 697 crimen
1398 640 1858 713 perpetraverit?
1888 642 1989 694 Ve-

343 750 477 788 rum
510 730 825 788 Christiani
864 736 1067 785 contra
1119 730 1224 784 has
1273 729 1660 798 arquissimas,
1710 728 1792 783 uti
1840 729 1986 783 dixi-

343 839 502 892 mus,
535 820 693 891 leges
737 819 1303 874 condemnabantur.
1358 817 1801 890 Iniquissimum
1851 833 1987 888 ergo

340 913 469 966 erat
517 907 830 981 gentilium
870 907 1163 978 judicium
1219 905 1476 975 (Tertull.
1539 908 1806 979 Apologet.
1859 923 1984 978 cap.

340 1002 398 1064 2,
449 1014 582 1071 pag.
634 997 763 1069 279,
816 1000 869 1052 et
924 995 1026 1052 lib.
1073 1014 1091 1051 1
1147 996 1215 1052 ad
1263 997 1481 1052 Nation.
1535 1013 1660 1068 cap.
1737 998 1790 1064 6,
1852 1011 1986 1068 pag.

413 1174 707 1246 Urgebant
754 1176 952 1229 tamen
986 1173 1232 1246 gentiles
1283 1191 1296 1230 :
1355 1193 1376 1222 α
1427 1175 1596 1231 Secta
1650 1174 1990 1230 Christiano-

342 1280 469 1318 rum
497 1263 694 1318 oditur
725 1261 784 1317 in
816 1261 1050 1318 nomine
1072 1262 1273 1334 utique
1305 1262 1397 1318 sui
1429 1263 1686 1320 auctoris
1743 1285 1769 1312 ››
1823 1263 1986 1334 (Ibid.

346 1369 476 1426 pag.
509 1353 657 1423 282).
686 1351 988 1422 Numquid
1031 1368 1164 1423 erga
1202 1353 1653 1408 examinandum
1705 1370 1819 1408 non
1867 1358 1991 1410 erat

344 1446 542 1497 utrum
577 1441 674 1496 ille
705 1445 926 1507 auctor,
961 1444 1060 1496 aut
1089 1441 1218 1511 ejus
1270 1445 1586 1498 sectatores
1631 1442 1761 1498 odio
1793 1459 1991 1498 revera

344 1529 548 1586 haberi
581 1528 903 1586 deberent?
932 1530 1328 1586 Tertullianus
1378 1536 1572 1586 autem
1619 1532 1990 1588 evidentissi-

344 1635 437 1674 me
468 1620 829 1674 demonstrat
862 1620 1130 1676 ethnicos
1180 1622 1436 1677 absurda
1462 1622 1566 1676 hac
1616 1628 1988 1695 argumenta-

342 1708 502 1763 tione
535 1725 594 1763 se
612 1708 774 1780 ipsos
797 1711 1429 1779 suo,quemadmodum
1465 1711 1990 1782 dicitur,conflcere

346 1797 561 1869 gladio.
604 1801 728 1852 Non
761 1797 916 1853 enim
950 1797 1275 1853 Platonicos
1309 1805 1542 1871 propter
1574 1800 1990 1873 Platonis,Epi-

2096 637 2257 707 vin.),
2293 635 2469 708 Apicii
2502 635 2746 705 ejusque
2777 627 3149 685 belluationis
3182 630 3237 681 et
3267 625 3568 679 immense
3591 622 3740 695 gulae

2098 725 2662 782 meminerunt.Tres
2688 737 2859 793 porro
2891 717 3268 775 Casaubonus
3291 717 3455 769 notat
3483 711 3741 784 Apicios,

2097 832 2314 886 eosque
2361 813 2511 885 gula:
2560 810 2696 866 vitio
2741 810 2990 864 infames
3041 804 3386 877 (Casaubon.
3437 802 3496 856 in
3545 800 3647 856 lib.
3699 816 3741 855 ιι

2096 904 2290 961 Athan.
2320 920 2447 974 cap.
2475 904 2530 967 6,
2564 918 2692 972 pag.
2726 899 2795 952 22
2826 902 2883 953 et
2913 896 3126 968 seqq).
3185 894 3247 949 In
3302 889 3588 964 superiori
3637 906 3741 944 au-

2097 999 2214 1050 tem
2248 991 2660 1049 dissertatione
2691 990 2947 1061 (Dissert.
2981 987 3041 1041 in
3089 983 3288 1039 Arnob.
3344 997 3470 1052 cap.
3504 980 3594 1048 23,
3628 982 3736 1034 art.

2097 1086 2153 1155 4)
2181 1101 2295 1139 non
2346 1081 2526 1137 semel
2575 1078 2880 1136 citavimus
2932 1074 3116 1146 Apicii
3170 1073 3240 1128 de
3289 1089 3349 1127 re
3400 1067 3741 1142 coquinaria

2098 1173 2314 1229 editam
2348 1168 2925 1227 commentationem.
2948 1165 3144 1235 Neque
3176 1178 3386 1232 magno
3418 1159 3616 1216 labore
3645 1173 3741 1214 no-

2098 1262 2189 1319 bis
2220 1259 2601 1335 persuadebis
2633 1258 2790 1314 hunc
2839 1271 2987 1324 esse,
3045 1253 3115 1310 de
3167 1269 3284 1324 quo
3340 1247 3741 1307 Tertullianus

2097 1353 2377 1426 loquitur.

2169 1446 2241 1499 At
2271 1442 2607 1514 quicunque
2641 1438 2835 1508 fuerit,
2868 1435 3066 1492 nullus
3098 1439 3295 1490 tamen
3346 1429 3581 1504 gentilis
3631 1446 3741 1484 un-

2099 1549 2278 1604 quam
2310 1531 2454 1586 dixit
2483 1534 2716 1603 propter
2747 1526 2928 1595 illius,
2960 1529 3061 1581 aut
3091 1523 3338 1579 aliorum
3374 1538 3517 1592 quos
3545 1535 3741 1574 recen-

2100 1620 2550 1689 suimus,solum
2583 1635 2794 1674 nomen
2825 1616 2956 1671 odio
2988 1615 3224 1685 dignam
3251 1628 3378 1668 esse
3408 1610 3742 1665 institutam

2102 1729 2135 1766 a
2164 1711 2426 1783 quolibet
2455 1713 2694 1776 sectam,
2729 1705 2842 1761 nisi
2878 1705 3040 1776 prius
3070 1700 3395 1758 constiterit
3425 1699 3483 1753 in
3536 1715 3603 1753 ea
3633 1696 3743 1752 ali-

2102 1802 2242 1872 quid
2276 1817 2404 1855 esse
2436 1797 2593 1854 mali.
2628 1795 2884 1852 Gentiles
2918 1811 3050 1864 ergo
3082 1809 3196 1848 non
3225 1790 3517 1846 debebant
3548 1787 3743 1842 odisse

346 1891 813 1988 cureospropter
841 1888 1496 1960 Epicuri,Pythagoreos
1529 1891 1989 1962 pr0pterPytha-
2021 1923 2069 1988 B
2102 1889 2487 1954 Christianos,
2515 1903 2620 1942 nec
2643 1889 2879 1957 propter
2899 1897 3207 1952 suum,nec
3230 1883 3464 1952 propter
3485 1874 3739 1932 auctoris

576 1982 583 1988 .
927 1981 935 1988 .
1030 1978 1065 1988 ..
1229 1979 1237 1988 .
1594 1980 1631 1988 -.
1703 1980 1715 1988 .
1783 1980 1794 1988 .
1855 1981 1866 1988 .
1979 1984 1986 1988 _
2180 1979 2190 1988 .
2540 1975 2603 1986 ..
2750 1974 2762 1988 .
2881 1978 2889 1988 .
3120 1975 3164 1988 .,
3220 1967 3562 1988 μιμεμηι
3610 1963 3738 1988 ευ--

349 1977 752 2048 goraa,Stoicos
775 1981 1010 2049 propter
1029 1978 1274 2033 Zenonis
1305 1995 1514 2034 nomen
1540 1980 1671 2034 odio
1703 1980 1996 2036 habebant
2021 1963 2069 1988 ³³
2102 1979 2195 2036 sui
2225 1995 2460 2045 nomen,
2497 1975 2607 2031 nisi
2638 1974 3002 2046 exploratum
3039 1975 3174 2026 ante
3219 1967 3566 2024 habuissent
3610 1963 3740 2020 illos

359 2065 566 2138 (Ibid).
604 2070 674 2121 At
719 2065 781 2121 bi
830 2083 1071 2122 suarum
1119 2072 1430 2140 sectarum,
1476 2069 1558 2123 uti
1619 2069 1755 2125 alibi
1801 2073 1995 2125 osten-

355 2154 553 2212 dimus
587 2155 752 2227 (tom.
804 2155 827 2212 I
871 2158 1132 2228 Apparet.
1183 2157 1284 2213 lib.
1342 2174 1426 2225 ιιι,
1476 2158 1711 2214 dissert.
1761 2161 1816 2230 2,
1865 2175 1993 2230 cap.

356 2245 443 2313 17,
479 2246 647 2303 art.1
699 2249 756 2300 et
807 2263 970 2318 seqq.
1027 2262 1160 2319 pag.
1214 2247 1350 2302 1123
1403 2251 1458 2302 et
1515 2249 1723 2320 seqq),
1765 2247 2000 2304 fuerant

354 2338 643 2390 auctores.
677 2335 823 2390 Tum
864 2335 1074 2391 deinde
1131 2353 1164 2390 a
1218 2337 1576 2393 Tertulliano
1624 2341 2000 2395 recensentur

354 2423 712 2491 Academici,
770 2439 916 2494 quos
966 2424 1167 2495 utique
1218 2442 1251 2479 a
1318 2425 1632 2482 Platonicis
1699 2443 1999 2483 secernere

352 2511 582 2567 videtur
612 2511 877 2584 (Tertull.
912 2513 1189 2585 Apologet.
1226 2531 1350 2587 cap.
1411 2517 1464 2582 3,
1516 2533 1570 2588 p.
1623 2517 1773 2586 282).
1813 2520 2000 2572 Num-

356 2601 496 2672 quid
526 2602 707 2672 igitur
746 2604 817 2657 de
863 2604 1066 2659 medias
1115 2609 1171 2659 et
1221 2622 1377 2661 novas
1426 2608 1746 2662 Academia:
1781 2607 1998 2679 princi-

362 2691 538 2762 pibus
571 2690 878 2762 Arcesilao,
913 2696 968 2748 et
993 2693 1238 2765 Lacyde,
1289 2693 1441 2750 sicut
1487 2695 1703 2752 ibidem
1737 2696 2000 2752 animad-

356 2778 664 2845 vertimus,
718 2797 1040 2837 sermonem
1109 2783 1314 2840 fecisse
1371 2784 1708 2842 dicendus?
1775 2787 2002 2857 Expen-

357 2869 446 2936 de,
483 2885 700 2940 quasso,
735 2886 801 2925 ac
832 2871 1168 2942 pronuntia.

430 2975 625 3048 Pergit
654 2975 752 3032 ille
784 2993 869 3045 ac,
904 3000 931 3027 «
987 2979 1210 3046 Nonne,
1261 2981 1475 3052 inquit,
1527 2983 1739 3038 medici
1789 3000 2001 3041 nomen

363 3080 538 3120 suum
572 3063 760 3120 sortiti
793 3071 934 3122 sunt
962 3067 1033 3122 ab
1084 3071 1436 3136 Erasistrato,
1469 3071 1570 3142 qui
1620 3071 1693 3126 ab
1727 3073 1787 3126 A.
1823 3072 2004 3129 Gellio

362 3150 565 3206 nobilis
593 3151 832 3207 medicus
865 3152 1027 3222 (Gell.
1063 3152 1161 3210 lib.
1195 3173 1310 3211 xvu
1340 3158 1492 3212 Noct.
1524 3159 1631 3214 Att.
1665 3175 1792 3231 cap.
1826 3161 1936 3230 11),
1971 3178 2004 3215 a

363 3238 655 3296 Macrobio
685 3240 1022 3297 medicorum
1048 3248 1290 3301 veterum
1319 3247 1697 3303 nobilissimus
1739 3248 2000 3321 appella-

359 3332 456 3383 tur
484 3348 511 3380 ι
547 3328 824 3400 (Macrob.
859 3330 1059 3388 lib.vu
1090 3334 1509 3408 Saturnal.cap.
1548 3338 1671 3409 15)?
1701 3342 2001 3394 Testatum

357 3420 552 3473 autem
584 3419 790 3476 Strabo
824 3421 958 3477 fecit
989 3424 1245 3496 Smyrnaa
1273 3425 1568 3482 exstitisse
1601 3432 1834 3499 patrum
1866 3445 2003 3483 suo-

357 3524 488 3561 rum
540 3512 799 3581 tempore
845 3510 1310 3569 Erasistrataaam
1362 3515 1664 3572 medicinae
1738 3516 2002 3572 scholam

359 3597 565 3666 (Strab.
600 3597 698 3654 lib.
730 3616 811 3654 xu
845 3599 1034 3672 Georg.
1068 3619 1200 3676 pag.
1233 3605 1384 3676 580).
1429 3605 1800 3661 Celeberrimi
1832 3623 2003 3677 porro

356 3684 536 3757 hujus
566 3688 780 3744 medici
813 3688 1164 3749 Plutarchus
1194 3693 1318 3764 (lib.
1354 3713 1408 3750 ιν
1430 3695 1676 3767 Sympos.
1710 3700 1915 3768 quaest.
1954 3698 2002 3752 1.

357 3792 492 3847 pag.
518 3776 645 3844 603,
680 3781 737 3833 et
767 3777 870 3834 lib.
903 3797 1001 3850 vn,
1036 3787 1241 3852 quaest.
1277 3785 1327 3851 1,
1362 3801 1491 3856 pag.
1526 3786 1652 3853 698,
1688 3794 1742 3840 et
1791 3785 1850 3840 in
1888 3785 2004 3841 Vita

358 3864 593 3920 Demetr.
627 3882 760 3938 pag.
790 3867 918 3940 907)
952 3887 964 3937 ;
1017 3869 1243 3927 Plinius
1275 3872 1398 3941 (lib.
1447 3891 1580 3928 χχιιι
1609 3879 1807 3931 Natur.
1864 3876 2001 3930 Hist.

359 3967 486 4024 cap.
522 3954 574 4018 1,
607 3971 739 4026 pag.
771 3956 934 4028 603);
962 3957 1230 4016 Valerius
1263 3961 1552 4019 Maximus
1583 3963 1768 4034 (lib.v,
1801 3966 2001 4036 cap.7,

357 4041 489 4111 §1),
523 4045 579 4097 et
607 4041 878 4100 Chronici
937 4048 1252 4105 Eusebiani
1283 4052 1402 4120 (ad.
1453 4070 1589 4108 ann.
1649 4053 1810 4125 1755)
1865 4053 2004 4111 scri-

359 4133 492 4199 ptor
526 4130 886 4188 mentionem
919 4135 1200 4194 fecerunt.

428 4236 688 4309 Denique
717 4245 885 4311 coqui
911 4244 1081 4299 etiam
1121 4248 1517 4319 cognominati
1551 4253 1711 4318 sunt,
1745 4250 1828 4305 ait
1869 4254 2002 4305 Ter-

359 4325 667 4398 tullianus,
739 4331 807 4384 ab
865 4333 1074 4402 Apicio,
1140 4351 1314 4406 quem
1385 4336 1525 4392 alibi
1581 4338 1732 4393 inter
1785 4355 2004 4408 coquos

367 4415 831 4486 pretiosissimos
880 4427 1162 4493 recenset,
1206 4425 1452 4496 ejusque
1483 4428 1858 4483 condimenta
1904 4445 2004 4482 ex-

362 4505 547 4575 agitat
575 4505 840 4577 (Tertull.
873 4510 1154 4582 Apologet.
1188 4529 1312 4585 cap.
1346 4516 1399 4582 3,
1426 4532 1558 4587 pag.
1589 4517 1658 4584 5;
1689 4517 1753 4572 de
1799 4517 2001 4585 Pallio,

355 4609 482 4664 cap.
518 4594 651 4662 ult.;
680 4596 744 4651 de
773 4598 957 4654 Anim.
990 4618 1119 4672 cap.
1153 4603 1356 4672 33).Ab
1387 4605 1663 4661 Athenaeo
1698 4613 1892 4661 autem
1913 4606 2000 4661 di-

356 4682 579 4738 scimus
596 4682 752 4739 hunc
774 4685 986 4742 Tiberii
1009 4687 1380 4760 imperatoris
1401 4692 1612 4748 saeculo
1635 4693 1998 4749 ditissimum

356 4770 558 4839 fuisse,
595 4773 698 4828 sed
728 4773 864 4831 luxu
901 4776 1184 4844 solutum,
1227 4779 1443 4835 multas
1491 4782 1710 4837 ventris
1754 4786 1811 4837 et
1851 4781 1999 4854 gulae

354 4859 496 4915 vitio
528 4862 823 4933 myriadas
883 4883 1258 4925 nummorum
1307 4870 1658 4941 profudisse,
1720 4889 1784 4926 ac
1839 4871 2003 4926 varia

357 4946 755 5045 placentarum
795 4970 1008 5023 genera
1040 4957 1166 5026 ejus
1212 4959 1450 5014 nomine
1495 4961 1731 5016 vocitari
1764 4960 1998 5033 (Athen.

489 5053 521 5133 ι
538 5039 894 5133 Deipnosoph.
930 5061 1058 5133 cap.
1096 5046 1146 5116 1,
1178 5063 1311 5119 pag.
1361 5049 1440 5119 7).
1501 5049 1675 5104 Plura
1722 5051 1898 5106 etiam
1930 5051 2002 5105 de

355 5124 455 5180 illo
488 5125 726 5197 Seneca,
751 5131 920 5200 cujus
955 5132 1074 5187 haec
1103 5139 1490 5208 tantum,quaa
1531 5139 1602 5194 ad
1637 5140 2001 5210 propositum

356 5218 622 5269 nostrum
687 5219 873 5290 magis
931 5221 1175 5288 faciunt,
1243 5225 1418 5280 verba
1490 5229 1997 5284 transcribemus:

354 5325 381 5353 «
415 5302 655 5374 Apicius
687 5313 887 5362 nostra
917 5312 1199 5367 memoria
1226 5312 1388 5379 vixit,
1423 5314 1523 5385 qui
1554 5316 1612 5370 in
1644 5332 1711 5371 ea
1743 5317 1906 5386 urbe,
1934 5335 2004 5374 ex

354 5409 468 5463 qua
497 5392 812 5464 aliquando
867 5398 1220 5471 philosophi,
1276 5402 1438 5458 velut
1487 5411 1858 5476 corruptores
1900 5407 2000 5477 ju-

354 5483 610 5539 ventutis
650 5486 801 5543 985
853 5489 1017 5545 abire
1056 5491 1214 5561 jussi
1282 5497 1441 5561 sunt,
1512 5495 1816 5552 scientiam
1869 5515 2000 5568 pro-

356 5570 545 5642 priam
579 5577 900 5646 professus,
934 5580 1246 5651 disciplina
1289 5599 1397 5638 sua
1429 5584 1707 5640 saeculum
1740 5585 1939 5642 infecit
1968 5608 1997 5638 »

359 5660 577 5760 (Sanco.
622 5663 689 5760 de
727 5669 922 5760 Consol
964 5670 1038 5724 ad
1084 5672 1293 5726 Helvid.
1348 5689 1474 5744 cap.
1537 5674 1623 5742 10,
1682 5691 1817 5748 pag.
1848 5677 1996 5744 781).

361 5748 515 5805 Alibi
545 5758 739 5813 autem
771 5757 888 5831 ille,
919 5761 1074 5818 sicut
1102 5761 1329 5818 Plinius
1360 5760 1485 5834 (lib.
1517 5781 1575 5820 ιχ
1605 5766 1799 5823 Natur.
1858 5769 1998 5823 Hist.

2104 2085 2234 2124 esse
2266 2066 2472 2123 malos.
2504 2064 2680 2135 Atqui
2722 2064 2847 2134 jam
2895 2059 3263 2118 ostendimus
3311 2057 3549 2113 eosdem
3595 2068 3742 2126 gen-

2109 2156 2237 2213 tiles
2269 2172 2456 2228 neque
2486 2153 2749 2220 scivisse,
2779 2167 2963 2221 neque
2989 2149 3137 2205 scire
3181 2151 3281 2204 aut
3309 2146 3606 2218 inquirere
3637 2159 3746 2198 un-

2106 2263 2280 2318 quam
2307 2245 2559 2301 voluisse
2585 2247 2782 2297 utrum
2812 2239 2898 2295 illi
2929 2238 3150 2310 aliquid
3173 2233 3594 2309 agerent,quod
3618 2231 3749 2288 odio

2106 2341 2162 2392 et
2192 2351 2362 2407 pcnna
2388 2337 2543 2389 esset
2565 2328 3060 2402 prosequendum.

2179 2447 2391 2497 Contra
2420 2445 2616 2495 tamen
2649 2436 2866 2493 nemini
2893 2451 3134 2507 prorsus
3165 2432 3594 2503 incompertum
3629 2431 3754 2485 erat

2109 2530 2472 2588 Christianos
2501 2543 2599 2583 suo
2629 2527 2808 2596 titulo,
2840 2524 2960 2580 sive
3005 2539 3181 2579 suum
3214 2523 3501 2577 duntaxat
3539 2520 3610 2575 ob
3644 2535 3751 2574 no-

2112 2638 2244 2676 men
2275 2620 2503 2674 actibus
2547 2634 2613 2673 ac
2661 2614 2968 2670 sententiis
3017 2612 3334 2684 praesidum
3386 2609 3586 2665 statim
3617 2624 3753 2664 con-

2113 2708 2399 2772 demnari,
2435 2713 2607 2777 atque
2638 2704 2818 2760 oblati
2852 2703 2969 2758 illis
3021 2703 3272 2756 fuerant.
3323 2700 3467 2754 Nam
3518 2702 3756 2770 propter

2113 2801 2222 2855 hoc
2246 2799 2442 2870 ipsum
2472 2796 2664 2851 solum
2689 2809 2901 2849 nomen
2925 2793 2996 2847 ab
3024 2789 3141 2846 illis
3155 2789 3532 2845 condemnari
3555 2791 3757 2842 vestros

2113 2889 2221 2944 hoc
2289 2892 2379 2943 est
2436 2884 2725 2957 judicum,
2795 2880 3100 2952 inquiebat
3162 2877 3578 2943 Tertullianus,
3634 2876 3756 2944 jam

2113 2979 2480 3034 contestamur
2507 2977 2681 3040 actus,
2712 2972 2804 3044 qui
2834 2969 3073 3040 quotidie
3110 2967 3428 3039 judicandis
3473 2965 3755 3032 custodiis,

2114 3068 2171 3122 id
2205 3071 2296 3122 est
2325 3064 2543 3120 carceri
2566 3060 2938 3132 mancipatis,
2965 3057 3296 3130 pratsidetis.
3329 3057 3426 3128 qui
3464 3055 3757 3111 sententiis

2112 3157 2294 3228 elogia
2322 3153 2650 3226 dispungitis
2682 3148 2946 3222 (Tertull.
2977 3148 3253 3218 Apologet.
3286 3163 3413 3217 cap.
3447 3144 3755 3215 liii,p.li96),

2116 3247 2236 3303 sive
2287 3260 2518 3300 reorum
2569 3239 2974 3296 accusationes
3025 3234 3413 3302 examinatis;
3466 3233 3757 3304 numquid

2115 3337 2266 3391 inter
2294 3333 2426 3388 illos
2457 3346 2662 3387 omnes
2693 3327 2905 3400 aliquis
2939 3327 3207 3380 inventus
3231 3328 3320 3379 est
3360 3323 3617 3392 sicarius,
3651 3337 3756 3376 seu

2117 3421 2454 3480 homicida?
2501 3435 2644 3475 num
2695 3416 2909 3488 aliquis
2966 3413 3388 3470 manticularius
3434 3413 3596 3485 (Ibid.
3668 3409 3754 3466 Cf.

2116 3515 2268 3570 Fest.
2298 3512 2369 3566 ad
2400 3528 2451 3565 v.
2513 3506 2970 3575 Manticularius),
3021 3503 3139 3559 sive
3188 3503 3288 3574 qui
3333 3500 3650 3573 repositam
3695 3500 3756 3555 in

2115 3603 2364 3660 aliorum
2395 3597 2713 3669 marsupiis
2739 3595 3047 3666 pecuniam
3082 3593 3308 3647 furatus
3340 3590 3461 3645 sit?
3494 3606 3636 3645 num
3659 3588 3760 3643 ali-

2116 3692 2250 3764 quis
2282 3690 2590 3745 lavantium
2619 3685 2827 3758 prwdo,
2863 3687 2985 3751 aut,
3019 3685 3082 3737 ut
3124 3681 3264 3736 alibi
3296 3679 3459 3748 dixit,
3506 3681 3602 3751 fur
3634 3675 3758 3734 bal-

2111 3797 2364 3857 nearum,
2396 3777 2498 3850 qui
2529 3775 2846 3831 lavantium
2879 3777 3068 3828 vestes
3100 3775 3202 3826 aut
3224 3773 3530 3842 argentum
3563 3767 3758 3825 subri-

2113 3868 2350 3943 piebat?
2380 3873 2455 3923 At
2485 3871 2638 3922 certe
2664 3864 2724 3920 hi
2755 3879 2959 3920 omnes
3008 3859 3259 3916 ethnicis
3310 3862 3476 3914 erant
3527 3856 3757 3930 (Apulei

2112 3961 2339 4032 Apolog.
2374 3975 2392 4012 1
2422 3960 2555 4013 ante
2588 3956 2736 4026 fin.),
2769 3957 2826 4010 et
2858 3950 3088 4008 nullum
3121 3949 3201 4005 ibi
3251 3946 3560 4005 invenistis
3590 3944 3752 4002 Chri-

2115 4050 2315 4105 stianas
2347 4045 2648 4118 religionis
2679 4060 2878 4100 verum
2919 4044 3286 4098 sectatorem.
3327 4038 3452 4093 Non
3500 4035 3656 4093 enim
3684 4037 3757 4093 de

2116 4137 2353 4203 nostris,
2388 4136 2579 4209 pergit
2606 4131 3028 4197 Tertullianus,
3060 4130 3160 4185 sed
3192 4128 3255 4184 de
3304 4128 3496 4183 vestris
3541 4143 3759 4198 semper

2112 4229 2313 4285 wstuat
2341 4241 2528 4281 carcer
2555 4223 2768 4296 (Plaut.
2823 4221 3045 4292 Captiv.
3081 4221 3194 4275 act.
3251 4233 3328 4288 IV,
3361 4232 3520 4272 scen.
3553 4215 3638 4288 ιι),
3669 4219 3758 4271 to-

2112 4321 2327 4388 tusque
2358 4313 2619 4370 scelestis
2649 4310 2856 4367 vestris
2883 4307 3203 4382 gentilibus
3235 4305 3494 4378 repletus
3542 4309 3652 4362 est.
3684 4305 3762 4361 De

2113 4406 2305 4461 vestris
2347 4419 2580 4476 quoque
2617 4417 2830 4474 semper
2877 4398 3107 4454 metalla
3155 4397 3439 4469 suspirant
3487 4394 3758 4467 (Tertull.

2114 4496 2179 4550 de
2207 4497 2380 4564 Fuga,
2413 4510 2540 4565 cap.
2586 4493 2695 4563 13),
2754 4491 2824 4546 de
2881 4489 2953 4544 iis
3012 4485 3254 4555 scilicet,
3312 4483 3413 4557 qui
3470 4483 3757 4540 scelerum

2116 4583 2383 4653 convicti,
2435 4581 2672 4638 metalla
2716 4580 2963 4636 effodere
3006 4578 3363 4649 cogebantur
3415 4597 3442 4625 «
3493 4574 3759 4647 Denique

2037 4661 2078 4725 D
2114 4675 2183 4730 de
2221 4674 2431 4730 vestris
2476 4687 2708 4742 semper
2756 4668 2954 4724 bestiae
3010 4667 3381 4738 saginantur,
3429 4666 3499 4720 de
3545 4663 3757 4721 vestris

2111 4780 2344 4836 semper
2375 4761 2693 4818 munerarii
2711 4758 3014 4814 noxiorum
3039 4773 3241 4828 greges
3265 4756 3516 4827 pascunt
3546 4776 3574 4804 »
3596 4754 3756 4826 (Ter-

2112 4852 2241 4908 tull.
2275 4853 2497 4924 Apolog.
2531 4866 2658 4921 cap.
2695 4850 2783 4914 44,
2817 4865 2872 4919 p.
2907 4846 3055 4917 497).
3090 4843 3407 4900 Munerarii
3437 4843 3757 4914 autem,uti

2104 4943 2231 5012 jam
2281 4959 2315 4997 a
2359 4941 2525 4996 nobis
2575 4938 2715 4995 alibi
2765 4937 3141 4992 observatum
3191 4939 3279 4991 est
3338 4932 3645 5005 (Dissertat.
3695 4933 3756 4987 in

2110 5031 2305 5086 Minut.
2358 5031 2540 5087 Octav.
2602 5045 2730 5100 cap.
2793 5027 2878 5095 13,
2914 5029 3021 5081 art.
3067 5026 3118 5093 1,
3176 5027 3233 5079 et
3285 5024 3513 5078 Dissert.
3546 5022 3605 5077 in
3657 5022 3758 5077 La-

2112 5124 2278 5176 ctant.
2312 5136 2438 5192 cap.
2482 5122 2576 5187 27,
2618 5121 2723 5173 art.
2760 5117 2832 5186 1),
2891 5116 2929 5170 ii
2978 5117 3164 5180 erant,
3216 5112 3316 5184 qui
3363 5111 3756 5183 gladiatorum

2112 5208 2448 5282 spectacula
2479 5209 2745 5264 edebant.
2766 5206 2829 5261 Hi
2863 5209 3058 5260 autem
3092 5203 3408 5275 pascebant
3438 5204 3494 5256 et
3522 5199 3759 5255 alebant

2112 5300 2336 5367 noxios,
2372 5298 2472 5371 qui
2506 5300 2576 5354 ad
2609 5296 2830 5354 bestias
2862 5293 3124 5350 damnati
3155 5291 3444 5346 debebant
3473 5305 3603 5344 cum
3638 5285 3757 5342 illis

2113 5404 2394 5461 pugnare.
2444 5389 2501 5442 Si
2552 5392 2748 5443 autem
2797 5383 2935 5440 victi
2988 5382 3260 5447 fuissent,
3313 5383 3443 5435 tum
3492 5375 3758 5433 victrices

2112 5479 2308 5534 bestiae
2341 5477 2618 5534 carnibus
2651 5476 2887 5531 illarum
2917 5469 3334 5542 saginabaniur.

2182 5584 2390 5641 Nullus
2422 5586 2618 5656 itaque
2647 5600 2715 5639 ex
2744 5583 2954 5637 horum
2978 5592 3220 5633 numero
3244 5579 3368 5632 erat
3389 5573 3756 5633 Christianus

2111 5675 2266 5730 986
2297 5678 2533 5746 propter
2560 5671 2750 5728 scelus
2783 5667 3018 5740 aliquod
3057 5669 3156 5720 aut
3187 5665 3486 5736 conjectus
3518 5664 3579 5721 in
3628 5681 3755 5720 car-

2111 5780 2323 5835 cerem,
2356 5767 2458 5820 aut
2485 5762 2556 5819 ad
2582 5760 2799 5819 bestias
2829 5758 3166 5824 damnatus,
3198 5755 3298 5812 sed
3330 5771 3505 5813 suum
3538 5754 3750 5812 dunta-
