4162 6392
454 411 610 472 1079

969 408 1499 474 TERTULLIANI
1544 409 1865 473 OPERUM
1910 410 2110 472 PARS
2153 408 2203 469 Ι.
2236 438 2313 453 --
2344 408 2618 471 SERIES
2663 411 2713 485 Ῑ,
2758 409 3318 472 APOLOGETICA.

3695 408 3871 469 I080

455 549 554 601 xat
583 545 656 599 ob
689 560 919 615 nomen,
944 545 1094 615 quod
1130 542 1274 599 nihil
1308 542 1476 615 plane
1508 544 1645 599 mali
1676 544 1945 600 habebat.
1985 544 2092 600 Pa-
2120 544 2179 611 Α
2211 540 2359 596 hanc
2390 540 2497 597 tibi
2526 542 2689 598 dabit
2721 560 2735 599 :
2769 566 2797 593 «
2830 543 3080 599 Humani
3117 542 3274 614 juris
3320 546 3380 597 et
3427 541 3715 597 naturalis
3752 557 3863 613 po.

459 632 579 689 lam
630 634 784 689 enim
818 639 873 689 ct
923 637 1323 689 asseveranter
1357 632 1753 689 Tertullianus
1794 634 2048 689 afﬁrmat

461 721 674 778 Nullus
707 722 826 779 illic
875 722 1243 787 Christianus,
1294 722 1405 776 nisi
1433 722 1529 778 hoc
1584 728 1803 778 tantum
1862 724 2098 794 propter

463 828 638 867 suum
674 828 884 867 nomen
915 837 928 879 ;
961 820 1057 867 aut
1084 813 1133 866 si
1161 814 1212 867 et
1239 810 1419 876 aliud,
1455 811 1511 865 id
1543 816 1652 877 est,
1700 810 1965 883 capitalis
1994 809 2098 864 ali-

464 900 633 971 cujus
666 901 899 957 sceleris
932 917 1065 957 reus
1095 904 1152 956 et
1182 900 1504 968 convictus,
1528 902 1656 972 jam
1690 915 1800 956 non
1833 897 2097 954 Christia-

459 1005 566 1045 nus
596 988 860 1061 (Tertull.
913 988 1023 1045 loc.
1076 990 1221 1060 cit.),
1273 990 1372 1044 sed
1425 987 1764 1044 Christianis
1798 986 2097 1059 religionis

459 1082 728 1150 apostata
796 1083 853 1134 et
925 1078 1202 1133 desertor.
1265 1076 1411 1132 nihil
1468 1092 1603 1149 ergo
1660 1076 1952 1147 iniquiras
2031 1091 2098 1131 ac

464 1166 676 1224 divinis
720 1170 777 1223 et
835 1165 1113 1222 humanis
1171 1165 1399 1239 legibus
1468 1165 1657 1237 magis
1710 1164 2093 1230 contrarium,

456 1270 632 1327 quam
664 1255 1008 1311 innocentes
1040 1253 1421 1322 Christianos,
1455 1270 1758 1325 nunquam
1791 1252 2023 1308 auditos
2040 1256 2097 1308 et

454 1344 745 1414 defensos,
779 1360 952 1401 suum
987 1343 1175 1399 solum
1208 1342 1280 1399 ob
1327 1359 1538 1398 nomen
1589 1342 1996 1407 condemnare,
2031 1356 2097 1396 ac

455 1431 815 1503 quibuslibet
846 1431 1215 1504 gravissimis
1246 1429 1553 1503 suppliciis
1604 1430 2014 1487 excarniﬁcare
2042 1434 2098 1486 et

458 1521 743 1577 occidere.

1042 1626 1277 1684 CAPUT
1315 1626 1510 1682 XVIII.

464 1717 650 1785 Quam
699 1715 941 1771 absurde
986 1717 1192 1770 ethnici
1231 1716 1558 1784 obiectarent
1592 1729 1649 1769 se
1694 1714 1773 1769 ad
1820 1714 2096 1769 vexandos

528 1787 909 1859 necandoeque
941 1786 1279 1842 Christianos
1332 1786 1657 1858 quibusdam
1704 1788 1819 1841 suis
1883 1786 2095 1857 legibus

531 1861 730 1929 teneri,
762 1861 857 1929 qui
886 1859 1173 1931 quaslibet
1200 1869 1495 1915 sanctiores
1558 1866 1670 1913 tam
1714 1873 1870 1931 saepe,
1930 1874 2093 1928 quam

532 1932 758 2003 impune
786 1930 1088 1986 violabant.

972 2061 1287 2101 ARTICULUS
1328 2060 1569 2100 PRIMUS.

456 2133 665 2202 Quibus
711 2133 1019 2190 rationibus
1090 2133 1469 2190 Tertullz'auus
1516 2132 1763 2189 ostendat
1804 2132 1965 2187 nulla
2010 2134 2095 2188 vel

523 2206 637 2276 lege
668 2205 761 2262 vel
783 2208 1111 2262 auctoritate
1142 2207 1317 2261 ullum
1368 2205 1644 2260 hominem
1691 2206 1816 2273 cogi
1840 2220 1996 2275 posse
2023 2204 2093 2259 ad

520 2292 664 2344 eum,
725 2294 882 2347 quem
937 2278 1140 2347 falsum
1194 2279 1364 2342 novit,
1416 2276 1574 2332 deum
1628 2276 1937 2345 colendum,
1997 2280 2094 2330 aut

522 2350 696 2404 cuivis
724 2347 1027 2420 libertatem
1057 2348 1252 2420 adimi,
1294 2365 1459 2419 quam
1505 2364 1697 2404 veram
1743 2347 2091 2418 creditjreli-

524 2422 741 2489 gionem
770 2419 1152 2493 amplexandi.

526 2536 783 2592 Gentiles
822 2536 879 2591 in
939 2551 1203 2592 summas
1247 2533 1553 2607 angustias
1602 2532 1838 2589 adducti
1890 2534 1960 2590 ad
2011 2533 2090 2588 le-

458 2637 597 2695 gum
630 2640 871 2680 suarum
896 2624 1323 2691 auctoritatem,
1346 2627 1626 2694 tanquam
1658 2622 1930 2677 ultimum
1959 2638 2089 2694 pro-

458 2710 881 2784 pugnaculum,
926 2711 1233 2783 confugere
1297 2709 1650 2764 nitebantur.
1704 2706 1949 2776 Nostris,
1998 2707 2093 2762 in-

459 2799 760 2871 quiebant,
819 2797 1201 2872 astringimur
1254 2796 1505 2870 legibus,
1564 2813 1690 2868 qua:
1751 2796 2094 2868 praecipiunt

455 2888 647 2944 vexari
678 2888 1057 2956 Christianos,
1091 2891 1149 2943 et
1178 2887 1246 2943 ad
1291 2885 1743 2942 internecionem
1777 2901 1962 2957 usque
1992 2902 2089 2941 ex-

455 2976 724 3033 cruciari.
775 2978 955 3035 Nobis
1006 2993 1166 3049 ergo,
1219 2977 1290 3032 ad
1349 2992 1447 3031 eos
1496 2974 1883 3047 torquendos,
1943 2974 2091 3030 scire

455 3066 677 3122 sul'ﬁcit
706 3082 903 3123 revera
933 3082 1061 3122 esse
1100 3063 1484 3131 Christianos,
1518 3080 1623 3119 nec
1671 3063 1770 3134 qui
1819 3063 2091 3135 qualesve

454 3154 574 3211 sint
602 3155 857 3228 amplius
897 3154 1354 3228 perquirendum
1388 3152 1645 3224 (Tertull.
1681 3153 2089 3229 Apologet.c.3,

456 3260 515 3317 p.
548 3244 693 3317 282).
726 3245 837 3301 Sed
871 3244 1269 3300 Tertullianus
1293 3242 1606 3314 respondet
1637 3258 1841 3297 vanam
1875 3258 2005 3298 esse
2028 3258 2091 3297 ac

455 3332 628 3406 plane
652 3335 970 3390 absurdam
1004 3332 1151 3387 hanc
1180 3331 1765 3403 argumentationem,
1800 3335 1855 3386 et
1912 3332 2095 3402 ipsos-

378 3480 385 3487 ,
460 3425 583 3478 met
612 3422 874 3478 ethnicos
915 3422 999 3478 sic
1048 3420 1366 3493 alloquitur
1398 3438 1412 3479 :
1444 3419 1499 3474 Si
1531 3435 1636 3491 per
1680 3418 1839 3491 leges
1874 3425 2102 3477 vestras

466 3511 553 3566 fas
585 3515 641 3566 et
671 3526 909 3567 necesse
938 3510 1156 3582 putatis
1195 3508 1553 3566 Christianos
1601 3508 1898 3565 inauditos
1928 3516 1983 3564 et
2012 3510 2101 3565 in-

471 3600 739 3655 defensos
771 3600 1175 3667 condemnare,
1206 3616 1315 3653 vzm
1353 3597 1719 3669 proﬁtemini,
1750 3607 1799 3654 et
1853 3600 2105 3670 iniquam

471 3704 543 3745 ea:
570 3704 695 3743 arce
741 3687 1166 3743 dominationem
1214 3686 1435 3757 (ibid);
1476 3702 1544 3741 ex
1593 3703 1743 3753 arce;
1795 3687 2004 3759 inquit,
2044 3687 2102 3742 id

473 3779 587 3844 est,
619 3776 883 3848 forsitan,
912 3792 983 3832 ea:
1022 3776 1165 3831 edito
1194 3783 1245 3831 et
1277 3778 1396 3846 ipso
1440 3777 1636 3831 vertice
1672 3777 1917 3832 civitatis
1945 3777 2102 3845 (ibid.

473 3879 597 3938 cap.
652 3867 703 3934 1,
754 3881 886 3938 pag.
939 3865 1087 3937 259),
1138 3864 1636 3935 quemadmodum
1706 3864 1873 3920 initio
1926 3864 2105 3936 hujus

468 3952 601 4009 libri
632 3954 876 4010 diterat.
909 3953 1016 4019 Qui
1048 3952 1202 4008 cnim
1247 3951 1512 4019 quemvis
1544 3956 1908 4021 accusatum,
1936 3944 2104 4009 inau-

469 4042 589 4098 dita
615 4059 810 4113 causa,
856 4041 1510 4111 condemnatjubctque
1553 4040 1823 4113 interﬁci,
1870 4041 1920 4097 is
1972 4058 2101 4114 pro-

467 4130 561 4187 cul
612 4132 789 4189 dubio
847 4148 962 4187 non
1015 4130 1159 4203 aequi
1202 4130 1420 4202 judicis
1465 4130 1729 4201 fungitur
1757 4131 1971 4200 ofﬁcio,
2003 4132 2102 4188 sed

470 4220 927 4277 dominationem
972 4224 1196 4278 exercet
1224 4218 1660 4291 iniquissimam
1693 4234 1759 4275 ac
1788 4219 2103 4277 intoleran-

470 4308 604 4365 dam
636 4310 1025 4382 tyrannidem.

534 4401 753 4455 Verum
784 4402 849 4456 ut
878 4398 1183 4471 gentilium
1233 4397 1612 4469 pertinaciam
1663 4398 1896 4471 penitus
1944 4400 2102 4456 fran-

463 4492 583 4560 gat,
618 4488 776 4545 aliud
808 4492 1221 4561 argumentum
1257 4487 1393 4542 inde
1423 4486 1591 4557 eruit,
1627 4488 1782 4559 quod
1827 4489 2103 4546 omnibus

461 4581 519 4633 et
547 4577 797 4649 singulis
828 4578 1045 4632 dabant
1075 4574 1413 4648 quemlibet,
1448 4592 1563 4631 uno
1593 4582 1649 4631 et
1676 4592 1810 4632 vero
1841 4582 2099 4650 excepto,

2124 1911 2173 1977 B

2206 630 2440 685 testatis
2472 634 2560 686 est
2596 632 2935 704 unicuique,
2969 633 3119 704 quod
3164 630 3477 704 putaverit,
3503 630 3720 699 colere;
3748 646 3865 686 nec

2207 719 2303 774 alii
2349 720 2533 789 obest,
2583 725 2686 776 aut
2743 722 2983 793 prodest
3026 720 3268 776 alterius
3309 719 3534 791 religio.
3584 721 3691 775 Sed
3744 735 3861 775 nec

2207 806 2503 879 religionis
2525 814 2614 865 est
2639 826 2841 881 cogere
2860 810 3357 882 religionem,quss
3390 813 3597 880 sponte
3624 809 3861 880 suscipi

2207 896 2431 967 debeat,
2464 914 2579 953 non
2624 900 2715 966 vi;
2762 916 2893 955 cum
2926 903 2982 954 et
3025 898 3230 954 hostias
3276 898 3347 953 ab
3396 898 3594 953 animo
3642 898 3860 954 libenti

2206 985 2663 1058 expostulentur.
2697 990 2781 1043 Ita
2809 988 2919 1043 etsi
2951 1005 3057 1043 nos
3090 986 3588 1060 compuleritis,ad
3624 987 3860 1043 sacriﬁ-

2206 1075 2481 1146 candum,
2514 1075 2659 1130 nihil
2691 1076 3047 1147 prazstabitis
3076 1077 3191 1132 diis
3218 1076 3454 1132 vestris.
3504 1076 3585 1131 Ab
3644 1076 3855 1133 invitis

2205 1162 2361 1218 enim
2395 1162 2681 1218 sacriﬁcia
2708 1180 2823 1219 non
2863 1163 3302 1234 desiderabant,
3336 1163 3453 1219 nisi
3498 1164 3856 1220 contentiosi

2204 1250 2343 1306 sint.
2375 1251 2783 1308 Contentiosus
2813 1252 2970 1308 enim
3002 1257 3153 1309 Deus
3183 1269 3298 1309 non
3329 1256 3419 1309 est
3468 1274 3496 1301 η
3544 1251 3727 1323 (Idem
3781 1253 3858 1308 ad

2203 1338 2429 1411 Scapul.
2464 1356 2592 1412 cap.
2623 1342 2700 1413 2).

2274 1428 2461 1485 Audis
2490 1434 2641 1485 certe
2672 1430 2886 1501 quibus
2917 1433 3134 1486 Auctor
3162 1433 3359 1487 noster
3390 1429 3683 1485 rationum
3718 1446 3849 1487 mo-

2205 1516 2418 1572 mentis
2448 1518 2718 1573 ostendat
2736 1519 3003 1590 juri,non
3030 1518 3219 1575 solum
3251 1518 3637 1588 humano,sed
3666 1519 3849 1575 etiam

2204 1604 2455 1661 naturali
2488 1621 2835 1679 repugnare,
2885 1611 2950 1662 ut
2998 1607 3132 1678 quis
3190 1624 3451 1679 unquam
3508 1606 3631 1662 ulla
3683 1607 3737 1662 vi
3774 1610 3850 1664 ad

2204 1694 2637 1766 suscipiendam
2670 1695 2926 1768 aliquam
2960 1694 3169 1751 falsam
3210 1696 3549 1769 religionem
3578 1699 3681 1750 aut
3714 1694 3855 1752 falsi

2204 1782 2294 1837 dei
2327 1783 2547 1839 cultum
2580 1784 2981 1855 compellatur.
3013 1782 3342 1854 Cujuslibet
3383 1783 3675 1856 siquidem
3710 1783 3853 1839 reli-

2203 1870 2297 1943 gio
2343 1887 2449 1927 nec
2492 1873 2730 1944 prodest
2782 1890 2887 1930 nec
2952 1878 3123 1929 nocet
3174 1872 3361 1941 alteri,
3436 1871 3535 1944 qui
3598 1872 3855 1944 proximi

2204 1958 2294 2015 sui
2325 1960 2478 2016 bono
2511 1965 2613 2016 aut
2644 1961 2798 2018 malo
2841 1978 2947 2017 nec
2994 1960 3200 2016 melior
3246 1976 3352 2016 nec
3382 1961 3545 2032 pejor
3572 1960 3851 2016 efﬁcitur.

2273 2048 2493 2105 Deinde
2521 2065 2655 2105 vero
2686 2050 2839 2106 Deus
2870 2050 2941 2105 ab
2973 2050 3154 2105 invito
3184 2053 3242 2105 et
3289 2048 3611 2105 reluctante
3657 2050 3847 2105 sacri-

2203 2136 2333 2193 ﬁcia
2364 2154 2477 2194 non
2512 2138 2825 2207 desiderat,
2859 2138 2972 2195 nisi
3013 2138 3421 2194 contentiosus
3473 2137 3570 2207 sit,
3621 2136 3678 2193 id
3730 2142 3851 2206 est,

2202 2224 2335 2283 lites
2365 2231 2422 2283 et
2445 2227 2641 2299 jurgia
2674 2228 2965 2284 seminare
2993 2227 3150 2283 velit.
3185 2228 3257 2282 At
3302 2225 3436 2283 talis
3484 2227 3629 2283 deus
3672 2242 3855 2283 verus

2201 2331 2330 2371 esse
2364 2332 2736 2388 nequaquam
2770 2321 2979 2389 potest.
3009 2316 3159 2382 Quin
3213 2316 3389 2371 etiam
3440 2338 3469 2365 «
3518 2332 3713 2381 nemo,
3766 2317 3857 2371 ait

2200 2404 2392 2460 adhuc
2412 2405 2823 2476 Tertullianus,
2864 2406 2937 2461 ab
2969 2404 3150 2461 invito
3180 2403 3288 2460 coli
3340 2404 3516 2470 volet,
3568 2420 3639 2459 ne
3670 2404 3855 2460 homo

2200 2492 2436 2564 quidem
2474 2515 2502 2543 »
2534 2494 2742 2565 (Idem,
2775 2494 3061 2564 Apologet.
3112 2510 3241 2566 cap.
3288 2493 3384 2559 24,
3416 2508 3476 2563 p.
3517 2493 3661 2562 418).
3697 2492 3855 2549 Nam

2200 2581 2533 2637 damnanda
2564 2580 2734 2653 plane
2764 2587 2853 2639 est
2882 2582 3202 2651 simulatio,
3236 2586 3294 2637 et
3329 2581 3553 2637 nefaria
3585 2582 3860 2654 hypocri-

2201 2670 2306 2736 sis,
2350 2686 2466 2741 qua
2495 2670 2545 2725 is
2594 2687 2655 2728 se
2692 2688 2825 2727 eum
2876 2670 3062 2727 colere
3116 2671 3368 2727 exterius
3416 2670 3603 2743 ﬁngit,
3654 2686 3843 2742 quem

2201 2758 2448 2815 interius
2481 2761 2707 2831 spernit
2737 2766 2913 2832 atque
2938 2760 3281 2818 detestatur.

2271 2866 2355 2920 Ad
2387 2865 2508 2921 haec
2537 2883 2691 2935 vero,
2724 2882 2789 2923 ea
2820 2883 2960 2923 sane
2986 2871 3077 2923 est
3108 2865 3360 2923 hominis
3412 2865 3723 2938 fragilitas,
3778 2870 3855 2921 ut

2199 2953 2382 3010 Deum
2411 2971 2607 3011 verum
2640 2972 2789 3028 saepe
2820 2957 3035 3028 saepius
3068 2956 3346 3012 offendat.
3379 2954 3555 3026 Atqui
3608 2954 3851 3027 placare

2198 3042 2364 3099 illum
2399 3044 2623 3115 nequit,
2654 3044 2767 3100 nisi
2800 3044 2983 3101 libera
3023 3060 3088 3100 ac
3132 3045 3359 3101 sincera
3390 3043 3570 3099 animi
3602 3060 3849 3100 conver-

2202 3130 2365 3189 sione
2392 3136 2450 3189 et
2496 3134 2855 3205 pcnnitentia,
2906 3138 3009 3189 aut
3057 3134 3209 3189 facto
3262 3133 3522 3189 maxime.
3574 3132 3853 3190 libertate

2204 3221 2513 3279 sacriﬁcio.
2558 3226 2798 3279 Summa
2837 3222 3014 3294 igitur
3061 3222 3187 3278 sine
3217 3222 3509 3293 injustitia
3556 3237 3727 3279 nemo
3758 3238 3857 3278 oo-

2208 3325 2341 3379 gere
2370 3326 2461 3365 me
2492 3315 2681 3383 potest
2712 3312 2780 3367 ad
2815 3311 3267 3367 sacriﬁcandum
3294 3311 3448 3381 Jovi,
3480 3314 3582 3367 aut
3610 3310 3859 3366 cuilibet

2213 3397 2375 3455 alteri
2406 3400 2535 3466 deo,
2586 3416 2757 3472 quem
2790 3417 2904 3456 non
2950 3416 3088 3457 curo
3120 3417 3192 3455 an
3238 3399 3382 3455 mihi
3434 3399 3722 3471 propitius
3773 3399 3859 3455 sit

2210 3487 2297 3543 vel
2330 3487 2551 3557 iratus;
2584 3489 2767 3545 multo
2799 3489 2995 3546 minus
3025 3489 3073 3545 si
3107 3488 3273 3544 illum
3318 3488 3611 3545 hominem
3642 3488 3852 3557 fuisse,

2213 3592 2318 3633 nec
2350 3577 2603 3649 amplius
2634 3578 2913 3635 exsistere
2940 3582 3096 3635 certo
3122 3578 3338 3634 certius
3370 3577 3758 3650 cognoverim.

2288 3668 2473 3722 Instat
2520 3666 2710 3724 adhuc
2748 3667 3143 3724 Tertulliauus
3191 3672 3268 3737 et,
3318 3689 3347 3717 ‹‹
3396 3666 3576 3737 Colat,
3632 3665 3849 3739 inquit,

2214 3754 2366 3810 alius
2394 3756 2600 3825 Deum,
2626 3757 2777 3814 alius
2805 3756 3192 3827 Jovem,alius
3210 3757 3279 3812 ad
3309 3755 3519 3812 coelum
3552 3756 3853 3827 supplices

2214 3861 2427 3902 manus
2460 3847 2676 3915 tendat,
2710 3847 2861 3903 alius
2891 3846 2963 3902 ad
3008 3862 3169 3902 aram
3220 3845 3400 3913 Fidei,
3435 3844 3607 3912 alius,
3658 3844 3707 3900 si
3740 3844 3851 3900 hoc

2213 3935 2452 4005 putatis,
2503 3936 2690 3993 nubes
2739 3940 3006 3992 numeret
3066 3952 3259 4002 orans,
3321 3934 3472 3992 alius
3525 3933 3850 4005 lacunaria,

2214 4022 2364 4080 alius
2394 4025 2650 4081 animam
2684 4042 2850 4082 suam
2881 4026 2987 4081 deo
3017 4042 3120 4082 suo
3163 4027 3384 4096 voveat,
3435 4022 3588 4080 alius
3639 4022 3785 4079 hirci
3821 4045 3853 4073 »

2215 4109 2417 4182 (Ibid).
2455 4112 2656 4169 Nonne
2694 4112 2754 4168 bi
2802 4129 3005 4170 omnes
3053 4128 3216 4184 inquo
3260 4113 3396 4183 jure
3461 4115 3563 4167 aut
3613 4110 3853 4168 tolerari

2213 4202 2315 4255 aut
2343 4201 2719 4257 condemnari
2750 4202 3057 4272 debebant,
3081 4217 3186 4257 nec
3216 4201 3315 4257 uni
3339 4200 3534 4273 potius
3564 4216 3743 4272 quam
3767 4200 3854 4256 al-

2212 4288 2321 4346 teri
2350 4290 2917 4363 eripiendam,quam
2946 4290 3449 4359 voluerit,colendi
3469 4290 3804 4347 libertatem
3827 4290 3857 4345 ?

2282 4396 2391 4453 Sed
2426 4414 2540 4454 non
2573 4398 2730 4455 clara
2775 4397 3014 4455 omnino
3062 4415 3128 4455 ac
3178 4396 3487 4471 perspicua
3533 4400 3676 4454 sunt
3728 4396 3855 4455 haec

2212 4484 2555 4542 Tertullianl
2587 4488 2782 4555 verba,
2812 4503 2877 4543 ac
2908 4488 3153 4544 forsitan
3202 4487 3512 4543 dubitandi
3554 4486 3718 4543 locus
3761 4491 3855 4543 est

2212 4578 2410 4631 utrum
2442 4574 2717 4648 loquatur
2741 4580 2972 4633 tantum
3023 4577 3092 4632 de
3136 4575 3475 4649 gentilibus,
3531 4580 3629 4632 aut
3674 4576 3745 4631 de
3776 4576 3851 4632 iis

465 4666 640 4722 deum
673 4665 896 4722 colendi
929 4665 1279 4721 facultatem.
1304 4665 1449 4719 Nam
1483 4681 1614 4719 cum
1651 4664 1887 4721 dixisset
1916 4683 2096 4723 unum
2132 4650 2177 4716 D
2209 4663 2385 4721 simul
2415 4670 2473 4721 et
2500 4665 2866 4732 Christianis,
2900 4669 2965 4721 ut
3003 4664 3274 4738 pluribus
3328 4665 3521 4721 visum
3554 4668 3664 4722 est.
3698 4665 3847 4732 Quid

465 4753 536 4810 ab
566 4770 705 4823 uno,
738 4759 795 4809 et
850 4753 1030 4810 alium
1083 4755 1154 4809 ab
1204 4752 1317 4808 alio
1363 4753 1542 4809 libere
1591 4758 1646 4808 et
1697 4754 1938 4812 licenter
1966 4756 2095 4826 coli,

462 4843 598 4899 illos
630 4844 715 4900 sic
744 4848 911 4915 urget
945 4860 958 4899 :
998 4862 1019 4891 α
1051 4844 1253 4898 Videte
1284 4859 1355 4898 ne
1387 4842 1494 4898 hoc
1528 4844 1596 4897 ad
1647 4843 2098 4917 irreligiositatis

460 4932 714 5005 elogium
748 4936 1081 4999 concurrat,
1132 4930 1385 4986 adimere
1417 4929 1741 4986 libertatem
1777 4932 2095 5006 religionis,

457 5028 514 5081 et
544 5023 889 5080 interdicere
936 5020 1227 5093 optionem
1262 5019 1585 5077 divinitatis
1621 5036 1633 5075 :
1686 5025 1751 5076 ut
1782 5038 1897 5078 non
1928 5021 2099 5079 liceat

457 5113 604 5171 mihi
636 5114 823 5170 colere
876 5128 1049 5185 quem
1102 5110 1296 5178 velim,
1337 5109 1435 5166 sed
1488 5126 1663 5181 cogar
1705 5110 1891 5168 colere
1922 5128 2095 5183 quem

460 5204 642 5262 nolim
678 5226 705 5255 n
736 5203 893 5273 (Ibid.
933 5219 1058 5274 cap.
1092 5202 1182 5270 21:,
1218 5217 1273 5272 p.
1301 5200 1447 5269 418).
1502 5199 1830 5271 Religiosus
1879 5202 2091 5257 etenim

460 5294 653 5352 cultus
683 5293 849 5361 liber,
882 5292 1093 5365 inquit,
1125 5299 1181 5347 et
1208 5289 1569 5346 voluntarius
1609 5306 1737 5345 esse
1766 5289 1959 5358 debet,
1991 5306 2096 5346 nec

461 5386 618 5442 ullus
658 5400 916 5456 unquam
952 5382 1023 5438 ab
1070 5380 1187 5437 ullo
1220 5379 1454 5436 homine
1502 5382 1602 5435 aut
1647 5378 1768 5433 ulla
1814 5377 1938 5449 lege
1968 5377 2094 5449 cogi

455 5479 647 5548 potest
676 5474 744 5529 ad
779 5489 928 5540 eam,
964 5488 1140 5544 quam
1172 5468 1374 5525 falsam
1404 5485 1532 5525 esse
1564 5468 1737 5534 novit,
1760 5466 2093 5539 amplexan-

458 5566 593 5621 dam
642 5562 981 5635 religionem
1031 5578 1043 5616 :
1091 5560 1292 5616 divina
1343 5558 1635 5631 siquidem
1703 5558 1805 5625 rei,
1868 5556 1952 5611 uti
1996 5556 2093 5614 ille

458 5658 661 5723 postea
692 5651 857 5717 dixit,
889 5650 1168 5721 faciundae
1198 5650 1372 5704 libens
1392 5650 1612 5703 animus
1639 5647 1906 5703 indicitur
1936 5646 2089 5716 (Ibid.

454 5738 607 5794 981
643 5754 771 5809 cap.
799 5739 891 5804 28,
923 5754 980 5809 p.
1014 5738 1158 5806 435).
1193 5736 1497 5793 Rationem
1546 5750 1679 5793 vero
1731 5734 1780 5792 si
1831 5736 2090 5809 postules

2205 4770 2337 4809 vero
2369 4754 2417 4810 si
2450 4758 2729 4825 utrosque
2758 4758 2930 4826 atque
2964 4754 3205 4826 insuper
3240 4753 3474 4810 Judesos
3505 4752 3852 4825 designasse

2206 4842 2482 4898 dicatur?
2513 4843 2593 4899 De
2621 4844 2968 4899 Christianis
3018 4843 3308 4915 siquidem
3346 4847 3402 4898 et
3432 4842 3653 4898 Judwis
3701 4842 3851 4897 scri-

2207 4931 2341 4987 bere
2388 4933 2625 5003 potuit:
2661 4932 2815 4988 Calas
2857 4933 3004 4987 alius
3053 4934 3242 5000 Deum,
3291 4931 3534 4987 unicum
3583 4930 3855 4987 videlicet

2206 5024 2380 5091 atque
2412 5021 2908 5093 omnipotentem;
2942 5022 3013 5077 de
3054 5020 3305 5078 ethnicis
3349 5036 3484 5077 vero
3516 5020 3712 5077 :Alius
3754 5021 3853 5076 Jo-

2203 5125 2347 5179 vem,
2397 5108 2550 5166 sicut
2590 5109 3020 5183 incompertum
3067 5108 3291 5166 nemini
3343 5114 3452 5166 est.
3514 5110 3591 5166 De
3634 5109 3849 5166 iisdem

2204 5198 2383 5254 etiam
2443 5198 2787 5256 Christianis
2835 5200 3028 5256 dicere
3066 5200 3255 5255 adhuc
3300 5198 3492 5272 potuit
3523 5215 3536 5254 :
3567 5198 3723 5254 Atius
3772 5199 3847 5254 ad

2203 5286 2392 5341 caelum
2445 5287 2713 5359 supplices
2752 5302 2954 5343 manus
2983 5286 3185 5343 tendat.
3237 5286 3385 5344 Nam
3429 5286 3511 5358 hi,
3565 5286 3651 5342 uti
3696 5286 3852 5342 vidi-

2204 5392 2338 5432 mus
2392 5376 2575 5449 (supr.
2633 5393 2759 5448 cap.
2808 5376 2893 5445 tl,
2940 5380 3051 5433 art.
3118 5377 3195 5447 3),
3246 5376 3522 5449 expansis
3572 5375 3852 5432 manibus

2204 5471 2384 5523 Deum
2417 5465 2944 5522 orabant.Tametsi
2974 5466 3130 5521 enim
3163 5466 3433 5522 ethnicus
3470 5464 3647 5521 simili
3670 5465 3849 5521 modo

2202 5557 2342 5612 deos
2373 5573 2513 5613 suos
2543 5560 2897 5628 precaretur,
2929 5554 2980 5611 is
3010 5554 3338 5612 Christiano
3377 5559 3575 5611 tamen
3626 5553 3850 5627 opponi

2201 5662 2235 5702 a
2259 5644 2617 5702 Tertulliano
2646 5644 3003 5718 videtur,qui
3033 5644 3249 5702 ibidem
3281 5645 3432 5702 dixit
3458 5662 3471 5701 :
3501 5645 3662 5702 Alius
3681 5658 3847 5714 vero,

2202 5734 2482 5792 nimirum
2513 5733 2772 5807 gentilis,
2803 5750 3017 5792 manus
3043 5734 3316 5795 similiter
3342 5735 3544 5793 tendat
3568 5735 3639 5791 ad
3673 5746 3844 5791 aram
