4162 6360
321 419 462 482 1081

1228 417 1300 473 D.
1347 413 1442 474 LE
1489 412 1814 472 NOUHRY
1862 401 2510 469 OBSERVATIONES
2555 397 2810 459 NOV/E.

3569 383 3724 447 1082

315 552 515 607 Fidei:
564 549 621 603 in
673 547 976 604 codicibus
1026 546 1241 601 nostris
1291 543 1709 612 manuscriptis
1749 541 2045 611 legiturA
2076 535 2297 592 buisset
2339 534 2535 596 deum,
2568 527 2800 584 etiamsi
2858 525 2992 580 aliis
3047 521 3279 594 penitus
3334 518 3724 590 incognitum,

317 640 470 696 988
500 639 692 703 Fidiae,
745 636 845 691 sed
898 635 1270 690 librariorum
1304 632 1501 705 procul
1544 630 1720 686 dubio
1753 645 1965 684 errorc.

316 727 695 786 Tolerabilias
727 724 973 781 forsitan
1025 723 1311 794 scriptum
1363 725 1518 777 esset
1562 719 1732 785 Fidii,
1794 732 1967 788 quem

318 818 584 892 gentiles,
607 821 672 871 ut
702 814 860 870 canit
878 813 1139 883 Ovidius,
1160 811 1316 867 Jovis
1350 812 1533 865 ﬁlium
1567 813 1624 863 et
1644 809 1816 862 deum
1841 821 1968 861 esse

317 907 712 980 opinabantur
765 903 945 972 (Ovid.
995 901 1096 957 lib.
1154 918 1210 956 vx
1257 902 1464 955 Faster.
1495 899 1524 970 ξ
1555 899 1628 969 4).
1663 898 1834 952 Recte
1864 911 1956 950 au-

317 1001 435 1052 tem
466 995 638 1064 Fidei,
689 993 860 1063 cujus
914 995 1196 1062 tanquam
1249 991 1368 1046 dere
1425 988 1710 1060 templum
1755 985 1966 1041 eratin

317 1084 620 1158 Capitolio,
653 1081 1155 1154 quemadmodum
1191 1079 1326 1136 alibi
1362 1077 1802 1135 observavimus
1834 1075 1902 1146 (t.
1943 1077 1967 1127 Ι

317 1175 579 1246 Apparat.
613 1189 671 1244 p.
703 1171 850 1242 r66).

388 1263 476 1318 Ad
505 1261 740 1318 Judaecs
771 1275 906 1315 vero
937 1260 1199 1330 spectare
1240 1257 1509 1312 videntur
1547 1251 1968 1326 subsequentia

317 1351 582 1409 Auctoris
615 1349 800 1407 nostri
827 1348 1004 1404 verba
1036 1364 1050 1403 :
1085 1369 1114 1398 ‹‹
1150 1346 1328 1414 Alius,
1362 1347 1412 1402 si
1443 1345 1551 1401 hoc
1583 1344 1821 1416 putatis,
1857 1359 1966 1397 nu-

323 1444 426 1498 bes
457 1443 726 1496 numeret
755 1454 950 1495 orans.
982 1455 1004 1486 ι
1028 1437 1174 1493 Nam
1206 1437 1276 1492 de
1308 1436 1517 1492 iisdem
1547 1433 1770 1490 Judteis
1799 1433 1964 1488 Juve-

325 1530 477 1587 nalis
507 1529 722 1585 cecinit
747 1545 758 1582 :

490 1619 717 1676 Quidam
751 1616 926 1666 sortiti
956 1619 1281 1665 metuentem
1307 1613 1525 1663 sabbata
1552 1616 1777 1674 patrem,

489 1682 572 1730 Nil
606 1685 800 1746 printer
832 1681 1001 1730 nubes
1030 1683 1082 1728 et
1113 1678 1230 1727 cesti
1261 1690 1466 1727 numen
1499 1677 1747 1726 adorant.

1004 1757 1270 1818 (Juvenal.
1301 1756 1460 1806 Salir.
1493 1766 1599 1814 xvt,
1634 1768 1682 1802 v.
1713 1754 1842 1814 9l6.)

388 1862 499 1914 Cur
529 1863 724 1914 autem
756 1857 969 1928 adjecit
998 1854 1394 1911 Tertullianus
1431 1870 1443 1909 :
1478 1853 1544 1908 Si
1572 1852 1669 1906 hoc
1705 1851 1914 1922 putatis
1940 1848 1967 1904 ?

317 1911 879 2004 Nonii—eﬂhisvv—erbi's
899 1911 1136 2001 eosdem
1179 1943 1413 1999 Judazos
1455 1911 1731 1997 denotare
1761 1938 1963 2005 voluit,
1996 1911 2043 1976 Β

318 2053 466 2108 quos
495 2035 712 2091 ethnici
743 2039 800 2091 et
832 2035 1017 2090 nubes
1048 2038 1104 2088 et
1146 2032 1354 2089 ccslum
1395 2032 1636 2087 adorare
1683 2028 1826 2084 falso
1859 2043 1964 2099 pu-

321 2125 574 2180 tabant?
603 2125 749 2180 Huic
780 2128 976 2180 autem
1008 2141 1041 2178 a
1071 2121 1428 2178 Tertulliano
1458 2119 1771 2192 opponitur
1800 2117 1964 2184 alius,

322 2213 583 2287 gentilis,
634 2213 734 2286 qui
807 2212 1032 2268 colebat
1090 2212 1389 2266 lacunaria
1446 2223 1687 2264 suorum
1746 2205 1969 2262 scilicet

320 2302 699 2376 templorum.
759 2306 826 2358 ut
874 2301 1025 2358 infra
1068 2301 1469 2356 ostendemus.
1519 2297 1710 2369 Pergit
1763 2295 1880 2364 ille,
1920 2303 1970 2350 et

320 2393 485 2459 alius,
518 2391 731 2462 inquit,
763 2395 906 2463 puta
936 2389 1325 2458 Christianus,
1358 2405 1516 2444 suam
1568 2402 1814 2442 animam
1868 2385 1968 2440 Deo

322 2497 420 2536 suo
460 2488 611 2537 vocat
654 2483 712 2536 et
766 2483 1104 2546 consecret;
1153 2482 1355 2534 contra
1402 2493 1534 2532 vero
1583 2476 1749 2544 ali-us,
1784 2473 1970 2529 ethni-

325 2586 450 2638 cus,
484 2570 630 2626 hirci
661 2569 920 2625 animam
972 2568 1118 2625 falso
1167 2569 1274 2624 deo
1321 2570 1543 2622 voveat.
1602 2565 1767 2622 Canit
1814 2563 1970 2620 enim

326 2658 602 2732 Virgilius
636 2673 649 2715 :

477 2767 614 2830 Ergo
642 2766 741 2830 rite
777 2779 931 2815 suum
966 2763 1172 2830 Baccho
1204 2762 1728 2830 dicemushonorem

481 2825 818 2879 Carminibus
846 2828 1330 2891 patriis,rlancesve
1350 2830 1415 2891 _e_t
1445 2825 1549 2873 liba
1578 2825 1810 2891 feremus
1835 2836 1846 2878 ;

475 2894 538 2942 Et
567 2893 756 2942 ducius
784 2887 948 2941 cornu
978 2890 1141 2939 stabit
1168 2903 1319 2938 sacer
1349 2889 1526 2937 hircus
1555 2887 1620 2936 ad
1652 2901 1816 2945 aram,

1041 2953 1245 3016 (Virgil.
1279 2953 1366 3002 lib.
1400 2964 1437 2999 ιι
1475 2952 1657 3013 Georg.
1687 2965 1739 2999 v.
1771 2948 1904 3010 393.)

327 3032 612 3091 Martialis
650 3048 783 3090 vero
817 3049 829 3088 :

451 3124 567 3173 Yite
597 3136 798 3173 nocens
825 3135 976 3172 rosea
1007 3121 1179 3170 stabat
1207 3119 1495 3170 moriturus
1525 3118 1590 3168 ad
1622 3132 1740 3168 aras

485 3187 687 3246 Hircus,
718 3185 938 3241 Bacche,
971 3185 1076 3233 tuis
1105 3185 1318 3232 victima
1345 3187 1494 3246 grata
1527 3183 1707 3231 sacris.

913 3247 1154 3302 (Martial.
1188 3246 1281 3295 lib.
1310 3243 1384 3304 ιιῘ,
1417 3246 1684 3308 Epigram.
1717 3243 1818 3306 ει.)

329 3338 538 3396 Verum
591 3338 728 3409 quid
788 3338 982 3392 obstat
1038 3335 1357 3409 quominus
1407 3333 1804 3390 Tertullianus
1854 3332 1976 3387 haec

327 3429 527 3483 omnia
554 3445 668 3483 non
699 3426 1047 3483 Christianis
1078 3430 1136 3482 et
1162 3425 1402 3493 Judaais,
1436 3424 1535 3480 sed
1569 3422 1712 3479 solis
1743 3420 1978 3494 gentili-

332 3517 442 3572 bus
473 3516 743 3572 tribuat?
793 3516 997 3573 Nonne
1045 3515 1387 3581 Menecaeus,
1421 3513 1642 3568 Codrus
1671 3515 1729 3567 et
1761 3511 1978 3580 Mures,

331 3606 402 3661 de
435 3606 650 3678 quibus
702 3622 806 3662 nos
837 3605 897 3661 in
930 3603 1218 3676 superiori
1268 3601 1677 3659 dissertatione
1708 3604 1841 3672 post
1873 3601 1980 3654 La-

332 3697 619 3752 ctantium
651 3695 780 3768 (lib.
821 3712 907 3761 In,
938 3710 1070 3766 cap.
1114 3695 1200 3763 12,
1232 3708 1364 3766 pag.
1388 3693 1513 3763 370)
1548 3690 1980 3763 disputavimus

338 3785 646 3856 (Dissertat.
695 3787 755 3839 in
803 3785 1061 3840 Lactant.
1111 3799 1237 3854 cap.
1289 3783 1376 3847 10,
1438 3785 1547 3837 art.
1591 3780 1669 3851 4),
1721 3779 1979 3834 animam

338 3889 508 3929 suam
532 3873 644 3930 diis
665 3873 988 3930 voverant?
1016 3870 1434 3942 Aristophanes
1462 3873 1658 3925 autem
1686 3872 1980 3924 Socratem

340 3961 568 4017 inducit
613 3964 799 4018 nubes
831 3965 1094 4017 orantem
1143 3963 1202 4015 et
1253 3959 1623 4014 invocantem
1662 3957 1978 4029 (Aristoph.

337 4052 533 4117 Nubes,
565 4055 676 4105 act.
713 4052 732 4105 Ι
769 4065 926 4105 scen.
959 4049 1068 4120 Ill).
1120 4047 1378 4104 Gentiles
1420 4061 1674 4119 quoque,
1708 4045 1982 4115 sublatis,

337 4145 401 4195 ut
441 4140 661 4195 dictum
694 4143 804 4206 est,
837 4139 893 4193 in
927 4137 1139 4193 coelum
1188 4137 1483 4206 manibus,
1515 4137 1654 4191 deos
1687 4151 1823 4190 suos
1853 4150 1983 4206 prc-

336 4230 638 4285 cabanlur.
702 4229 846 4300 Ergo
902 4227 1298 4283 Tertullianus
1348 4227 1419 4282 de
1479 4225 1573 4280 his
1627 4225 1768 4280 solis
1823 4223 1983 4294 loqui

338 4319 534 4392 potius
562 4318 818 4386 videtur,
849 4322 907 4374 et
939 4318 1131 4388 majus
1161 4316 1297 4372 inde
1329 4314 1826 4387 argumentationi
1857 4314 1984 4382 ejus

338 4409 519 4465 robur
557 4409 811 4464 accedet.
875 4407 1048 4462 Recte
1100 4405 1357 4477 quidem,
1409 4403 1663 4475 inquies,
1724 4401 1836 4458 nisi
1886 4400 1986 4457 ille

337 4497 462 4555 Jovi
512 4500 832 4570 opponeret
879 4497 1064 4552 Deum
1116 4495 1272 4551 haud
1326 4493 1504 4550 dubie
1549 4508 1772 4563 verum,
1808 4507 1984 4564 quem

339 4587 532 4644 adhuc
563 4587 846 4660 singulari
870 4602 1114 4642 numero
1133 4584 1342 4640 deinde
1365 4581 1691 4657 appellavit.
1711 4582 1822 4638 Sed
1845 4581 1983 4653 quid

339 4681 496 4734 vetat
550 4677 866 4749 quominus
917 4675 1013 4731 ille
1063 4675 1189 4732 Jovi
1239 4674 1495 4730 maximo
1539 4671 1847 4744 gentilium
1879 4672 1986 4727 deo

339 4768 522 4825 alium
581 4766 902 4840 quemlibet
960 4766 1079 4822 sive
1137 4765 1452 4836 majorum,
1512 4762 1634 4818 sive
1690 4760 1984 4817 minorum

343 4859 605 4930 gentium
654 4859 829 4914 deum
880 4855 1264 4928 opposuerit?
1310 4857 1552 4925 Quoquo
1585 4855 1779 4908 autem
1813 4852 1985 4907 modo

342 4948 518 5003 verba
547 4948 676 5019 ejus
705 4947 1126 5018 intelligantur,
1155 4962 1223 5001 ex
1265 4944 1337 4999 iis
1377 4947 1529 5000 recte
1568 4941 1806 4998 omnino
1849 4957 1984 4996 con-

2077 625 2191 681 coli
2225 628 2280 678 et
2309 622 2559 676 adorari.

2149 715 2255 768 Sed
2301 714 2425 782 jam
2485 709 2739 780 aliquem
2800 704 3000 760 audire
3057 700 3225 756 nobis
3282 698 3563 764 videmur,
3624 697 3723 768 qui

2079 802 2248 858 nobis
2281 802 2339 855 in
2391 815 2588 854 aurem
2640 797 2975 851 insusurrat
3023 791 3101 845 ibi
3153 787 3576 844 Tertullianum
3606 789 3727 840 tota

2077 891 2166 945 via
2199 905 2448 958 errasse,
2495 887 2649 942 989
2704 887 2900 956 utpote
2942 880 3038 952 qui
3073 879 3164 934 his
3196 874 3560 949 argumentis
3594 890 3725 946 pro-

2077 981 2213 1035 bare
2244 977 2560 1034 contendat
2590 972 3022 1030 concedendam
3055 984 3183 1025 esse
3215 966 3454 1022 cuilibet
3480 963 3724 1019 faculta-

2079 1072 2192 1124 tem
2238 1083 2408 1140 quem
2457 1065 2727 1132 voluerit,
2757 1063 2877 1118 sive
2923 1075 3147 1124 verum,
3194 1057 3315 1112 sive
3362 1053 3598 1119 falsum,
3632 1068 3727 1107 co-

2074 1157 2232 1214 lendi
2281 1158 2478 1222 deum,
2512 1171 2577 1210 ac
2635 1168 2737 1224 pro
2799 1148 3037 1206 arbitrio
3079 1147 3336 1217 aliquam
3388 1142 3725 1214 religionem

2076 1245 2348 1317 eligendi.
2408 1249 2569 1299 Itane
2633 1257 2765 1296 vero
2836 1236 3092 1308 desipuit
3148 1232 3564 1300 Tertullianus,
3624 1229 3724 1301 qui

2076 1335 2232 1401 totis,
2316 1334 2402 1389 uti
2482 1331 2754 1400 vidimus,
2811 1325 3026 1400 ingenii
3082 1325 3304 1379 viribus
3361 1323 3726 1377 demonstrat

2078 1424 2262 1480 solam
2295 1422 2690 1479 Christianam
2724 1417 3064 1488 religionem
3114 1429 3310 1467 veram
3346 1426 3472 1465 esse
3502 1413 3560 1463 et
3589 1424 3726 1479 pro-

2078 1513 2377 1579 ﬁtendam,
2413 1515 2650 1566 caeteras
2701 1523 2903 1562 omnes
2939 1503 3112 1559 falsas
3145 1506 3201 1557 et
3234 1499 3602 1570 rejiciendas,
3627 1496 3726 1568 qui

2078 1602 2250 1672 plane
2303 1601 2654 1673 penitusque
2709 1593 3338 1652 contenditsummum
3397 1585 3727 1643 Christiano

2077 1707 2204 1746 esse
2236 1690 2399 1745 nefas
2430 1705 2595 1744 suam
2631 1701 2836 1758 negare
2858 1683 2974 1737 imo
3005 1684 3062 1737 et
3092 1676 3465 1734 dissimulare
3498 1673 3728 1744 religio-

2079 1796 2234 1847 nem,
2259 1779 2358 1851 qui
2394 1781 2676 1848 martyres
2708 1777 2939 1829 nostros
2971 1769 3128 1826 omni
3163 1767 3332 1822 laude
3362 1766 3490 1820 ideo
3522 1779 3728 1819 cumu-

2078 1867 2179 1936 lat,
2214 1869 2367 1940 quod
2401 1865 2713 1922 maluerint
2743 1860 3106 1936 quibuslibet
3155 1854 3472 1912 dirissimis
3503 1851 3733 1909 crucia-

2077 1958 2239 2013 tibus
2288 1953 2688 2013 excarniﬁcari
2737 1957 2795 2008 et
2840 1948 3106 2019 interfici,
3157 1962 3328 2017 quam
3380 1943 3492 1999 tria
3539 1940 3733 1996 thuris

2079 2063 2261 2119 grana
2310 2045 2473 2102 falsis
2525 2044 2637 2099 diis
2687 2041 2936 2106 adolere,
2971 2055 3035 2094 ac
3087 2034 3342 2092 mirabili
3392 2033 3561 2106 plane
3593 2046 3732 2085 con-

2079 2135 2297 2192 stantia
2326 2151 2501 2190 suum
2531 2149 2633 2206 pro
2671 2131 2801 2186 ﬁdei
2833 2135 2888 2185 et
2919 2124 3220 2197 religionis
3243 2140 3360 2178 suae
3393 2119 3731 2176 defensione

2078 2224 2428 2296 sanguinem
2458 2219 2758 2278 fuderint?
2787 2220 2965 2274 Secus
2992 2231 3128 2270 vero
3161 2215 3210 2268 si
3232 2211 3534 2280 sensisset,
3559 2224 3729 2264 suam

2077 2313 2138 2368 in
2167 2314 2511 2385 Apologetz’co
2544 2310 2794 2382 aliisque
2829 2305 3126 2362 similibus
3159 2302 3324 2357 libris
3357 2299 3732 2356 conscriben-

2081 2401 2172 2457 dis
2225 2401 2392 2474 plane
2451 2399 2751 2473 gratisque
2799 2395 3041 2451 lusisset
3107 2407 3365 2464 operam.
3436 2393 3554 2443 Non
3616 2385 3729 2441 alio

2081 2490 2261 2562 igitur
2283 2491 2530 2546 tendunt
2562 2487 2720 2543 illius
2751 2486 3112 2558 argumenta,
3147 2479 3261 2536 nisi
3294 2483 3358 2533 ut
3386 2477 3460 2534 iis
3491 2477 3731 2532 demon-

2081 2582 2228 2636 stret
2280 2578 2575 2634 neminem
2627 2576 2753 2648 cogi
2787 2590 2958 2646 posse
2990 2572 3060 2627 ad
3093 2567 3477 2626 deserendum
3510 2579 3731 2629 veram,

2083 2673 2140 2726 et
2171 2668 2378 2726 falsam
2413 2666 2886 2740 amplectendam
2912 2661 3287 2733 religionem;
3323 2673 3388 2711 ac
3420 2651 3731 2726 iniquissi-

2083 2775 2212 2814 mos
2244 2775 2370 2814 esse
2400 2756 2668 2829 gentiles,
2703 2754 2801 2827 qui
2833 2750 3148 2821 unicuique
3179 2744 3503 2819 quemlibet
3533 2743 3734 2804 deum,

2084 2848 2192 2903 etsi
2242 2847 2375 2903 aliis
2425 2844 2810 2915 incognitum,
2853 2839 3078 2897 colendi
3121 2837 3340 2892 dabant
3380 2833 3733 2900 libertatem;

2085 2952 2262 3008 quam
2322 2935 2465 2991 solis
2513 2931 2861 2989 Christianis
2909 2943 3108 2984 verum
3166 2926 3346 2980 Deum
3404 2919 3733 2977 colentibus

2084 3023 2446 3079 adimebant.

2155 3115 2226 3168 At
2255 3111 2405 3168 alius
2431 3109 2724 3183 quispiam
2750 3124 2783 3163 a
2804 3105 2972 3162 nobis
2996 3100 3314 3176 postulabit
3340 3115 3444 3154 cur
3471 3097 3569 3152 ille
3590 3095 3732 3152 adeo

2089 3203 2378 3259 afﬁrmate
2409 3202 2699 3256 asseveret
2744 3194 3139 3253 voluntariam
3197 3206 3326 3245 esse
3371 3185 3732 3256 religionem,

2090 3292 2190 3365 qui
2223 3292 2438 3347 diserte
2472 3289 2608 3346 alibi
2645 3287 2790 3342 dixit
2842 3304 2854 3341 :
2910 3306 2937 3335 ‹‹
2980 3283 3064 3339 Ad
3122 3279 3378 3337 ofﬁcium
3433 3274 3736 3365 hereticos

2089 3364 2381 3453 compelli,
2415 3397 2531 3435 non
2565 3377 2726 3446 illici,
2773 3376 3014 3447 dignum
3047 3377 3152 3428 est.
3187 3367 3412 3424 Duritia
3451 3364 3737 3420 vincenda

2089 3475 2197 3539 est,
2230 3487 2343 3526 non
2378 3468 2681 3525 suadenda
2713 3487 2740 3515 »
2786 3461 3149 3537 (Tertullian.
3187 3458 3461 3529 Scorpiac.
3495 3470 3622 3526 cap.
3652 3456 3732 3524 2).

2091 3561 2298 3618 Verum
2333 3561 2490 3630 petat
2530 3556 2625 3612 ille
2674 3573 2708 3610 a
2757 3551 3011 3624 Rigaltio
3059 3548 3354 3622 quomodo
3385 3547 3597 3599 Auctor
3627 3558 3738 3598 no-

2089 3651 2206 3703 ster
2233 3646 2577 3702 vincendam
2609 3641 2745 3698 velit
2774 3638 3174 3696 haereticorum
3208 3633 3736 3701 duritiam,eosquo

2089 3737 2159 3793 ad
2209 3735 2467 3793 ofﬁcium
2528 3731 2910 3799 reducendos,
2941 3731 2999 3784 et
3027 3725 3243 3792 audiet,
3277 3739 3391 3778 non
3421 3721 3476 3777 vi
3509 3721 3609 3776 aut
3637 3736 3738 3775 co-

2090 3825 2316 3881 actione
2346 3838 2639 3895 corporea,
2666 3820 2764 3876 sed
2800 3815 3208 3890 spiritualibus
3239 3811 3448 3868 divinae
3478 3808 3738 3879 Scriptu-

2089 3932 2163 3971 ree
2195 3914 2374 3970 armis
2405 3913 2718 3983 divinaque
2741 3907 3106 3965 auctoritate.
3138 3905 3216 3958 Ac
3245 3917 3304 3958 re
3337 3899 3574 3972 quidem
3604 3911 3740 3952 vera

2090 4003 2215 4076 ipse
2246 4000 2642 4059 Tertullianus
2674 3999 2756 4054 sic
2789 3995 3163 4068 prosequitur
3194 4008 3206 4046 :
3238 4013 3265 4041 ‹‹
3312 3990 3381 4044 Et
3409 3986 3610 4076 utique
3641 4001 3738 4042 sa-

2090 4075 2165 4148 tis
2215 4091 2504 4163 optimum
2557 4085 3055 4160 praajudicabitur,
3106 4080 3260 4154 quod
3312 4075 3653 4150 probabitur
3705 4091 3740 4128 a

2092 4181 2207 4236 Deo
2235 4180 2621 4236 constitutum
2655 4179 2832 4248 atque
2881 4174 3255 4245 praeceptum.
3290 4189 3318 4217 ››
3351 4163 3736 4231 Quamobrem

2091 4269 2252 4325 hisce
2283 4267 2460 4324 armis
2492 4266 2624 4321 illos
2655 4262 2896 4319 revincit
2917 4265 2973 4316 et
3003 4259 3319 4331 expugnat.

2164 4358 2342 4414 Nobis
2373 4373 2505 4412 vero
2536 4353 2786 4425 adjicere
2817 4351 2987 4406 liceat
3018 4364 3132 4404 non
3163 4345 3431 4403 eamdem
3464 4357 3593 4398 esse
3621 4340 3739 4396 hae-

2093 4448 2407 4504 reticorum
2434 4461 2498 4501 ac
2519 4441 2826 4517 gentilium
2850 4432 3459 4505 rationem.Quidquid
3483 4444 3740 4502 namque

2095 4539 2166 4594 de
2212 4534 2519 4604 haereticis,
2582 4531 2681 4604 qui
2739 4545 2943 4585 verum
2993 4527 3179 4583 Deum
3220 4524 3604 4597 agnoverunt,
3639 4520 3740 4576 sed

2017 4626 2393 4714 Derroribus
2441 4621 2878 4692 sceleribusque
2942 4617 3067 4674 suis
3136 4615 3207 4671 ab
3272 4612 3531 4669 Ecclesia
3586 4609 3744 4666 defe-

2096 4719 2320 4785 cerunt,
2388 4712 2766 4771 statuendum
2834 4708 3096 4776 dixeris;
3159 4722 3274 4763 non
3351 4704 3478 4760 ideo
3546 4705 3744 4758 tamen

2095 4805 2366 4873 ethnicis,
2390 4807 2455 4859 ut
2484 4805 2634 4858 recte
2666 4799 2748 4856 ait
2776 4796 3190 4863 Tertullianus,
3221 4797 3308 4851 fas
3340 4807 3602 4865 unquam
3634 4789 3746 4845 fuit

2095 4895 2458 4954 Christianos
2502 4889 2808 4947 tormentis
2859 4904 2925 4944 ac
2972 4885 3328 4944 cruciatibus
3359 4884 3430 4939 ad
3462 4881 3745 4938 falsorum

2097 4989 2338 5044 deorum
2370 4981 2668 5055 impellere
2698 4977 3153 5036 venerationem.
3187 4974 3395 5031 Nullus
3427 4971 3583 5028 enim
3617 4967 3744 5025 sine

2099 5075 2329 5150 piaculo
2361 5073 2419 5130 in
2450 5086 2705 5129 errorem
2736 5067 3080 5141 impellitur,
3110 5066 3228 5122 imo
3274 5079 3404 5121 vero
3437 5077 3542 5118 nec
3572 5058 3744 5114 indu-

2102 5143 2271 5225 citur.
2305 5166 2377 5220 At
2420 5161 2567 5218 nihil
2618 5159 2890 5233 prohibet
2921 5156 3239 5231 quominus
3270 5149 3524 5208 haeretici
3557 5143 3748 5219 legiti-

2103 5275 2199 5316 ma
2232 5253 2579 5312 auctoritate
2602 5251 2674 5308 ad
2697 5266 2848 5320 eam,
2874 5264 3050 5320 quam
3077 5238 3748 5315 reliquerunt,reducan-

2104 5354 2200 5405 tur
2231 5344 2551 5403 veritatem.

345 5035 527 5091 cludit
557 5037 824 5092 ethnicos
865 5040 1072 5092 contra
1110 5036 1212 5107 jus
1261 5049 1466 5090 omnes
1496 5039 1550 5088 et
1581 5033 1668 5088 fas
1699 5030 1990 5087 ademisse

343 5125 689 5181 Christianis
720 5126 838 5182 veri
871 5126 970 5181 Dei
1004 5124 1231 5181 colendi
1289 5121 1649 5179 facultatem.
1703 5121 1809 5176 Per
1854 5119 1989 5176 illos

339 5215 636 5288 siquidem
671 5215 896 5271 caeteris
927 5215 1204 5270 omnibus
1252 5212 1465 5269 licebat
1506 5228 1621 5266 non
1667 5212 1858 5266 solum
1888 5209 1990 5265 Jo-

336 5324 486 5372 vem,
528 5307 651 5372 sed,
688 5322 803 5360 uno
835 5306 1122 5360 duntaxat
1163 5320 1296 5360 vero
1330 5307 1441 5359 Deo
1493 5303 1752 5372 excepto,
1785 5316 1990 5371 quem-

337 5413 569 5468 cunque
625 5395 815 5451 colere
874 5393 1084 5449 falsum
1135 5410 1200 5450 ac
1259 5391 1574 5449 ridiculum
1632 5391 1826 5446 deum.
1872 5391 1996 5455 Qua

337 5487 493 5545 enim
527 5485 868 5542 crudelitate
901 5483 1068 5556 impii
1113 5483 1381 5539 homines
1413 5479 1762 5537 Christianis
1791 5495 1996 5536 verum

340 5578 525 5635 Deum
571 5573 899 5632 honorandi
951 5573 1232 5630 tollebant
1289 5573 1610 5640 licentiam,
1645 5569 1770 5643 pari
1802 5568 1999 5624 indul-

342 5667 538 5740 gentia
569 5666 944 5738 patiebantur
982 5663 1238 5736 qualibet
1276 5663 1335 5718 ln
1387 5661 1621 5718 civitate
1670 5676 1737 5716 ac
1767 5657 2001 5731 provin-

342 5761 456 5830 cia,
489 5760 555 5812 ut
594 5760 748 5816 infra
790 5756 1040 5824 dicetur,
1072 5772 1106 5811 a
1162 5752 1368 5828 quovis
1418 5753 1676 5821 homine,
1711 5765 1886 5822 quem
1928 5748 2002 5804 li-

2727 5497 3041 5539 armcuws
3080 5481 3142 5534 ιι.

2110 5601 2286 5672 Quam
2316 5592 2746 5672 insulsaethniei
2763 5589 2831 5644 ad
2851 5585 3174 5672 (orgueudos
3193 5580 3567 5672 tollendcsque
3591 5576 3751 5672 Chri-

2180 5652 2391 5729 Rideo;
2422 5666 2716 5739 objicereni
2744 5652 3162 5739 se_quil}a_.:dam
3189 5658 3587 5739 imperatorum
3616 5652 3749 5723 legi-

2185 5727 2284 5801 luis
2335 5727 2594 5809 astrihgi,
2643 5727 3091 5807 quandbquidem
3143 5729 3209 5786 ab
3256 5727 3328 5785 iis
3373 5727 3506 5800 ipsis
3561 5740 3749 5783 emen-
