4162 6392
500 409 653 468 1083

1014 406 1535 468 TERTULLIANI
1582 403 1907 467 OPERUM
1960 404 2159 465 PARS
2204 404 2251 464 l.
2277 434 2357 449 —
2386 404 2659 465 SERIES
2704 402 2752 477 Ι,
2795 398 3361 462 APOLOGETICA.

3735 395 3907 455 1084

568 540 715 596 data:
740 547 868 593 sunt
914 538 1055 608 leges
1098 540 1351 609 Lycurgi,
1384 540 1478 609 qui
1522 537 1729 593 idcirco
1785 536 1968 592 inedia
1996 551 2137 590 mor-
2161 538 2217 603 Α
2247 536 2342 591 rit.
2378 535 2635 591 [Elianus
2669 550 2798 589 vero
2846 532 3051 589 scribit
3093 530 3200 601 illi,
3234 546 3369 585 cum
3417 526 3907 584 Lacedaemonios

568 620 673 665 tem
701 612 809 664 sibi
834 611 1110 677 conscivit,
1143 614 1302 679 atque
1322 610 1456 665 alia:
1484 626 1516 662 α
1551 611 1802 664 Romanis
1830 609 2129 677 abrogatas,

566 698 629 735 ac
656 683 986 735 nominatim
1028 682 1221 749 Julim,
1256 682 1463 751 Papiae,
1517 689 1566 735 et
1614 694 1739 751 qua:
1781 680 2044 751 debitores
2063 680 2129 751 in

567 754 915 893 guasptartes
944 753 1119 807 secari
1131 750 1431 823 jubebant,
1465 766 1534 806 ac
1562 750 1811 823 quaenam
1846 750 1988 819 leges
2031 750 2133 803 illa

595 840 751 879 uerm
784 865 795 877 .

595 840 795 879 uermt.

566 929 777 985 Nullus
826 945 1084 1000 unquam
1135 926 1275 994 ulla,
1316 928 1427 982 nisi
1478 927 1851 999 iniquissima
1879 925 2025 997 lege,
2058 925 2131 978 ad

495 1015 709 1071 falsum
742 1015 996 1087 aliquem
1030 1016 1204 1070 deum
1228 1015 1536 1071 colendum
1570 1014 1813 1085 astringi
1843 1016 2135 1085 potest.At

496 1105 651 1160 990
680 1104 904 1176 injustas
936 1103 1093 1175 legis,
1128 1109 1193 1159 ut
1237 1110 1392 1159 recte
1441 1104 1523 1159 ait
1553 1102 1973 1167 Tertullianus,
2005 1100 2133 1155 nul-

497 1193 584 1248 lus
639 1192 811 1248 honor
863 1197 944 1247 est
982 1191 1239 1263 (Tertull.
1294 1192 1391 1246 lib.
1441 1208 1460 1247 ι
1507 1192 1577 1246 ad
1630 1192 1849 1247 Nation.
1902 1206 2025 1259 cap.
2076 1189 2131 1255 6,

497 1297 627 1353 pag.
650 1282 801 1351 566),
823 1296 925 1334 nec
951 1279 1128 1335 ullius
1152 1296 1411 1351 unquam
1437 1280 1696 1335 hominis
1718 1277 2134 1334 conscientiam

498 1368 791 1447 obligavit.
823 1366 994 1423 Nulla
1023 1367 1203 1439 igitur
1231 1367 1491 1423 humana
1537 1366 1661 1439 lege
1704 1364 2017 1421 Christiani
2061 1364 2133 1419 ad

497 1456 736 1513 ﬂctitios
786 1457 925 1512 deos
972 1455 1246 1512 colendos
1303 1456 1427 1527 cogi
1490 1458 1774 1526 poterant.
1831 1455 1953 1519 Qua
2000 1468 2134 1522 ergo

497 1546 685 1602 fronte
714 1544 930 1601 ethnici
960 1544 1210 1614 objicere
1242 1549 1502 1614 poterant
1533 1560 1595 1599 se
1626 1544 1695 1598 ad
1728 1560 1825 1598 eos
1856 1546 2133 1612 torquen-

498 1633 604 1689 dos
642 1640 701 1689 et
736 1634 1025 1688 necandos
1057 1634 1409 1703 quibusdam
1443 1634 1858 1702 imperatorum
1891 1646 2132 1685 suorum

497 1722 728 1795 legibus
775 1721 1081 1792 obstringi,
1128 1721 1225 1792 qui
1279 1736 1487 1791 negare
1530 1738 1644 1775 non
1690 1722 1956 1791 poterant
2000 1718 2134 1788 plu~

496 1812 679 1867 rimas
708 1811 778 1865 ab
810 1809 1146 1865 hominibus
1178 1810 1349 1864 etiam
1383 1808 1619 1880 majoris
1659 1806 2037 1873 auctoritatis,
2071 1808 2135 1859 ut

488 1901 617 1971 jam
665 1899 725 1953 in
777 1896 1063 1970 superiori
1112 1897 1519 1953 dissertatione
1573 1897 1825 1952 vidimus
1882 1896 2130 1967 (Dissert.
2165 1914 2212 1979 B

495 1987 557 2042 in
588 1988 831 2041 Lactant.
864 2002 991 2056 cap.
1023 1987 1114 2051 28,
1137 1990 1245 2040 art.
1278 1986 1351 2056 1),
1379 2002 1478 2056 pro
1510 1986 1767 2040 humana
1794 1983 2134 2038 infirmitate

495 2078 555 2132 et
583 2079 909 2146 temporum
941 2073 1369 2144 opportunitate
1409 2074 1574 2139 latas,
1609 2090 1757 2144 quas
1786 2071 2000 2128 idcirco
2032 2087 2134 2126 au-

497 2163 695 2217 dacter
740 2166 797 2218 et
840 2161 1079 2233 impune
1126 2161 1535 2230 amendarunt,
1586 2163 1949 2232 spreverunt,
1997 2175 2131 2215 con-

495 2248 920 2309 culcaverunt?
949 2252 1070 2316 Quo
1100 2254 1293 2305 autem
1326 2254 1495 2321 pacto
1528 2250 1583 2304 id
1618 2254 1949 2321 negassent,
1979 2247 2135 2318 quod

500 2355 615 2394 non
641 2338 833 2393 solum
865 2338 1193 2393 certissimo
1241 2338 1531 2394 Ciceronis
1570 2337 1903 2394 testimonio
1933 2336 2134 2404 (Cicer.

498 2426 600 2482 lib.
633 2444 653 2481 ι
682 2426 747 2482 de
776 2426 946 2499 legib.
978 2443 1116 2497 pag,
1146 2428 1269 2494 328,
1303 2425 1408 2481 lin.
1448 2428 1485 2481 5
1531 2431 1588 2481 et
1625 2429 1836 2497 seqq.),
1867 2426 1967 2480 sed
1998 2440 2140 2479 oon-

502 2515 681 2571 stanti
736 2515 1080 2569 saeculorum
1140 2517 1404 2569 omnium
1458 2514 1811 2586 experientia
1866 2513 2141 2569 omnibus

505 2610 864 2673 compertum
918 2603 1051 2658 est?
1094 2603 1250 2657 Nihil
1301 2603 1498 2673 itaque
1545 2620 1779 2659 necesse
1826 2602 1957 2668 fuit,
1988 2605 2052 2656 ut
2080 2599 2138 2653 id

505 2690 905 2746 Tertullianus
952 2690 1149 2757 variis,
1181 2696 1237 2745 et
1279 2690 1447 2761 longe
1498 2691 1765 2762 pluribus
1823 2706 1997 2761 quam
2040 2704 2141 2759 par

502 2784 647 2845 erat,
666 2778 944 2849 exemplis
965 2794 1089 2833 com
1101 2778 1804 2849 probaret.Verumtameu
1828 2779 1962 2848 quia
1987 2777 2141 2848 quod

506 2866 784 2933 abundat,
816 2871 881 2920 ut
910 2866 1095 2933 aiunt,
1127 2883 1240 2921 non
1272 2867 1457 2931 vitiat,
1489 2866 1770 2937 plurimas
1825 2866 1921 2922 ille
1953 2866 2141 2922 sanci-

509 2959 601 3009 tas
631 2970 665 3009 a
692 2953 867 3009 variis
886 2952 1316 3026 legislatoribus
1346 2955 1517 3027 leges,
1538 2961 1594 3011 et
1623 2972 1655 3011 a
1686 2955 1916 3027 populis
1943 2960 2145 3026 postea

507 3046 607 3098 aut
649 3044 1009 3113 emendatas,
1042 3048 1142 3098 aut
1187 3045 1521 3116 antiquatas
1567 3045 1696 3100 ideo
1736 3044 2047 3116 congessit,
2080 3047 2145 3099 ut

504 3131 742 3186 tandem
773 3131 1045 3200 ethnicis,
1065 3131 1261 3203 legum
1284 3133 1342 3187 in
1372 3132 1729 3189 Christianos
1748 3133 2017 3188 datarum
2040 3150 2141 3188 au-

506 3219 833 3274 ctoritatem
865 3236 1169 3291 nunquam
1202 3238 1315 3276 non
1347 3226 1405 3276 et
1434 3222 1505 3277 ad
1537 3238 2027 3292 nauseam,usque
2048 3222 2144 3277 ob-

498 3308 882 3378 jectantibus,
938 3308 1200 3381 linguam
1259 3311 1490 3381 penitus
1546 3310 1896 3367 occluderet.
1952 3311 2146 3367 Nostri

506 3396 705 3467 itaque
760 3396 933 3452 ofﬁcii
992 3414 1120 3453 esse
1166 3398 1439 3454 duximus
1498 3398 1695 3455 omnia
1738 3401 1865 3470 ejus
1904 3399 2147 3471 vestigia

511 3483 806 3554 persequi,
839 3501 903 3539 ac
927 3501 1029 3555 pro
1060 3485 1209 3540 virili
1241 3491 1403 3557 parte
1440 3492 1639 3543 nostra
1668 3488 1955 3559 solitoque
1986 3505 2146 3544 more

506 3588 575 3627 ea
603 3571 927 3639 enucleare,
961 3590 1086 3644 quae
1116 3575 1188 3630 ab
1241 3574 1340 3630 illo
1389 3576 1459 3631 de
1491 3576 1750 3648 antiquis
1778 3577 2145 3632 ethnicorum

504 3658 733 3730 legibus
789 3676 1107 3731 earumque
1184 3663 1541 3731 auctoribus,
1610 3666 2017 3721 emendatione
2088 3669 2147 3721 et

510 3746 882 3818 abrogatione
920 3750 1220 3820 speciatim
1254 3753 1468 3807 tradita
1497 3758 1656 3808 sunt.

580 3835 819 3891 Orditur
847 3842 1043 3893 autem
1085 3839 1156 3894 ab
1200 3840 1614 3911 antiquiisimo
1666 3840 1999 3913 legislatore
2044 3844 2147 3914 Ly-

508 3940 705 3996 curgo,
736 3927 908 3996 cujus
933 3926 1157 3999 «leges,
1188 3927 1403 3999 inquit,
1425 3944 1459 3984 a
1480 3930 1926 3986 Lacedaemoniis
1958 3948 2149 3987 emen-

507 4014 676 4081 datae,
698 4018 930 4070 tantum
958 4018 1177 4073 auctori
1204 4034 1306 4073 suo
1336 4017 1551 4073 doloris
1582 4018 2057 4091 incusserunt,ut
2088 4022 2147 4076 in

508 4119 742 4159 secessu
774 4103 970 4160 inedia
990 4105 1061 4160 de
1090 4120 1154 4161 se
1186 4106 1313 4177 ipso
1336 4106 1711 4177 judicaverit,
1735 4128 1763 4157 ››
1782 4113 1901 4176 aut,
1925 4113 1988 4164 ut
2009 4108 2147 4164 alibi

510 4191 642 4248 aliis
673 4192 865 4250 verbis
919 4193 1074 4250 idem
1122 4195 1590 4267 significantibus
1647 4196 1811 4266 dixit,
1851 4204 2149 4269 apocarte-

509 4280 667 4336 resin
724 4283 947 4353 optavit
1010 4307 1030 4333 ι
1095 4284 1336 4353 (Tertul.
1384 4286 1663 4357 Apologet.
1725 4303 1849 4357 cap.
1911 4288 1963 4354 4,
2018 4305 2146 4357 pag.

510 4369 655 4438 286;
708 4374 765 4426 et
820 4387 948 4443 cap.
1008 4373 1097 4441 46,
1156 4390 1287 4446 pag.
1344 4374 1493 4445 512),
1544 4374 1653 4430 hoc
1684 4381 1791 4442 est,
1824 4374 2151 4432 voluntaria

511 4458 667 4515 fame
724 4463 782 4514 et
822 4460 1018 4517 inedia
1060 4466 1327 4518 mortuus
1375 4467 1484 4519 est.
1516 4462 1633 4519 Cur
1660 4467 1877 4531 autem,
1909 4464 2149 4520 obsecro

507 4550 567 4604 te
596 4548 702 4603 has
751 4548 909 4621 leges
958 4550 1377 4607 Lacedaemonii
1435 4552 1836 4621 emendavere,
1870 4553 1981 4609 nisi
2013 4553 2153 4625 quia

2233 624 2470 693 justitia
2500 624 2761 678 imbuere
2785 621 3085 687 voluisset,
3108 624 3341 675 erutum
3365 617 3599 689 quidem
3623 616 3904 684 oculum,

2240 718 2341 766 aut
2371 728 2437 767 ex
2466 712 2701 767 insidiis
2724 713 2889 781 jactu
2910 709 3146 781 lapidis,
3173 713 3275 762 aut
3294 705 3483 761 baculi
3511 706 3632 760 ictu
3654 704 3902 775 (zElian.

2240 799 2279 854 1.
2338 818 2439 857 xm
2502 802 2628 856 Var.
2696 816 2823 871 cap.
2881 798 2994 868 2‘3),
3054 795 3552 868 quemadmodum
3622 809 3657 849 a
3710 792 3909 848 variis

2241 887 2622 960 scriptoribus
2660 887 2958 959 proditum
3010 885 3216 940 fuerat.
3260 884 3421 947 Quod
3477 899 3608 938 vero
3661 882 3734 937 ad
3768 896 3909 935 rem

2242 983 2501 1033 nostram
2534 976 2721 1048 magis
2754 976 2908 1042 facit,
2928 977 3135 1030 testem
3170 972 3507 1027 nominatim
3539 972 3681 1026 citat
3700 969 3910 1041 Epho-

2242 1081 2395 1132 rum,
2427 1066 2526 1137 qui
2575 1082 2703 1121 eum
2754 1064 2811 1119 in
2860 1062 3066 1119 exsilio
3116 1062 3268 1117 fame
3301 1060 3541 1132 periisse
3601 1058 3905 1131 perhibet.

2240 1154 2349 1209 Sed
2376 1153 2456 1209 ibi
2488 1152 2583 1209 ille
2633 1170 2747 1209 non
2798 1151 2943 1207 dixit
2975 1155 3169 1206 utrum
3198 1148 3320 1204 haec
3348 1148 3533 1205 fames
3562 1145 3910 1202 voluntaria

2243 1241 2435 1297 fuerit.
2469 1241 2856 1305 Quamobrem
2899 1243 3118 1295 Auctor
3166 1240 3363 1293 noster
3400 1234 3662 1309 pressius
3691 1234 3907 1305 sequi-

2243 1334 2340 1386 tur
2385 1329 2782 1397 Plutarchum,
2816 1328 2917 1399 qui
2956 1328 3170 1383 diserte
3210 1324 3413 1382 scribit
3455 1323 3624 1379 illum
3666 1322 3909 1394 jureju-

2244 1419 2424 1474 rando
2461 1420 2603 1474 791
2642 1434 2823 1488 reges,
2856 1420 3125 1472 senatum
3175 1432 3242 1471 ac
3290 1414 3444 1470 cives
3476 1411 3905 1480 obstrinxisse,

2244 1508 2363 1563 fore
2394 1512 2458 1563 ut
2490 1507 2646 1579 leges
2678 1508 2805 1578 ejus
2850 1504 3052 1562 sedulo
3101 1505 3497 1571 observarent,
3529 1502 3711 1559 donec
3758 1501 3909 1557 Del-

2244 1596 2376 1668 phis
2407 1596 2621 1652 rediret
2649 1594 2966 1667 (Plutarch.
3010 1598 3051 1649 t.
3086 1595 3128 1660 Ι,
3173 1595 3233 1648 in
3265 1594 3389 1649 Vita
3422 1593 3650 1664 Lycurg.
3683 1608 3741 1663 p.
3779 1590 3903 1660 57).

2242 1686 2324 1741 Ne
2353 1690 2547 1741 autem
2580 1684 2928 1740 sacramenti
2960 1682 3239 1752 religione
3262 1681 3645 1745 solverentur,
3676 1676 3906 1732 ἐτελεύ-

2240 1793 2398 1842 τησεν
2454 1772 2917 1847 ἆποκπιρτερήσας,
2967 1778 3197 1826 mortem
3259 1770 3367 1825 sibi
3442 1768 3627 1825 inedia
3683 1767 3908 1823 consci—

2240 1864 2337 1919 vit.
2369 1863 2477 1918 Sed
2510 1862 2567 1917 id
2601 1878 2715 1917 non
2756 1860 3057 1933 prohibuit
3100 1858 3417 1930 quominus
3466 1854 3905 1913 Laoedamonii

2242 1968 2417 2009 suum
2440 1965 2554 2006 non
2577 1951 2751 2006 modo
2774 1948 3336 2014 sacramentum,sed
3354 1946 3514 2002 illius
3530 1945 3708 2002 etiam
3732 1944 3906 2017 leges

2243 2040 2565 2112 spreverint
2584 2044 2640 2095 et
2669 2037 3042 2095 aboleverint.

2312 2147 2397 2201 Ad
2429 2146 2716 2201 Romanos
2747 2143 2990 2200 sulinde
3009 2146 3223 2198 Auctor
3252 2145 3451 2198 noster
3476 2140 3654 2209 venit,
3669 2153 3899 2211 eosque

2245 2235 2339 2290 his
2368 2232 2677 2306 compellat
2705 2232 2895 2289 verbis
2931 2249 2943 2288 :
2976 2234 3167 2288 Nonne
3205 2240 3256 2287 et
3300 2246 3389 2286 vos
3436 2228 3697 2301 quotidie,
3727 2243 3901 2297 expe-

2247 2324 2502 2379 rimentis
2546 2322 2992 2377 illuminantibus
3038 2320 3389 2391 antiquitatis
3439 2319 3523 2390 (id
3580 2326 3668 2373 est
3719 2330 3901 2387 expe-

2248 2412 2457 2468 rientia
2484 2416 2678 2465 vestra
2710 2409 2942 2480 edocti),
2989 2418 3155 2464 tatam
3186 2408 3347 2463 illam
3390 2413 3621 2462 veterem
3648 2414 3701 2460 et
3724 2420 3903 2474 squa-

2250 2501 2454 2555 lentem
2477 2500 2698 2568 silvam,
2733 2498 2851 2553 sive
2882 2496 3170 2552 infinitam
3202 2502 3257 2551 et
3286 2496 3595 2551 obscuram
3627 2496 3903 2548 veterum

2250 2588 2442 2659 legum
2460 2586 2891 2642 multitudinem
2904 2587 3075 2651 ,uovis
3083 2584 3485 2656 principalium
3500 2583 3907 2653 rescriptorum

2248 2682 2301 2733 et
2330 2677 2634 2732 edictorum
2661 2674 2967 2741 securibus,
2990 2674 3109 2729 sive
3131 2672 3297 2728 novis
3320 2660 3655 2744 principum
3686 2668 3907 2725 rescri-

2250 2767 2388 2837 ptis,
2423 2765 2690 2820 truncatis
2717 2767 2773 2819 et
2821 2763 3031 2820 cwditis
3051 2760 3320 2831 (Tertull.
3353 2760 3632 2831 Apologet.
3667 2775 3716 2813 c.
3749 2758 3805 2828 4,
3839 2774 3903 2828 p.

2249 2854 2420 2921 286)?
2450 2853 2511 2908 In
2548 2851 2782 2924 Rigaltii
2813 2857 3010 2907 autem
3046 2856 3103 2906 et
3133 2850 3352 2905 secutis
3382 2846 3763 2912 editionihus,
3796 2862 3904 2899 ru-

2250 2944 2405 2999 statis
2433 2950 2484 2997 et
2509 2941 2765 3002 caeditis;
2796 2939 2897 2995 sed
2930 2955 3046 3011 qua
3066 2937 3433 3003 auctoritate,
3466 2952 3570 2993 nec
3599 2934 3698 2990 ille
3726 2933 3903 3005 dixit,

2254 3048 2358 3088 nec
2389 3048 2493 3086 nos
2524 3030 2680 3086 aliud
2704 3029 2854 3084 scire
2883 3044 3221 3100 possumus,
3253 3027 3369 3083 nisi
3399 3025 3549 3081 hanc
3585 3023 3903 3079 lectionem

2254 3120 2529 3177 omnibus
2572 3133 2898 3190 repugnare
2944 3115 3265 3183 codicibus,
3316 3118 3486 3185 atque
3538 3111 3676 3185 ipsi,
3720 3126 3903 3182 quem

2251 3208 2349 3265 ille
2376 3225 2490 3282 pro:
2522 3207 2793 3263 manibus
2828 3206 3101 3273 habebat,
3128 3202 3446 3275 exemplari
3475 3202 3747 3258 Puteano.
3780 3199 3905 3255 Nos

2174 3270 2219 3341 (ἶ
2256 3270 2453 3354 tamen
2511 3312 2626 3351 non
2682 3294 2824 3351 latet
2871 3312 2904 3350 a
2960 3270 3317 3351 Tertulliano
3369 3290 3507 3348 alibi
3557 3289 3899 3361 scriptum:

2255 3410 2283 3439 ‹‹
2316 3386 2513 3442 Colere
2546 3383 2763 3451 omnia,
2814 3398 3057 3438 runcare
3104 3386 3281 3453 atque
3325 3384 3553 3436 rustare
3587 3376 3849 3433 in‘stituit
3884 3392 3899 3443 ;

2255 3479 2320 3530 ut
2368 3473 2503 3528 inde
2551 3470 2707 3528 velut
2754 3488 2823 3527 ex
2866 3470 3121 3528 surculis
3156 3474 3212 3526 et
3242 3467 3663 3541 propaginibus
3693 3463 3901 3539 pepuli

2254 3564 2325 3618 de
2350 3560 2604 3634 populis,
2660 3561 2835 3617 urbes
2885 3561 2956 3616 de
3005 3559 3273 3625 urbibus,
3304 3575 3407 3631 per
3462 3557 3682 3627 ubique
3738 3552 3902 3610 orbis

2254 3655 2705 3722 pangerentur»
2743 3649 2944 3719 (ldem,
3000 3653 3065 3704 de
3120 3648 3266 3703 Pall.
3325 3662 3449 3718 cap.
3509 3646 3586 3717 2).
3646 3643 3757 3699 Sed
3804 3640 3901 3697 cui

2256 3754 2518 3809 unquam
2577 3737 2745 3793 licuit
2793 3737 3035 3793 verbum
3084 3735 3321 3807 aliquod
3359 3751 3427 3789 ex
3474 3749 3591 3788 uno
3643 3729 3903 3787 auctoris

2254 3826 2403 3882 libro
2433 3826 2492 3881 in
2538 3824 2721 3882 alium
2774 3829 2974 3881 contra
3021 3824 3288 3881 codicum
3319 3821 3584 3878 omnium
3614 3819 3902 3876 reclama-

2256 3916 2472 3971 tionem
2529 3912 2890 3970 translerre?
2939 3914 3179 3985 Quoquo
3232 3916 3430 3967 autem
3484 3909 3658 3966 modo
3715 3907 3902 3979 legas,

2256 4005 2398 4060 satis
2429 4009 2666 4075 apertus
2696 4007 2786 4059 est
2828 4001 3095 4058 Auctoris
3126 4000 3309 4057 nostri
3340 4015 3549 4055 sensus
3594 4013 3608 4053 :
3659 3996 3906 4053 horren.

2257 4098 2374 4148 tem
2404 4096 2663 4148 veterum
2709 4091 2903 4163 legum
2936 4091 3139 4147 silvam
3190 4090 3355 4146 novis
3386 4090 3766 4160 expurgatam
3814 4101 3909 4139 re-

2258 4185 2631 4252 secatamque
2657 4181 2838 4237 fuisse
2862 4180 3191 4252 principum
3221 4178 3450 4244 edictis,
3473 4176 3688 4248 quibus
3711 4174 3909 4247 plura,

2259 4274 2541 4341 tanquam
2576 4269 2762 4325 noxiae
2792 4268 3004 4336 herbas,
3036 4266 3238 4324 evulsa
3268 4275 3419 4323 sunt.
3458 4266 3701 4321 Frustra
3722 4262 3910 4334 igitur

2259 4356 2477 4413 ethnici
2516 4356 2698 4413 tantis
2741 4356 3096 4412 clamoribus
3145 4371 3388 4412 suarum
3438 4353 3497 4410 in
3544 4352 3910 4410 Christianos

2258 4446 2455 4519 legum
2487 4446 2893 4502 auctoritatem
2920 4444 3316 4501 venditabant.

2330 4554 2411 4608 Ad
2442 4552 2501 4608 id
2532 4558 2727 4609 autem
2763 4552 2956 4609 adhuc
2986 4551 3510 4609 demonstrandum
3540 4547 3910 4605 continenter

508 4650 609 4692 eas
638 4637 1141 4708 imperfectas,nec
1162 4641 1273 4696 sibi
1297 4641 1468 4698 utiles
1498 4646 1555 4697 et
1584 4642 1996 4698 convenientes
2018 4624 2147 4699 esse
2177 4624 2225 4690 D
2259 4640 2655 4697 Tertullianus
2685 4641 2898 4711 adjecit
2929 4658 2942 4701 :
2979 4662 3003 4692 α
3044 4639 3245 4697 Nonne
3287 4638 3637 4695 vanissimas
3691 4636 3907 4708 Papias

511 4724 945 4781 arbitrabantur
962 4727 989 4782 ?
1005 4729 1072 4783 At
1091 4728 1409 4785 Pausanias
1433 4733 1723 4787 memoriis
1756 4732 2056 4788 mandavit
2076 4732 2148 4787 il-

509 4811 633 4868 lum
654 4811 713 4866 in
733 4815 1045 4884 quemdam
1068 4818 1400 4888 confugisse
1429 4820 1640 4888 vicum,
1675 4821 1767 4876 cui
1785 4819 2017 4891 Alpium
2041 4838 2147 4875 no-

510 4915 644 4956 men
665 4907 808 4971 erat,
828 4909 1139 4975 postquam
1160 4905 1305 4961 alter
1324 4907 1527 4963 oculus
1556 4910 1606 4964 ei
1637 4926 1918 4965 excussus
1940 4910 2149 4966 fuisset

508 4990 583 5046 ab
613 4990 1021 5055 Aleandro,cui
1044 4994 1198 5065 leges
1216 4996 1342 5065 ejus
1364 5014 1477 5053 non
1504 4997 1841 5069 placuerunt
1869 5002 2145 5070 (Pausan.

508 5076 548 5135 l.
585 5096 667 5147 ιιι,
697 5096 827 5152 pag.
852 5080 995 5151 400).
1021 5082 1287 5140 Valerius
1317 5102 1449 5141 vero
1481 5086 1768 5143 Maximus
1802 5087 1946 5143 illud
1974 5088 2147 5159 paulo

507 5169 699 5225 fusius
746 5170 959 5243 hisque
1007 5174 1196 5229 verbis
1244 5180 1477 5230 enarrat
1528 5191 1541 5229 :
1587 5198 1615 5226 «
1668 5183 1927 5248 Lycurgo
1959 5192 2149 5248 neque

504 5255 664 5329 leges
686 5257 1021 5315 salutariter
1049 5261 1382 5333 excogitatae
1413 5262 1625 5318 auxilio
1656 5280 1783 5319 esse
1814 5268 2146 5336 potuerunt,

509 5346 827 5416 quominus
875 5348 1118 5404 infestos
1162 5350 1314 5405 cives
1363 5351 1745 5422 experiretur.
1786 5358 1943 5424 Saepe
1992 5353 2148 5409 enim

508 5433 808 5505 lapidibus
839 5438 1075 5507 petitus,
1095 5436 1410 5510 aliquando
1438 5440 1627 5495 furore
1651 5440 1879 5511 publico
1908 5445 2147 5512 ejectus,

509 5523 684 5579 etiam
716 5525 974 5595 privatus
1013 5527 1197 5599 oculo,
1231 5529 1301 5583 ad
1334 5528 1607 5585 ultimum
1638 5529 1769 5601 ipsa
1798 5531 1985 5602 patria
2016 5530 2149 5603 pul-

512 5627 614 5665 sus
645 5616 735 5667 est
764 5636 790 5662 ››
837 5613 977 5683 (Val.
1032 5618 1179 5685 Max,
1229 5615 1267 5670 1.
1320 5634 1374 5687 v,
1408 5633 1536 5689 cap.
1578 5618 1631 5686 3,
1665 5622 1841 5673 exter.
1872 5620 1900 5687 §
1928 5620 2004 5691 2).
2037 5618 2149 5676 Sed

514 5702 759 5769 uterque
787 5701 970 5758 tacuit
998 5719 1112 5773 quo
1156 5704 1363 5773 mortis
1392 5720 1601 5776 genere
1645 5705 1823 5763 vitam
1856 5706 1953 5766 ille
1982 5708 2149 5764 ﬁnie-

2254 4730 2412 4803 leges
2442 4746 2566 4801 quae
2597 4735 2731 4785 ante
2761 4728 2976 4785 liberos
3006 4728 3226 4800 suscipi
3258 4733 3492 4799 cogunt,
3522 4744 3697 4799 quam
3730 4724 3904 4781 Julia)

2257 4818 2699 4874 matrimonium
2732 4818 3018 4888 contrahi,
3061 4821 3193 4890 post
3220 4821 3392 4872 tantae
3422 4815 3788 4872 auctoritatis
3811 4831 3905 4870 se-

2257 4912 2551 4964 nectutem
2582 4907 2708 4962 heri
2735 4908 2981 4963 Severus
3011 4905 3529 4963 constantissimus
3570 4904 3907 4977 principum

2256 4994 2503 5052 exclusit
2534 5016 2563 5045 ››
2595 4996 2798 5066 (Idem,
2851 4996 3126 5067 Apologet.
3175 5012 3301 5065 cap.
3354 4999 3408 5064 4,
3457 4995 3565 5049 286
3602 4998 3660 5049 et
3705 4992 3908 5063 seq)?

2256 5085 2461 5155 Aperte
2517 5088 2713 5139 autem
2771 5084 2853 5140 ibi
2918 5083 3014 5140 ille
3094 5085 3260 5139 docet
3316 5082 3423 5138 has
3498 5082 3687 5138 Julias
3744 5080 3908 5152 leges

2256 5172 2451 5245 Papiis
2483 5173 2842 5240 emendatas,
2867 5174 2969 5230 sed
2994 5177 3270 5245 utrasque
3294 5172 3603 5243 abrogatas
3625 5171 3696 5226 ab
3725 5170 3911 5241 impe-

2258 5268 2449 5319 ratore
2473 5267 2699 5320 Severo.
2726 5265 2912 5321 Varias
2942 5270 3137 5321 autem
3170 5268 3334 5320 erant
3362 5264 3531 5319 Julise
3562 5263 3740 5335 leges,
3776 5278 3908 5333 quas

2258 5370 2293 5408 a
2319 5351 2473 5408 Julio
2503 5354 2725 5409 Caesare
2763 5354 2847 5410 ita
2895 5354 3321 5426 cognominatas
3351 5358 3511 5408 sunt.
3547 5352 3739 5423 Papiis
3770 5367 3908 5407 vero

2258 5456 2360 5497 seu
2393 5441 2588 5513 potius
2610 5442 2872 5513 Poppteis
2900 5458 3111 5498 nomen
3140 5442 3427 5498 dederunt
3449 5440 3664 5512 Papius
3685 5444 3741 5495 et
3763 5439 3912 5511 Pop~

2260 5530 2724 5602 pmus‘consulee
2770 5531 3019 5604 Augusti
3070 5530 3311 5587 Caesaris
3361 5534 3622 5601 tempore
3651 5528 3907 5587 suffecti.

2256 5618 2475 5674 Juliam
2505 5635 2638 5675 vero
2690 5620 2875 5692 legem
2918 5620 2985 5677 de
3023 5620 3354 5677 maritandis
3383 5618 3668 5675 ordinibus
3699 5635 3733 5675 a
3759 5618 3909 5673 Ter-

2258 5707 2504 5765 tulliano
2552 5708 2847 5781 designari
2877 5725 3080 5769 omnes
3112 5708 3280 5769 facile
3310 5708 3653 5767 concedunt.
3689 5708 3907 5766 Verum
