4162 6364
323 409 476 468 1085

1227 411 1298 469 D.
1347 411 1443 470 LE
1492 412 1820 473 NOURRY
1865 410 2509 472 OBSERVATIONES
2557 409 2819 471 NOVIE.

3565 401 3722 462 1086

320 540 610 611 quomodo
640 539 820 610 Papia
850 538 941 593 lex
979 542 1232 609 coegerit
1279 540 1491 597 liberos
1547 548 1678 598 ante
1723 543 1964 614 suscipi,
1995 547 2049 612 Α
2077 542 2296 598 instare
2344 541 2736 610 credentibus,
2772 543 2828 594 et
2875 538 3003 593 vitae
3053 534 3316 590 mortalis
3347 534 3402 588 in
3443 536 3719 588 mternam

320 645 494 700 quam
551 628 639 682 lex
685 627 844 682 Julia
880 628 1127 697 jusserit
1185 631 1625 685 matrimonium
1677 630 1962 696 contrahi,

319 717 607 772 Heraldus
638 732 699 771 se
730 733 846 770 non
898 717 1042 770 satis
1096 717 1418 788 intelligere
1467 719 1717 789 (Herald.
1753 725 1870 775 not.
1905 722 1961 773 in

319 805 587 876 Tertull)
612 809 670 860 et
692 804 980 859 Antonius
1010 806 1374 876 Augustinus
1401 808 1511 863 sibi
1543 825 1670 864 esse
1701 808 1964 879 lncogni-

317 899 445 950 tum
479 893 630 949 ultro
662 893 919 948 fatentur
965 893 1238 965 (August.
1283 895 1348 950 de
1377 897 1538 964 legib.
1574 914 1700 969 cap.
1753 899 1861 968 18).
1895 900 1967 952 At

317 999 459 1038 sane
503 987 733 1038 constat
780 998 907 1038 eam
952 982 1150 1038 Julian
1194 983 1403 1054 legem,
1453 986 1536 1040 uti
1581 986 1748 1041 Dion.
1800 986 1857 1058 (l.
1912 1003 1966 1041 ιν

316 1073 466 1127 Rom.
522 1073 721 1126 Hister.
786 1088 838 1141 p.
898 1071 1046 1141 256),
1106 1072 1406 1128 Cornelius
1464 1075 1701 1130 Tacitus
1760 1076 1825 1146 (Ι.
1878 1092 1962 1144 ιιι,

314 1159 526 1228 Annal,
571 1167 698 1215 ante
737 1160 938 1231 med.),
972 1164 1028 1215 et
1071 1161 1384 1218 Suetonius
1435 1162 1518 1234 (in
1572 1164 1688 1220 Vita
1733 1165 1962 1235 August.

315 1248 345 1320 §
375 1249 465 1320 34)
496 1247 824 1320 perhibent,
849 1249 920 1302 ab
950 1251 1212 1320 Augusto
1245 1251 1466 1307 Cassare
1498 1253 1963 1324 severius,quam

317 1337 486 1407 alias,
531 1336 713 1392 fuisse
767 1341 1162 1394 retractatam.
1197 1339 1342 1394 Nam
1377 1347 1583 1412 praeter
1613 1342 1850 1412 prmmia
1893 1342 1964 1396 iis

317 1425 418 1497 qui
467 1425 682 1480 liberos
739 1431 1118 1496 susceperant
1170 1429 1488 1498 proposita,
1534 1429 1627 1485 ille
1674 1431 1963 1501 graviores

318 1515 584 1586 innuptis
607 1520 664 1570 et
685 1513 992 1570 cmlibibus
1017 1531 1216 1586 pmnas
1242 1516 1702 1590 indixerat,quas
1733 1519 1964 1590 deinde,

319 1608 556 1675 propter
621 1605 1014 1659 recusantium
1091 1605 1432 1675 tumultum,
1485 1608 1752 1679 mitigare
1809 1610 1963 1664 992

318 1697 556 1748 coactus
587 1698 695 1747 est.
729 1693 905 1747 Addit
936 1709 1106 1763 porro
1137 1696 1452 1752 Suetonius
1487 1714 1500 1753 :
1539 1717 1564 1748 α
1587 1701 1727 1752 Cum
1759 1697 1966 1754 imma-

317 1782 556 1836 turitate
587 1797 960 1852 sponsarum,
985 1786 1040 1836 et
1070 1784 1578 1840 matrimoniorum
1615 1787 1817 1841 crebra
1838 1804 1964 1842 mu-

317 1870 560 1936 tatione,
593 1870 709 1924 vim
741 1871 888 1941 legis
939 1870 1098 1926 eludi
1132 1872 1392 1940 sentiret,
1439 1879 1675 1946 tempus
1714 1892 1964 1945 sponsas

317 1957 571 2014 habendi
619 1960 950 2029 coarctavit,
1008 1960 1273 2016 divertiis
1330 1963 1571 2018 modum
1620 1963 1962 2035 imposuit»

316 2049 496 2117 (Suet.
531 2047 713 2118 ibid.).
762 2048 966 2103 Nonne
1005 2064 1141 2105 vero
1191 2050 1284 2104 his
1324 2052 1515 2107 verbis
1565 2055 1968 2109 immaturitate

314 2152 663 2208 sponsarum,
727 2136 924 2207 colligi
981 2143 1174 2208 potest
1241 2145 1477 2211 propter
1525 2142 1964 2198 multitudinem

317 2241 542 2292 eorum,
577 2224 678 2296 qui
711 2224 878 2280 bellis
907 2225 1175 2282 civilibus
1208 2228 1460 2300 aliisque
1491 2235 1661 2286 antea
1699 2231 1966 2286 exstincti

320 2314 569 2383 fuerant,
601 2317 891 2369 statutum
921 2332 1050 2370 esse
1094 2317 1166 2370 ab
1198 2317 1550 2389 imperatore
1582 2324 1862 2391 Augusto,
1905 2324 1969 2376 ut

318 2403 596 2474 virgines,
628 2403 805 2457 etiam
839 2404 1100 2459 nondum
1132 2405 1274 2460 satis
1313 2406 1524 2461 adultze
1578 2413 1634 2463 et
1687 2409 1808 2464 viro
1843 2427 1966 2463 ma-

319 2496 482 2560 turis,
517 2491 845 2546 nuberent?
871 2492 928 2545 Si
961 2497 1156 2547 autem
1210 2494 1260 2549 is
1314 2496 1390 2549 sit
1436 2496 1697 2551 Suetonii
1731 2514 1967 2566 sensus,

321 2580 416 2635 hic
439 2579 785 2635 Tertulliani
806 2596 935 2635 esse
956 2582 1186 2637 videtur
1209 2600 1221 2638 :
1241 2584 1483 2656 Peppaaa
1504 2585 1628 2658 lege
1652 2589 1965 2655 sancitum,

321 2669 656 2738 utvirgines
679 2668 979 2739 eajuniori
1000 2675 1164 2726 aetate
1187 2672 1243 2726 in
1269 2674 1706 2730 matrimonium
1729 2675 1970 2731 colloca-

321 2762 867 2828 rentur,antequam
893 2758 1035 2813 illud
1065 2759 1186 2831 lege
1207 2761 1357 2838 Julia
1383 2766 1721 2820 contrahere
1744 2765 1967 2836 potuis—

319 2852 470 2904 sent.
496 2851 563 2902 Et
591 2863 722 2902 vero
753 2863 822 2902 ex
857 2847 1032 2903 Dione
1057 2843 1342 2906 discimus
1374 2851 1445 2906 ab
1479 2854 1679 2908 eodem
1705 2861 1968 2925 Augusto

321 2938 642 3002 decretum,
678 2939 742 2992 ut
772 2936 961 3008 pactio
995 2938 1278 3010 nuptialis
1310 2941 1474 2996 irrita
1525 2950 1702 3009 esset,
1736 2944 1785 2998 si
1819 2962 1968 3017 nup-

320 3026 413 3081 tias
445 3025 600 3081 ultra
628 3026 929 3081 biennium
961 3025 1351 3097 differrentur,
1373 3029 1429 3084 id
1465 3035 1573 3100 est,
1599 3031 1791 3102 inquit
1812 3033 1965 3089 idem

320 3114 487 3179 Dion,
523 3119 586 3168 ut
616 3130 684 3169 ea
712 3114 894 3186 virgo,
927 3131 1099 3185 quam
1149 3117 1280 3187 quis
1327 3118 1690 3189 despondere
1718 3119 1965 3190 volebat,

323 3204 522 3259 decem
555 3218 740 3258 annos
770 3207 910 3258 nata
940 3208 1113 3274 esset,
1148 3210 1205 3260 et
1238 3207 1600 3277 nuptiaenon
1630 3209 1783 3265 ultra
1809 3209 1968 3266 bien-

327 3291 490 3346 nium
533 3295 988 3363 prorogarentur
1014 3292 1202 3364 (Dion.
1235 3293 1334 3361 lib,
1370 3312 1458 3349 LIV
1485 3297 1632 3351 Rom.
1657 3300 1875 3354 Histor.
1910 3316 1967 3370 p.
2000 3281 2043 3347 (Σ

323 3380 474 3450 609).
506 3380 681 3452 Atqui
714 3381 761 3436 si
797 3380 992 3452 puella
1034 3382 1258 3438 decimo
1310 3383 1497 3439 astatis
1536 3402 1653 3440 suae
1688 3403 1839 3441 anno
1874 3387 1970 3442 de-

325 3469 600 3540 sponderi
631 3473 688 3525 et
719 3471 937 3524 nubere
984 3475 1230 3542 poterat,
1265 3475 1390 3527 tum
1429 3489 1566 3546 ergo
1601 3473 1756 3531 ﬁlios
1786 3474 1971 3531 susci-

322 3573 480 3630 pere,
539 3557 622 3613 uti
682 3558 764 3613 ait
811 3559 1227 3628 Tertullianus,
1287 3563 1624 3634 cogebatur,
1677 3581 1802 3634 quas
1847 3564 1974 3636 lege

320 3645 496 3716 Julia,
530 3648 973 3704 matrimonium
1015 3666 1167 3706 anno
1215 3667 1321 3707 suo
1369 3657 1598 3707 tantum
1631 3653 1973 3710 duodecimo

323 3736 470 3791 inire
516 3740 764 3808 poterat.
829 3737 996 3808 Vide,
1051 3738 1100 3794 si
1159 3737 1370 3811 placet,
1429 3741 1764 3797 Gothofredi
1821 3742 1968 3814 (Cod.

323 3824 573 3882 Theodos.
607 3842 663 3897 p.
694 3826 801 3881 226
831 3830 887 3882 et
917 3829 1105 3898 seqq.)
1156 3832 1212 3884 et
1241 3829 1512 3899 aliorum,
1550 3831 1606 3885 in
1636 3831 1869 3887 tertiam
1903 3832 1973 3887 de

320 3913 696 3985 sponsalibus
754 3914 964 3987 legem,
1024 3917 1474 3987 adnotationes;
1555 3923 1612 3974 et
1688 3922 1971 3991 expende,

318 4018 538 4072 quaeso,
573 4006 767 4058 utrum
798 4003 942 4071 hazc,
977 4007 1078 4059 aut
1109 4004 1224 4059 alia
1271 4006 1560 4077 quaedam,
1595 4024 1773 4078 quam
1806 4025 1970 4064 exco-

317 4089 556 4161 gitabis,
614 4091 922 4146 verborum
984 4092 1330 4150 Tertulliani
1407 4093 1810 4168 interpretatio
1866 4097 1974 4153 tibi

320 4179 510 4251 magis
543 4179 816 4235 arrideat.

390 4285 644 4341 Dubium
695 4289 892 4342 autem
941 4303 1070 4343 esse
1120 4305 1234 4345 non
1280 4294 1494 4362 potest,
1535 4293 1676 4364 quin
1727 4296 1972 4347 Severus

319 4374 637 4446 imperator
669 4375 833 4432 illam
882 4377 1192 4449 utriusque
1236 4379 1407 4436 Julia
1457 4385 1512 4436 et
1541 4381 1796 4453 Poppaeae
1827 4380 1972 4452 legis

319 4469 546 4535 partem
577 4466 964 4538 abrogaverit,
1001 4470 1347 4540 tempusque
1398 4471 1805 4542 assignaverit,
1857 4487 1971 4542 quo

317 4554 575 4625 virgines
607 4560 838 4610 matura
877 4559 1045 4612 aetate
1096 4558 1404 4624 nuberent,
1446 4559 1592 4614 Nam
1640 4559 1697 4614 id
1748 4559 1972 4615 Tertul-

2075 632 2498 688 commutandm
2541 629 2828 685 desiderio
2875 625 3334 697 suspirantibus.
3372 644 3399 673 »
3431 623 3542 677 Sed
3573 621 3718 675 vidi-

2074 737 2206 774 mus
2239 721 2470 774 eosdem
2504 718 2866 774 Christianos
2917 715 3120 772 solitos
3173 714 3356 768 fuisse
3396 728 3498 783 pro
3539 710 3718 780 hujus

2076 809 2209 863 ﬁnis
2241 825 2404 863 mora
2434 806 2754 878 deprecari.
2806 805 2983 860 Nobis
3031 805 3213 875 igitur
3245 800 3475 857 facilius
3509 798 3719 870 proba-

2075 899 2228 953 bitur
2259 896 2399 952 illud
2432 897 2503 952 ab
2546 901 2792 950 Auctore
2839 899 3037 950 nostro
3069 893 3292 947 dictum
3327 889 3509 945 fuisse
3539 887 3717 942 casti-

2072 988 2210 1041 tatis
2241 1003 2306 1041 ac
2349 984 2703 1055 virginitatis
2754 983 2971 1052 studio,
3001 998 3146 1052 quas
3191 980 3427 1052 quidem
3474 977 3718 1032 virtutes

2071 1075 2382 1131 Christiani
2414 1079 2575 1128 tanto
2606 1073 2812 1128 ardore
2841 1071 3128 1138 colebant,
3159 1072 3380 1138 quanto
3431 1083 3530 1121 eas
3577 1082 3716 1136 gen-

2070 1163 2202 1220 tiles
2235 1163 2534 1234 despectui
2565 1161 2860 1217 habebant
2889 1167 2946 1215 et
2973 1157 3502 1229 adspernabantur.

2141 1271 2289 1325 Tum
2321 1269 2531 1324 dehinc
2559 1267 2953 1324 Tertullianus
3002 1267 3368 1320 continenter
3416 1261 3718 1333 prosequi-

2070 1364 2213 1415 tur:
2255 1379 2276 1406 α
2313 1357 2618 1414 Judioatos
2670 1362 2821 1411 retro
2872 1357 2928 1410 in
2980 1359 3172 1426 partes
3222 1351 3400 1407 secari
3453 1367 3487 1404 a
3534 1349 3720 1404 credi-

2072 1450 2299 1505 toribus
2330 1447 2484 1519 leges
2506 1452 2688 1502 erant.
2712 1449 3010 1500 Consensu
3045 1448 3240 1496 tamen
3268 1439 3497 1512 publico
3515 1439 3720 1492 crude-

2076 1539 2208 1593 litas
2239 1542 2440 1609 postea
2471 1552 2636 1592 erasa
2666 1540 2755 1590 est
2786 1554 2813 1582 »
2866 1531 3128 1603 (Tertull.
3182 1532 3454 1600 Apologel.
3506 1543 3632 1598 cap.
3666 1527 3719 1596 4,

2076 1645 2129 1698 ρ.
2163 1629 2309 1696 287).
2344 1626 2469 1680 Una
2500 1631 2690 1680 autem
2739 1623 2858 1677 base
2907 1627 3031 1675 erat
3078 1637 3146 1673 ex
3188 1616 3609 1672 vetustissimis
3639 1614 3722 1670 le-

2075 1717 2268 1787 gibus,
2303 1715 2556 1786 primum
2595 1713 2648 1766 in
2692 1713 2917 1773 decem,
2948 1715 3006 1764 et
3055 1712 3256 1779 postea
3297 1707 3356 1759 in
3411 1703 3721 1759 duodecim

2073 1804 2304 1860 tabulas
2343 1803 2565 1868 relatis,
2599 1819 2747 1872 quas,
2799 1805 2945 1854 teste
3002 1798 3180 1860 Livio,
3240 1818 3267 1845 ‹‹
3321 1795 3381 1848 in
3429 1794 3721 1847 immenso

2076 1894 2321 1949 aliarum
2368 1908 2543 1962 super
2592 1890 2738 1944 alias
2785 1892 3185 1943 acervatarum
3237 1885 3431 1955 legum
3482 1879 3721 1937 cumulo

2075 1987 2212 2039 sunt
2262 1981 2452 2036 omnis
2506 1981 2634 2034 fons
2680 1977 2897 2049 publici
2950 1971 3453 2047 privatiquejuris
3487 1991 3514 2020 »
3565 1970 3720 2025 993

2074 2072 2217 2144 (Liv.
2264 2070 2366 2125 lib.
2419 2071 2564 2137 m,§
2607 2069 2673 2122 34
2705 2071 2762 2122 et
2803 2067 2915 2137 35).
2966 2067 3104 2130 Quae
3150 2067 3369 2126 autem,
3402 2077 3468 2115 ac
3501 2058 3722 2130 quibus

2073 2163 2262 2217 verbis
2293 2166 2573 2230 concepta
2617 2158 2792 2212 fuerit
2838 2156 2930 2211 lex
2977 2154 3096 2220 illa,
3140 2159 3197 2207 te
3226 2150 3457 2207 docebit
3485 2153 3553 2202 Α.
3588 2147 3721 2204 Gel-

2075 2251 2210 2315 lius,
2244 2251 2341 2320 qui
2377 2249 2536 2303 illius
2566 2248 2802 2302 initium
2852 2243 3064 2299 alicubi
3097 2241 3263 2310 (Gell.
3314 2240 3416 2294 lib.
3464 2254 3540 2292 xv
3568 2239 3720 2293 Noct.

2077 2341 2237 2394 Αιιίε.
2272 2355 2399 2410 cap.
2444 2338 2530 2407 13,
2583 2353 2639 2408 p.
2690 2336 2837 2402 821),
2894 2332 3176 2402 illamque
3232 2331 3521 2400 integram
3579 2325 3720 2380 alibi

2078 2429 2235 2482 hunc
2266 2425 2575 2496 descripsit
2604 2425 2662 2478 in
2699 2424 2974 2478 modum:
2999 2430 3472 2474 marscoursssr.
3507 2429 3716 2469 nserrr.

2077 2534 2131 2580 Q.
2171 2533 2336 2572 JURE.
2378 2530 2687 2570 JUDICATIS.
2745 2528 3026 2566 TRIGINTA.
3094 2524 3239 2562 DIES.
3289 2521 3468 2560 JUSTI.
3512 2519 3716 2558 SUNTO.

2079 2623 2234 2662 POST.
2271 2621 2495 2660 DEINDE.
2523 2619 2738 2658 NANUS.
2766 2615 3034 2655 INJEC’I‘IO.
3059 2613 3214 2652 ESTO.
3239 2612 3318 2649 IN.
3341 2609 3458 2649 JUS.
3491 2607 3718 2646 DUC’I‘IO.

2079 2712 2157 2750 NI.
2185 2710 2525 2750 JUDICATUM.
2560 2708 2738 2746 FACI'I‘.
2770 2706 2895 2744 AUT.
2929 2704 3080 2750 QUIS.
3129 2700 3371 2740 EDENDO.
3422 2698 3521 2736 ΕΜ.
3552 2696 3718 2735 JURE.

2075 2800 2356 2838 VINDICET.
2388 2798 2594 2837 SECUM.
2631 2796 2854 2834 DUCITO.
2896 2792 3140 2832 VINCITO.
3186 2789 3317 2829 AUT.
3351 2785 3558 2828 NERVO.
3588 2784 3720 2824 AU'I‘.

2077 2888 2459 2927 COMPEDIBUS.
2489 2885 2825 2932 QUINDECIM.
2856 2882 3056 2922 PONDO.
3090 2881 3181 2919 NE.
3211 2878 3450 2917 MINORE.
3483 2875 3613 2926 AUT.
3649 2873 3723 2912 SI.

2076 2978 2271 3016 VOLE’I‘.
2321 2976 2553 3015 MAJORE.
2607 2973 2847 3014 VINCITO.
2903 2971 2970 3010 SI.
3008 2969 3201 3008 VOLET.
3239 2965 3366 3018 SUO,
3401 2962 3605 3002 VIVITO.
3640 2962 3722 3000 NI.

2078 3066 2211 3106 SUO.
2276 3065 2442 3102 VIVI'I‘.
2504 3064 2620 3110 QUI.
2677 3062 2831 3100 EMIT.
2886 3058 3163 3098 VINC'I‘UM.
3200 3053 3455 3094 HABEBIT.
3500 3050 3727 3089 LIBRAS.

2078 3155 2296 3193 FABRIS.
2345 3154 2408 3191 M.
2451 3153 2596 3191 DIES.
2631 3152 2788 3190 DATO.
2841 3150 2912 3188 SI.
2962 3147 3151 3186 VOLET.
3199 3143 3361 3182 PLUS.
3395 3140 3556 3180 DATO.
3590 3139 3726 3177 TER-

2079 3244 2209 3282 TIIS.
2245 3242 2544 3280 NUNDINIS.
2580 3240 2800 3279 PARTIS.
2842 3236 3104 3277 SECANTO.
3145 3233 3214 3272 SI.
3252 3231 3416 3270 PLUS.
3450 3227 3729 3267 MINUSVE.

2083 3332 2437 3372 secessum.
2470 3331 2553 3369 se.
2589 3329 2830 3367 FRVUDE.
2863 3325 2997 3365 ss'ro
3030 3306 3187 3376 (Ibid.
3240 3304 3341 3358 lib.
3383 3319 3478 3370 xx,
3511 3317 3638 3371 cap.
3676 3299 3728 3367 1,

2082 3423 2138 3477 p.
2196 3405 2324 3460 1101
2375 3408 2432 3458 et
2478 3405 2689 3473 seqq.).
2730 3399 3009 3454 Eamdem
3052 3397 3204 3450 hanc
3233 3393 3419 3464 legem
3456 3406 3572 3445 non
3604 3387 3732 3477 sine

2079 3475 2257 3548 variis
2305 3490 2653 3546 lectionibus
2701 3488 2940 3544 Fulvius
2988 3484 3236 3540 Ursinus
3290 3479 3492 3536 retulit
3541 3475 3730 3548 (Fulv.

2083 3581 2276 3638 Ursin.
2310 3585 2440 3635 Not.
2473 3581 2555 3634 in.
2597 3579 2694 3633 cit.
2727 3579 2973 3648 August.
3007 3574 3157 3642 lib.).

2152 3694 2276 3745 Ere
2297 3689 2496 3758 itaque
2517 3685 2704 3740 alieno
2727 3681 3022 3740 obstrictis
3047 3680 3302 3752 primum
3323 3677 3432 3732 hac
3457 3676 3579 3747 lege
3603 3690 3734 3730 con-

2083 3779 2398 3834 cedebatur
2425 3775 2667 3848 triginta
2699 3774 2924 3828 dierum
2958 3770 3240 3842 spatium,
3272 3783 3385 3838 quo
3419 3763 3732 3836 pecuniam

2083 3871 2429 3939 quarerent.
2460 3867 2605 3920 Tum
2652 3862 2862 3918 deinde
2895 3859 3072 3915 vincti
3103 3859 3162 3912 in
3213 3871 3504 3911 carcerem
3534 3852 3733 3907 trude-

2080 3957 2315 4012 bantur.
2367 3953 2573 4010 Tertiis
2623 3956 2820 4008 autem
2879 3947 3184 4014 nundinis,
3240 3944 3359 4000 sive
3418 3944 3550 4014 post
3586 3939 3734 3995 alios

2084 4048 2385 4115 sexaginta
2415 4043 2538 4099 dies
2569 4043 2758 4113 capite
2798 4055 2998 4112 pmnas
3027 4036 3271 4091 luebant
3298 4049 3312 4101 ;
3351 4035 3408 4087 et
3453 4030 3500 4085 si
3533 4028 3732 4100 plures

2083 4138 2247 4189 erant
2295 4133 2635 4202 creditores,
2687 4129 2996 4185 secabatur
3057 4139 3269 4195 corpus
3317 4118 3617 4189 debitoris,
3678 4120 3736 4172 et

2083 4223 2328 4295 singulae
2351 4223 2480 4293 ejus
2504 4224 2699 4292 partes
2723 4216 2973 4288 singulis
2996 4211 3384 4269 creditoribus
3412 4208 3731 4263 dabantur.

2083 4313 2204 4377 Quo
2253 4315 2408 4366 certe
2452 4332 2480 4360 «
2524 4307 2827 4377 nihil,_ait
2875 4303 3116 4371 Gellius,
3156 4298 3463 4367 immitius,
3495 4295 3630 4366 nisi,
3665 4299 3736 4350 ut

2083 4400 2273 4470 reipsa
2304 4402 2564 4470 apparet,
2598 4413 2663 4452 eo
2694 4393 2937 4450 consilio
2981 4395 3146 4447 tanta
3176 4386 3516 4443 immanitas
3547 4399 3734 4456 pinnas

2084 4489 2426 4545 denuntiata
2455 4489 2565 4550 est,
2597 4501 2670 4540 ne
2718 4484 2788 4538 ad
2839 4497 2964 4538 eam
3012 4494 3275 4551 unquam
3308 4474 3731 4548 perveniretur.

2083 4577 2289 4633 Addici
2345 4590 2598 4645 namque
2651 4588 2806 4627 nunc
2857 4576 2914 4626 et
2954 4568 3163 4624 vinciri
3193 4566 3415 4622 multos
3444 4562 3734 4631 videmus,

315 4641 510 4698 lianus
541 4642 680 4714 heri,
713 4643 770 4698 id
816 4649 904 4699 est
945 4661 1051 4700 suo
1086 4649 1367 4718 tempore,
1404 4649 1624 4703 factum
1655 4663 1783 4704 esse
1815 4665 1974 4704 asse-

2084 4667 2222 4739 quia
2250 4664 2618 4721 vinculorum
2643 4677 2873 4734 pmnam
2898 4655 3266 4715 deterrimini
3294 4653 3565 4711 homines
3595 4669 3734 4709 con-

313 4737 490 4787 verat.
541 4736 828 4788 Praeterea
875 4749 943 4788 ex
993 4734 1276 4790 Martiano
1326 4736 1612 4792 discimus
1655 4735 1874 4808 aliquid
1911 4738 1971 4792 in

315 4821 542 4892 legibus
591 4820 766 4878 Juliis
818 4826 889 4877 ab
939 4823 1141 4879 eodem
1195 4824 1404 4881 Severo
1436 4827 1813 4881 emendatum
1847 4827 1968 4896 (lib.

315 4927 455 4964 χχιιι
489 4913 703 4979 Digest.
735 4912 825 4968 tit.
859 4916 914 4980 2,
948 4913 1058 4983 leg.
1095 4914 1202 4983 19).
1252 4913 1405 4969 Alibi
1435 4932 1568 4971 vero
1601 4916 1972 4973 ostendimus

316 4997 480 5068 (lem.
516 5003 538 5051 Ι
571 5003 831 5072 Apparet.
868 5001 970 5057 lib.
1015 5020 1101 5072 ιιι,
1134 5003 1370 5059 dissert.
1425 5005 1480 5076 2,
1532 5022 1659 5076 cap.
1713 5007 1798 5073 18,
1858 5009 1968 5062 art.

316 5087 370 5156 3,
433 5105 491 5159 p.
535 5088 694 5160 1153)
750 5089 974 5146 ablatas
1021 5091 1203 5147 fuisse
1249 5109 1282 5147 a
1332 5093 1712 5150 Constantino
1758 5095 1970 5167 Magno

319 5192 540 5246 poenas,
577 5193 703 5247 qua:
751 5177 843 5233 his
891 5178 1066 5234 Juliis
1096 5179 1478 5252 Poppaeisque
1509 5181 1740 5254 legibus
1771 5189 1974 5240 contra

315 5265 545 5320 caelibes
577 5270 633 5320 et
664 5267 836 5321 orbos
888 5267 1133 5323 decretae
1166 5269 1416 5325 fuerant.
1469 5272 1580 5327 Sed
1628 5272 1713 5327 hes
1745 5272 1971 5328 Tertul-

315 5353 460 5410 liani
493 5355 680 5410 nostri
712 5361 974 5427 tempore
1006 5358 1356 5428 posteriores
1384 5365 1545 5416 sunt.

388 5462 652 5531 Denique
682 5462 968 5534 Rigaltius
1010 5464 1285 5536 opinatur
1314 5467 1488 5524 hasce
1527 5467 1685 5540 leges
1714 5467 1844 5525 ideo
1874 5486 1970 5525 va-

320 5550 599 5607 nissimas
631 5568 664 5607 a
693 5551 1057 5610 Tertulliano
1106 5555 1410 5626 appellari,
1463 5578 1491 5608 ‹‹
1540 5557 1680 5628 quia
1708 5558 1778 5613 de
1831 5557 1970 5615 ﬁliis

322 5639 713 5711 suscipiendis
761 5641 1021 5713 cogitare
1070 5659 1184 5699 non
1232 5643 1526 5701 immerito
1574 5661 1790 5702 vanum
1821 5646 1969 5702 stul-

321 5729 564 5800 tumque
612 5729 917 5788 videbatur
973 5730 1344 5804 Christianis,
1396 5735 1572 5794 ﬁnem
1619 5735 1970 5796 saeculorum

2081 4753 2709 4811 temnunt.Dissectum
2732 4767 2860 4807 esse
2881 4748 3210 4820 antiquitus
3233 4745 3522 4801 neminem
3547 4757 3735 4814 neque

2080 4845 2189 4915 legi
2223 4860 2411 4917 neque
2441 4843 2660 4909 audivi,
2684 4840 2959 4912 quoniam
2995 4837 3218 4894 saevitia
3248 4836 3361 4891 ista
3384 4850 3564 4906 prensa
3596 4849 3736 4888 con-

2080 4935 2262 4990 temni
2298 4951 2413 4990 non
2452 4933 2615 5003 quita
2643 4935 2732 4986 est
2756 4951 2780 4981 »
2810 4929 2976 5001 (Gell,
3001 4928 3180 4999 ibid.)
3205 4925 3404 4981 Cernis
3426 4939 3565 4980 sane
3586 4923 3736 4976 hanc

2083 5024 2270 5095 ipsam
2304 5039 2432 5079 esse
2476 5021 2683 5092 legem,
2743 5037 2918 5091 quam
2980 5015 3379 5074 Tertullianus
3435 5025 3730 5069 consensu

2081 5113 2315 5185 publico
2350 5112 2715 5183 antiquatam
2749 5127 2814 5165 ac
2841 5109 3206 5181 repudiatam
3238 5101 3467 5160 asserit.
3500 5098 3730 5164 Quinti-

2080 5202 2278 5259 lianus
2310 5217 2540 5275 quoque
2569 5200 2714 5255 illud
2746 5199 2907 5255 hisce
2928 5198 3120 5254 verbis
3150 5193 3496 5267 planissime
3524 5187 3731 5244 confir-

2080 5297 2203 5348 mat
2238 5310 2250 5349 ;
2285 5315 2312 5342 ‹‹
2347 5293 2495 5347 Sunt
2547 5291 2815 5363 quaedam
2866 5305 2980 5344 non
3010 5284 3334 5342 laudabilia
3364 5285 3594 5345 natura,
3627 5276 3728 5331 sed

2073 5383 2208 5454 jure
2239 5397 2554 5448 concessa;
2589 5385 2655 5435 ut
2698 5377 3005 5434 duodecim
3037 5373 3254 5430 tabulis
3287 5366 3568 5427 debitoris
3597 5382 3729 5421 cor-

2078 5489 2190 5543 pus
2223 5472 2374 5528 inter
2402 5469 2716 5526 creditores
2746 5468 2926 5523 dividi
2955 5465 3140 5533 licuit,
3164 5477 3342 5534 quam
3379 5459 3566 5530 legem
3597 5471 3726 5510 mos

2079 5559 2352 5633 publicus
2383 5556 2709 5632 repudiavit
2741 5578 2768 5606 ››
2808 5553 3073 5626 (Quintil.
3105 5553 3208 5608 lib.
3242 5568 3307 5607 III
3336 5550 3470 5605 Inst.
3505 5545 3728 5612 Orator.

2080 5667 2207 5722 cap.
2239 5654 2316 5723 6).

2149 5741 2331 5813 Atqui
2378 5740 2429 5797 si
2477 5739 2537 5794 in
2576 5734 2886 5794 duodecim
2927 5732 3264 5792 tabularum
3293 5727 3544 5801 legibus,
3576 5741 3724 5798 quas
