4162 6404
521 356 683 416 1087

1046 362 1572 427 TERTULLIANI
1618 368 1937 430 OPERUM
1992 368 2187 428 PARS
2230 368 2277 428 Ι.
2310 400 2387 411 -
2424 366 2693 428 SERIES
2739 369 2784 443 Ι,
2833 368 3393 430 APOLOGETICA.

3773 361 3948 423 1088

518 487 693 542 etiam
729 490 915 560 pueri,
948 496 1223 563 tauquam
1276 495 1542 550 omnium
1593 498 1866 568 optimas,
1901 498 2036 554 olim
2070 499 2155 554 di-
2186 499 2240 564 Α
2271 503 2625 554 coerceatur.
2665 501 2798 565 Quas
2848 499 3084 571 quidem
3129 499 3328 554 omnia
3369 515 3401 553 a
3445 494 3744 552 Macrobio
3796 492 3933 564 (lib-

518 591 697 643 scere,
724 577 807 631 uti
866 578 947 632 ait
976 580 1166 635 Cicero
1197 581 1318 652 (lib.
1356 599 1391 636 ιι
1425 583 1489 639 de
1520 586 1688 657 legit).
1724 603 1854 659 pag.
1903 587 2029 651 341,
2058 586 2158 640 lin.

515 663 624 733 27),
658 665 1026 734 tenebantur,
1061 667 1283 740 aliquid
1325 670 1497 727 fuerit
1529 690 1642 728 non
1687 676 1857 730 modo
1890 692 2003 730 non
2037 674 2161 730 lau-

516 752 799 823 dandum,
836 759 898 808 ut
929 754 1064 810 alibi
1096 759 1463 815 ostendimus
1496 762 1804 832 (Dissertat.
1828 766 1885 819 in
1917 767 2159 819 Lactant.

518 855 644 911 cap.
675 840 764 907 26,
799 845 907 895 art.
945 844 1013 913 1),
1051 845 1149 900 sed
1194 863 1430 916 prorsus
1476 849 1649 905 etiam
1696 852 1940 919 immite,
1975 868 2163 923 quan-

516 932 573 984 to
608 928 794 1001 magis
826 930 883 984 in
913 931 1063 1000 aliis,
1086 950 1232 1005 quas
1264 936 1531 994 homines
1554 945 1788 1011 propter
1809 958 1914 996 sua
1932 945 2161 996 tantum

515 1018 824 1072 commoda
852 1018 1139 1075 tulerunt!
1184 1022 1354 1077 Nulla
1378 1025 1530 1080 enim
1556 1027 1899 1099 antiquitas,
1924 1044 2027 1083 nec
2050 1028 2165 1084 ulla

513 1103 869 1176 legislatoris
900 1106 1177 1178 dignitas,
1211 1112 1309 1165 sed
1345 1113 1464 1167 sola
1504 1114 1749 1185 aequitas
1781 1115 1966 1188 legem
2001 1133 2161 1172 com-

519 1193 953 1250 mendat.Nulla
974 1195 1152 1266 igitur
1176 1197 1434 1270 iniquior
1452 1206 1540 1256 est
1555 1219 1643 1272 ea,
1668 1220 1780 1275 qua
1801 1204 2163 1261 Christianus

517 1281 588 1335 ob
619 1280 809 1336 solum
841 1299 1012 1339 suum
1048 1302 1276 1356 nomen,
1312 1305 1415 1345 nec
1445 1290 1642 1347 audita
1673 1308 1933 1364 unquam
1965 1310 2162 1365 causa,

516 1370 973 1427 condemnatur.

1128 1499 1445 1540 ARTICULUS
1486 1506 1502 1539 .l
1515 1503 1551 1541 I.

518 1583 887 1666 Examinatur
936 1602 1109 1658 quam
1155 1590 1378 1658 impune
1410 1590 1628 1666 ethnici
1658 1593 1985 1649 violaverint
2014 1594 2165 1666 leges

596 1655 956 1731 immodicum
984 1655 1288 1726 camaram,
1306 1662 1657 1731 supellectilis
1676 1674 1727 1718 et
1755 1667 1983 1720 vestium
2012 1655 2161 1720 suum-

588 1729 746 1796 ptum
775 1727 1101 1800 cohibentes,
1124 1733 1178 1804 et
1205 1746 1329 1800 qua?
1357 1727 1468 1787 illae
1496 1736 1709 1804 fuerint
1730 1753 1796 1790 ac
1823 1738 2164 1793 centenariae.

592 1811 796 1859 comae;
826 1814 1011 1877 (quam
1071 1802 1324 1857 audacter
1370 1802 1513 1859 alias
1563 1808 2050 1877 pessumdederint,
2099 1824 2164 1862 ac

592 1872 1102 1950 epmpqtissimum,
1136 1889 1240 1942 qua
1262 1872 1764 1950 patricium—decem
1792 1882 2006 1948 argenti
2021 1894 2160 1950 pon-

593 1938 664 2021 do
714 1940 939 2021 habens,
984 1938 1158 2021 sentu'
1187 1938 1465 2021 submotus
1511 1938 1628 2011 est;
1658 1951 1782 2019 quis
1830 1938 1956 2020 ille,
2004 1938 2161 2021 quive

594 2008 846 2092 libertini
897 2014 1024 2092 qui,
1064 2016 1242 2092 ﬂagra
1309 2017 1489 2092 adhuc
1557 2008 1889 2092 rumpentes,
1942 2008 2160 2076 similes

594 2085 975 2152 sumptuarias
1006 2084 1153 2156 leges
1173 2085 1490 2159 adspernati
1517 2094 1664 2145 sunt.

514 2246 518 2253 .
594 2202 749 2259 994
778 2206 1202 2277 Argumentum
1248 2227 1422 2268 suum
1456 2215 1829 2287 prosequitur
1856 2215 2162 2272 Tertullia-

523 2306 657 2356 nus,
689 2296 745 2347 et
774 2292 1023 2351 ethnicis
1054 2296 1112 2352 in
1144 2297 1506 2357 Christianos
1547 2305 1935 2374 quarumdam
1966 2303 2162 2377 legum

532 2378 908 2439 simulatione
953 2385 1348 2456 saevientibus,
1401 2390 1603 2461 objicit
1656 2391 1751 2448 his
1808 2409 1923 2448 non
1982 2394 2165 2465 magis

531 2466 817 2541 obligatos
838 2471 1039 2542 fuisse,
1065 2490 1241 2546 quam
1269 2477 1552 2549 ipsosmet
1572 2480 1837 2538 ethnicos
1868 2485 2169 2553 sumptua-

531 2556 635 2613 riis
683 2557 934 2630 legibus,
983 2578 1104 2631 quse
1161 2582 1376 2637 magna
1430 2568 1700 2639 (equitate
1747 2587 1812 2625 ac
1859 2571 2170 2641 prudentia

530 2650 805 2716 sumptus
835 2648 892 2703 in
925 2652 1122 2719 omnis,
1156 2653 1479 2711 domestica
1510 2656 1869 2727 supellectile
1900 2675 1964 2714 ac
1993 2661 2167 2716 vesti-

531 2736 642 2792 bus
673 2739 1018 2796 coercebant
1047 2742 1301 2814 (Tertull.
1345 2746 1496 2818 Apol.
1531 2764 1656 2820 cap.
1689 2749 1741 2815 4,
1776 2766 1833 2821 p.
1864 2751 2013 2821 288),
2047 2756 2165 2824 aut,

530 2828 597 2879 ut
650 2825 776 2897 ipse
823 2826 982 2900 loqui
1027 2840 1203 2902 amat,
1235 2844 1511 2906 sumptum
1562 2841 1610 2892 et
1640 2839 1993 2895 ambitionem
2024 2857 2167 2896 com-

526 2914 826 2984 primentes
857 2917 1051 2989 (Idem,
1087 2935 1211 2992 cap.
1243 2924 1299 2991 6,
1334 2940 1464 2996 pag.
1495 2926 1642 2997 205).
1692 2929 1765 2983 At
1790 2931 1953 2984 tanta
1983 2930 2167 2986 auda-

526 3001 615 3057 cia
642 3018 742 3059 eas
774 3004 945 3076 plane
974 3011 1517 3082 pessumdederant,
1546 3019 1610 3070 ut
1656 3014 1765 3087 ipsi
1810 3017 2165 3074 Tertulliano

522 3093 873 3163 respondere
931 3113 1046 3152 non
1104 3100 1419 3173 potuerint,
1472 3103 1544 3159 ab
1594 3104 1677 3160 eis
1718 3107 1933 3177 petenti
1968 3125 1980 3163 :
2013 3110 2163 3173 Quo-

2273 588 2649 642 IIISaturnal.
2698 604 2824 658 cap.
2880 589 2961 657 17)
3009 592 3142 660 post
3196 591 3264 641 A.
3326 585 3575 642 Gellium
3636 582 3943 655 explicata

2271 675 2402 742 (loc.
2438 677 2579 747 cit.).
2612 675 2955 732 Tertulliani
2988 675 3170 732 nostri
3203 675 3554 732 sententiam
3593 672 3765 745 plane
3797 676 3938 727 eta-

2272 763 2488 819 biliunt
2517 781 2581 819 ao
2613 764 2979 820 confirmant.

2342 871 2453 925 Nec
2483 870 2689 942 majori
2730 887 2880 927 cura:
2912 870 3030 926 illis
3088 871 3199 926 fuit
3244 871 3370 941 jam
3416 869 3654 925 laudata
3683 885 3716 924 a
3746 867 3932 923 nobis
4024 945 4029 947 Α

2270 960 2360 1015 lex
2390 960 2628 1028 Fannia,
2670 976 2786 1032 qua
2828 959 3249 1032 prohibebatur
3299 975 3370 1014 ne
3426 957 3682 1029 amplius
3736 972 3933 1028 quam

2272 1064 2389 1103 una
2418 1047 2656 1119 gallina,
2687 1064 2867 1119 eaque
2898 1065 3014 1104 non
3057 1049 3345 1120 saginata,
3373 1046 3431 1102 in
3482 1061 3706 1102 omnem
3737 1043 3931 1101 infer-

2272 1142 2450 1192 retur.
2486 1140 2557 1192 Δὶ
2583 1136 2807 1193 Plinius
2842 1136 3022 1206 hujus
3074 1135 3221 1208 legis
3252 1136 3612 1192 mentionem
3660 1134 3824 1201 facit,
3858 1150 3936 1189 ac

2272 1226 2565 1296 quomodo
2613 1242 2738 1281 eam
2790 1225 3036 1297 gentiles
3077 1224 3429 1281 labefactare
3478 1222 3782 1295 coeperint,
3830 1222 3935 1279 bis

2272 1313 2521 1385 explicat
2593 1313 2785 1369 verbis
2845 1320 2882 1370 :'
2919 1336 2948 1363 «
3023 1313 3285 1370 Gallinas
3362 1311 3634 1384 saginare
3703 1309 3934 1366 Deliaci

2274 1418 2511 1474 erepere.
2550 1402 2711 1457 Unde
2742 1402 2925 1473 pestis
2956 1405 3156 1458 exorta
3184 1402 3413 1473 opimas
3456 1417 3593 1456 aves
3622 1405 3679 1456 et
3711 1402 3934 1470 suopte

2274 1509 2514 1564 corpore
2566 1498 2775 1549 unctas
2824 1493 3157 1549 devorandi.
3199 1497 3318 1548 Hoc
3352 1492 3607 1564 primum
3658 1491 3931 1561 antiquis

2271 1596 2568 1636 coenarum
2604 1581 2929 1637 interdictis
2979 1586 3279 1651 exceptum
3341 1580 3571 1636 invenio
3612 1581 3738 1650 jam
3797 1579 3935 1651 lege

2271 1668 2332 1724 C.
2369 1670 2569 1724 Fannii
2621 1686 2718 1725 eos
2750 1670 2918 1725 annis
2966 1669 3239 1726 undecim
3290 1674 3423 1726 ante
3467 1671 3757 1724 Punicum
3790 1668 3927 1723 bel-

2271 1755 2415 1827 lum,
2476 1774 2547 1813 ne
2604 1756 2739 1829 quid
2811 1758 3043 1814 volucre
3113 1764 3427 1829 poneretur
3470 1762 3676 1830 praeter
3738 1771 3930 1812 unam

2195 1844 2568 1924 Bgallinam,
2630 1862 2759 1917 quas
2815 1863 2929 1902 non
2987 1851 3143 1902 esset
3198 1845 3377 1902 altilis
3413 1867 3435 1897 ι
3499 1845 3668 1911 (Plin.
3732 1844 3841 1900 lib.
3894 1862 3931 1901 ι

2269 1936 2402 1989 Hist.
2435 1943 2622 1989 natur.
2654 1951 2783 2006 cap.
2830 1935 2920 2003 50,
2952 1950 3009 2005 p.
3044 1935 3192 2006 442),
3234 1951 3335 1991 seu
3384 1934 3625 2007 pinguis
3672 1938 3734 1989 et
3762 1934 3914 2005 sagi

2268 2027 2426 2092 nata,
2460 2028 2516 2078 et
2544 2040 2578 2079 a
2622 2022 2897 2079 Juvenale
2947 2023 3121 2078 altilis
3174 2023 3521 2096 simpliciter
3566 2021 3926 2094 appellatur.

2275 2133 2299 2164 α
2333 2112 2494 2176 Quod
2536 2111 2746 2168 deinde
2775 2116 2950 2183 caput
2996 2113 3346 2168 translatum
3381 2128 3485 2184 per
3526 2127 3732 2167 omnes
3762 2110 3931 2182 leges

2272 2199 2614 2267 ambulavit,
2652 2200 3076 2272 inventumque
3111 2198 3521 2256 diverticulum
3552 2199 3729 2255 estin
3762 2201 3930 2256 frau-

2273 2290 2343 2345 de
2374 2305 2570 2345 earum
2603 2288 2955 2361 gallinaceos
2985 2305 3219 2361 quoque
3239 2289 3515 2361 pascendi
3545 2288 3698 2344 lacte
3730 2290 3923 2344 madi-

2275 2380 2367 2436 dis
2392 2379 2536 2436 cibis
2561 2396 2575 2448 ;
2610 2379 2794 2436 multo
2820 2379 2902 2436 ita
2930 2380 3211 2452 gratiores
3240 2381 3643 2453 approbantur
3670 2399 3699 2429 ιθ
3735 2380 3934 2449 (Juve-

2274 2470 2391 2526 nal.
2422 2470 2583 2525 satir.
2606 2470 2662 2535 5,
2683 2486 2737 2524 ν.
2762 2470 2905 2538 117).
2934 2469 3014 2525 De
3044 2469 3135 2525 his
3163 2473 3356 2525 autem
3396 2470 3547 2526 995
3611 2474 3934 2540 sumptua-

2276 2558 2380 2613 riis
2433 2561 2491 2613 et
2545 2556 2781 2613 cibariis
2828 2555 3074 2628 legibus,
3124 2556 3296 2628 plura
3342 2556 3558 2613 Paulus
3617 2556 3933 2613 Manutius

2276 2644 2464 2715 (Paul.
2510 2648 2728 2701 Manut.
2781 2644 2880 2700 lib.
2925 2645 2993 2700 de
3034 2647 3225 2718 Legib.
3277 2646 3505 2702 Roman.
3538 2662 3665 2719 cap.
3718 2645 3809 2714 18)
3872 2651 3933 2701 et

2275 2734 2563 2791 Antonius
2596 2733 2955 2805 Augustinus
2993 2735 3149 2805 (Aut.
3182 2739 3428 2807 August.
3462 2733 3564 2791 lib.
3599 2752 3617 2790 1
3645 2736 3717 2790 de
3752 2733 3926 2805 legio.

2275 2840 2399 2896 cap.
2434 2824 2543 2895 18),
2575 2840 2608 2879 a
2637 2823 2805 2879 nobis
2836 2824 2993 2879 citati
3027 2823 3139 2879 alia
3169 2822 3230 2879 in
3258 2824 3687 2891 dissertatione,
3710 2823 3812 2878 ubi
3850 2824 3929 2881 de

2275 2912 2436 2968 hisce
2464 2912 2691 2985 legibus
2720 2912 3038 2968 Arnobium
3073 2922 3201 2984 post
3229 2913 3654 2969 Tertullianum
3703 2912 3928 2968 simili-

2272 3005 2363 3059 ter
2392 3001 2790 3073 disputantem
2821 3001 3153 3059 audivimus
3195 3004 3511 3072 (Dissertat.
3561 3003 3623 3057 in
3664 3002 3924 3057 Lactant.

2273 3106 2399 3163 cap.
2430 3091 2486 3160 9,
2520 3093 2625 3146 art.
2663 3090 2735 3161 1).

519 3194 676 3270 nam)
705 3180 816 3238 illis
863 3182 1020 3256 leges
1071 3168 1360 3256 abierunt,
1404 3168 1537 3262 quae
1595 3168 1828 3250 centum
1876 3168 2161 3265 zera,vnon
2194 3168 2238 3236 (ἶ
2347 3198 2640 3263 Quantum
2690 3200 2885 3252 autem
2935 3196 3153 3253 ethnici
3199 3196 3505 3270 praeclaras
3546 3195 3723 3253 hasce
3761 3194 3930 3269 leges

520 3267 777 3340 amplius
803 3271 861 3327 in
893 3289 1111 3330 coenam
1135 3277 1426 3334 subscribi
1449 3280 1756 3351 jubebant,
1783 3300 1889 3340 nec
1913 3284 2169 3357 amplius

523 3371 700 3426 quam
734 3374 910 3415 unam
942 3361 1143 3418 inferri
1191 3365 1494 3436 gallinam,
1523 3374 1582 3424 et
1621 3386 1750 3426 eam
1784 3388 1896 3427 non
1928 3372 2167 3443 sagina-

524 3446 646 3531 tam
672 3448 694 3501 ?
724 3466 753 3495 ››
777 3449 987 3503 Narrat
1015 3466 1147 3507 vero
1178 3453 1239 3508 A.
1272 3453 1494 3512 Gellius
1526 3473 1587 3513 se
1619 3458 1679 3514 in
1708 3459 2011 3531 Capitonis
2040 3453 2169 3517 Atei

528 3530 926 3602 Conjectaneis
946 3536 1162 3610 legisse
1182 3546 1421 3599 senatus
1441 3545 1735 3602 decretum
1745 3530 1807 3619 ,q
1811 3565 1881 3604 uo
1915 3548 2167 3605 civitatis

528 3619 1037 3695 principesjurare
1063 3627 1426 3698 jubebantur
1456 3649 1519 3689 se
1549 3634 1607 3689 in
1638 3633 1795 3692 ludis
1827 3637 2166 3708 Megalensi-

526 3710 639 3765 bus
656 3725 765 3765 uon
782 3712 1032 3784 majores
1046 3715 1101 3771 in
1117 3733 1307 3774 cceoas
1323 3719 1584 3791 singulas
1597 3729 1871 3796 sumptus
1889 3727 2166 3797 facturos,

526 3814 697 3870 quam
751 3806 1025 3860 centenos
1074 3804 1305 3863 vicenos
1350 3809 1479 3865 aeris
1532 3811 1652 3867 sive
1709 3830 1894 3883 asses,
1960 3819 2169 3886 praeter

527 3887 679 3960 olus,
710 3890 797 3948 far
820 3896 877 3949 et
903 3893 1108 3952 vinum
1140 3897 1432 3969 patrium;
1466 3917 1651 3973 neque
1682 3905 1905 3976 argenti
1937 3905 1996 3961 in
2029 3923 2165 3964 con-

525 3978 676 4037 vivio
725 3980 859 4054 plus
906 3985 1200 4057 ponderis,
1247 4004 1422 4061 quam
1470 3988 1652 4048 libras
1715 3997 1947 4050 centum
1996 3995 2165 4067 (Gell.

528 4068 633 4125 lib.
675 4086 715 4126 ιι
762 4073 913 4129 Noct.
963 4075 1129 4132 Attio.
1181 4093 1307 4149 cap.
1356 4080 1469 4152 24).
1520 4081 1735 4138 Deinde
1776 4082 1901 4156 lege
1948 4085 2169 4141 Fannia

526 4161 787 4225 cautum,
820 4178 892 4218 ne
927 4162 987 4219 in
1034 4164 1191 4223 ludis
1220 4167 1512 4237 Romanis,
1546 4169 1809 4241 Plebeiis,
1842 4174 2167 4230 Saturnali-

536 4246 668 4315 bus,
726 4248 974 4323 aliisque
1026 4255 1379 4325 quibusdam
1451 4258 1677 4327 diebus,
1738 4261 1933 4331 plures
1989 4280 2167 4336 quam

525 4337 781 4407 centuni,
813 4340 1128 4415 decemque
1172 4344 1305 4402 aliis
1336 4347 1561 4417 diebus,
1585 4348 1645 4403 in
1679 4348 1927 4423 singulis
1959 4353 2170 4409 mensi-

496 4423 637 4480 bus
692 4425 917 4499 triceni,
981 4433 1204 4490 caeteris
1268 4435 1505 4493 tandem
1560 4436 1767 4495 diebus
1814 4439 1947 4496 deni
2006 4457 2169 4499 asses

2276 3286 2621 3358 spreverint,
2645 3302 2710 3342 ac
2742 3302 2845 3358 pro
2878 3285 3060 3342 nihilo
3092 3286 3425 3355 habuerint,
3460 3285 3652 3342 disces
3682 3300 3753 3340 ex
3783 3285 3931 3341 toti-

2278 3374 2408 3429 dem
2439 3374 2709 3430 Auctoris
2740 3374 2923 3430 nostri
2954 3374 3113 3431 hisce
3156 3374 3352 3431 verbis
3385 3391 3398 3429 :
3436 3396 3464 3424 α
3494 3374 3670 3431 Video
3700 3378 3757 3453 et
3789 3388 3934 3429 cen-

2276 3460 2531 3517 tenarias
2560 3478 2774 3530 omnes,
2797 3480 2828 3517 a
2853 3462 3111 3518 centenis
3134 3463 3261 3533 jam
3284 3461 3571 3518 sestertiis
3600 3460 3884 3516 dicendas
3900 3484 3931 3511 ››

2277 3549 2538 3620 (Tertull.
2603 3550 2875 3623 Apologet.
2934 3567 3058 3623 cap.
3115 3551 3171 3622 6,
3249 3567 3307 3623 p.
3366 3550 3513 3622 300).
3572 3549 3935 3605 Centenarisa

2278 3644 2473 3695 autem
2504 3655 2700 3710 coenae,
2733 3639 2819 3695 uti
2867 3640 3136 3696 observat
3187 3640 3411 3709 Festus,
3471 3661 3500 3689 ‹‹
3554 3638 3931 3707 dicebantur,

2276 3726 2336 3782 in
2384 3744 2532 3798 quas
2562 3726 2688 3800 lege
2720 3728 2945 3785 Licinia
2979 3745 3093 3785 non
3126 3727 3261 3800 plus
3291 3727 3689 3795 centussibus,
3714 3730 3934 3799 prater

2274 3820 2439 3871 teme
2462 3816 3153 3889 nata,impendebatur,id
3184 3821 3534 3888 est,centum
3566 3815 3803 3872 assibus
3822 3816 3934 3886 qui

2276 3908 2441 3960 erant
2484 3905 2688 3961 breves
2718 3904 2945 3961 nummi
2974 3922 3042 3961 ex
3088 3921 3197 3962 mre
3224 3924 3251 3956 ι
3306 3905 3480 3977 (Fest.
3531 3904 3604 3960 ad
3636 3921 3697 3961 ν.
3733 3906 3936 3960 Cente-

2274 3995 2496 4066 nariee),
2528 3994 2612 4050 uti
2642 4011 2820 4067 supra
2846 3995 3209 4051 monuimus.
3240 3994 3449 4050 Noster
3484 3992 3667 4066 igitur
3708 3993 3936 4048 Auctor

2276 4082 2570 4155 significat
2619 4083 2835 4139 veteris
2883 4083 3248 4155 frugalisque
3296 4099 3469 4139 omnes
3518 4087 3721 4138 auctos
3760 4086 3935 4137 extra

2277 4172 2519 4227 modum
2550 4176 2839 4243 sumptus.
2888 4173 3033 4228 Nam
3065 4188 3193 4243 quas
3234 4176 3405 4228 antea
3434 4175 3671 4227 centum
3704 4174 3770 4226 ut
3800 4172 3939 4243 plu-

2277 4262 2493 4316 rimum
2525 4260 2758 4316 assibus
2803 4260 3052 4317 debebat
3098 4261 3332 4327 instrui,
3374 4260 3497 4316 haec
3545 4263 3783 4316 centum
3840 4274 3934 4314 se-

2277 4349 2496 4406 stertiis
2527 4348 2651 4406 dari
2679 4349 2842 4406 illius
2870 4354 3132 4422 tempore
3163 4353 3559 4407 consueverat.
3604 4348 3930 4405 Sestertius

2277 4442 2473 4495 autem
2527 4439 2673 4496 duos
2704 4454 2867 4495 asses
2913 4444 2971 4495 et
3017 4439 3325 4496 semissem
3370 4437 3621 4494 valebat.
3674 4436 3932 4493 Centum

521 4512 1021 4585 impenderentur.
1053 4525 1262 4579 Postea
1290 4540 1424 4582 vero
1464 4525 1591 4599 lege
1622 4527 1842 4585 Licinia
1870 4529 2167 4587 indultum
2199 4530 2248 4594 D
2275 4544 2447 4600 porro
2504 4526 2805 4584 sestertios
2862 4528 3113 4585 rotunde
3157 4528 3320 4596 dixit,
3352 4542 3716 4598 numeroque
3764 4529 3929 4582 certo

520 4604 743 4672 nuptiis
773 4606 1315 4678 ducentorum,aliis
1338 4614 1545 4672 diebus
1566 4615 1917 4674 tricenorum
1942 4620 2164 4676 assium

520 4694 726 4780 praeter
757 4710 930 4764 pomo
962 4702 1019 4754 et
1064 4699 1221 4756 olera
1244 4702 1572 4774 impensam
1605 4706 1748 4762 fieri.
1780 4711 1855 4764 At
1885 4713 2015 4780 post
2045 4710 2164 4766 haec

520 4775 749 4869 legibus
780 4782 871 4838 his
901 4785 1017 4841 situ
1050 4793 1107 4843 et
1137 4791 1297 4847 senio
1327 4792 1695 4861 oblitteratis,
1723 4813 1853 4853 cum
1885 4775 2081 4869 plures
2101 4798 2162 4854 in

522 4866 734 4960 amplis
783 4873 1155 4942 patrimoniis
1203 4878 1624 4951 helluarentur,
1655 4884 1790 4941 data
1829 4866 1917 4943 est
1946 4904 1979 4943 a
2009 4886 2165 4960 Sylla

520 4955 801 5016 dictatore
856 4959 948 5019 lex
1004 4967 1289 5040 Cornelia,
1348 4987 1461 5042 qua
1493 4971 1741 5030 facultas
1771 4955 2163 5033 concessa—ost

518 5045 873 5118 quibusdam
922 5053 1086 5110 feriis
1129 5057 1490 5116 solemnibus
1540 5062 1839 5120 sestertios
1886 5065 2158 5135 tricenos,

517 5135 649 5194 aliis
679 5140 887 5199 diebus
919 5160 1034 5200 non
1067 5147 1321 5218 amplius
1366 5166 1543 5221 quam
1593 5156 1810 5219 ternos,
1844 5154 1903 5210 in
1937 5172 2158 5212 ccenam

512 5224 919 5300 impendendi.
957 5234 1242 5293 Praeterea
1296 5237 1387 5294 lex
1435 5238 1660 5296 [Emilia
1701 5245 1758 5298 et
1796 5243 1969 5300 Antia
1998 5261 2160 5301 sum-

514 5319 611 5374 tus
641 5335 938 5379 coenorum
979 5324 1363 5398 ciborumque
1398 5344 1583 5401 genus
1614 5332 1669 5384 et
1698 5332 1938 5388 modum
1970 5332 2159 5389 adhuc

515 5409 933 5478 praeﬁnierunt.
959 5414 1107 5487 Lege
1135 5417 1373 5473 tandem
1403 5416 1581 5475 Julia.
1613 5434 1742 5489 quis
1763 5420 2024 5492 Augusto
2053 5421 2160 5479 im-

497 5504 777 5573 .perante,
810 5506 873 5557 ut
911 5503 1189 5574 diximus,
1223 5511 1444 5565 statuta
1491 5511 1600 5577 est,
1659 5507 1980 5580 plurimum
2028 5511 2157 5584 qui-

516 5584 649 5641 dem
693 5588 752 5643 hi
808 5596 1080 5663 sumptus
1127 5596 1281 5652 aucti
1331 5600 1489 5665 sunt,
1541 5598 1641 5653 sed
1688 5598 1769 5654 ita
1817 5602 2037 5670 tamen,
2093 5603 2159 5657 ut

2274 4633 2379 4688 pro
2408 4616 2627 4673 incerto
2654 4632 2797 4672 usus
2825 4621 2933 4684 est,
2967 4620 3034 4673 ut
3088 4621 3322 4673 centum
3353 4615 3580 4672 assium
3620 4618 3677 4671 et
3714 4618 3933 4670 sester-

2270 4705 2489 4762 tiorum
2565 4706 2950 4778 oppositione,
3021 4705 3234 4762 nimios
3286 4720 3586 4761 scenarum
3644 4707 3930 4775 sumptus

2270 4795 2609 4868 exagitaret.
2642 4795 2782 4859 Quis
2823 4810 2994 4868 porro
3023 4795 3172 4852 vitas
3212 4797 3530 4866 Cassarum,
3563 4810 3597 4850 a
3642 4792 3927 4849 Suetonio

2268 4884 2515 4956 aliisque
2544 4884 2879 4941 auctoribus
2907 4885 3175 4957 scriptas,
3197 4884 3289 4940 vel
3318 4883 3614 4942 levissime
3643 4882 3935 4956 perstrin-

2267 4974 2477 5047 gendo,
2508 4990 2626 5030 non
2677 4974 3106 5042 animadvertit,
3138 4973 3258 5031 illis
3301 4973 3683 5044 regnantibus
3725 4989 3929 5029 omnes

2269 5064 2413 5119 adeo
2462 5061 2645 5119 fuisse
2691 5068 3091 5136 sumptuosas,
3136 5067 3202 5120 ut
3252 5063 3397 5120 fides
3446 5063 3541 5121 his
3590 5062 3928 5131 historicis,

2268 5151 2503 5208 tametsi
2554 5151 2668 5209 ﬁde
2725 5153 2942 5226 dignis,
2998 5154 3091 5209 vix
3155 5153 3490 5209 habeatur?
3553 5152 3724 5210 Vides
3782 5168 3931 5209 sane

2267 5245 2485 5315 quanta
2514 5241 2795 5299 facilitate
2846 5242 3091 5299 Romani
3140 5243 3415 5315 antiquas
3447 5259 3513 5299 ac
3560 5242 3930 5299 venerandae

2268 5332 2424 5405 leges
2456 5350 2591 5390 suas
2621 5334 3055 5391 emendaverint
3102 5338 3157 5390 et
3200 5334 3646 5405 inﬁrmaverint,
3682 5333 3829 5389 dum
3861 5348 3929 5388 se

2266 5421 2659 5494 iniquissimis
2679 5424 2740 5481 in
2766 5424 3129 5481 Christianos
3152 5424 3455 5497 rescriptis
3484 5422 3671 5481 teneri
3698 5422 3925 5479 effutie-

2263 5512 2427 5569 bant.

2335 5602 2481 5659 Tum
2529 5602 2738 5661 deinde
2787 5603 3185 5662 Tertullianus
3236 5604 3448 5662 asserit
3484 5602 3757 5661 similiter
3786 5620 3933 5676 pes-

514 5674 689 5731 certis
737 5679 1094 5747 quibusdam
1142 5684 1362 5742 ﬁnibus
1412 5686 1643 5745 effrenis
1690 5686 1932 5747 luxuriae
1980 5694 2155 5749 cestus
2264 5691 2570 5749 sumdatas
2626 5691 2783 5764 leges
2837 5716 2866 5745 ‹‹
2921 5710 3051 5767 qua
3101 5692 3438 5766 patricium,
3494 5693 3651 5767 quod
3710 5674 3925 5752 decem
