4162 6368
276 370 433 432 1089

274 595 452 652 tionis
510 595 721 650 senatu
774 590 1251 647 submovebant:
1288 585 1550 661 (Tertull.
1608 586 1718 643 loc.
1774 583 1919 655 cit.).

276 684 334 739 Si
367 683 501 756 quis
532 686 729 739 autem
761 698 795 736 a
828 680 995 735 nobis
1039 678 1269 751 petierit
1296 677 1429 749 quis
1479 674 1576 732 ille
1624 676 1701 732 sit
1740 674 1922 747 patri-

279 774 428 844 cius,
460 772 599 828 huic
636 773 701 827 A.
756 768 902 826 Gelli
955 768 1146 825 verbis
1204 766 1737 839 respondebimus:
1773 786 1801 815 ‹‹
1861 764 1919 817 C.

282 862 586 920 Fabricius
620 859 920 931 Luoinius,
972 862 1027 914 et
1058 858 1121 922 Ο.
1174 856 1441 913 λΕιιιὶΙίιιε
1493 856 1680 927 Papus
1728 855 1923 909 Roma)

284 968 555 1008 censores
590 950 846 1016 fuerunt,
880 952 937 1004 et
966 948 1026 1003 P.
1078 945 1408 1003 Cornelium
1442 945 1675 1013 Rufum,
1710 942 1810 1015 qui
1834 942 1924 998 bis

286 1042 491 1097 consul
525 1043 582 1097 et
613 1039 867 1094 dictator
898 1038 1104 1104 fuerat,
1138 1040 1343 1092 senatu
1398 1036 1727 1100 moverunt,
1788 1048 1922 1087 cau-

279 1145 526 1203 samque
557 1129 656 1185 isti
688 1131 836 1183 notae
867 1126 1369 1199 subscripserunt,
1403 1122 1559 1196 quod
1600 1138 1735 1179 eum
1767 1137 1925 1177 com-

281 1219 573 1293 perissent
602 1217 831 1289 argenti
864 1215 999 1271 facti
1044 1231 1218 1270 coenae
1250 1213 1459 1285 gratia,
1494 1212 1693 1268 decem
1734 1209 1926 1282 pondo

280 1310 496 1365 habere
548 1330 576 1358 »
637 1305 802 1379 (Gell.
862 1305 965 1361 lib.
998 1320 1115 1360 xvu
1171 1306 1331 1359 Noct.
1407 1302 1514 1358 Att.
1569 1316 1695 1373 cap.
1754 1300 1808 1365 2,
1865 1315 1923 1370 p.

288 1400 472 1468 1005).
504 1396 686 1453 Audis
713 1395 969 1469 profecto
999 1393 1266 1451 eamdem
1298 1391 1379 1447 ibi
1420 1392 1491 1447 ab
1523 1388 1646 1456 illo,
1688 1393 1865 1461 atque
1898 1405 1931 1443 a

284 1486 664 1554 Tertulliano,
697 1484 918 1555 argenti
968 1499 1263 1539 summam
1297 1480 1484 1537 notari
1516 1496 1694 1551 quam
1747 1478 1930 1534 Rufus

285 1577 588 1633 habuerat.
620 1577 693 1630 At
741 1574 894 1646 quod
939 1572 1035 1629 illo
1076 1572 1221 1628 dixit
1268 1584 1435 1627 coenae
1483 1570 1689 1642 gratia,
1721 1568 1829 1623 hoc
1862 1572 1927 1621 Α.

288 1666 510 1723 Gellius
544 1683 556 1721 :
594 1686 622 1716 ‹‹
652 1664 734 1720 Ob
768 1662 1032 1729 luxuria),
1061 1661 1278 1733 inquit,
1315 1658 1698 1732 notam,quod
1731 1659 1931 1714 decem

288 1756 482 1828 pondo
530 1754 710 1809 libras
759 1751 983 1824 argenti
1037 1749 1172 1806 facti
1230 1750 1469 1806 haberet
1530 1770 1556 1796 »
1618 1747 1775 1817 (Ibid.
1828 1746 1929 1801 lib.

284 1862 409 1912 vni,
441 1860 566 1917 cap.
626 1845 679 1912 8,
712 1860 768 1916 p.
820 1842 969 1909 289).
1021 1841 1235 1896 Eadem
1267 1840 1438 1912 plano
1473 1838 1531 1893 in
1592 1837 1738 1892 Livii
1798 1836 1931 1907 Epi-

288 1942 441 1991 tome
472 1933 573 1989 lib.
606 1935 722 2001 xxv)
757 1932 1028 2009 legimus.
1064 1933 1135 1985 At
1166 1928 1389 1985 Plinius
1442 1927 1569 1999 (lib.
1622 1943 1759 1982 xvxn
1795 1928 1930 1981 Hist.

283 2032 475 2080 natur.
508 2022 713 2094 cap.6,
748 2037 803 2092 p.
837 2020 985 2088 447),
1036 2019 1303 2075 eamdem
1364 2016 1589 2089 argenti
1637 2031 1935 2071 summam

286 2114 347 2169 in
378 2109 862 2184 suppellectilem,
897 2107 1167 2165 Valerius
1199 2122 1331 2162 vero
1364 2106 1657 2161 Maximus
1697 2105 1756 2159 in
1798 2120 1938 2160 vasa

290 2206 569 2276 argentea
604 2200 969 2272 insumptam
1020 2214 1148 2253 esse
1188 2196 1537 2252 testificatur
1583 2194 1734 2264 (Val.
1788 2197 1934 2248 Max.

289 2291 393 2348 lib.
427 2308 490 2363 ιι,
513 2306 640 2362 cap.
672 2293 722 2356 6,
757 2291 784 2358 §
827 2289 901 2359 1i).
933 2288 1041 2343 Sed
1090 2286 1270 2357 hujus
1312 2285 1508 2354 verba,
1561 2300 1688 2355 quae
1720 2283 1790 2338 ad
1817 2298 1935 2337 rem

290 2386 554 2438 nostram
578 2378 900 2452 plurimum
917 2376 1159 2443 faciunt,
1177 2374 1378 2430 audire
1394 2373 1707 2429 molestum
1743 2373 1935 2427 forsan

294 2488 411 2527 non
445 2470 576 2539 erit,
609 2468 737 2523 llaec
768 2471 965 2523 autem
998 2468 1138 2521 sunt
1170 2481 1183 2520 :
1218 2486 1247 2515 ‹‹
1278 2463 1545 2520 Narravit
1577 2462 1769 2517 omnis
1800 2467 1938 2517 aetas

295 2564 351 2616 et
381 2557 653 2629 deinceps
686 2555 947 2611 narrabit
977 2554 1221 2610 Fabricii
1270 2552 1495 2609 Lucinii
1527 2568 1777 2609 censura
1805 2554 1937 2605 Cor-

296 2648 518 2706 nelium
550 2647 787 2716 Rufum,
820 2645 1052 2701 duobus
1084 2642 1491 2699 consulatibus
1542 2646 1600 2698 et
1649 2640 1941 2696 dictatura

296 2736 731 2811 speciosissime
779 2735 1069 2801 functum,
1121 2734 1274 2805 quod
1311 2733 1511 2788 decem
1562 2732 1754 2804 pondo
1803 2746 1945 2785 vasa

297 2830 573 2900 argentea
632 2826 1058 2896 comparasset,
1125 2820 1366 2894 perinde
1445 2837 1511 2876 ac
1572 2819 1728 2875 996
1789 2817 1943 2873 malo

298 2915 558 2989 exemplo
584 2914 950 2970 luxuriosum
982 2912 1041 2967 in
1074 2912 1277 2968 ordine
1327 2910 1619 2966 senatorio
1653 2912 1944 2965 retentum

299 3022 415 3062 non
468 3020 618 3061 esse.
671 3026 700 3053 »
748 3004 899 3059 Tum
949 3001 1070 3057 haec
1133 3000 1499 3057 continenter
1563 2996 1871 3070 subjunxit
1928 3013 1941 3052 :

301 3118 327 3146 ‹‹
364 3100 504 3166 ipsae
560 3091 789 3149 medius
836 3090 1012 3146 fidius
1060 3089 1206 3145 mibi
1258 3089 1462 3145 littera:
1507 3086 1704 3143 saeculi
1760 3086 1944 3141 nostri

301 3185 710 3255 obstupescere
740 3180 1033 3248 videntur,
1056 3195 1189 3237 cum
1219 3179 1289 3234 ad
1321 3181 1543 3234 tantam
1576 3175 1940 3233 severitatem

304 3273 668 3329 referendam
702 3269 1098 3326 ministerium
1148 3267 1591 3325 accommodare
1630 3268 1940 3337 coguntur,

306 3380 370 3418 ac
401 3360 584 3416 vereri
615 3376 686 3414 ne
716 3375 831 3415 non
863 3362 1075 3414 nostra:
1109 3357 1272 3413 urbis
1304 3362 1435 3412 acta
1488 3370 1949 3411 commemorare

307 3451 734 3507 existimentur.
770 3448 871 3506 Vix
901 3448 1057 3504 enim
1091 3446 1367 3503 credibile
1423 3451 1511 3502 est
1540 3445 1697 3500 idem
1752 3460 1948 3516 pome-

309 3542 461 3596 rium
494 3541 692 3596 decem
742 3537 932 3611 pondo
984 3535 1208 3608 argenti
1255 3540 1314 3591 et
1362 3534 1719 3591 invidiosum
1770 3532 1953 3588 fuisse

309 3646 572 3695 censum,
607 3632 664 3684 et
692 3627 949 3699 inopiam
980 3625 1179 3683 haberi
1210 3624 1799 3696 contemplissimam.
1837 3644 1863 3670 »

383 3737 585 3794 Nonne
614 3741 810 3791 autem
842 3733 1245 3790 Tertullianus
1278 3731 1549 3789 similiter
1580 3731 1798 3786 indicat
1827 3745 1953 3785 eam

311 3824 536 3898 argenti
570 3840 866 3881 summam
906 3840 940 3880 a
991 3822 1254 3880 Cornelio
1300 3822 1443 3878 Rufo
1496 3821 1567 3877 ad
1619 3820 1957 3876 fabricanda

313 3919 415 3971 aut
451 3915 700 3971 emenda
743 3915 1017 3984 argentea
1062 3929 1201 3968 vasa
1231 3911 1561 3983 impensam
1621 3909 1824 3979 fuisse,
1858 3908 1958 3980 qui

318 4003 599 4073 majorem
656 4005 1055 4056 Romanorum
1114 3999 1318 4054 luxum
1346 4000 1480 4071 jure
1539 3997 1744 4053 merito
1802 3996 1960 4052 hisce

317 4090 615 4161 redarguit
645 4088 1148 4160 subsequentibus
1192 4087 1385 4142 verbis
1418 4104 1431 4143 :
1466 4109 1493 4137 ‹‹
1527 4086 1705 4142 Video
1740 4085 1795 4141 in
1830 4086 1951 4141 lan-

319 4197 414 4236 ces
464 4179 559 4251 (ad
591 4178 753 4234 cibos
801 4176 1069 4233 videlicet
1116 4176 1482 4233 ccenantibus
1532 4175 1824 4247 ferendos)
1859 4192 1963 4245 pa-

320 4287 452 4326 rum
483 4272 572 4325 est
628 4267 678 4324 si
708 4269 1076 4333 senatorum,
1136 4270 1193 4322 et
1249 4282 1365 4322 non
1416 4265 1844 4335 libertinorum,
1877 4263 1963 4320 vel

320 4360 511 4417 adhuc
542 4358 722 4431 ﬂagra
751 4355 1154 4428 rumpentium
1186 4354 1520 4427 argentaria
1564 4353 1798 4409 metalla
1830 4368 1967 4424 pro-

322 4451 499 4506 ducta
556 4470 585 4498 »
644 4444 903 4519 (Tertull.
964 4444 1122 4517 Apol.
1182 4461 1310 4516 cap.
1379 4444 1434 4515 6,
1496 4460 1551 4516 p.
1609 4444 1756 4515 301).
1812 4442 1965 4497 Vitio

323 4540 522 4611 itaque
553 4534 805 4594 ethnicis
835 4536 1027 4603 vertit,
1073 4535 1225 4606 quod
1260 4538 1421 4590 tanto
1462 4533 1601 4589 luxu
1635 4532 1811 4589 soluti
1845 4532 1967 4587 fue-

1183 366 1257 425 D.
1304 363 1398 425 LE
1442 362 1766 425 NOURRY
1812 358 2460 422 OBSERVATIONES
2508 355 2767 419 ΝονιΕ.

275 506 468 579 pondo
495 502 722 576 argenti
752 500 1074 569 habuisset,
1109 514 1212 571 pro
1262 513 1474 570 magno
1513 496 1683 553 titulo
1732 494 1918 551 ambi-
1952 496 2005 561 Α

3528 365 3548 420 1
3562 360 3685 421 090

2202 492 2522 543 Verberibus
2550 503 2748 541 ciosum
2778 490 3037 555 te,ADave,
3071 490 3125 539 in
3154 492 3452 555 pls-trimam
3486 493 3677 545 dedam

2611 567 2779 617 usque
2810 552 2876 603 ad
2905 566 3092 603 necem

2603 635 2833 699 (Terent.
2866 633 3028 683 Andr.
3059 646 3097 693 r,
3128 648 3271 685 scen.
3304 647 3357 697 ιι,
3389 650 3441 685 v.
3462 636 3529 699 8,)

2103 768 2211 824 Sed
2244 768 2313 823 de
2346 782 2647 824 servorum
2680 766 2865 839 pmnis
2898 768 3088 823 fusius
3134 768 3192 825 in
3245 771 3511 842 sequenti
3560 772 3680 829 dis-

2036 858 2372 913 sertatione.
2407 858 2475 912 At
2510 856 2559 911 si
2593 860 2789 911 tantus
2822 856 3057 927 horum,
3090 857 3192 929 qui
3229 858 3320 914 vix
3352 859 3682 919 libertatem

2038 950 2401 1018 acceperant,
2435 949 2558 1001 erat
2587 944 2779 1014 luxus,
2815 945 2948 1001 hinc
2979 947 3201 1017 conjico
3249 954 3510 1020 quantus
3539 950 3680 1007 alio-

2038 1052 2169 1091 rum
2221 1034 2440 1090 fuerit?
2488 1035 2881 1098 Quamobrem
2933 1034 3159 1091 Plinius
3210 1053 3343 1093 mox
3404 1038 3619 1096 citatus
3670 1056 3683 1095 :

2039 1147 2067 1177 ‹‹
2104 1128 2350 1196 Propter
2381 1123 2637 1196 quinque
2671 1124 2884 1195 pondo,
2910 1124 3378 1197 inquit,argcnti,
3415 1132 3681 1184 notatum

2040 1230 2073 1270 a
2103 1213 2445 1269 censoribus
2478 1211 2899 1284 triumphalem
2932 1229 3129 1270 senem
3182 1214 3512 1272 fabulosum
3555 1218 3682 1288 jam

2038 1302 2324 1358 videtur»
2360 1300 2507 1356 Plin.
2559 1300 2658 1355 lib.
2708 1318 2771 1356 ιιι
2818 1300 3013 1357 Natur.
3068 1304 3200 1358 IIist.
3248 1319 3374 1377 cap.
3428 1304 3517 1373 l1,
3552 1322 3685 1379 pag.

2038 1392 2150 1462 69).
2185 1394 2307 1457 Qua
2338 1407 2473 1462 ergo
2506 1390 2731 1446 ratione
2762 1390 3010 1461 gentiles
3058 1392 3347 1462 objeclare
3395 1394 3690 1451 audebant

2042 1498 2103 1537 se
2136 1480 2373 1551 injustis
2406 1479 2466 1534 in
2513 1478 2873 1535 Christianos
2933 1479 3161 1552 legibus
3220 1481 3529 1555 adstringi,
3587 1484 3689 1555 qui

2042 1569 2411 1640 aequissimas
2444 1569 2838 1641 sumptuarias
2882 1567 3013 1625 illas
3060 1570 3219 1643 leges
3250 1569 3442 1643 palam
3476 1576 3532 1628 et
3579 1572 3689 1628 im-

2044 1675 2199 1732 pune
2230 1657 2597 1715 everterant?

2648 1788 2967 1830 ARTICULUS
3009 1790 3084 1829 ιν.

1968 1866 2013 1933 Β
2046 1883 2267 1952 Quanta
2299 1881 2523 1936 licentia
2552 1880 2802 1950 gentiles,
2833 1880 3027 1951 spretis
3057 1880 3107 1935 le
3146 1881 3288 1949 ibus,
3352 1898 3439 1940 um
3464 1883 3681 1941 theatra

2118 1955 2359 2008 orientia
2397 1952 2808 2008 destruxerant.
2854 1954 3009 2008 lanae
3065 1898 3227 2008 quztm
3261 1899 3678 2008 aediﬁcaverint.

3310 1975 3321 2003 Ι

2118 1955 2359 2010 orientia
2397 1952 2808 2023 destruxerant,
2854 1954 3009 2023 longe
3061 1952 3227 2024 ptum
3261 1952 3678 2024 aediﬁcaverint,

2118 2027 2177 2151 2η
2205 2040 2331 2153 qtuzlz
2361 2024 2591 2093 maioris
2622 2026 2911 2096 voluptatis
2956 2040 3118 2081 causa
3157 2026 3413 2097 penulati
3451 2029 3692 2099 con/lue-

2152 2114 2221 2153 an
2258 2138 2270 2151 .

2152 2114 2270 2153 am.

2117 2224 2200 2278 Ad
2235 2221 2380 2278 alias
2411 2219 2810 2278 Tertullianus
2841 2220 2997 2276 venit
3028 2219 3425 2294 leges,quibus
3459 2224 3691 2297 pudici-

2048 2311 2161 2380 tia),
2196 2327 2424 2367 morum
2458 2310 2748 2367 honestati
2776 2326 2841 2365 ac
2873 2310 3169 2366 modeslim
3193 2311 3526 2369 consultum
3564 2314 3696 2370 fue-

2048 2404 2156 2456 rat.
2191 2400 2388 2455 Palam
2418 2403 2614 2455 autem
2650 2398 2785 2454 facit
2813 2415 2910 2455 eas
2950 2398 3142 2455 adhuc
3175 2404 3335 2456 tanta
3365 2401 3597 2457 licentia
3620 2404 3691 2459 ab

2048 2489 2299 2546 ethnicis
2323 2489 3318 2561 pessumdatas,quantatemeritate
3342 2490 3698 2562 objiciebant

2050 2596 2112 2635 se
2162 2578 2292 2635 aliis
2344 2577 2513 2650 plano
2582 2577 2821 2634 nefariis
2888 2578 2947 2632 in
3014 2577 3377 2636 Christianos
3445 2582 3688 2639 sancitis
3767 2566 3775 2572 ’

2050 2668 2256 2724 teneri.
2318 2690 2345 2717 ‹‹
2396 2670 2517 2734 Quo
2562 2666 2719 2723 enim
2770 2666 3058 2735 abierunt,
3110 2667 3321 2739 inquit,
3376 2669 3532 2742 leges
3586 2671 3697 2727 illm

2052 2757 2327 2813 vitiorum
2369 2756 2814 2824 emendatrices,
2867 2773 2995 2828 quas
3044 2756 3288 2825 theatra,
3356 2760 3700 2832 stuprandis

2056 2847 2321 2903 moribus
2354 2846 2621 2916 orientia,
2656 2845 2858 2901 statim
2891 2846 3321 2903 destruebant?
3350 2868 3375 2899 ι
3429 2849 3693 2921 (Tertull.

2055 2937 2276 3007 Apolog.
2312 2952 2438 3007 cap.
2466 2935 2525 3002 6,
2560 2950 2692 3006 pag.
2744 2935 2893 3006 299).
2942 2936 3013 2989 At
3043 2940 3196 2991 certe
3228 2937 3561 2995 communis
3592 2938 3707 3010 ple-

2055 3040 2376 3095 rerumque
2406 3024 2695 3088 omnium,
2757 3024 2844 3079 uti
2894 3025 3063 3079 docet
3118 3026 3349 3080 Servius
3408 3026 3492 3098 (in
3524 3027 3625 3082 lib.
3662 3044 3702 3084 ιι

2055 3120 2249 3184 Georg.
2313 3112 2548 3183 Virgilii,
2596 3128 2648 3166 v.
2700 3112 2843 3179 381;
2899 3116 2957 3167 et
3008 3112 3066 3167 in
3130 3112 3231 3167 lib.
3284 3130 3324 3169 ιι
3372 3115 3591 3182 AEneid,
3639 3133 3698 3173 v.

2056 3202 2204 3273 737),
2235 3200 2431 3272 opinio
2466 3200 2573 3255 fuit
2630 3200 2849 3272 primos
2906 3200 3115 3256 theatri
3152 3201 3322 3257 ludos
3380 3202 3436 3259 in
3490 3205 3700 3261 Bacchi

2058 3292 2178 3348 sive
2215 3290 2395 3346 Liberi
2429 3288 2610 3361 patris
2669 3289 2946 3345 honorem
3008 3290 3311 3347 institutos
3363 3292 3562 3360 fuisse,
3597 3295 3701 3365 qui

2061 3381 2295 3452 quidem
2345 3379 2559 3433 idcirco
2621 3377 2908 3434 Liberales
2959 3376 3335 3435 vocabantur.
3407 3384 3701 3447 Quantum

2061 3473 2256 3525 autem
2289 3467 2447 3523 hisce
2480 3466 2637 3522 ludis
2665 3483 2856 3523 mores
2898 3467 3205 3523 hominum
3256 3486 3704 3543 corrumperen-

2063 3562 2180 3623 tur,
2248 3558 2397 3611 991
2466 3572 2637 3611 nemo
2695 3572 2836 3611 sane
2904 3560 3013 3624 est,
3063 3557 3164 3629 qui
3231 3574 3299 3614 ex
3363 3561 3710 3618 detestanda

2066 3663 2306 3720 prorsus
2365 3644 2600 3701 illorum
2660 3645 3029 3716 turpitudine
3081 3650 3256 3718 atque
3326 3648 3711 3721 obscenitate,

2068 3738 2137 3792 de
2170 3753 2286 3808 qua
2315 3734 2455 3791 alibi
2488 3734 2880 3790 disseruimus
2906 3735 3149 3807 (Dissert.
3187 3738 3246 3792 in
3278 3737 3525 3794 Lactant.
3580 3757 3708 3812 cap.

2070 3827 2158 3891 17,
2192 3830 2297 3881 art.
2334 3825 2384 3895 1,
2415 3832 2469 3879 et
2500 3825 2560 3880 in
2591 3824 2837 3879 Lactant.
2872 3840 2999 3896 cap.
3032 3825 3120 3895 35,
3156 3830 3263 3882 art.
3286 3828 3359 3895 1),
3396 3828 3562 3885 facile
3594 3846 3711 3885 non

2067 3915 2377 3987 intelligat.
2410 3913 2633 3985 Siquis
2666 3916 2860 3969 tamen
2908 3915 3216 3970 Auctorem
3270 3922 3537 3973 nostrum
3597 3935 3713 3974 non

2073 4007 2141 4061 de
2174 4005 2267 4060 his
2300 4007 2554 4071 tantum,
2588 4004 2686 4058 sed
2720 4002 2850 4059 aliis
2883 4002 3060 4059 etiam
3108 4003 3317 4060 theatri
3369 4004 3546 4075 ludis,
3581 4007 3717 4063 olim

2072 4094 2311 4159 eversis,
2345 4108 2677 4149 sermonem
2711 4108 2908 4148 revera
2938 4091 3143 4148 fecisse
3165 4094 3498 4161 contendat,
3532 4096 3717 4152 adsti-

2036 4188 2041 4191 ’
2074 4182 2397 4255 pulatorem
2431 4179 2632 4251 utique
2663 4178 2902 4235 habebit
2934 4178 3213 4251 Tullium,
3245 4184 3302 4237 et
3339 4197 3495 4253 eum,
3529 4200 3562 4239 a
3602 4201 3717 4257 quo

2075 4271 2311 4337 citetur,
2346 4269 2764 4340 Augustinum.
2827 4268 3016 4339 Hujus
3075 4271 3230 4324 enim
3291 4270 3543 4343 ipsamet
3601 4274 3721 4330 haec

2075 4363 2217 4416 sunt
2242 4358 2416 4414 verba
2448 4374 2461 4411 :
2499 4380 2527 4407 ‹‹
2562 4356 2830 4421 Romani,
2863 4358 3271 4430 quamvisjam
3302 4362 3721 4432 superstitione

2078 4448 2247 4505 noxia
2281 4451 2702 4520 premerentur,
2750 4450 2814 4501 ut
2864 4445 2997 4502 illos
3057 4448 3198 4505 deos
3255 4448 3515 4507 colerent
3572 4468 3722 4523 quos

2076 4537 2350 4593 videbant
2381 4535 2491 4590 sibi
2522 4534 2777 4591 voluisse
2809 4535 3072 4592 scenicas
3128 4538 3530 4610 turpitudines
3584 4558 3721 4597 con-

325 4630 443 4685 rint
474 4644 588 4683 non
621 4625 811 4683 solum
844 4629 1165 4693 senatores,
1218 4640 1417 4680 verum
1451 4626 1627 4679 etiam
1687 4620 1965 4689 libertini,
2001 4610 2046 4675 D
2079 4624 2316 4690 sect-ari,
2348 4642 2465 4680 sum
2494 4628 2689 4679 tamen
2740 4624 3047 4696 dignitatis
3092 4643 3381 4684 memores
3414 4646 3479 4684 uc
3532 4630 3725 4702 pudo.

327 4720 506 4788 ﬂagra
534 4716 725 4772 adhuc
754 4717 1115 4786 rumpentes,
1150 4714 1206 4768 id
1261 4717 1370 4780 est,
1402 4712 1501 4784 qui
1561 4729 1777 4784 paucos
1835 4714 1969 4766 ante

326 4808 449 4864 dies
481 4805 821 4863 servitutem
879 4808 1178 4859 exuerant.
1210 4802 1367 4858 Servi
1426 4802 1719 4874 siquidem
1774 4800 1970 4871 ﬂagris

328 4901 610 4967 tanquam
644 4893 925 4967 peculiari
957 4910 1157 4949 eorum
1186 4892 1474 4965 supplicio
1508 4892 1651 4947 credi
1682 4890 1969 4947 solebant.

329 4984 720 5049 Quamobrem
760 4983 831 5040 de
862 4982 1116 5039 Liburno
1165 5000 1329 5039 servo
1377 4981 1676 5039 Juvenalis
1726 4988 1845 5037 haec
1878 4997 1973 5037 ce-

332 5073 475 5130 cinit
509 5088 523 5129 :

459 5278 473 5292 .
542 5276 555 5290 .
622 5273 638 5288 .
707 5274 721 5289 .
785 5239 955 5289 Tarde
990 5239 1201 5289 venisse
1235 5240 1497 5290 Liburnus

458 5303 676 5364 Dicitur,
714 5305 765 5351 et
794 5315 977 5365 paenae
1006 5302 1163 5365 alieni
1193 5303 1429 5364 pendere
1460 5304 1632 5352 somni

456 5368 691 5432 Cogitur,
722 5364 807 5415 hic
835 5365 1029 5429 frangit
1058 5364 1279 5423 ferulas,
1309 5367 1466 5416 rubet
1494 5367 1580 5416 hic
1607 5368 1852 5429 ﬂagellis.

1018 5445 1282 5508 (Junenal.
1315 5446 1478 5497 Eatir.
1510 5461 1579 5509 vi,
1610 5462 1660 5495 v.
1694 5451 1826 5509 490.)

2081 4717 2181 4783 ris,
2211 4720 2435 4772 actores
2468 4713 2672 4769 talium
2724 4713 3053 4771 fabularum
3117 4734 3488 4790 nequaquam
3542 4720 3725 4777 bono-

2082 4810 2354 4862 raverunt
2386 4819 2545 4858 more
2575 4804 2925 4874 Graecorum,
2960 4805 3083 4873 sed,
3119 4807 3271 4861 sicut
3303 4810 3455 4880 apud
3504 4810 3729 4866 Cicero-

2082 4912 2215 4951 nem
2302 4892 2494 4965 Scipio
2580 4891 2862 4964 loquitur,
2950 4910 3084 4948 cum
3171 4900 3355 4951 artem
3443 4898 3728 4956 ludicram

2083 4998 2437 5055 scenamque
2515 4986 2699 5038 totam
2770 4983 2980 5052 probro
3048 4984 3348 5055 ducerent,
3416 5003 3602 5058 genus
3672 4988 3728 5043 iul

2083 5073 2390 5130 hominum
2436 5088 2552 5127 non
2602 5070 2774 5127 modo
2822 5070 3043 5128 honore
3101 5072 3316 5130 civium
3367 5074 3727 5146 reliquorum

2086 5180 2297 5229 carere,
2332 5162 2432 5218 sed
2464 5160 2639 5216 etiam
2672 5161 2826 5215 tribu
2862 5161 3079 5217 moveri
3111 5162 3410 5219 notatione
3464 5164 3732 5221 censoria

2084 5253 2393 5308 voluerunt
2426 5272 2453 5299 κ
2488 5250 2753 5322 (August.
2789 5249 2891 5305 lib.
2926 5268 2967 5306 ιι
2997 5250 3061 5307 de
3097 5251 3258 5307 Civil.
3290 5268 3417 5324 cap.
3469 5253 3557 5320 13,
3593 5270 3727 5325 pag.

2088 5344 2156 5397 4Ο
2186 5347 2243 5398 et
2273 5342 2479 5411 seqq).
2513 5340 2697 5403 Quam
2737 5339 2973 5409 quidem
3020 5339 3313 5396 Ciceronis
3358 5340 3731 5414 sententiam,

2089 5432 2173 5487 ita
2202 5430 2460 5497 citatam,
2492 5428 2587 5485 bis
2620 5427 2818 5483 laudat
2864 5429 3184 5500 probatque
3232 5430 3733 5502 subsequentibus

2089 5520 2281 5577 verbis
2315 5536 2327 5574 :
2364 5541 2390 5569 ‹‹
2424 5517 2707 5574 Praeclara
2741 5533 2880 5573 sane
2906 5521 2962 5573 et
2992 5517 3266 5574 laudibus
3316 5520 3596 5576 ltomanis
3627 5538 3735 5577 an-

334 5607 501 5681 Apud
561 5602 897 5663 Terentium
954 5618 1088 5661 vero
1146 5604 1346 5661 Simon
1396 5605 1577 5679 ﬂagra
1634 5610 1689 5662 et
1746 5608 1983 5665 verbera
2092 5610 2457 5666 numeranda
2486 5605 2817 5678 prudentia,
2849 5606 2950 5663 sed
2982 5605 3183 5663 vellem
3217 5608 3425 5683 seipsa
3462 5626 3735 5683 sequere-

336 5713 500 5754 servo
529 5712 635 5754 suo
666 5696 820 5754 Davo
852 5693 937 5753 sic
968 5693 1276 5754 minitatur
1307 5712 1321 5765 ;

2093 5705 2209 5769 tur,
2244 5716 2308 5757 ac
2340 5697 2689 5756 imitaretur.
2728 5715 2755 5742 »
