4162 6382
484 319 637 379 1091

1003 312 1526 377 TERTULLIANI
1570 310 1893 375 OPERUM
1935 311 2135 372 PARS
2178 313 2227 374 Ι.
2260 344 2336 354 -—
2367 311 2640 372 SERIES
2686 311 2731 386 Ι,
2778 311 3341 376 APOLOGETICA.

3728 309 3900 371 1092

556 451 663 507 Diu
693 450 891 522 itaque
938 447 1171 520 Optima;
1227 446 1383 518 leges
1413 461 1529 501 non
1585 445 1916 517 viguerunt.
1974 449 2121 501 Nam
2154 447 2205 512 Α
2237 445 2469 501 nulatos
2490 443 2695 515 jussit,
2753 458 2869 497 non
2926 444 3151 512 togatos
3208 444 3280 499 ad
3339 460 3559 501 manus
3614 442 3831 501 venire
3863 465 3898 493 ιο

484 538 886 595 Tertullianus
917 537 1179 592 ethnicos
1208 535 1291 590 ita
1339 534 1660 589 insectatus
1712 538 1801 588 est
1832 550 1846 588 :
1881 555 1910 583 «
1942 533 2121 589 Video

484 635 541 684 et
572 629 801 683 theatra
834 642 936 681 nec
967 623 1335 696 singula,nec
1367 624 1526 677 nuda
1556 643 1585 672 ››
1619 620 1887 694 (Tertull.
1920 622 2122 692 Apolo-

483 722 595 791 get.
629 717 814 787 cap.6,
840 732 893 786 p.
926 714 1049 784 301)
1085 730 1097 768 :
1132 729 1247 767 non
1281 711 1516 783 singula
1546 710 1944 782 quidem,quia
1966 710 2121 781 prio-

483 808 643 862 ribus
668 803 1080 874 eversis,longe
1102 803 1270 874 plura
1292 801 1507 872 ubique
1525 805 1811 855 terrarum
1830 804 2122 855 exstruxe-

482 892 998 956 rant.Addidit,nec
1026 890 1175 944 nuda
1200 907 1221 951 ;
1252 888 1530 961 quoniam
1554 886 1818 942 solebant
1838 886 1979 941 illuc
2004 903 2116 940 non

478 987 636 1037 veste
657 979 1081 1047 communi,sed
1101 977 1314 1049 penula
1336 976 1523 1031 induti
1542 975 1939 1030 confluere.Ne
1961 975 2119 1030 enim

478 1072 561 1125 vel
585 1071 779 1133 hieme,
814 1068 1028 1139 inquit,
1060 1067 1311 1137 voluptas
1340 1064 1624 1135 impudica
1655 1065 1916 1136 frigeret,
1948 1064 2122 1134 primi

480 1158 880 1215 Lacedaemonii
910 1156 1097 1211 odium
1125 1153 1344 1226 penulas
1386 1152 1528 1207 ludis
1557 1154 2015 1222 excogitaverant.
2052 1152 2117 1205 In

483 1247 761 1302 omnibus
792 1249 987 1299 autem
1020 1242 1464 1313 manuscriptis,
1524 1244 1579 1295 et
1608 1244 1744 1295 ante
1801 1239 2115 1310 Rigallium

480 1335 707 1391 excusis
734 1333 1173 1396 codicibus,non
1195 1329 1755 1400 odiumpenulw,sed
1774 1328 2119 1399 simpliciter

474 1424 737 1497 penulam
768 1420 1105 1493 legimus.ln
1137 1419 1403 1475 obscuris
1418 1433 1551 1473 vero
1575 1433 1639 1472 ac
1665 1417 1809 1471 forte
1829 1415 2117 1486 corruptis

478 1513 638 1569 hisce
675 1509 866 1566 verbis
923 1506 1286 1579 explicandis
1333 1522 1504 1561 suum
1554 1504 1765 1560 eruditi
1814 1504 2115 1575 ingenium

478 1619 594 1658 non
626 1615 831 1673 parum
864 1612 1002 1652 sane
1034 1598 1414 1651 exercuerunt
1450 1593 1731 1648 Heraldus
1761 1593 1916 1648 enim
1948 1597 2116 1664 putat

478 1691 551 1745 iis
601 1689 840 1744 forsitan
895 1684 1208 1755 signiﬁcari
1266 1682 1564 1755 penulam,
1615 1697 1789 1753 quam
1847 1682 2159 1737 arcendis

477 1778 690 1850 pluviis
723 1771 1289 1830 Lacedaemoniorum
1324 1770 1599 1842 belligera
1648 1787 1790 1841 gens
1821 1770 2110 1841 excogita-

477 1869 656 1931 verat,
690 1881 725 1919 a
752 1861 1031 1917 Romanis
1061 1861 1131 1914 ad
1181 1859 1350 1914 ludos
1400 1859 1718 1929 patientius
1767 1860 2115 1929 spectandos

479 1954 660 2011 fuisse
689 1950 1031 2007 adhibitam.
1077 1948 1289 2002 Verum
1339 1946 1733 2001 Tertullianus
1784 1946 1945 2002 illam
1998 1964 2113 2003 non

477 2042 650 2099 modo
681 2040 751 2095 ad
787 2054 958 2094 usum
990 2035 1324 2103 militarem,
1357 2036 1457 2090 sed
1492 2035 1560 2089 ad
1597 2034 1767 2090 ludos
1814 2036 1985 2090 etiam
2044 2035 2113 2090 ab

478 2129 687 2187 iisdem
717 2122 1166 2181 Lacedaemoniis
1191 2122 1483 2176 inventam
1516 2121 1659 2176 satis
1690 2126 1889 2193 aperte
1918 2122 2113 2177 decla-

477 2221 586 2273 rat.
620 2213 900 2286 Rigaltius
928 2227 1062 2266 vero
1093 2210 1430 2281 suspicatur
1471 2208 1639 2263 illum
1689 2210 1906 2265 ironice
1955 2210 2113 2281 loqui

476 2307 548 2361 de
579 2302 831 2376 penulis,
864 2304 1063 2370 utpote
1091 2298 1343 2353 nimium
1375 2298 1649 2369 gravibus
1668 2302 1725 2352 et
1747 2298 2110 2369 ponderosis,

475 2411 600 2465 quae
630 2390 845 2446 idcirco
875 2390 1074 2443 odium
1108 2387 1302 2459 potius
1328 2402 1503 2456 quam
1534 2386 1888 2456 voluptatem
1920 2403 2114 2442 creare

474 2484 762 2556 poterant.
796 2480 865 2531 At
891 2491 1170 2547 quorsum
1204 2473 1607 2529 Tertullianus
1638 2474 1732 2528 his
1788 2474 1978 2529 verbis
2011 2491 2113 2545 po-

474 2572 616 2638 tius,
649 2582 826 2639 quam
858 2564 988 2619 aliis
1019 2567 1075 2617 et
1104 2561 1568 2633 praecedentibus
1604 2565 1661 2617 et
1707 2562 2114 2634 subsequenti-

476 2660 609 2722 bus,
642 2655 861 2711 ironice
890 2652 1222 2722 loqueretur
1241 2650 1268 2704 ‘l

551 2746 697 2810 Quia
725 2742 906 2814 igitur
935 2739 1328 2794 Tertullianus
1358 2739 1484 2794 sine
1513 2738 1701 2794 ironia
1740 2743 1796 2795 et
1826 2741 2112 2797 afﬁrmate

476 2834 637 2906 loqui
676 2832 923 2898 videtur,
954 2827 1251 2883 existimat
1280 2827 1495 2881 idcirco
1536 2828 1835 2883 Ferrarius
1865 2845 1998 2884 eum
2029 2830 2111 2885 ibi

482 2920 758 2979 memoria
788 2919 1042 2990 lapsum,
1067 2932 1131 2971 ac
1161 2916 1427 2987 penulam
1447 2917 1753 2987 scripsisse
1782 2933 1884 2988 pro
1913 2919 2109 2974 endro-

478 3011 675 3067 midem
710 3009 851 3079 (Frr.
885 3009 1033 3077 part.
1086 3021 1125 3059 ιι
1154 3004 1217 3059 de
1246 3006 1318 3060 Re
1360 3008 1492 3058 aest.
1539 3003 1641 3059 lib.
1675 3021 1737 3071 ιι,
1793 3023 1843 3061 c.
1880 3007 1952 3077 1),
1985 3022 2111 3077 quae

479 3116 675 3155 crassa
705 3097 880 3151 etiam
928 3099 985 3149 et
1033 3093 1262 3148 hirsuta
1293 3092 1471 3148 vestis
1518 3097 1660 3161 erat,
1718 3109 1783 3148 ac
1831 3094 2110 3166 palaestrae

479 3189 599 3246 sive
627 3186 822 3259 potius
853 3188 986 3255 post
1032 3181 1383 3254 palaestram,
1416 3198 1530 3236 non
1585 3182 1783 3238 minus
1814 3200 1987 3254 quam
2020 3201 2114 3256 pe-
2144 3170 2186 3237 C

484 3277 623 3332 nula
651 3274 907 3331 utilis.ln
939 3287 1055 3326 suae
1078 3274 1273 3325 autem
1302 3270 1592 3340 opinionis
1613 3271 2116 3328 conﬁrmationem

484 3366 606 3421 hanc
637 3364 855 3436 profert
884 3357 1168 3414 Martialis
1196 3359 1457 3414 carmina
1489 3374 1503 3413 :

613 3497 762 3545 Hanc
789 3492 887 3543 tibi
922 3491 1219 3555 sequanicaa
1248 3491 1501 3555 pinguem
1531 3491 1763 3540 textricis
1793 3491 2079 3555 alumnam,

666 3558 794 3615 Qua:
827 3554 1285 3603 Lacedaemonium
1316 3553 1545 3601 barbara
1580 3567 1775 3603 nomen
1804 3554 1977 3613 habet,

605 3620 845 3673 Sordida,
875 3616 967 3664 sed
996 3616 1169 3677 gelido
1200 3628 1307 3663 non
1336 3616 1711 3676 adspernenda
1740 3617 2037 3677 Decembri,

668 3684 831 3737 Dona,
863 3678 1195 3741 peregrinam
1227 3678 1846 3741 mittimuseudromida,

614 3744 715 3794 Seu
747 3738 948 3791 lentum
980 3751 1192 3787 ceroma
1220 3739 1375 3803 teris.
1395 3738 1701 3803 tepidumve
1733 3741 1957 3803 trigona,

661 3806 779 3856 Sive
809 3803 1061 3865 harpasta
1090 3814 1253 3849 manu
1289 3800 1658 3863 pulverulenta
1687 3800 1847 3864 rapis.

1030 3879 1279 3944 (Martial.
1309 3880 1399 3929 lib.
1430 3891 1501 3940 xv,
1533 3880 1797 3943 Epigram.
1830 3884 1926 3939 i9.)

542 4019 694 4075 998
729 4021 944 4073 Verum
978 4013 1119 4069 nihil
1151 4029 1392 4085 prorsus
1426 4028 1665 4068 necesse
1720 4014 1946 4071 videtur
2005 4034 2108 4072 no-

472 4125 604 4165 men
634 4104 1036 4179 penulas,quod
1061 4106 1395 4157 constanter
1416 4100 1470 4155 in
1506 4102 1778 4159 omnibus
1810 4105 2108 4162 codicibus

470 4196 702 4267 legitur,
736 4197 968 4266 propter
1014 4192 1409 4262 conjecturam
1468 4189 1792 4248 immutari.
1850 4193 2106 4250 Dubium

468 4286 760 4342 enimvero
792 4280 1011 4336 nemini
1042 4296 1169 4335 esse
1200 4283 1409 4351 potest,
1443 4279 1584 4350 quin
1633 4281 1878 4337 Romani
1923 4300 2105 4354 penu-

464 4376 567 4432 lati
624 4372 780 4429 ludis
840 4368 1088 4442 publicis
1145 4367 1513 4423 interessent.
1573 4369 1760 4425 Tcstis
1815 4371 2104 4442 siquidem

466 4464 636 4520 nobis
666 4466 755 4518 est
783 4456 1097 4515 Suetonius
1120 4456 1361 4511 Galbam
1389 4456 1797 4528 imperatorem
1823 4460 2101 4530 jussisse,

2232 533 2549 605 (Lamprid.
2584 532 2642 587 in
2672 531 2864 603 ejusd.
2904 533 3043 595 Vita,
3078 548 3212 604 pag.
3243 533 3394 601 315.)

2303 621 2701 677 Tertullianus
2752 621 2952 691 itaque
2999 625 3295 676 Romanos
3327 623 3536 677 merito
3568 621 3892 694 coarguit;

2233 710 2448 782 quippe
2480 708 2575 781 qui
2599 714 2795 764 contra
2829 708 3137 780 antiquum
3164 725 3382 765 morem
3412 709 3627 781 penula
3649 713 3898 765 uteren-

2229 802 2347 869 tur,
2380 814 2514 854 cum
2545 797 2797 869 publicis
2828 796 2986 853 ludis
3017 803 3076 853 et
3126 798 3501 870 spectaculis,
3542 799 3886 870 praesertim

2230 886 2443 957 hieme,
2476 886 2734 941 aderant.
2764 886 2929 941 Tunc
2961 887 3141 958 enim,
3170 887 3308 958 quia
3338 886 3563 943 theatra
3591 888 3889 943 carebant

2230 975 2421 1040 tectis,
2484 974 2757 1045 penulam
2831 990 3160 1047 sumpsere,
3218 992 3291 1031 ne
3357 975 3539 1045 frigus
3602 976 3889 1047 pluviave

2230 1067 2483 1130 noceret,
2530 1079 2596 1118 ac
2649 1062 2845 1135 turpia
2892 1064 2975 1119 ibi
3026 1068 3155 1120 acta
3195 1063 3323 1120 sine
3371 1063 3489 1119 ullo
3538 1070 3891 1135 spectarent

2229 1152 2618 1207 incommodo.
2652 1156 2863 1207 Contra
2892 1153 3173 1225 pristinos
3212 1154 3411 1224 itaque
3458 1168 3650 1208 mores
3697 1155 3885 1208 volu-

2228 1240 2406 1312 ptatis
2437 1257 2614 1295 causa
2661 1245 3038 1313 sumpserant
3068 1241 3367 1313 penulam,
3417 1258 3595 1313 quam
3653 1242 3887 1297 milites

2227 1329 2299 1383 ob
2333 1329 2517 1384 solam
2551 1330 2954 1384 necessitatem
2988 1330 3331 1385 induebant.
3367 1330 3512 1385 Nam
3564 1330 3635 1385 de
3682 1329 3886 1384 milite

2227 1418 2324 1488 qui
2356 1416 2743 1473 Christianam
2773 1417 3111 1490 religionem
3140 1434 3333 1474 coram
3366 1418 3601 1473 tribuno
3632 1418 3883 1488 proﬁte-

2225 1507 2414 1571 batur,
2470 1506 2848 1575 gravissimas,
2924 1506 3118 1577 inquit
3167 1504 3591 1569 Tertullianus,
3639 1506 3885 1577 penula:

2220 1597 2408 1666 posuit
2475 1594 2749 1663 (Tertull.
2817 1595 2883 1650 de
2947 1594 3168 1660 Coron,
3231 1610 3380 1665 cap.
3454 1596 3540 1665 1).
3610 1597 3688 1649 De
3759 1593 3883 1648 hac

2224 1699 2395 1754 porro
2442 1688 2602 1737 veste
2646 1683 2863 1737 videsis
2920 1682 3226 1738 Octavium
3282 1682 3632 1747 Ferrarium,
3690 1687 3885 1753 atque

2223 1769 2563 1825 Bartholum
2598 1770 3023 1838 Bartholinum,
3053 1770 3151 1843 qui
3184 1770 3509 1842 peculiares
3541 1771 3613 1825 de
3642 1770 3746 1825 illa
3778 1771 3883 1825 dis

2222 1858 2587 1929 quisitiones,
2647 1864 2704 1914 et
2748 1858 2894 1915 alios
2949 1860 3046 1931 qui
3104 1859 3175 1914 de
3234 1874 3295 1913 re
3352 1858 3627 1915 vestiaria
3684 1858 3882 1915 libros

2224 1947 2554 2002 ediderunt.

2295 2035 2436 2098 Quis
2482 2035 2663 2107 igitur
2710 2052 2823 2090 non
2872 2036 3027 2091 videt
3094 2051 3212 2107 qua
3261 2035 3595 2091 temeritate
3648 2034 3881 2090 ethnici

2224 2122 2558 2178 clamabant
2578 2123 3473 2195 iniquissimisimperatorumin
3504 2121 3883 2179 Christianos

2222 2210 2451 2283 legibus
2483 2228 2545 2267 se
2593 2213 2664 2266 ad
2695 2228 2793 2267 eos
2834 2213 3124 2268 vexandos
3153 2211 3303 2284 cogi,
3335 2212 3433 2281 qui
3475 2216 3640 2266 tanta
3687 2212 3882 2267 auda-

2223 2301 2315 2354 cia
2361 2304 2417 2354 et
2454 2299 2805 2372 impunitate
2854 2300 2998 2356 alias
3056 2300 3451 2373 aequissimas,
3500 2300 3735 2355 theatra
3794 2302 3878 2356 ob

2222 2387 2542 2442 immanem
2611 2404 2844 2443 morum
2909 2387 3299 2460 corruptelam
3370 2388 3638 2443 funditus
3681 2388 3877 2444 everti

2222 2476 2823 2549 pracipientes,plane
2852 2477 3255 2549 despiciebant
3270 2481 3327 2532 et
3356 2476 3881 2548 aspernabantur?

2220 2564 2418 2635 Neque
2448 2564 2593 2620 alias
2625 2566 2820 2637 plures
2844 2582 3123 2637 perquam
3182 2567 3434 2637 optimas
3465 2564 3652 2637 pluris
3682 2565 3873 2620 facie-

2221 2653 2382 2720 bant,
2415 2654 2909 2724 quemadmodum
2953 2653 3349 2711 Tertullianus
3391 2654 3581 2723 docet,
3624 2657 3683 2709 et
3728 2658 3877 2725 post

2221 2740 2386 2795 illum
2417 2742 2816 2798 ostendemus.

2828 2902 3146 2943 ABTICULUS
3196 2902 3250 2942 ν.

2220 2990 2563 3064 Expenditur
2621 3008 2727 3064 qua
2784 2992 3102 3064 temeritate,
3142 2994 3351 3049 ethnici
3411 2992 3867 3049 conculcaverint

2292 3063 2444 3134 leges
2494 3062 2999 3133 quae—dignitatum
3045 3062 3104 3119 el
3156 3066 3431 3120 natalium
3476 3066 3743 3133 insignia,
3799 3081 3873 3121 ac

2294 3139 2676 3206 matronarum
2706 3144 2757 3190 et
2784 3136 3135 3191 meretricum
3180 3145 3351 3192 vestes
3391 3136 3661 3205 distingui
3698 3136 3871 3206 jube-

2297 3203 2448 3274 bant,
2492 3209 2593 3260 aut
2636 3207 2997 3277 prohibebant
3045 3222 3115 3262 ne
3160 3210 3421 3263 mulieres
3469 3203 3630 3273 auro,
3659 3203 3773 3262 nisi
3805 3209 3871 3263 in

2292 3277 2500 3332 annulo
2519 3280 2788 3348 pronubo,
2820 3288 3170 3335 ornarentur.

2293 3402 2545 3456 Gradum
2592 3402 2727 3458 inde
2769 3403 3165 3459 Tertullianus
3214 3404 3353 3459 facit
3400 3404 3469 3458 ad
3523 3402 3682 3459 aliud
3724 3418 3866 3474 pes-

2222 3491 2617 3546 sumdatarum
2651 3493 2721 3548 ab
2754 3492 3003 3549 ethnicis
3033 3493 3227 3567 legum
3250 3510 3458 3566 genus,
3489 3492 3707 3564 quibus
3736 3508 3865 3547 mo-

2222 3579 2418 3633 destia:
2450 3596 2513 3634 ac
2544 3580 2841 3636 sobrietati
2875 3582 2933 3637 in
2967 3583 3174 3656 primis
3229 3582 3543 3638 mulierum
3597 3582 3860 3653 pruden-

2221 3667 2448 3722 tissime
2479 3669 2811 3725 consultum
2842 3671 2979 3726 olim
3013 3672 3141 3727 fuit.
3175 3671 3282 3739 Qui
3314 3671 3471 3730 enim
3506 3671 3665 3742 leges
3696 3669 3861 3726 Chri-

2220 3756 2412 3811 stiano
2426 3758 2646 3812 nomini
2672 3760 2987 3828 injuriosas
3005 3766 3126 3817 tam
3147 3760 3464 3817 insolenter
3487 3758 3866 3830 obiectabant

2220 3844 2275 3899 hi
2308 3844 2435 3917 ipsi'
2452 3847 2765 3919 tranquillo
2805 3848 3050 3921 laetoque
3081 3850 3276 3905 animo
3306 3849 3683 3921 patiebantur
3711 3846 3862 3902 alias

2218 3934 2569 4001 conculcari,
2602 3958 2629 3985 «
2659 3953 2786 4008 quas
2818 3936 3160 4010 dignitatum
3186 3942 3244 3993 et
3278 3937 3659 3993 honestorum
3693 3939 3861 3990 nata-

2218 4021 2362 4077 lium
2411 4023 2665 4097 insignia
2709 4043 2820 4083 non
2872 4032 3089 4083 temere
3135 4043 3242 4083 nec
3294 4027 3537 4099 impune
3582 4024 3861 4096 usurpari

2217 4110 2490 4166 sinebant
2540 4135 2567 4162 »
2599 4114 2863 4185 (Tertull.
2908 4116 3187 4189 Apologet.
3239 4131 3367 4187 cap.
3417 4115 3472 4187 6,
3520 4130 3651 4186 pag.
3701 4113 3859 4183 300).

2216 4200 2356 4263 Quis
2385 4217 2517 4257 vero
2565 4204 2753 4259 nescit
2780 4204 2940 4260 varia
2987 4204 3169 4260 fuisse
3217 4220 3442 4276 regum,
3489 4206 3858 4268 senatorum,

2214 4287 2476 4358 equitum
2513 4295 2569 4345 et
2589 4291 2951 4363 plebeiprum
2996 4292 3301 4348 hominum
3347 4290 3625 4364 insignia,
3658 4290 3859 4344 diver-

2214 4393 2425 4449 sasque
2450 4384 2661 4445 vestes,
2694 4381 2910 4451 quibus
2940 4399 2973 4436 a
3002 4399 3065 4437 se
3113 4381 3356 4439 invicem
3407 4378 3857 4452 distingueban-

2215 4465 2355 4519 tur?
2384 4468 2557 4522 Missa
2596 4468 2887 4525 enimvero
2920 4475 2985 4525 ut
3034 4470 3287 4542 plurima
3336 4471 3487 4525 999
3542 4468 3854 4534 faciamus,

465 4560 531 4609 ut
558 4552 642 4607 illi
672 4553 729 4606 in
763 4549 1014 4620 quodam
1049 4544 1292 4600 solemni
1327 4546 1657 4615 spectaculo
1688 4564 1885 4603 manus
1923 4567 2096 4620 penu-
2128 4537 2175 4601 D
2209 4552 2328 4607 haec
2359 4554 2473 4609 alia
2522 4562 2661 4611 sunt
2689 4558 2759 4611 de
2810 4558 2926 4614 illis
2973 4537 3288 4630 ipsiusmet
3334 4558 3602 4614 Auctoris
3656 4556 3849 4611 nostri

465 4644 533 4697 lis
562 4641 901 4695 continerent
930 4634 1184 4705 (Sueten.
1219 4634 1277 4687 in
1316 4634 1411 4687 Vit.
1475 4631 1673 4704 Galbae,
1705 4636 1732 4702 §
1760 4638 1834 4707 6).
1874 4639 1933 4691 In
1964 4638 2098 4693 Dio-

464 4729 559 4785 nis
579 4744 712 4783 vero
735 4720 1259 4796 Epitomelegimus
1289 4722 1669 4777 Commodum
1690 4725 2097 4796 imperatorem

467 4816 810 4891 praecepisse
839 4816 899 4866 ut
929 4811 999 4865 ad
1034 4808 1491 4879 ultimum,quod
1526 4810 2097 4885 dedit,gladiatorum

466 4922 684 4963 manus
741 4904 1038 4958 senatores
1099 4896 1155 4951 in
1228 4895 1515 4952 theatrum
1577 4902 1879 4971 venirent,
1935 4900 1985 4956 ἔν
2042 4924 2098 4958 τε

463 4994 532 5070 τῇ
582 4990 751 5065 στολῇ
810 4991 876 5062 τῇ
928 4981 1143 5053 laniat,
1177 4982 1265 5037 καὶ
1324 4984 1374 5037 ἓν
1429 4990 1544 5048 ταῖς
1598 4986 1858 5060 μανδύαις
1911 4989 1988 5053 εἷς
2036 4993 2096 5046 τὸ

465 5084 682 5160 θέατρον
729 5077 985 5135 εἰσελθεῖν
1022 5094 1035 5132 :
1069 5076 1317 5146 Equestri
1370 5086 1511 5132 veste
1564 5081 1612 5133 et
1666 5081 1872 5151 penula
1928 5082 2097 5136 indu-

464 5184 541 5233 tos
574 5174 757 5229 venire
786 5172 847 5225 in
883 5168 1157 5223 theatrum
1194 5163 1362 5234 jussit
1391 5164 1594 5235 (Epist.
1648 5167 1812 5223 Dion.
1866 5169 1922 5224 in
1977 5170 2097 5225 Vita

466 5261 737 5320 Commod.
764 5274 893 5333 pag.
925 5255 1071 5324 295).
1106 5253 1226 5316 Quo
1258 5253 1494 5321 quidem
1530 5261 1734 5310 ornatu
1791 5274 2093 5328 nunquam

463 5359 637 5408 antea
666 5350 808 5404 illud
858 5342 1082 5415 ingredi
1141 5345 1584 5409 consueverant,
1634 5344 1747 5397 nisi
1777 5344 2096 5416 imperator

463 5458 533 5497 ex
562 5440 671 5494 hac
700 5438 819 5491 vita
870 5430 1237 5489 decessisset.
1286 5431 1355 5481 At
1406 5425 1610 5498 μανδύη
1665 5432 1960 5503 signiﬁcat
1988 5434 2093 5490 an-

462 5529 618 5599 quod
653 5524 872 5597 penula:
920 5535 1124 5590 genus.
1183 5515 1329 5570 Nam
1381 5519 1752 5588 Lampridius
1784 5521 1853 5575 de
1888 5523 2092 5579 eodem

459 5614 778 5669 Commodo
811 5629 824 5666 :
863 5635 883 5659 ι
919 5610 1133 5664 Contra
1161 5605 1667 5676 consuetudinem,
1725 5608 1939 5680 inquit,
1999 5627 2091 5683 pe.

2207 4642 2385 4696 verba
2416 4659 2428 4697 :
2454 4666 2482 4691 «
2509 4646 2648 4709 Quis
2680 4647 2919 4702 omnino
2938 4664 3141 4719 regum
3171 4647 3400 4719 insigne
3434 4644 3703 4718 potestati
3729 4660 3853 4698 sua

2208 4729 2449 4785 humero
2482 4734 2728 4802 praefert,
2763 4740 2961 4789 etnon
3016 4739 3117 4790 aut
3163 4736 3352 4808 capite
3405 4735 3695 4799 diadema,
3748 4738 3856 4788 aut

2207 4817 2267 4871 in
2292 4835 2467 4873 manu
2502 4827 2817 4892 sceptrum,
2842 4828 2941 4878 aut
2973 4823 3228 4894 aliquam
3264 4823 3508 4896 propriae
3537 4822 3716 4878 vestis
3748 4837 3857 4875 no-

2206 4911 2324 4960 tam
2349 4908 2376 4960 ‘I
2401 4910 2603 4976 (Idem,
2637 4910 2717 4964 lib
2768 4912 2889 4966 adv.
2922 4912 3150 4978 Judxos,
3183 4929 3308 4985 cap.
3344 4914 3452 4980 10).

2278 4995 2487 5052 Datum
2522 5013 2754 5070 quoque
2779 5004 2869 5055 est
2900 5018 2931 5055 a
2960 5000 3182 5056 Caesare
3232 5005 3494 5073 Augusto
3558 4999 3852 5066 edictum,

2207 5099 2321 5153 quo
2356 5085 2656 5156 prohibuit
2686 5104 2758 5143 ne
2796 5088 2974 5157 ullus,
3027 5091 3141 5145 nisi
3191 5094 3445 5159 senator,
3496 5103 3852 5160 purpuram,

2207 5187 2333 5242 quae
2380 5177 2522 5229 tunc
2584 5175 2751 5245 vulgo
2813 5179 3178 5245 sumebatur,
3231 5178 3506 5249 deinceps
3573 5178 3855 5231 indueret

2205 5260 2393 5329 (Dion,
2444 5261 2549 5319 lib.
2608 5282 2737 5319 χιιι
2797 5268 3000 5322 Hister.
3052 5268 3201 5322 Rom.
3254 5283 3384 5339 pag.
3456 5266 3604 5335 459).
3660 5268 3853 5320 Antea

2202 5365 2335 5403 vero
2378 5351 2572 5408 Julius
2618 5356 2828 5420 Caesar,
2879 5358 3024 5411 teste
3073 5357 3373 5423 Suetonio,
3422 5377 3449 5405 ‹‹
3502 5355 3848 5411 lecticarum

2203 5454 2397 5507 usum,
2429 5442 2565 5497 item
2600 5444 2989 5517 conchyliadm
3012 5446 3208 5515 vestis,
3242 5451 3299 5501 et
3355 5444 3844 5517 margaritarum,

2201 5528 2313 5583 nisi
2364 5531 2537 5587 certis
2593 5534 2860 5604 personis
2914 5539 2972 5590 et
3009 5535 3319 5590 eetatibbus
3367 5548 3585 5606 perque
3652 5538 3846 5587 certos

2201 5616 2344 5686 dies,
2376 5620 2597 5675 ademit
2626 5643 2654 5670 »
2682 5622 2944 5692 (Sueten.
2978 5623 3036 5677 in
3074 5624 3172 5681 Vit.
3207 5624 3344 5681 Julii
3374 5622 3631 5689 amaris,
3663 5622 3691 5687 §
3723 5621 3836 5692 43).
