4162 6368
259 343 415 403 1093

1178 338 1253 397 D.
1297 336 1393 397 LE
1437 335 1766 398 NOURRY
1811 332 2462 397 OBSERVATIONES
2504 336 2760 398 NOV/E.

3510 336 3670 401 1094

254 475 389 539 Qua
420 470 658 537 quidem
689 469 763 526 ab
794 467 1104 524 Eusebiani
1135 466 1405 524 Chronici
1436 469 1672 522 auctore
1701 466 1772 520 de
1822 465 1902 520 fe-
1932 466 1989 534 Α
2019 464 2191 521 unico
2224 470 2392 521 norat
2417 467 2618 539 digito,
2671 481 2845 539 quem
2896 482 3151 538 sponsus
3197 466 3663 542 oppignerasset,

254 560 435 617 minis
466 560 551 617 sic
583 558 950 630 explicantur
978 574 991 611 :
1032 576 1059 609 α
1088 556 1400 612 Prohibita
1431 555 1655 612 lecticis
1685 570 1907 625 marga-

255 650 506 722 ritisque
537 650 643 718 uti,
677 664 804 720 qua
837 663 941 702 nee
988 646 1143 701 viros
1191 661 1297 701 nec
1345 646 1558 701 liberos
1604 644 1904 712 baberent,

256 744 313 795 et
360 740 617 795 minores
665 740 862 793 essent
903 735 1076 792 annis
1120 734 1551 806 quinquaginta
1582 733 1844 805 quinque
1874 754 1903 783 »

256 828 492 899 (Euseb.
527 827 731 883 Chron.
768 825 951 895 4972).

330 918 605 990 Magnum
664 930 894 987 quoque
950 914 1103 968 inter
1159 916 1563 969 matronarum
1613 916 1669 967 et
1720 927 1907 967 mere-

258 1007 471 1062 tricum
529 1008 719 1060 vestes
773 1007 899 1058 erat
944 1002 1263 1058 discrimen
1313 1000 1579 1072 (Tertull.
1632 1001 1905 1072 Apologet.

260 1112 385 1167 cap.
418 1096 473 1159 6,
505 1110 636 1165 pag.
670 1092 814 1155 301).
848 1091 994 1146 Nam
1050 1090 1405 1157 meretrices,
1456 1089 1630 1145 sicuti
1684 1089 1907 1145 Nonius

260 1183 579 1251 annotavit,
630 1181 1016 1237 succinctiore
1045 1184 1203 1235 veste
1234 1180 1549 1235 utebantur
1575 1178 1741 1250 (Non.
1775 1194 1903 1250 cap.

262 1274 327 1329 14
357 1273 423 1327 de
450 1276 584 1329 Gen.
615 1270 871 1341 vestim.)
891 1269 1275 1332 Quamobrem
1312 1267 1717 1339 Ulpianus:«8i
1749 1268 1907 1339 quis,

260 1362 474 1433 inquit,
531 1359 790 1432 virgines
849 1357 1223 1429 appellasset,
1283 1356 1333 1411 si
1389 1360 1585 1411 tamen
1640 1357 1904 1413 ancillari

260 1454 420 1506 veste
449 1450 715 1515 vestitas,
749 1448 945 1502 minus
978 1462 1218 1517 peccare
1264 1446 1513 1512 videtur,
1562 1444 1746 1501 multo
1795 1448 1905 1502 mi-

264 1556 375 1594 nus
406 1538 454 1595 si
482 1536 813 1593 meretricia
844 1540 1003 1591 veste
1032 1534 1281 1601 femina,
1315 1551 1431 1589 non
1482 1535 1907 1591 matrumfami-

264 1628 473 1683 liarum
504 1626 724 1682 vestita
760 1624 1062 1680 fuissent»
1094 1623 1324 1697 (Digest.
1358 1623 1458 1680 lib.
1492 1640 1687 1694 xnvm,
1720 1626 1810 1681 tit.
1843 1626 1907 1681 de

263 1717 468 1785 1niur.,
501 1718 635 1785 etc.,
666 1713 779 1785 leg.
812 1714 923 1783 45).

2018 554 2281 625 pronubo
2330 556 2547 611 annulo
2600 580 2622 608 ι
2678 554 2943 625 (Tertull.
2993 555 3272 628 Apologet.
3324 573 3452 628 cap.
3498 558 3553 628 6,
3604 573 3666 630 p.

2016 643 2163 709 302.)
2178 644 2407 700 Nemini
2441 650 2635 701 autem
2670 644 3099 717 incompertum
3132 648 3219 701 est
3251 661 3471 701 morem
3504 651 3670 704 vetu-

2019 732 2348 789 stissimum
2382 734 2585 800 fuisse,
2619 738 2683 789 ut
2704 751 2958 805 sponsus
2987 732 3047 789 in
3078 734 3409 789 futurarum
3438 735 3669 806 nuptia-

2018 837 2147 876 rum
2182 823 2395 893 pignus
2424 826 2731 888 annulum,
2766 838 2939 894 quem
2973 824 3259 879 vocabant
3309 824 3667 895 pronubum,

2017 926 2245 981 sponsa
2278 929 2395 968 sua
2430 914 2704 967 mitteret.
2738 912 2797 967 Si
2830 913 2963 983 quis
3012 917 3207 967 tamen
3240 912 3402 967 illius
3455 918 3667 969 testem

2016 999 2226 1055 saltem
2256 1017 2438 1056 unum
2474 1001 2587 1055 sibi
2629 1002 2795 1056 citari
2843 1000 3000 1068 velit,
3051 1000 3102 1056 is
3160 1000 3361 1057 audiat
3413 1005 3666 1058 Juvena-

2016 1086 2130 1143 lem
2168 1106 2180 1143 :

2108 1212 2441 1276 genventum
2473 1216 2647 1261 tamen
2680 1214 2733 1276 et
2760 1215 2990 1275 pactum,
3022 1214 3073 1261 et
3101 1212 3370 1276 sponsalia
3390 1217 3573 1264 nostra

2109 1274 2445 1348 Tempestate
2469 1289 2649 1385 geras,
2677 1274 2893 1347 jamque
2923 1289 2953 1323 a
2982 1274 3197 1324 tonsore
3227 1279 3479 1348 magistro

2110 1339 2356 1385 Pectoris.
2388 1341 2442 1385 et
2507 1344 2634 1385 mito
2665 1350 2860 1385 Dignus
2889 1338 3111 1385 fortasse
3142 1339 3351 1385 dedisti.

2110 1338 2356 1396 Pectoris,
2388 1341 2442 1387 et
2469 1338 2634 1399 digito
2665 1340 2860 1401 pignus
2889 1338 3111 1386 fortasse
3142 1338 3351 1387 dedisti.

2546 1417 2807 1479 (Juvenal.
2838 1417 2995 1466 Satir.
3026 1418 3073 1477 6,
3107 1431 3155 1467 v.
3187 1420 3243 1467 25
3276 1420 3328 1467 et
3350 1420 3521 1482 seqq.)

2088 1531 2316 1587 Plinius
2344 1537 2540 1588 autem
2571 1537 2849 1589 testatum
2883 1534 3053 1589 nobis
3085 1533 3224 1589 facit
3269 1534 3425 1590 hunc
3477 1552 3664 1591 annu-

2018 1621 2139 1676 lum
2176 1638 2282 1676 suo
2309 1627 2569 1693 tempore
2600 1622 2851 1677 ferreum
2884 1622 3067 1679 fuisse
3096 1638 3162 1678 ac
3210 1623 3337 1678 sine
3383 1639 3617 1695 gemma
3652 1640 3667 1681 :

2019 1730 2047 1758 ‹‹
2082 1710 2267 1765 Etiam
2300 1727 2478 1774 nunc,
2514 1709 2615 1781 ait,
2641 1727 2868 1782 sponsa
2900 1710 3127 1767 muneri
3159 1712 3379 1767 ferreus
3410 1711 3669 1768 annulus

337 1822 633 1886 Quantum
667 1824 862 1877 autem
898 1818 1195 1890 mulieres,
1226 1822 1425 1876 contra
1478 1821 1768 1891 majorum
1819 1820 1907 1877 in-
1938 1836 1988 1901 Β
2019 1798 2271 1901 mittil?“
2297 1798 2621 1901 isquef’ine
2647 1815 2882 1901 gemma
2917 1822 2945 1849 ”
2977 1798 3147 1871 (Plin-
3180 1798 3280 1857 Ῑίδο
3328 1814 3508 1856 xm"
3554 1800 3671 1857 Να-

268 1910 495 1977 stituta,
527 1909 621 1965 his
650 1909 911 1965 vestibus
942 1908 1343 1975 abuterentur,
1383 1909 1543 1964 disce
1572 1890 1659 1965 fex
1711 1915 1910 1965 nostro

2046 1905 2131 1943 ur.
2161 1890 2359 1943 Hister.
2392 1905 2441 1944 c.
2476 1890 2527 1955 1,
2558 1905 2615 1960 p.
2647 1890 2723 1958 7).

266 1998 626 2058 Tertulliano
660 2016 673 2054 :
708 2020 736 2048 «
785 1997 987 2065 Video,
1038 1996 1250 2068 inquit,
1301 2001 1357 2053 et
1405 1997 1559 2053 inter
1615 2002 1914 2055 matronas

269 2092 445 2160 atque
474 2085 831 2159 prostibulas
862 2085 1090 2142 nullum
1123 2086 1192 2141 de
1223 2084 1426 2140 habitu
1459 2086 1773 2143 discrimen
1823 2104 1914 2143 re-

267 2178 474 2233 lictum
522 2197 549 2224 »
598 2174 867 2247 (Tertull.
920 2175 1019 2230 loc.
1065 2176 1205 2244 cit.).
1239 2174 1437 2246 Neque
1466 2174 1547 2230 ibi
1579 2174 1676 2230 ille
1708 2176 1910 2247 plura;

270 2266 371 2323 sed
404 2282 527 2336 qua
559 2263 673 2319 alio
706 2264 767 2318 in
800 2262 947 2318 libro
976 2262 1236 2329 uberius,
1288 2262 1563 2336 huncque
1608 2266 1912 2336 prosequi-

266 2358 365 2411 tur
393 2353 453 2409 in
486 2353 727 2409 modum
762 2369 774 2407 :
809 2374 838 2403 «
870 2355 1146 2407 Converte
1173 2356 1230 2407 te
1260 2352 1331 2407 ad
1377 2354 1645 2423 feminas,
1696 2354 1914 2426 inquit,

267 2443 450 2499 habes
508 2445 772 2514 spectare
837 2441 989 2512 quod
1059 2440 1284 2496 Cacina
1349 2441 1590 2497 Severus
1662 2442 1917 2514 graviter

267 2531 498 2589 senatui
530 2530 834 2603 impressit
864 2533 1164 2586 matronas
1196 2530 1322 2586 sine
1354 2530 1503 2586 stola
1550 2532 1606 2584 in
1655 2532 1909 2603 publico.

263 2621 526 2693 Denique
560 2619 784 2675 Lentuli
834 2620 1076 2692 auguris
1124 2618 1432 2687 consultis,
1480 2636 1606 2691 qua
1654 2620 1736 2675 ita
1787 2638 1915 2678 sese

264 2713 726 2778 exauctorasset,
784 2725 886 2781 pro
944 2712 1149 2780 stupro
1208 2711 1334 2765 erat
1378 2725 1583 2781 pana;
1632 2710 1912 2781 quoniam

264 2800 504 2873 quidem
536 2798 759 2854 indices
792 2798 1183 2869 custodesque
1217 2798 1522 2871 dignitatis
1552 2798 1814 2867 habitus,
1848 2805 1915 2856 ut

264 2887 539 2945 lenocinii
571 2887 873 2943 factitandi
904 2887 1346 2958 impedimenta,
1394 2886 1599 2943 sedulo
1648 2889 1913 2959 quadam

269 2977 727 3034 desuefecerant.
755 2978 826 3031 At
856 2991 1012 3031 nunc
1042 2976 1099 3030 in
1133 2975 1477 3048 semetipsas
1506 2976 1914 3047 lenocinando,

271 3082 387 3138 quo
414 3064 645 3137 planius
676 3064 979 3131 adeantur,
1012 3066 1070 3118 et
1100 3062 1313 3118 stolam
1364 3066 1421 3118 et
1465 3079 1811 3135 supparum,
1861 3068 1918 3120 et

272 3152 656 3227 cropidulam,
710 3151 1097 3221 caliendrum,
1142 3151 1304 3223 ipsas
1345 3168 1576 3225 quoque
1598 3154 1723 3224 jam
1750 3153 1916 3209 lecti-

2094 1976 2438 2033 Tertulliani
2468 1978 2667 2049 itaque
2698 1977 2883 2034 nostri
2936 1982 3125 2048 atate,
3180 1995 3307 2035 mos
3354 1978 3452 2036 ille
3500 1980 3674 2052 plane

2025 2067 2327 2122 modestus
2347 2068 2841 2138 jamiimmutatus
2871 2072 3084 2136 erat,et
3114 2085 3218 2139 pro
3241 2070 3426 2125 ferreo
3456 2069 3674 2125 annulo

2025 2171 2240 2211 aureus
2270 2156 2543 2212 dabatur.
2576 2158 2785 2211 Postea
2822 2172 2954 2211 vero
3004 2156 3267 2213 Isidorus
3315 2158 3387 2213 de
3437 2158 3675 2215 annulis

2023 2243 2354 2316 iisdemque
2401 2246 2687 2316 pronubis
2736 2242 2945 2314 plurali
2996 2262 3241 2301 numero
3273 2245 3670 2317 loquebatur:

2026 2356 2054 2383 ‹‹
2090 2333 2339 2388 Femina
2372 2351 2488 2388 non
2522 2350 2639 2388 usa
2669 2338 2810 2388 sunt
2839 2332 3095 2401 annulis,
3125 2334 3236 2389 nisi
3271 2352 3418 2406 quos
3463 2334 3675 2407 virgini

2023 2438 2279 2492 sponsus
2311 2422 2768 2493 miserat,neque
2798 2421 3053 2493 amplius
3082 2439 3259 2493 quam
3292 2423 3460 2480 binos
3493 2441 3680 2479 annu-

2025 2510 2112 2566 los
2142 2526 2351 2566 aureos
2383 2511 2443 2565 in
2473 2510 2675 2582 digitis
2706 2509 2919 2566 habere
2951 2511 3238 2568 solebant.
3270 2514 3342 2568 Al.
3372 2530 3527 2569 nunc
3558 2530 3675 2586 pra

2025 2616 2167 2657 auro
2200 2599 2424 2655 nullum
2455 2600 2691 2656 feminis
2722 2598 2843 2656 leve
2873 2604 2964 2656 est
2992 2606 3167 2672 atque
3200 2602 3465 2659 immune
3498 2620 3678 2659 mem-

2025 2692 2197 2747 brum
2228 2711 2256 2741 »
2291 2691 2523 2763 (Isidor.
2556 2688 2659 2745 lib.
2712 2707 2808 2744 xix
2851 2690 3073 2759 Origin.
3126 2708 3252 2763 cap.
3304 2692 3417 2763 22).
3469 2692 3676 2749 Nonne

2025 2786 2221 2837 autem
2256 2781 2347 2836 his
2376 2780 2803 2851 posterioribus
2833 2781 3023 2838 verbis
3053 2783 3124 2837 ad
3158 2783 3278 2838 hac
3327 2784 3676 2841 Tertulliani

2027 2871 2304 2941 respexit,
2355 2870 2573 2941 quibus
2619 2869 2934 2925 mulierum
2984 2871 3189 2926 luxum
3241 2873 3389 2944 ipso,
3442 2874 3513 2929 de
3561 2889 3677 2945 quo

2026 2960 2279 3032 agimus,
2339 2958 2465 3014 loco
2519 2958 2602 3014 sic
2649 2960 2903 3027 exagitat
2949 2976 2963 3014 :
3016 2983 3043 3009 «
3087 2960 3254 3017 Nunc
3313 2962 3371 3015 in
3432 2962 3669 3019 feminis

2026 3066 2141 3121 pra
2173 3066 2313 3103 auro
2345 3048 2574 3103 nullum
2604 3047 2727 3102 leve
2761 3050 3094 3103 membrum
3146 3072 3166 3098 ι
3219 3050 3481 3119 (Tertull.
3531 3052 3677 3122 Apo-

2026 3138 2188 3206 loget.
2240 3153 2366 3209 cap.
2414 3138 2470 3206 6,
2520 3153 2577 3208 p.
2627 3137 2775 3207 304).
2810 3137 3202 3202 Quamobrem
3229 3138 3471 3195 Ovidius
3503 3145 3676 3197 antea

273 3199 656 3227 ν.ν,...........-,
711 3199 1097 3221 -..-.-...-----,
1146 3199 1303 3223 πη..-
1347 3199 1574 3225 γννν
1598 3199 1723 3224 μ.-.
1754 3199 1881 3209 ην-.
2079 3199 2100 3206 -
2311 3199 2329 3209 -

272 3262 390 3312 cas,
424 3248 480 3299 et
508 3242 706 3306 sellas,
732 3242 945 3315 quibus
977 3242 1037 3296 in
1069 3241 1305 3314 publico
1333 3256 1564 3314 quoque
1595 3242 1915 3299 domestice
1944 3199 1988 3268 Ο
2027 3225 2315 3282 cecinerat
2348 3242 2363 3281 ³

272 3350 337 3389 ac
387 3335 607 3389 secrete
654 3331 1047 3399 habebantur,
1095 3331 1383 3402 ejeravere
1413 3352 1442 3382 »
1476 3331 1679 3403 (Idem,
1712 3331 1810 3387 lib.
1850 3333 1920 3389 de

269 3420 478 3493 Pallio,
511 3437 639 3494 cap.
674 3422 746 3492 4).
781 3420 906 3476 Alio
939 3420 1131 3475 adhuc
1161 3419 1221 3475 in
1250 3418 1397 3476 libro
1448 3422 1716 3477 eumdem
1768 3422 1912 3477 abu-

270 3527 403 3566 sum
456 3527 523 3566 ac
571 3510 844 3581 rejectam
896 3509 1061 3566 illam
1101 3509 1482 3565 honestarum
1516 3514 1917 3567 matronarum

268 3607 323 3655 et
356 3600 818 3655 meretricisrum
850 3599 1102 3654 vestium
1146 3598 1530 3655 differentiam
1582 3600 1776 3656 acrius
1823 3600 1917 3656 in-

271 3692 549 3745 sectatur.
583 3689 751 3753 Audi,
786 3705 1003 3760 quaso,
1038 3704 1171 3745 eum
1204 3687 1541 3760 loquentem
1572 3705 1585 3743 :
1624 3710 1652 3739 «
1691 3692 1917 3755 Quanto

272 3777 460 3849 magis
492 3776 953 3847 blasphemabile
982 3781 1092 3842 est,
1121 3776 1168 3832 si
1216 3777 1315 3848 qui
1366 3778 1697 3832 sacerdotes
1746 3778 1915 3849 pudi—

272 3866 418 3921 citia
450 3866 711 3921 dicimini
746 3866 1180 3936 impudicarum
1215 3866 1328 3920 ritu
1376 3867 1703 3937 procedatis
1750 3866 1918 3922 culta

271 3959 327 4009 et
372 3954 609 4025 expiata
636 3959 658 4009 Ρ
687 3957 801 4009 Aut
830 3955 969 4025 quid
1001 3954 1197 4009 minus
1240 3954 1454 4009 habent
1502 3953 1918 4011 infelicissima

273 4043 383 4098 illa
434 4043 802 4115 publicarum
851 4042 1162 4098 libidinum
1213 4042 1480 4108 victima,
1533 4059 1680 4115 quas
1709 4044 1760 4099 si
1793 4062 1918 4116 qua

275 4131 431 4203 leges
462 4148 496 4186 a
528 4130 900 4186 maritalibus
930 4136 986 4186 et
1028 4130 1458 4188 matronalibus
1497 4132 1919 4190 decoramentis

271 4220 635 4287 coercebant,
661 4222 785 4289 jam
823 4223 977 4275 certe
1025 4218 1218 4276 saculi
1272 4220 1618 4291 improbitas
1658 4222 1919 4292 quotidie

271 4309 582 4380 insurgens
612 4308 1047 4364 honestissimis
1079 4308 1413 4379 quibusque
1448 4308 1683 4363 feminis
1733 4324 1918 4380 usque

270 4399 340 4453 ad
374 4414 629 4453 errorem
663 4397 1041 4469 dignoscendi
1077 4398 1398 4469 coaquavit
1430 4420 1457 4447 »
1490 4399 1692 4469 (Idem,
1724 4398 1824 4453 lib.
1878 4414 1917 4453 ιι

265 4487 331 4541 de
357 4487 515 4542 Cultu
543 4487 733 4558 femin.
769 4503 818 4541 ο.
847 4487 966 4558 12)?
994 4487 1143 4541 Tum
1176 4486 1350 4558 paulo
1384 4492 1515 4559 post
1547 4502 1561 4543 :
1595 4509 1624 4538 ‹‹
1660 4487 1919 4542 Thamar

2152 3333 2257 3381 Nec
2284 3331 2493 3393 prodite
2529 3344 2735 3394 graves,
2768 3332 2947 3381 insuto
2976 3333 3219 3381 vestibus
3248 3346 3399 3394 auro,

2213 3395 2311 3443 Per
2334 3408 2469 3458 quas
2498 3408 2604 3443 non
2638 3394 2837 3457 petitis,
2869 3408 3010 3457 sape
3038 3394 3234 3458 fugatis
3262 3410 3411 3458 opes.

2371 3474 2539 3535 (Ovid.
2572 3474 2662 3523 lib.
2694 3487 2752 3523 ιιι
2785 3473 2847 3523 de
2879 3475 3000 3523 Arte
3030 3474 3263 3537 amandi,
3301 3490 3349 3524 v.
3383 3475 3513 3539 1'72.)

2101 3581 2293 3637 Testis
2325 3581 2518 3636 adhuc
2550 3580 2717 3637 nobis
2748 3591 2837 3637 est
2870 3580 3096 3636 Plinius
3125 3581 3310 3638 visam
3344 3599 3377 3639 a
3398 3599 3458 3639 se
3481 3584 3685 3657 Agrip-

2029 3671 2249 3742 pinam,
2278 3669 2506 3725 Claudii
2541 3670 2844 3741 principis,
2878 3670 2936 3725 id
2985 3675 3075 3726 est
3118 3671 3386 3740 Neronis,
3418 3690 3683 3743 uxorem,

2032 3781 2058 3808 κ
2094 3760 2304 3814 edente
2334 3776 2400 3813 eo
2433 3758 2656 3813 navalis
2688 3758 2869 3830 praelii
2902 3759 3686 3829 spectaculum,assidentem

2030 3848 2081 3903 ei
2140 3847 2408 3902 indutam
2467 3846 2885 3919 paludamento
2945 3864 3087 3903 auro
3146 3848 3327 3903 textili
3390 3850 3518 3904 sine
3564 3850 3682 3905 alia

2031 3935 2272 3991 materie
2304 3958 2331 3985 ››
2367 3934 2536 4006 (Plin.
2572 3935 2707 3990 ibid.
2742 3952 2871 4007 cap.
2904 3936 2957 4006 3,
2987 3954 3042 4006 p.
3075 3937 3182 4008 39).
3233 3937 3396 4000 Quod
3446 3937 3683 4009 quidem

2029 4030 2087 4080 et
2116 4024 2263 4080 Dion
2295 4025 2417 4094 (lib.
2448 4042 2484 4079 x
2518 4026 2664 4080 Rom.
2720 4026 2946 4095 Histor.)
2993 4030 3049 4079 et
3075 4025 3401 4094 ,Cornelius
3445 4026 3683 4083 Tacitus

2028 4113 2112 4184 (C.
2165 4113 2349 4168 Tacit.
2402 4112 2505 4168 lib.
2557 4130 2638 4167 χιι
2698 4113 2907 4170 Annal.
2966 4118 3086 4167 ant.
3138 4113 3266 4184 fin.)
3314 4114 3685 4173 confirmant.

2030 4203 2137 4267 Qui
2197 4201 2368 4273 plura
2425 4203 2495 4256 de
2551 4201 2663 4256 hoc
2721 4202 3122 4256 Romanarum
3180 4203 3494 4259 mulierum
3543 4204 3685 4261 luxu

2030 4290 2177 4347 scire
2207 4289 2477 4360 voluerit,
2509 4290 2561 4344 is
2588 4290 2757 4344 adeat
2799 4289 3119 4344 Meursium
3176 4290 3415 4360 (Meurs.
3467 4292 3571 4350 lib.
3621 4295 3688 4351 de

2030 4382 2187 4434 Luxu
2222 4381 2449 4434 Roman.
2483 4395 2613 4449 cap.
2645 4378 2676 4431 4
2707 4384 2762 4432 et
2809 4378 3022 4449 seqq.),
3074 4379 3498 4452 Kobierzykum
3548 4388 3683 4451 (Ko-

2030 4469 2205 4523 bierz.
2257 4467 2358 4521 lib.
2416 4468 2523 4522 ide
2552 4468 2713 4521 Luxu
2742 4468 2899 4521 Rom.
2935 4483 3064 4539 cap.
3096 4468 3150 4534 8,
3185 4474 3242 4523 et
3269 4473 3478 4540 seqq.),
3511 4488 3597 4539 ac,
3632 4471 3681 4527 si

270 4576 391 4643 illa,
425 4593 555 4647 quae
583 4591 645 4632 se
672 4575 1009 4646 expinxerat
1041 4580 1098 4630 et
1126 4581 1453 4641 ornaverat,
1491 4576 1706 4631 idcirco
1750 4577 1915 4631 Juda

2042 4562 2213 4623 racat,
2247 4572 2315 4610 ea
2346 4572 2472 4625 qua
2503 4572 2611 4610 nos
2655 4553 2794 4609 alibi
2826 4555 3239 4611 adnotavimus
3270 4558 3456 4628 (Tom.
3507 4559 3528 4614 Ι
3574 4560 3681 4631 Αρ-

271 4665 606 4737 suspicione
634 4666 759 4719 visa
788 4668 878 4719 est
926 4665 1176 4736 quastui
1226 4665 1449 4731 sedere,
1493 4666 1756 4736 adeoque
1805 4666 1915 4719 sub

266 4754 590 4810 velamento
622 4753 857 4821 latebat,
900 4753 1138 4809 habitus
1170 4753 1451 4824 qualitate
1498 4754 1915 4825 quastuariam

274 4843 628 4909 mentiente;
662 4847 728 4898 ut
756 4843 1173 4915 quastuariam
1205 4848 1263 4898 et
1291 4842 1539 4899 voluerit
1569 4848 1626 4898 et
1662 4844 1916 4913 compel-

274 4930 502 4997 laverit,
535 4935 591 4985 et
620 4936 827 5002 pactus
878 4933 958 4987 sit
1009 4954 1036 4982 »
1090 4932 1206 5003 (ib).
1259 4931 1517 4986 absimili
1569 4932 1741 4986 modo
1788 4931 1917 4985 Hie-

274 5035 556 5092 ronymus
588 5039 601 5077 :
636 5043 664 5072 ‹‹
695 5022 975 5091 Thamar,
998 5020 1213 5093 inquit,
1237 5021 1347 5076 sub
1370 5020 1562 5093 specie
1592 5020 1919 5075 meretricis

274 5109 424 5165 fallit
469 5111 685 5167 Judam
735 5133 764 5163 »
814 5112 1170 5185 (Hieronym.
1223 5112 1323 5167 lib.
1359 5129 1377 5167 ι
1407 5110 1531 5167 adv.
1579 5112 1913 5182 Pelagium).

269 5200 478 5256 ‘l000
507 5200 765 5256 Audisne
797 5217 969 5273 quam
1021 5202 1274 5272 antiquae
1322 5202 1539 5256 fuerint
1585 5202 1656 5255 de
1704 5200 1917 5256 distin-

265 5288 515 5359 guendis
547 5288 945 5343 matrodarum
975 5296 1417 5361 scortorumque
1449 5288 1706 5343 vestibus
1736 5286 1915 5359 leges,

264 5382 322 5433 et
354 5394 534 5450 quam
568 5377 811 5450 impune
842 5394 941 5434 eas
972 5380 1191 5433 ethnici
1224 5378 1607 5434 violaverint?

330 5485 530 5559 Neque
560 5484 705 5542 alias
737 5488 925 5560 magis
958 5486 1261 5553 curabant,
1296 5485 1510 5557 quibus
1563 5485 1915 5541 feminarum

264 5573 560 5631 modestia
592 5578 648 5630 et
687 5574 986 5632 sobrietati
1039 5578 1279 5630 cantum
1332 5577 1475 5628 erat.
1528 5572 1703 5627 Nulla
1758 5573 1911 5627 enim

269 5662 594 5734 antiquitus
627 5665 841 5722 femina
871 5687 899 5715 «
934 5664 1257 5731 aurum,ait
1286 5662 1917 5734 Tertullianus,prater

2021 4654 2208 4717 parat.
2242 4661 2298 4715 p.
2330 4644 2483 4715 792.)

2629 4790 2945 4831 ARTICULUS
2994 4794 3069 4832 v1.

2027 4867 2374 4934 Expendilur
2412 4874 2622 4935 quanta
2670 4865 2956 4919 severitate
3005 4882 3133 4920 usus
3180 4869 3297 4923 vim
3345 4872 3677 4927 mulieribus

2099 4939 2232 5027 olim
2260 4939 2587 5027 interdictas
2616 4938 2807 5006 fuerit.
2840 4950 2905 4990 ac
2927 4942 3407 5027 _quam.impune,
3453 4950 3676 5027 propter

2098 5010 2252 5064 illius
2298 5011 2547 5075 abusum,
2600 5024 2793 5063 uxores
2821 5024 2853 5062 α
2882 5009 3020 5063 viris
3049 5012 3171 5065 suis
3201 5009 3483 5069 trucidata
3510 5009 3623 5070 sint
3654 5034 3674 5070 :

2096 5097 2261 5157 quam
2292 5082 2649 5157 immoderate
2676 5090 2857 5157 postea
2888 5096 2927 5135 α
2956 5082 3181 5157 feminis
3211 5091 3507 5156 sumptum,
3548 5102 3675 5157 qua

2098 5150 2297 5226 idcirco
2327 5151 2551 5207 solitum
2598 5150 2849 5226 osculum
2877 5154 3199 5225 propinquis
3242 5150 3522 5226 porrigere
3555 5150 3672 5212 'non

2097 5224 2370 5279 audebant
2404 5241 2415 5278 ε
2451 5242 2614 5295 quam
2643 5223 2900 5295 frequens
2926 5223 3098 5294 fuerit
3127 5223 3366 5282 uxorum
3398 5223 3673 5297 repudia-

2100 5300 2199 5361 tio,
2235 5299 2428 5361 prisci:
2458 5297 2791 5365 temporibus
2822 5296 3142 5364 incognita;
3194 5314 3258 5353 ac
3305 5314 3414 5368 qua
3460 5301 3674 5355 ratione

2096 5369 2315 5424 ethnici
2355 5372 2580 5438 proavis
2628 5370 2740 5422 suis
2772 5369 3030 5421 nuntium
3056 5384 3307 5425 sermone
3337 5375 3389 5426 et
3420 5371 3674 5441 loquendi

2096 5441 2251 5495 modo
2279 5441 2616 5495 remiserint.

2094 5572 2248 5627 Nihil
2280 5588 2422 5629 sane
2452 5573 2694 5643 antiqua
2725 5570 3120 5625 Romanorum
3153 5573 3437 5643 probitate
3486 5576 3675 5649 magis

2024 5661 2268 5735 dignum
2301 5664 2498 5719 1001
2539 5675 2716 5732 quam
2753 5657 3011 5715 salubris
3059 5660 3161 5717 illa
3208 5664 3514 5732 severitas,
3562 5683 3676 5738 qua
