4162 6408
568 305 723 365 1095

568 436 687 493 vini
721 451 864 492 usus
896 432 1126 490 feminis
1157 433 1240 488 ita
1267 431 1612 488 interdictus
1642 432 1847 500 fuerat,
1880 455 1909 483 «
1958 436 2025 489 ut
2073 447 2197 489 ma-
2226 434 2282 501 Α

564 531 820 596 tronam,
878 524 1048 579 sicuti
1093 520 1487 577 Tertullianus
1536 525 1732 577 noster
1775 527 2079 587 memorat,
2129 521 2200 576 ob

568 616 893 686 resignatos
924 612 1081 668 cellae
1111 611 1347 666 vinariis
1386 609 1609 665 loculos
1656 610 1748 666 sui
1798 610 1991 666 inedia
2039 625 2204 665 neca-

565 705 701 759 rint.
736 704 854 759 Sub
885 699 1132 757 Itomulo
1162 716 1294 755 vero
1335 715 1461 771 qum
1492 698 1694 755 vinum
1747 698 2034 770 attigerat,
2088 698 2203 752 im-

564 809 718 865 pune
748 809 781 846 a
826 789 1080 845 Meeenio
1130 789 1339 843 marito
1390 787 1677 842 trucidata
1722 792 1829 843 est.
1882 787 2097 843 Idcirco
2145 790 2203 842 et

563 880 763 937 oscula
793 876 1141 951 propinquis
1170 876 1341 932 oll‘ere
1373 876 1691 932 necessitas
1720 880 1862 947 erat,
1898 880 1961 931 ut
1990 875 2200 946 spiritu

553 970 969 1041 judicarentur
1022 989 1049 1016 »
1100 964 1367 1037 (Tertull.
1405 965 1688 1036 (Apologel.
1718 981 1842 1037 cap.
1874 966 1929 1030 0,
1963 982 2021 1036 p.
2052 964 2197 1034 803).

560 1058 773 1113 Eodem
791 1056 983 1128 plane,
1003 1055 1111 1110 etsi
1128 1070 1238 1109 non
1264 1053 1463 1109 eodem
1484 1053 1705 1120 ordine,
1724 1052 1938 1108 clarius
1955 1051 2203 1124 explicat

559 1146 783 1203 Plinius
821 1162 832 1201 :
868 1168 895 1195 «
928 1144 1051 1200 Non
1084 1142 1315 1211 licebat,
1348 1142 1558 1213 inquit,
1591 1142 1648 1196 id
1681 1142 1933 1212 (vinum)
1969 1139 2201 1195 feminis

558 1236 751 1290 Roma:
783 1234 998 1290 bibere.
1034 1253 1061 1282 »
1092 1230 1427 1286 Invenimus
1458 1228 1608 1284 inter
1641 1228 1923 1299 exempla.
1974 1227 2200 1299 Egnatii

558 1323 799 1380 Mecenii
834 1336 1096 1388 uxorem,
1130 1319 1282 1391 quod
1312 1318 1509 1373 vinum
1542 1316 1790 1372 bibisset
1819 1332 1849 1371 e
1891 1315 2065 1382 dolio,
2111 1315 2199 1369 in-

556 1412 857 1468 terfectam
888 1408 1070 1466 fuisse
1101 1424 1132 1463 a
1164 1406 1394 1476 marito,
1418 1421 1666 1476 eumque
1691 1405 1864 1460 caedis
1894 1422 1927 1459 a
1957 1402 2198 1459 Romulo

560 1500 915 1556 absolutum.
948 1497 1157 1552 Fabius
1192 1496 1383 1550 Pictor
1410 1494 1467 1548 in
1502 1492 1822 1548 Annalibus
1875 1492 2001 1547 suis
2051 1490 2197 1547 scri-

556 1589 675 1662 psit
706 1593 1055 1653 matronam,
1089 1585 1239 1656 quod
1277 1581 1524 1649 loculos,
1548 1581 1607 1637 in
1636 1582 1849 1653 quibus
1882 1584 2047 1636 erant
2089 1578 2198 1635 cla-

557 1694 655 1733 ves
686 1676 921 1732 vinariis
954 1673 1131 1741 cellae,
1157 1671 1589 1742 resignavisset,
1621 1688 1653 1727 a
1682 1670 1805 1726 suis
1826 1669 2022 1725 inedia
2050 1667 2195 1724 mori

558 1770 854 1833 coactam;
888 1764 1047 1831 Cato,
1078 1762 1208 1817 ideo
1248 1759 1608 1833 propinquos
1649 1758 1881 1814 feminis
1929 1756 2195 1813 osculum

558 1855 717 1923 dare,
751 1856 817 1908 ut
847 1852 1059 1907 scirent
1094 1866 1163 1905 an
1196 1853 1474 1905 temetum
1508 1847 1745 1903 olerent.
1773 1846 1890 1902 Hoc
1922 1850 2045 1901 tum
2088 1862 2193 1901 no-

562 1958 696 1998 men
743 1941 876 1996 vino
930 1943 1073 2006 erat,
1125 1938 1278 1993 unde
1327 1941 1382 1992 et
1428 1935 1770 1992 temulentis
1825 1934 2115 2006 appellata
2163 1954 2192 1983 »

562 2030 757 2101 (Plin.,
806 2028 907 2084 lib.
959 2044 1053 2083 xxv
1107 2031 1303 2084 Natur.
1354 2027 1489 2081 Hist.
1541 2040 1667 2095 cap.
1719 2024 1804 2091 13,
1854 2038 1986 2095 pag.
2044 2022 2190 2094 142).

558 2120 698 2187 Quis
728 2124 919 2174 autem
951 2116 1113 2172 facile
1142 2114 1251 2170 sibi
1287 2130 1399 2170 non
1433 2113 1805 2185 persuadebit
1834 2112 1954 2167 haec
1997 2111 2194 2167 omnia

555 2226 588 2264 a
632 2205 994 2263 Tertulliano
1044 2221 1157 2259 non
1210 2204 1291 2259 ita
1346 2200 1523 2258 simul
1575 2200 1849 2273 conjungi
1908 2200 2191 2272 potuisse,

552 2296 665 2354 nisi
696 2311 764 2351 ea
792 2293 878 2351 vel
909 2310 977 2349 ex
1001 2293 1127 2365 ipso
1158 2290 1455 2357 Plinio,vel
1486 2290 1692 2346 iisdem
1717 2306 1783 2344 ac
1804 2288 1900 2344 ille
1931 2288 2192 2344 fontibus

550 2383 1018 2442 hauserit7Paulo
1040 2382 1194 2439 enim
1218 2381 1387 2438 aliter
1406 2380 1668 2436 Valerius
1687 2379 1972 2435 Maximus
1994 2381 2193 2434 narrat

550 2475 714 2531 illam
772 2474 999 2547 Egnatii
1044 2472 1285 2528 Mecenii
1330 2487 1590 2539 uxorem,
1649 2486 1714 2524 eo
1772 2468 1925 2539 quod
1985 2468 2185 2523 vinum

550 2563 798 2633 biberat,
831 2563 903 2617 ab
959 2579 1025 2617 eo
1072 2561 1484 2630 interemptam
1534 2558 1659 2613 sine
1706 2562 2044 2612 accusatore
2092 2560 2193 2611 aut

554 2650 969 2723 reprehensore
1003 2648 1147 2720 (Val.
1180 2648 1411 2703 Maxim.
1460 2646 1563 2701 lib.
1614 2662 1693 2714 v1,
1742 2662 1868 2716 cap.
1924 2646 1976 2714 3,
2027 2644 2057 2716 §
2097 2645 2187 2713 9);

553 2739 829 2813 quoniam
881 2754 1083 2793 omnes
1131 2735 1541 2791 existimabant
1589 2736 1792 2805 optimo
1818 2734 1974 2788 illam
2003 2749 2191 2789 exem-

548 2830 644 2901 plo
676 2828 898 2884 violatae
924 2826 1232 2882 sobrietatis
1285 2840 1469 2896 plenas
1522 2824 1692 2879 luisse
1740 2822 1921 2894 (Idem,
1974 2820 2075 2877 lib.
2124 2837 2187 2893 ιι,

552 2933 680 2989 cap.
717 2918 767 2987 1,
802 2914 930 2988 §5).

619 3005 789 3060 Prius
817 3020 950 3059 vero
980 3002 1205 3058 dixerat
1232 3002 1348 3056 vini
1371 3016 1544 3057 usum
1569 2999 1705 3057 olim
1729 2998 2006 3055 Romanis
2030 2997 2191 3054 femi-

550 3093 642 3149 nis
674 3094 979 3165 ignotum;
1015 3091 1153 3162 quia
1202 3089 1501 3161 proximus
1550 3092 1636 3144 est
1686 3088 1821 3144 inde
1869 3088 1937 3143 ad
1989 3088 2187 3142 incon-

1083 300 1600 365 TERTULLIANI
1645 301 1968 364 OPERUM
2016 302 2208 363 PARS
2251 302 2301 364 l.
2334 333 2409 345 —
2447 300 2715 362 SERIES
2759 300 2805 374 l,
2857 299 3424 363 APOLOGETICA.

3799 300 3985 363 1096

2400 432 2531 481 Cum
2560 431 2780 495 perfusa
2807 443 2954 495 mero
2979 433 3232 495 spumant
3256 430 3556 495 unguenda
3582 431 3837 494 Falerno,

2402 494 2530 543 Cum
2561 493 2761 543 blbitur
2786 493 3022 557 concha,
3046 506 3166 542 cum
3190 493 3300 557 jam
3333 493 3592 557 vertigine
3620 493 3831 545 tectum

2402 557 2670 614 Ambutet,
2704 560 2757 605 et
2784 555 3011 618 geminis
3040 555 3275 618 exsurgit
3302 555 3491 605 mensa
3518 556 3774 606 lucernis.

2403 619 2424 667 Ι
2459 632 2620 679 nunc,
2654 622 2707 667 et
2729 618 2913 667 dubita
2938 631 3058 680 quae
3089 619 3301 667 sorbeat
3328 632 3451 667 aera
3474 632 3644 668 sanna

2401 680 2582 743 Tullis,
2614 680 2741 743 quid
2772 680 2912 743 dicat
2939 684 3079 729 notae
3110 680 3325 730 Collatia
3354 682 3557 741 Maura,

2403 742 2588 792 Maura
2613 742 2881 807 pudicitiae
2910 747 3143 791 veterem
3176 756 3296 791 cum
3330 744 3564 806 praeterit
3590 756 3757 793 aram.

2771 821 3039 882 (Juvenal.
3070 822 3215 872 satlr.
3245 824 3291 881 6,
3321 835 3372 872 ν.
3405 824 3496 874 293
3525 827 3577 873 et
3604 824 3782 887 seqq.)

2382 963 2587 1020 1002
2641 962 2787 1027 Quid
2838 961 3047 1034 plura?
3094 964 3426 1021 Gentilibus
3488 965 3679 1021 adhuc
3743 966 3984 1038 probro

2309 1054 2527 1106 Auctor
2576 1059 2772 1107 noster
2803 1052 2997 1122 vertit,
3031 1052 3186 1124 quod
3211 1054 3511 1109 evanuerit
3543 1054 3738 1125 prisca
3770 1076 3799 1105 ιι
3837 1054 3983 1111 feli-

2309 1140 2455 1196 citas
2484 1139 3014 1206 matrimoniorum,
3048 1141 3120 1197 de
3150 1142 3415 1198 moribus
3459 1142 3661 1214 utique
3710 1159 3982 1216 prospe-

2307 1233 2702 1299 rata,qua,per
2727 1245 2913 1284 annos
2938 1229 3055 1285 fere
3086 1234 3389 1286 sexcentos
3417 1230 3489 1286 ab
3520 1230 3670 1287 Urbe
3695 1233 3977 1301 condita,

2307 1316 2468 1372 nulla
2497 1317 2807 1388 repudium
2839 1318 3053 1374 domus
3084 1318 3323 1389 scripsit
3358 1341 3380 1369 ι
3414 1318 3705 1390 (Tertull.,
3760 1322 3974 1393 ibist).

2305 1405 2481 1461 Visne
2510 1406 2567 1460 id
2599 1406 2702 1461 tibi
2733 1406 2944 1462 Graecis
2963 1406 3318 1478 quibusdam
3344 1407 3679 1479 Latinisque
3701 1410 3977 1466 testibus

2306 1494 2582 1566 probari?
2634 1494 2861 1551 Primus
2918 1496 3029 1551 erit
3094 1495 3373 1567 Dinysius
3443 1496 3971 1569 Halicarnasseus,

2304 1584 2472 1653 cujus
2524 1583 2644 1638 haec
2690 1588 2829 1638 sunt
2874 1584 3089 1639 verba:
3155 1581 3543 1658 Ὁμολογιῖται
3614 1583 3761 1648 ἐντὸς
3821 1584 3969 1640 ἐτῶν

2305 1667 2471 1724 εἷ’κοσι
2519 1670 2607 1724 καὶ
2657 1670 3022 1724 πεντακοσίων
3080 1667 3273 1743 μηδεὶς
3323 1670 3375 1726 ἐν
3408 1672 3593 1747 Ῥώμῃ
3624 1669 3971 1739 διαλυθῆναι

2301 1759 2497 1832 γάμοςθ
2555 1757 2689 1813 κατὰ
2741 1760 2839 1827 τὴν
2898 1753 3137 1832 ἑϐδόμην
3197 1759 3283 1814 ἐπὶ
3340 1765 3460 1822 ταῖς
3516 1763 3813 1837 τριάκοντα
3868 1764 3965 1819 καὶ

2303 1846 2486 1900 ἑκατὸν
2548 1843 2927 1918 Ὀλυμπιάσιν,
2985 1845 3356 1902 ὑπατιυόνΛων
3416 1847 3639 1924 Μάρκου
3701 1852 3969 1924 Ηομπω-

2300 1933 2440 2002 vico,
2497 1932 2585 1988 καὶ
2635 1935 2796 1989 Γαΐου
2828 1935 3127 2010 Παπυρίου,
3159 1940 3375 2012 πρῶτος
3405 1936 3673 1993 ἀπολύσαι
3733 1938 3966 2015 Λέγεται

2298 2023 2397 2091 τὴν
2430 2023 2618 2077 ἑαυτοῦ
2646 2027 2870 2097 γυναῖκα
2900 2024 3170 2100 Σπούριος
3219 2024 3603 2100 Καρουίλλιος,
3654 2026 3795 2103 ἀνὴρ
3862 2029 3967 2084 οὐκ

2302 2110 2529 2188 ἀφανὴς,
2606 2110 3038 2187 ἀναγκαζόμενος
3108 2112 3210 2169 ύπὸ
3264 2118 3370 2169 τῶν
3428 2120 3676 2187 τιμητῶν
3748 2118 3964 2189 ὀμόσαι

2298 2199 2495 2255 τέκνων
2560 2196 2714 2255 ἕνεκα
2776 2202 2985 2276 γυναικὶ
3056 2203 3132 2274 μὴ
3210 2208 3497 2258 συνοικεῖν·
3576 2204 3642 2273 ἧν
3699 2202 3750 2259 δ’
3803 2206 3964 2280 αὐτῷ

2299 2289 2483 2363 στείρα
2532 2289 2566 2357 ἡ
2620 2289 2778 2364 γυνὴ,
2833 2288 2891 2351 6':
2948 2289 3033 2345 ἐπὶ
3094 2294 3175 2363 τῷ
3217 2286 3356 2367 ἔργῳ
3410 2291 3610 2365 τούτῳ,
3666 2295 3852 2349 καίτοι
3890 2293 3964 2351 δι’

2300 2376 2532 2451 ἀνάγκην
2574 2376 2861 2451 γινομένῳ,
2925 2377 3252 2451 μισούμενος
3314 2379 3417 2434 ὑπὸ
3464 2384 3559 2435 τοῦ
3618 2378 3803 2454 δήμου
3838 2381 3965 2438 διε-

2296 2462 2528 2520 τέλεσεν.
2565 2466 2784 2523 Constat
2830 2482 2930 2539 per
2973 2484 3144 2524 annos
3184 2469 3289 2523 520
3318 2470 3537 2525 nullum
3564 2471 3835 2528 accidisse
3867 2474 3961 2531 di-

2298 2557 2557 2610 vortium.
2609 2554 2849 2627 Septima
2896 2556 3113 2612 demum
3154 2574 3325 2629 supra
3369 2560 3722 2615 centesimam
3766 2572 3819 2618 et
3852 2567 3958 2619 (ri-

2297 2645 2558 2699 cesimam
2580 2644 2931 2717 olympidem.
2963 2647 3138 2701 Marco
3166 2650 3471 2719 Pomponio
3512 2657 3563 2704 et
3592 2648 3649 2704 ϐ.
3700 2650 3960 2722 Papyrio

2298 2733 2633 2800 consulibus,
2685 2736 2908 2805 primus
2967 2734 3170 2790 dicitur
3233 2751 3463 2792 uxorem
3516 2736 3799 2794 dimisisse
3858 2739 3960 2811 Sp.

2301 2818 2589 2891 Carvilius,
2648 2823 2737 2877 vir
2792 2838 2901 2878 non
2956 2824 3234 2895 obscurus,
3289 2830 3507 2881 coactus
3551 2843 3585 2881 α
3625 2830 3961 2885 censoribus

2289 2910 2490 2983 jurare
2520 2911 2816 2967 liberorum
2861 2927 3033 2968 causa
3077 2928 3136 2969 se
3181 2914 3473 2987 coniugem
3524 2931 3635 2971 non
3681 2920 3958 2985 retinere,

2299 3000 2396 3071 qui
2442 2999 2509 3053 ab
2557 2998 2655 3055 hoc
2700 3002 2931 3071 faclum,
2981 3003 3236 3073 quamvis
3264 3005 3582 3061 necessitate
3610 3006 3958 3076 compulsus,

2299 3088 2359 3141 in
2386 3090 2701 3159 perpetuum
2731 3104 2926 3145 exosus
2952 3090 3062 3160 fuit
3087 3090 3286 3161 populo
3318 3089 3573 3161 (Dionys.
3623 3092 3960 3163 Halicarn.,

550 3160 775 3238 cessem
812 3160 1081 3236 venerem
1131 3160 1368 3251 gradus.
1421 3178 1569 3243 Quin
1602 3176 1775 3231 etiam
1806 3175 1878 3231 ab
1908 3178 1974 3231 A.
2008 3174 2186 3231 Gellio
2216 3160 2263 3231 Ο
2301 3174 2400 3233 lib.
2436 3193 2476 3231 ιι
2506 3178 2778 3249 Antiquit.
2814 3179 2961 3235 Rom.
2996 3194 3125 3251 pag.
3161 3160 3274 3251 96).

547 3286 753 3325 rursus
787 3268 1002 3325 citetur
1030 3272 1189 3335 Cato,
1222 3266 1323 3338 qui
1352 3266 1595 3321 tradidit
1622 3266 1824 3320 eodem
1857 3265 2028 3319 modo
2060 3280 2195 3319 con-

552 3359 887 3414 demnatam
923 3355 1248 3425 mulierem,
1276 3372 1402 3427 quea
1429 3358 1529 3408 aut
1558 3353 1753 3408 vinum
1798 3352 2044 3419 biberat,
2096 3356 2199 3407 aut

551 3447 608 3501 in
658 3445 947 3501 adulterio
1015 3447 1202 3500 fuerat
1259 3443 1623 3516 deprehensa
1679 3443 1767 3515 (Δ.
1817 3441 1959 3498 Gell.
2012 3441 2113 3496 lib.
2162 3458 2199 3496 ιι

557 3534 707 3590 Neci.
767 3535 927 3589 Altis.
987 3550 1111 3604 cap.
1172 3534 1261 3601 23,
1321 3549 1452 3604 pag.
1511 3533 1656 3593 557).
1710 3531 1793 3586 Ad
1853 3531 1973 3586 hmo
2039 3546 2195 3601 vero,

554 3623 867 3679 Athenaeus
898 3639 1012 3678 non
1040 3622 1228 3677 solum
1274 3622 1390 3677 vini
1444 3621 1789 3677 mulieribus
1838 3638 1872 3676 a
1918 3620 2197 3677 Romanis

557 3711 857 3767 interdicti
910 3711 1263 3766 mentionem
1317 3710 1474 3779 facit,
1524 3710 1622 3765 sed
1684 3709 1909 3765 addidit
1958 3709 2198 3781 insuper

554 3799 757 3855 cellam
789 3798 1067 3853 vinariam
1102 3798 1173 3853 iis
1204 3815 1316 3853 non
1348 3797 1745 3867 commissam,
1779 3801 1836 3853 et
1866 3796 2131 3853 osculum
2164 3814 2198 3853 ει

555 3888 786 3945 maritis
816 3895 871 3945 et
899 3891 1161 3961 cognatis
1192 3888 1406 3942 ideirco
1439 3892 1792 3958 porrectum,
1843 3893 1909 3943 ut
1956 3891 2198 3958 possent

559 3980 801 4035 odoratu
847 3994 1162 4049 agnoscere
1213 3982 1408 4032 utrum
1451 3992 1647 4032 revera
1676 3977 1874 4032 vinum
1908 3976 2197 4033 bibissent

555 4067 783 4139 (Athen.
836 4066 939 4122 lib.
985 4084 1019 4121 x
1073 4066 1426 4138 Deipnosolih.
1488 4082 1613 4137 cap.
1663 4068 1717 4132 7,
1774 4082 1905 4136 pag.
1963 4065 2089 4135 429,
2139 4070 2196 4122 et

553 4172 681 4227 cap.
719 4157 805 4221 11,
838 4172 969 4227 pag.
997 4156 1141 4227 440).
1170 4156 1244 4210 De
1276 4155 1385 4210 bac
1416 4160 1612 4210 autem
1639 4154 1755 4208 vini
1787 4153 2194 4210 interdictione

547 4246 673 4316 jam
732 4244 1162 4316 disputavimus
1218 4244 1544 4315 (Dissertal.
1614 4245 1673 4298 in
1728 4243 1926 4298 Arnob.
1974 4260 2101 4314 cap.
2136 4244 2190 4310 4,

555 4339 663 4390 art.
705 4334 776 4405 1).

621 4423 836 4479 Contra
864 4421 1013 4478 hanc
1044 4426 1238 4477 tamen
1290 4421 1472 4493 legem
1510 4439 1523 4477 :
1559 4443 1587 4472 ‹‹
1630 4421 1747 4475 Prw
1796 4422 1951 4489 vino,
2001 4421 2193 4493 inquit

552 4511 967 4577 Tertullianus,
999 4511 1225 4566 nullum
1264 4512 1510 4565 liberum
1542 4515 1628 4565 est
1667 4508 1901 4565 oculum
1956 4532 1982 4560 »
2027 4514 2043 4581 (

551 4598 681 4655 tull.
730 4600 1007 4671 Apologcl.
1059 4617 1108 4655 c.
1156 4601 1210 4667 6,
1264 4618 1316 4671 p.
1352 4600 1499 4669 304).
1528 4601 1599 4653 At
1630 4599 1685 4653 in
1719 4599 1859 4653 illud
1892 4598 2189 4654 ebrietatis

550 4688 759 4744 vitium
817 4688 958 4742 varii
1020 4688 1355 4759 scriptores,
1406 4704 1471 4744 ac
1526 4687 1899 4759 potissimum
1957 4687 2190 4759 satyrici

552 4780 732 4848 poetae
764 4775 1135 4831 invehuntur.
1163 4777 1271 4831 Sed
1305 4777 1558 4831 sufﬁciet
1586 4776 1643 4829 in
1670 4793 1787 4831 rem
1822 4777 2189 4831 notissimam

550 4864 673 4920 haec
704 4862 976 4920 retulisse
1003 4863 1297 4920 Juvenalis
1353 4864 1635 4933 carmina,
1685 4865 1897 4936 quibus
1946 4881 2013 4921 ea
2063 4881 2188 4935 quas

550 4970 665 5010 non
714 4952 886 5009 modo
934 4954 1005 5009 de
1050 4953 1347 5022 ebrietate,
1399 4954 1498 5009 sed
1548 4953 1687 5009 luxu
1718 4953 1893 5010 etiam
1924 4954 1983 5008 in
2015 4970 2187 5025 supe-

548 5040 687 5099 riori
718 5041 959 5099 articulo
991 5042 1261 5108 diximus,
1292 5042 1599 5097 manifeste
1629 5042 2054 5097 confirmantur
2084 5057 2097 5094 :

640 5185 853 5235 Nullum
884 5186 1084 5235 crimen
1115 5184 1281 5243 abest,
1314 5184 1627 5247 facinusque
1657 5183 1908 5244 libidinis,
1941 5197 2006 5233 ex
2035 5194 2140 5246 quo

642 5247 937 5311 Paupertas
963 5250 1197 5299 Romana
1225 5248 1379 5310 perit.
1410 5281 1469 5297 ..
1510 5284 1522 5295 .
1560 5283 1570 5293 .
1612 5282 1623 5295 .
1664 5283 1675 5295 .
1714 5284 1725 5295 .
1762 5282 1775 5295 .
1814 5283 1825 5295 .
1866 5283 1879 5296 .
1917 5283 1928 5294 .
1968 5281 1981 5295 .
2021 5282 2033 5294 .
2068 5279 2083 5295 .
2124 5282 2136 5295 .
2173 5280 2186 5295 .

642 5373 815 5437 Prima
842 5374 1148 5437 peregrinos
1178 5374 1411 5422 obscena
1438 5370 1663 5437 pecunia
1694 5383 1870 5419 mores

642 5432 921 5498 lntulit,'et
950 5432 1090 5498 turpi
1126 5435 1399 5498 fregerunt
1420 5432 1614 5498 alecula
1644 5432 1773 5498 luxu

642 5497 847 5546 Divitiis
878 5495 1079 5548 molles.
1110 5495 1243 5555 Quid
1274 5497 1415 5545 enim
1444 5496 1621 5544 Venus
1650 5495 1794 5544 ebria
1824 5497 2008 5544 curat?

640 5560 881 5623 Inguinis
912 5565 964 5610 et
992 5561 1185 5623 capitis
1206 5573 1324 5623 quis
1354 5559 1459 5608 sint
1488 5557 1793 5623 discrimina
1822 5559 2009 5617 nescit,

642 5621 870 5673 Grandia
901 5636 1019 5687 quas
1049 5621 1241 5673 mediis
1263 5622 1374 5684 jam
1404 5621 1648 5673 noctibus
1676 5624 1853 5673 ostrea
1881 5621 2106 5673 mordet.

2375 3291 2564 3348 Latini
2630 3308 2763 3348 vero
2831 3292 3146 3364 scriptores
3212 3293 3477 3350 Valerius
3544 3295 3831 3353 Maximus
3904 3303 3966 3354 et,

2302 3383 2367 3437 A.
2414 3382 2634 3438 Gellius
2683 3382 2885 3438 eadem
2918 3382 3126 3438 litteris
3158 3384 3587 3440 mandaverunt
3612 3384 3768 3454 (Val.
3804 3388 3962 3443 Max.

2304 3470 2405 3526 lib.
2440 3488 2501 3537 ιι,
2535 3487 2663 3542 cap.
2696 3471 2747 3538 1,
2778 3472 2805 3539 §
2836 3472 2911 3541 4),
2962 3470 3074 3527 nisi
3123 3472 3277 3543 quod
3332 3471 3575 3538 Gellius,
3625 3473 3804 3530 citato
3854 3493 3967 3531 eum

2304 3562 2459 3614 ctore
2507 3559 2702 3614 Servio
2750 3558 3025 3631 Sulpicio,
3076 3563 3277 3615 narrat
3323 3560 3379 3615 id
3431 3561 3751 3634 contigisse
3804 3580 3970 3621 anno

2304 3646 2474 3703 Urbis
2505 3647 2751 3703 conditas
2777 3647 2904 3717 523,
2938 3648 3011 3703 M.
3045 3647 3243 3704 Attilio
3276 3652 3335 3703 et
3365 3652 3428 3703 P.
3462 3648 3691 3705 Valerio
3740 3667 3969 3708 consum

2304 3733 2460 3791 libus
2491 3734 2577 3807 (A.
2611 3734 2758 3791 Gell.
2790 3734 2892 3790 lib.
2926 3752 2982 3791 ιν
3011 3737 3161 3792 Noct.
3192 3739 3355 3791 Atlio.
3388 3752 3516 3809 cap.
3549 3738 3605 3807 3,
3638 3755 3771 3810 pag.
3803 3742 3969 3811 278)..

2304 3824 2414 3880 Sed
2446 3823 2527 3879 ibi
2558 3827 2712 3879 certe
2743 3829 2843 3879 aut
2873 3828 3073 3896 postea
3104 3824 3307 3880 subest
3325 3824 3720 3897 aliquisillius
3738 3845 3971 3886 meme.

2304 3912 2401 3968 riae
2429 3912 2518 3969 vel
2564 3912 2787 3968 librarii
2837 3929 3017 3969 error.
3076 3912 3221 3968 Nam
3272 3913 3385 3969 alio
3434 3915 3493 3969 in
3542 3913 3692 3971 libro
3741 3918 3958 3975 scribit

2304 4001 2447 4056 illud
2481 4004 2675 4057 actum
2708 4017 2860 4056 anno
2891 4001 2961 4057 ab
3002 4000 3152 4057 Urbe
3200 4002 3436 4057 condita
3485 4002 3956 4075 quingentisimo

2303 4090 2758 4160 undevicesimo,
2792 4106 2907 4161 quo
2938 4089 3035 4145 alii
3068 4089 3312 4161 proinde
3350 4090 3623 4147 consules
3666 4109 3800 4148 esse
3847 4095 3956 4151 do-

2300 4178 2536 4246 bebant,
2570 4178 2727 4251 iique
2760 4178 3004 4234 forsitan
3030 4178 3127 4250 qui
3158 4195 3193 4233 a
3238 4178 3515 4251 Dionysio
3580 4180 3966 4240 Halicarnas-r

2299 4284 2395 4323 seo
2430 4271 2708 4323 notantur
2732 4267 2921 4338 (Idem.
2954 4266 3057 4321 lib.
3091 4283 3229 4334 xvu,
3263 4284 3391 4340 cap.
3422 4268 3514 4336 21,
3547 4286 3681 4342 pag.
3718 4272 3910 4343 1008).

2368 4374 2449 4429 Ab
2483 4373 2574 4429 his
2602 4374 2800 4446 itaque
2828 4377 2945 4429 tam
2981 4374 3163 4445 aequis
3207 4378 3263 4429 et
3312 4374 3573 4431 moribus
3611 4380 3670 4432 et
3722 4376 3967 4449 legibus

2301 4462 2468 4531 plane
2498 4462 2847 4533 penitusque
2877 4462 3241 4518 desciverant
3267 4462 3509 4532 ethnici,
3544 4465 3764 4535 quibus
3795 4483 3965 4539 repu-i

2048 4511 2187 4565 Ter-
2217 4528 2266 4594 Ι)
2302 4511 2464 4531 ¹’“”’“’
2498 4511 2845 4560 r'."""‘"
2882 4511 3240 4563 T"""'".‘
3271 4511 3509 4532 ""'""‘
3546 4511 3762 4535 “'"“
3795 4511 3933 4539 '"t'"

2052 4599 2186 4625 “HA
2299 4551 2475 4617 dium,
2526 4556 2607 4605 ait
2658 4549 3081 4617 Tertullianus,
3137 4573 3157 4600 ι
3207 4567 3335 4621 1am
3383 4556 3440 4606 et
3486 4560 3689 4608 votum
3736 4560 3851 4625 est,
3902 4565 3965 4614 et

2298 4640 2463 4710 quasi
2498 4640 2722 4693 fructus
2758 4638 3117 4694 matrimonii
3151 4658 3176 4690 ι
3212 4639 3477 4707 (Tertull.
3513 4641 3696 4710 ibid.).
3750 4643 3951 4716 Neque

2299 4727 2617 4799 suspiceris
2646 4726 2905 4799 aliquam
2938 4727 3031 4782 hic
3061 4727 3304 4797 subesse
3335 4727 3494 4784 illius
3542 4729 3950 4801 ampliﬁcatio-

2300 4820 2813 4888 nem.8uspectum
2846 4816 3003 4871 enim
3036 4833 3151 4871 non
3182 4816 3428 4872 habebis
3460 4818 3950 4893 Senecam,cujus

2300 4904 2420 4959 haec
2450 4905 2520 4959 de
2552 4903 2792 4975 repudio
2824 4903 3075 4976 legimus
3128 4905 3302 4959 verba
3355 4923 3367 4961 :
3421 4928 3449 4957 «
3502 4907 3784 4980 Nunquid
3830 4912 3948 4981 jam

2299 4991 2419 5047 ulla
2448 4992 2687 5062 repudio
2719 4992 3356 5064 erubescit,postquam
3389 4993 3649 5051 illustres
3680 5000 3948 5070 quaedam

2299 5098 2364 5136 ac
2416 5081 2641 5137 nobiles
2694 5082 2946 5150 feminae,
3000 5098 3116 5137 non
3169 5082 3481 5139 consulum
3529 5102 3799 5158 numero,
3851 5092 3948 5145 sed

2300 5170 2643 5226 maritorum
2693 5186 2934 5226 suorum
2989 5186 3166 5226 annos
3217 5176 3578 5244 computant,
3627 5179 3686 5229 et
3734 5186 3946 5233 exeunt

2300 5258 2655 5314 matrimonii
2689 5276 2888 5325 causa,
2939 5260 3170 5315 nubunt
3216 5260 3465 5331 repudii.
3521 5264 3749 5319 Tandiu
3805 5266 3946 5323 illud

2172 5344 2186 5359 °
2295 5348 2630 5415 timebatur,
2684 5349 2945 5419 quandiu
2988 5365 3186 5404 rarum
3237 5354 3395 5418 erat;
3444 5352 3579 5423 quia
3611 5369 3745 5409 vero
3779 5356 3944 5413 nulla

2296 5436 2424 5491 sine
2455 5436 2703 5494 divortio
2735 5441 2861 5493 aeta
2891 5442 3031 5493 sunt
3053 5437 3337 5507 (videlicet
3359 5456 3392 5495 a
3416 5439 3667 5512 publicis
3698 5446 3944 5504 notariis

2296 5524 2632 5597 descripta),
2686 5526 2839 5598 quod
2900 5542 3050 5599 saepe
3102 5526 3437 5596 audiebant,
3486 5528 3672 5586 facere
3723 5532 3942 5590 didice-

2297 5616 2437 5673 runt
2466 5636 2495 5667 »
2526 5614 2751 5687 (Senec.
2788 5614 2888 5675 lib.
2923 5633 2987 5675 ιιι
3017 5615 3082 5676 de
3110 5617 3300 5689 Bene].
3334 5632 3463 5690 cap.
3510 5618 3596 5685 16,
3641 5636 3773 5694 pag.
3828 5623 3941 5697 53).
