4162 6382
289 365 444 427 1097

1195 364 1266 425 D.
1315 365 1410 425 LE
1455 366 1777 428 NOURRY
1823 363 2467 426 OBSERVATIONES
2515 366 2771 428 NOVxE.

3536 360 3694 424 1098

283 499 406 554 Huc
439 514 675 570 quoque
708 497 1288 563 accedatJuvenalis,
1325 499 1420 568 qui
1479 499 1600 553 haec
1661 500 1926 570 frequen-
1955 500 2006 564 Α
2039 513 2149 567 que
2179 497 2336 552 enim
2386 498 2830 569 impiissimum,
2855 498 2973 554 imo
3020 495 3688 553 contumeliosissimum

284 589 520 645 tissima
549 605 797 644 uxorum
829 587 1076 643 divortia
1107 587 1198 642 his
1243 589 1507 643 versibus
1558 588 1880 642 insectatur
1913 606 1926 655 ;

406 696 637 758 Imperat
657 708 782 757 ergo
818 695 1060 758 viro,sed
1091 707 1212 758 mox
1244 694 1357 743 heac
1390 709 1554 755 regna
1587 695 1861 757 relinquit.

407 757 782 820 Permutatque
813 757 1021 816 domos,
1049 762 1102 806 et
1131 757 1377 806 ﬂammea
1410 759 1635 806 conterit
1668 774 1678 816 ;
1710 758 1833 806 inde

407 821 482 871 Ad
496 822 655 883 volat,
686 825 737 869 et
767 821 928 880 spreti
958 820 1152 882 repetit
1182 820 1400 878 vestigia
1431 820 1565 868 lecti.

405 884 633 932 Ornatas
662 883 820 944 paulo
849 887 972 931 ante
998 885 1136 931 fores
1166 883 1664 945 pendentialinquit

402 947 529 995 Vela
557 947 767 1006 domus,
798 954 851 994 et
879 945 1053 993 adhuc
1085 944 1276 993 virides
1307 945 1358 992 in
1391 944 1577 993 limine
1603 958 1797 993 ramos.

408 1009 492 1058 Sic
513 1011 705 1058 crescit
734 1021 1014 1065 numerus,
1049 1008 1121 1055 sic
1150 1009 1286 1056 ﬁunt
1315 1011 1434 1056 octo
1466 1007 1657 1056 mariti.

409 1072 656 1136 Quinque
687 1085 782 1134 per
812 1075 1120 1128 autumnos,
1172 1070 1344 1130 titulo,
1377 1084 1463 1119 res
1486 1071 1649 1131 digna
1681 1069 1926 1132 sepulcri.

962 1143 1228 1205 (Juvenal.
1261 1143 1416 1193 Satir.
1447 1147 1493 1199 6,
1525 1157 1576 1191 v.
1609 1145 1738 1203 223.)

353 1253 533 1309 Audis
556 1268 696 1308 sane
726 1268 902 1322 quam
927 1251 1231 1322 perspicue
1253 1250 1666 1306 dixerit"unam
1693 1267 1926 1304 uxorem

285 1344 439 1397 intra
495 1342 751 1414 quinque
783 1345 1118 1405 autumnos,
1152 1339 1209 1393 id
1257 1343 1344 1394 est
1403 1340 1664 1410 quinque
1723 1356 1928 1409 annos,

286 1431 561 1487 habuisse
599 1431 804 1484 1008
837 1435 963 1484 octo
996 1428 1258 1483 maritos.
1295 1427 1739 1494 Martialis,vero
1769 1429 1931 1484 Tele-

285 1522 475 1576 sinam
502 1520 819 1591 quamdam
854 1519 1064 1573 acriter
1094 1517 1354 1588 corripit,
1406 1533 1532 1588 quae
1563 1518 1714 1572 intra
1745 1535 1928 1574 unum

286 1627 547 1666 mensem
582 1609 774 1664 decies
800 1613 1004 1664 contra
1033 1607 1193 1679 leges
1225 1607 1374 1662 latas
1412 1607 1657 1678 impune
1716 1625 1930 1680 nupse-

283 1705 374 1755 rat
407 1716 420 1755 :

410 1788 553 1839 Julia
582 1787 666 1837 lex
689 1787 900 1850 populis
921 1799 995 1850 ex
1027 1799 1151 1850 quo,
1185 1785 1450 1842 Faustine,
1483 1789 1669 1835 renata
1699 1792 1798 1843 est,

472 1853 642 1913 Atque
672 1848 873 1899 intrare
903 1848 1092 1898 domos
1116 1849 1268 1913 jussa
1298 1850 1555 1911 pudicitia
1583 1854 1679 1907 est,

409 1914 514 1963 Aut
543 1911 735 1972 minus,
760 1916 851 1961 aut
879 1917 1017 1960 certe
1039 1925 1145 1959 non
1178 1911 1298 1973 plus
1327 1913 1590 1961 tricesima
1621 1913 1711 1960 lux
1741 1915 1837 1972 est,

474 1977 533 2024 Et
555 1976 710 2024 nubit
738 1975 946 2023 decimo
967 1975 1077 2036 jam
1107 1975 1352 2023 Tetcsina
1383 1975 1514 2022 viro.

411 2040 536 2097 Quae
573 2039 728 2086 nubit
752 2038 924 2094 toties,
961 2051 1070 2086 non
1092 2037 1261 2100 nubit,
1298 2037 1539 2086 adultera
1570 2038 1683 2100 lege
1711 2040 1808 2096 est,

474 2100 725 2150 Oll‘endor
757 2100 967 2148 mrecha
997 2099 1314 2162 simpliciore
1349 2100 1540 2148 minus.

917 2171 1187 2233 (Martial.,
1223 2171 1308 2220 lib.
1345 2183 1418 2231 vi,
1457 2171 1770 2234 epigramm.
1799 2171 1869 2231 7.)

359 2281 573 2336 Verum
608 2280 750 2334 adeo
808 2278 1041 2334 effrenis
1074 2285 1197 2333 erat
1230 2277 1350 2333 hinc
1383 2277 1604 2334 nefaria
1663 2276 1930 2349 repudio-

290 2387 418 2425 rum
452 2369 714 2433 licentia,
751 2372 814 2423 ut
842 2368 938 2422 vix
990 2385 1248 2438 unquam
1284 2367 1421 2423 ullis
1483 2369 1928 2439 imperatorum,

289 2475 538 2531 quarum
597 2457 792 2528 plures
848 2456 1039 2512 adhuc
1087 2461 1335 2526 exstant,
1395 2457 1622 2529 legibus
1653 2455 1932 2532 refrenari

291 2547 559 2619 potuerit.
597 2545 745 2611 Quid
787 2561 932 2615 vero,
967 2545 1122 2618 quod
1160 2561 1271 2601 non
1325 2545 1516 2602 solum
1579 2550 1662 2602 tot
1694 2551 1932 2617 tamque

291 2635 598 2708 praeclaras
628 2634 806 2706 leges,
841 2651 954 2706 quo
989 2634 1244 2690 diximus
1263 2636 1456 2702 modo,
1490 2634 1929 2704 conculcnbant,

289 2727 389 2781 sed
422 2725 678 2782 debitam
709 2740 941 2795 quoque
976 2725 1298 2795 majoribus
1321 2723 1931 2788 venerationem.Qua-

290 2821 528 2888 propter
584 2813 715 2869 illos
748 2813 840 2868 his
867 2812 1262 2870 Tertullianus
1308 2815 1500 2870 verbis
1559 2813 1928 2886 alloquendo,

288 2906 372 2960 sic
403 2909 587 2972 urget:
649 2926 676 2953 ‹‹
711 2902 950 2970 Habitu,
982 2903 1038 2957 id
1081 2907 1168 2958 est
1197 2904 1434 2974 vestitu,
1464 2904 1646 2974 victu,
1707 2903 1932 2958 instru-

289 2999 408 3060 ctu,
434 3009 634 3061 censu,
668 2992 796 3064 ipso
829 2989 1080 3062 denique
1112 3007 1383 3046 sermone
1440 2991 1670 3064 proavis
1724 3007 1935 3046 renun-

288 3083 450 3138 tiatis
511 3103 538 3131 »
597 3078 860 3148 (Tertull.
922 3081 1216 3150 Apologel.,
1277 3097 1402 3152 cap.
1459 3082 1514 3150 6,
1578 3099 1631 3153 ρ.
1662 3081 1808 3149 305).
1864 3079 1934 3134 Et

289 3188 496 3227 rursus
528 3170 640 3225 alio
689 3169 747 3223 in
807 3168 1002 3224 libro:
1064 3192 1090 3218 «
1148 3168 1339 3238 Plane,
1393 3169 1604 3240 inquit,
1666 3169 1933 3236 subiacet

2037 587 2366 641 admissum
2403 592 2510 652 est,
2573 589 2629 642 in
2679 587 2918 643 arbitrio
2971 592 3030 642 et
3090 585 3332 641 libinine
3386 586 3688 641 sententia

2037 673 2306 729 humanas
2340 673 2528 730 locare
2551 676 2832 731 honorem
2886 675 3236 740 divinitatis,
3273 680 3336 729 ut
3385 674 3531 730 deus
3570 690 3685 729 non

2039 763 2134 831 sit,
2169 763 2280 818 nisi
2303 765 2396 819 cui
2443 765 2774 837 permiserit
2831 772 3070 820 senatus
3129 785 3155 811 »
3187 763 3455 835 (Tertull.
3503 763 3604 818 lib.
3668 780 3686 817 ι

2035 853 2115 907 ad
2139 855 2442 920 Nation.,c.
2478 855 2560 920 10,
2602 872 2653 922 p.
2686 855 2831 918 573(.
2857 854 2964 907 Sed
3000 854 3119 907 hac
3167 851 3262 906 ille
3319 852 3553 905 brevius
3624 852 3682 906 in

2036 943 2382 1011 Apologetico
2412 960 2519 998 suo
2580 959 2592 998 :
2631 964 2657 990 ‹‹
2718 943 2916 1010 Vetus,
2957 940 3057 1006 ait,
3101 945 3224 996 erat
3255 941 3578 1009 decretum,
3612 957 3684 995 ne

2038 1030 2138 1101 qui
2171 1032 2315 1085 deus
2372 1033 2442 1086 ab
2539 1031 2889 1102 imperatore
2960 1036 3419 1096 consecraretur,
3479 1029 3592 1084 nisi
3651 1047 3685 1084 a

2039 1125 2244 1174 senatu
2269 1121 2562 1190 probatus.
2618 1120 2732 1175 Scit
2797 1119 3158 1175 M.1Emilius
3190 1119 3260 1173 de
3291 1118 3397 1173 deo
3447 1135 3552 1173 suo
3585 1117 3682 1172 Al-

2040 1208 2248 1264 burno.
2285 1209 2442 1264 Facit
2483 1209 2590 1264 hoc
2641 1209 2710 1264 ad
2745 1226 2982 1264 causam
3037 1213 3315 1277 nostram,
3350 1225 3466 1278 quo
3525 1208 3681 1279 apud

2038 1315 2139 1352 vos
2171 1298 2240 1352 de
2263 1297 2522 1353 humano
2555 1298 2840 1353 arbitratu
2872 1298 3150 1352 divinitas
3185 1297 3536 1368 pensitatur.
3563 1295 3686 1352 Nisi

2041 1386 2262 1442 homini
2304 1387 2448 1442 deus
2478 1386 2780 1458 placuerit,
2813 1388 2957 1442 deus
2983 1403 3094 1442 non
3121 1387 3270 1453 erit;
3332 1385 3508 1441 homo
3559 1387 3685 1456 jam

2041 1476 2145 1530 deo
2170 1476 2456 1547 propitius
2487 1492 2615 1531 esse
2647 1475 2880 1530 debebit
2913 1498 2939 1523 »
2964 1475 3174 1546 (Idem,
3221 1475 3495 1546 Apologet.
3559 1491 3686 1546 cap.

2038 1565 2094 1631 5,
2128 1581 2259 1636 pag.
2316 1566 2462 1637 290).
2522 1566 2585 1620 In
2643 1565 2999 1637 quibusdam
3060 1579 3189 1618 vero
3256 1563 3690 1634 antiquioribus

2041 1654 2398 1710 editionibus
2427 1672 2527 1727 pro
2557 1654 2648 1710 his
2681 1655 2892 1721 verbis,
2917 1655 3028 1709 Scit
3061 1657 3138 1708 M.
3181 1653 3468 1719 zEmelius,
3515 1652 3686 1708 habe-

2041 1748 2157 1812 tur,
2191 1748 2248 1798 ut
2281 1743 2489 1799 Marcus
2522 1745 2779 1800 zEmilius
2810 1761 2829 1805 ;
2880 1748 3054 1816 atque
3110 1743 3317 1797 1004
3347 1742 3428 1796 ita
3475 1740 3688 1812 legisse

1961 1871 2010 1935 B
2045 1833 2274 1888 videtur
2302 1833 2608 1902 Eusebius,
2641 1834 2740 1906 qui
2772 1832 2892 1888 haec
2923 1831 3176 1887 auctoris
3205 1831 3389 1886 nostri
3421 1832 3598 1886 verba
3627 1830 3688 1885 in

2039 1927 2293 1977 Graecam
2327 1922 2590 1994 linguam
2623 1923 2706 1977 sic
2739 1939 3017 1977 conversa
3046 1921 3276 1976 exhibet
3309 1938 3320 1975 ε
3348 1917 3586 1974 Παλαιὸν
3620 1918 3686 1985 ἦν

2043 2007 2266 2084 δόγμα,
2317 2008 2523 2083 μηδένα
2593 2011 2707 2064 Θεὸν
2789 2010 2890 2064 ὑπὸ
2953 2008 3218 2082 βασιλέως
3287 2009 3686 2082 καθιεροῦσθαι,

2041 2100 2165 2174 πρὶν
2238 2101 2339 2154 ὑπὸ
2411 2105 2506 2154 τοῦ
2576 2098 2887 2174 συγκλήτου
2961 2098 3402 2169 δοκιμασθῆναι·
3468 2096 3687 2172 Μάρκος

2042 2186 2306 2260 Αἶ’μὶλιος
2356 2189 2528 2250 οὕτως
2578 2189 2700 2263 περί
2741 2209 2886 2250 τινος
2929 2186 3163 2242 εἰδώλου
3209 2186 3505 2256 πεποίηκεν
3558 2183 3687 2242 ’Λλ-

2043 2271 2275 2352 ϐούρνου
2327 2281 2558 2350 (Euseb.
2621 2279 2720 2336 lib.
2795 2297 2834 2332 ιι
2896 2278 3102 2332 Eccles.
3174 2279 3381 2333 Hister.
3462 2293 3591 2348 cap.
3633 2278 3690 2341 2,

2041 2385 2173 2440 pag.
2211 2369 2322 2437 41).
2365 2369 2577 2424 Verum
2637 2368 2944 2439 utriusque
2991 2366 3258 2421 lectionis
3303 2366 3459 2422 idem
3518 2364 3690 2437 plane

2041 2463 2128 2513 est
2159 2474 2390 2513 sensus.
2443 2458 2830 2522 Quamobrem
2882 2456 3001 2510 haec
3058 2455 3314 2527 primum
3347 2453 3692 2526 explicanda

2042 2554 2201 2615 sunt,
2233 2564 2299 2602 ac
2330 2547 2537 2602 deinde
2593 2545 3048 2602 examinandum
3107 2562 3224 2616 quo
3290 2541 3692 2599 Tertullianus

2043 2637 2214 2692 modo
2236 2636 2370 2691 inde
2395 2643 2594 2691 contra
2632 2635 2896 2690 ethnicos
2926 2635 3206 2706 disputet.

2113 2725 2371 2780 Dubium
2401 2725 2695 2780 enimvero
2727 2741 2855 2779 esse
2887 2726 3078 2795 potest
3107 2723 3404 2795 quodnam
3436 2721 3514 2778 sit
3543 2721 3689 2776 illud

2041 2815 2112 2870 de
2143 2816 2248 2870 deo
2270 2814 2664 2870 consecrando
2692 2812 3202 2869 edictum.Scimus
3223 2812 3458 2883 quidem
3503 2827 3687 2866 unum

2043 2904 2374 2959 aCicerone
2436 2903 2589 2958 hisce
2649 2902 2840 2958 verbis
2889 2901 3142 2957 describi
3199 2895 3237 2956 :'
3275 2925 3299 2950 α
3363 2900 3688 2972 Separatim

2043 3009 2211 3048 nemo
2243 2992 2507 3048 habessit
2540 2993 2699 3060 deos,
2723 3009 2862 3048 neve
2893 3009 3093 3062 novos,
3127 2992 3228 3046 sed
3288 3007 3358 3046 ne
3410 2990 3688 3061 advenas,

2042 3081 2154 3138 nisi
2188 3081 2418 3154 publice
2476 3067 2752 3150 adscitos,
2787 3079 3055 3154 privatim
3106 3079 3342 3136 colunto
3404 3101 3432 3126 ››
3482 3077 3686 3150 (Cicer.

2038 3170 2142 3226 lib.
2177 3188 2216 3224 ιι
2249 3171 2321 3226 de
2352 3171 2514 3240 legio.
2551 3187 2604 3242 p.
2638 3170 2763 3240 334,
2797 3169 2898 3224 lin.
2934 3167 3233 3240 37).A1iud
3267 3173 3463 3223 tamen
3499 3167 3692 3222 decre-

290 3266 511 3332 quanta
562 3277 594 3315 a
651 3258 974 3329 majoribus
1034 3260 1422 3329 mutaveritis,
1483 3259 1664 3328 cultu,
1700 3257 1927 3324 habitu,
1961 3242 2003 3308 C
2043 3264 2168 3314 tum
2201 3259 2620 3315 aTertulliano
2671 3257 2966 3330 designari
2996 3258 3265 3325 videtur;
3327 3260 3528 3328 utpote
3589 3254 3690 3328 qui

291 3349 852 3422 apparatu,ipsoque
883 3347 1094 3415 victu,»
1128 3348 1281 3403 sicut
1309 3366 1376 3403 ex
1398 3349 1525 3416 jam
1559 3348 1729 3402 dictis
1753 3351 1928 3418 patet,

292 3442 516 3512 Adjecit
545 3447 739 3495 autem
774 3441 998 3510 ipsoque
1028 3455 1295 3494 sermone.
1345 3439 1464 3494 Cur
1493 3455 1627 3510 ergo
1665 3453 1933 3494 sermone

286 3532 460 3586 etiam
495 3548 559 3587 ac
590 3528 866 3600 loquendi
927 3529 1100 3583 modo
1142 3528 1169 3582 Τ
1200 3552 1226 3577 ‹‹
1279 3529 1425 3594 Quia
1457 3527 1792 3601 pristinum,
1846 3527 1931 3582 in-

287 3621 436 3694 quit,
471 3625 533 3676 ut
566 3619 869 3674 rancidum
903 3618 1174 3690 relegatis
1210 3641 1236 3666 »
1270 3619 1479 3688 (Idem,
1539 3617 1642 3673 lib.
1683 3637 1697 3672 1
1730 3618 1800 3670 ad
1831 3618 1932 3672 Na-

285 3713 418 3766 tion.
454 3727 580 3781 cap.
619 3710 703 3779 i8,
738 3725 867 3780 pag.
900 3709 1049 3778 572),
1082 3707 1138 3760 id
1172 3712 1569 3778 est,tanquam
1605 3707 1931 3774 insuavem,

287 3800 562 3870 putidum
597 3803 653 3854 et
688 3798 838 3852 male
878 3795 1132 3852 olentem
1166 3796 1434 3867 rejicitis.

874 3928 1081 3966 ARTICU
1092 3928 1196 3967 LUS
1233 3928 1336 3966 νιι.

290 4014 664 4070 Ε.ιςαηιίηαιιιν
690 4009 960 4082 quodnam
973 4011 1044 4064 sit
1072 4013 1220 4065 vetus
1241 4011 1524 4082 decretum
1554 4010 1618 4065 de
1646 4013 1797 4065 novis
1827 4012 1935 4067 diis

361 4087 480 4139 sine
511 4081 985 4138 senatusconsulto
1005 4097 1114 4136 non
1147 4081 1572 4147 introducendis,
1618 4087 1669 4136 et
1736 4083 1936 4140 Metelli

362 4160 546 4210 votum
601 4155 668 4209 de
716 4159 918 4224 templo
977 4154 1035 4207 in
1087 4153 1322 4207 Alburni
1369 4153 1458 4207 dei
1506 4153 1762 4208 honorem
1807 4172 1934 4210 con-

359 4227 647 4294 struendo,
679 4225 820 4296 quod
874 4225 1102 4279 irritum
1156 4227 1363 4294 factum
1391 4229 1471 4279 est
1501 4241 1520 4284 ;
1554 4240 1618 4278 ac
1673 4228 1936 4295 quomodo

360 4301 637 4356 decretum
667 4297 813 4352 illud
843 4297 1113 4352 vialatum
1143 4298 1216 4351 sit
1244 4298 1310 4350 ab
1340 4297 1595 4360 ethnicis,
1652 4300 1750 4368 qui
1780 4300 1936 4354 Libe-

363 4389 489 4426 rum
519 4374 753 4439 patrem,
816 4369 1142 4440 Serapidem
1170 4374 1223 4422 et
1255 4369 1649 4436 Harpocratem
1677 4385 1801 4424 eum
1840 4387 1938 4427 suo

365 4442 756 4516 Cynocephalo,
789 4440 1263 4496 senatusconsulto
1295 4444 1544 4512 rejectos,
1577 4441 1936 4512 impudentis-

364 4518 501 4571 sime
523 4517 904 4570 restituerunt.

2042 3349 2414 3420 imperatoris
2448 3348 2647 3404 fecerit
2676 3348 3056 3403 mentionem.
3084 3347 3346 3402 Laudata
3395 3345 3690 3402 enimvero

2044 3457 2078 3495 a
2103 3438 2372 3494 Cicerone
2398 3438 2491 3493 lex
2520 3437 2800 3493 Romanis
2832 3436 3286 3508 imperatoribus
3319 3433 3490 3506 longe
3518 3439 3689 3490 vetu-

2045 3528 2188 3583 stior
2209 3532 2316 3582 est.
2352 3528 2496 3593 Quid
2529 3543 2688 3598 ergo,
2722 3527 2768 3582 si
2793 3527 3062 3588 dicamus
3093 3527 3164 3581 ab
3195 3528 3448 3581 Auctore
3488 3528 3687 3581 nostro

2044 3617 2414 3688 imperatoris
2448 3617 2680 3671 nomine
2703 3615 2980 3688 appellari
3008 3616 3343 3687 praefectum
3376 3613 3686 3684 exercitus,

2045 3711 2144 3761 aut
2173 3705 2475 3761 consulem
2508 3704 2667 3760 illius
2702 3705 2910 3760 ducem
2941 3705 2968 3757 Ἰ
3002 3703 3268 3759 ίΕιῐιὶιίιιε
3299 3708 3492 3758 autem
3553 3706 3688 3758 Pro-

2044 3795 2153 3849 bus
2182 3794 2431 3864 hujusce
2465 3793 2607 3863 legis
2639 3793 2903 3865 ignarus,
2937 3798 3038 3847 aut
3069 3793 3140 3848 de
3184 3792 3284 3848 illa
3330 3791 3389 3846 in
3442 3790 3683 3863 ancipiti

2045 3883 2227 3956 praelii
2277 3884 2511 3938 fortuna
2570 3883 2717 3937 nihil
2759 3883 3045 3954 cogitans,
3091 3882 3251 3938 vovit
3299 3882 3419 3936 fore
3476 3885 3559 3947 ut,
3635 3879 3685 3936 si

2043 3972 2243 4028 hostes
2258 3973 2739 4038 vinceret,fanum
2766 3974 3132 4027 consecraret
3154 3970 3281 4039 deo,
3312 3968 3405 4024 cui
3435 3969 3694 4024 Alburno

2045 4078 2256 4117 nomen
2290 4066 2434 4117 erat.
2497 4061 2614 4116 Sua
2663 4066 2856 4116 autem
2892 4059 3249 4132 experientia
3281 4059 3517 4130 agnovit
3547 4056 3692 4112 illud

2046 4151 2223 4206 nimis
2254 4167 2509 4222 prisceps
2540 4150 2665 4205 sine
2696 4147 3210 4204 senatusconsulto
3253 4147 3435 4202 fuisse
3473 4150 3694 4202 votum.

2045 4239 2352 4293 Prohibuit
2382 4239 2534 4295 enim
2555 4243 2796 4294 senatus
2822 4237 2932 4291 hoc
2966 4237 3163 4291 fanum
3182 4235 3697 4308 aedificari,quem-

2045 4328 2365 4383 admodum
2398 4326 3022 4399 posteaimpedivit,ne
3052 4324 3342 4390 Christus,
3378 4328 3442 4378 ut
3482 4324 3694 4379 ibidem

2048 4420 2128 4473 ait
2155 4415 2572 4480 Tertullianus,
2606 4416 2750 4470 deus
2782 4413 3222 4468 renuntiaretur
3253 4429 3265 4468 :
3326 4413 3560 4468 tametsi
3593 4413 3696 4468 'l‘i-

2048 4506 2246 4560 borius
2276 4504 2334 4559 id
2366 4505 2740 4559 vehementer
2757 4501 3097 4574 optavisset.

365 4631 640 4687 Ethnicos
657 4627 1064 4685 vehementius
1086 4627 1686 4685 adhucTertullianus
1710 4629 1940 4701 premit,
1977 4617 2019 4681 D
2069 4684 2085 4701 ,
2121 4594 2262 4701 {his
2292 4593 2541 4701 νθτοθξξ
2559 4591 2662 4701 ΨΘ
2681 4587 3486 4701 ξὲξῑξξῖ-Αιξιξῗῐξυῇ
3499 4589 3701 4701 WBG?!

294 4722 580 4792 planeque
610 4717 906 4791 Opprimit.
929 4717 1245 4772 Evidenter
1275 4717 1430 4772 enim
1466 4720 1725 4774 ostendit
1755 4720 1827 4775 ab
1859 4719 1944 4775 eis

293 4829 409 4866 non
441 4810 635 4866 solum
695 4807 1018 4865 sanctiores
1067 4807 1138 4861 de
1172 4807 1346 4862 rebus
1379 4806 1679 4876 humanis,
1712 4811 1813 4864 sed
1874 4810 1943 4864 de

293 4899 510 4960 divinis
532 4899 704 4954 etiam
741 4897 953 4952 ritibus
977 4895 1135 4968 leges
1169 4901 1396 4966 spretae
1430 4900 1486 4950 et
1510 4899 1940 4968 pessumdatas.

291 4989 365 5052 At
394 4987 584 5053 illum,
612 4986 662 5041 si
695 4987 901 5058 placet,
933 4985 995 5040 in
1025 5001 1131 5041 suo
1159 4985 1232 5040 ad
1260 4987 1516 5041 Nationes
1564 4985 1712 5042 libro
1771 5004 1942 5059 argu-

298 5081 656 5130 mentantem
707 5074 1042 5129 audiamus.
1103 5096 1123 5122 α
1156 5073 1381 5129 Atenim
1441 5075 1546 5144 illi,
1581 5075 1791 5147 inquit,
1852 5094 1944 5132 sa-

299 5163 655 5236 pientissimi
688 5178 752 5216 ac
786 5161 1231 5233 prudentissimi
1263 5163 1538 5232 majores,
1570 5182 1818 5236 quorum
1853 5166 1946 5222 in-

295 5253 520 5309 stitutis
553 5251 888 5306 renuntiare
915 5267 1029 5305 non
1065 5249 1272 5317 nostis,
1307 5251 1559 5306 maxime
1608 5254 1666 5307 in
1700 5271 1948 5324 persona

297 5345 538 5398 deorum
571 5344 922 5408 vestrorum,
983 5337 1094 5409 ipsi
1158 5355 1392 5410 quoque
1426 5340 1589 5411 impii
1621 5342 1944 5413 deprehen-

299 5435 539 5488 duntur.
576 5429 845 5499 Mentior,
904 5427 952 5483 si
1008 5444 1312 5499 nunquam
1365 5435 1714 5486 censuerant
1743 5448 1814 5488 ne
1846 5435 1945 5504 qui

302 5522 623 5594 imperator
654 5519 877 5579 fanum.
938 5517 1094 5587 quod
1151 5517 1208 5571 in
1242 5517 1438 5589 praelia
1472 5520 1742 5587 vovisset,
1785 5523 1947 5593 prius

299 5611 646 5678 dedicasset,
715 5623 893 5679 quam
944 5611 1185 5663 senatus
1218 5608 1543 5678 probasset,
1588 5614 1651 5664 ut
1703 5611 1948 5683 contigit

303 5698 381 5756 M.
412 5697 642 5756 {Emilio
703 5695 906 5766 Probo,
959 5693 1059 5767 qui
1091 5699 1326 5752 voverat
1370 5694 1631 5754 Alburno
1659 5699 1787 5759 deo.
1822 5699 1946 5759 Uti-

624 5826 890 5887 Ps'rson.
936 5821 986 5886 Ι.

2054 4684 2232 4739 dubio
2264 4701 2377 4738 non
2429 4682 2627 4738 minus
2674 4680 2929 4736 difficile.
2993 4681 3142 4736 Rara
3197 4680 3490 4751 siquidem
3553 4679 3706 4751 apud

2052 4778 2273 4828 veteres
2316 4771 2535 4826 mentio
2586 4769 2747 4824 illius
2779 4771 3052 4825 occurrit.
3113 4774 3191 4823 Ex
3239 4769 3479 4837 Virgilio
3504 4773 3701 4825 tamen

2053 4861 2339 4918 discimus
2378 4860 2437 4915 in
2476 4859 2734 4914 Lucania
2758 4859 2910 4930 apud
2944 4858 3210 4914 Silariam
3274 4859 3518 4913 fluvium
3576 4875 3706 4914 esse

2056 4956 2336 5019 montem,
2387 4949 2486 5020 qui
2540 4948 2610 5004 ab
2673 4947 2772 5001 illo
2835 4947 3134 5029 Alburnus
3173 4947 3266 5002 his
3295 4947 3562 5003 versibus
3607 4964 3707 5003 vo-

2056 5045 2224 5096 catur
2254 5057 2272 5094 :

2149 5185 2238 5233 Est
2266 5184 2420 5232 lucus
2448 5182 2600 5232 Silari
2624 5183 2765 5230 circa
2795 5181 3110 5245 ilicibusque
3141 5182 3399 5230 virentem

2161 5247 2430 5295 Plurimus
2461 5247 2762 5294 Alburnum
2795 5239 3044 5304 volitans,
3084 5245 3167 5292 cui
3199 5257 3390 5291 nomen
3426 5239 3568 5289 Asilo

2151 5311 2446 5359 Romanum
2479 5313 2576 5370 est,
2608 5309 2844 5358 OEstron
2875 5308 3014 5356 Graii
3049 5311 3251 5355 vertere
3284 5309 3554 5354 vocantes.

2406 5389 2608 5452 (Virgil.
2639 5388 2733 5438 lib.
2768 5399 2820 5436 ιιι
2853 5387 3093 5448 Georg.v,
3127 5390 3145 5434 1
3183 5388 3240 5434 46
3271 5389 3325 5434 et
3353 5384 3526 5447 seqq.)

2058 5528 2131 5579 At
2160 5525 2210 5580 is
2242 5541 2412 5580 mons
2444 5540 2546 5596 pro
2579 5521 2885 5595 gentilium
2919 5535 3079 5574 more
3111 5523 3490 5574 consecratus
3521 5518 3712 5574 fuerat

2057 5613 2232 5670 alicui
2263 5615 2390 5679 dco,
2422 5613 2515 5668 cui
2544 5609 2789 5666 Alburni
2822 5625 3031 5663 nomen
3079 5608 3448 5680 impositum,
3482 5614 3539 5663 et
3597 5607 3716 5663 Me-

2055 5702 2232 5761 tellus
2255 5705 2458 5760 fanum
2480 5715 2682 5758 vovere
2698 5697 2910 5772 potuit.
2942 5698 3140 5772 Neque
3170 5697 3424 5770 mireris,
3469 5699 3519 5754 si
3561 5711 3724 5755 nunc

3321 5828 3398 5891 35
