4162 6384
478 358 635 420 1099

994 353 1517 417 ΤΕΗΤΗΙΛΛΑΝΙ
1563 355 1883 417 OPEHUM
1931 357 2124 415 PARS

2252 390 2324 399 -—-
2367 353 2637 416 SERIES
2683 351 2730 425 l,
2779 349 3335 413 APOLOGE'I‘ICA.

3730 339 3912 409 “00

474 491 620 546 deus
649 489 745 543 ille
766 489 839 544 sit
871 488 1241 559 incognitus;
1273 488 1498 558 topicue
1533 489 1750 560 quippe
1781 489 1924 544 deus
1966 492 2110 543 erat.
2145 493 2197 557 Α
2230 487 2468 542 modum
2491 484 2887 542 Tertullianus
2927 501 2989 540 se
3016 488 3221 557 postea
3266 481 3456 539 fusius
3505 483 3912 538 demonstra-

472 584 548 634 Μ,
576 578 636 633 hi
666 577 768 648 dii,
803 581 866 631 ut
897 577 1166 632 observat
1221 578 1480 644 Servius,
1526 594 1642 632 non
1675 578 2008 633 transibant
2050 579 2121 633 ad

473 667 619 723 alias
649 665 936 738 regiones,
970 682 1035 720 ac
1067 666 1308 736 proinde
1339 667 1432 721 vix
1461 665 1614 732 aliis,
1649 683 1827 738 quam
1862 667 2121 723 locorum

473 753 680 810 incolis
710 753 831 810 noti
863 760 1034 809 eraaet
1063 756 1240 825 (Serv.
1275 755 1331 808 in
1363 753 1464 809 lib.
1497 772 1575 809 vn
1607 756 1848 826 AEneizi).

549 865 670 918 Duo
700 866 897 916 autem
937 867 1288 933 argumenta
1343 867 1545 917 contra
1590 863 1852 918 ethnicos
1893 862 2120 917 Tertul-

474 953 671 1009 lianus
696 952 831 1008 inde
860 953 1031 1007 eruit.
1064 952 1257 1007 Primo
1304 954 1459 1008 enim
1507 954 1641 1008 inde
1688 953 2122 1008 evidentissima

479 1041 777 1100 concludit
803 1041 943 1097 deos
971 1041 1276 1113 gentilium
1307 1043 1490 1098 factos
1529 1059 1656 1097 esse
1683 1059 1784 1112 pro
1818 1041 2121 1096 hominum

481 1130 777 1188 voluntate
799 1134 855 1184 et
886 1130 1192 1195 arbitratu,
1224 1135 1397 1200 atque
1430 1130 1641 1184 idcirco
1676 1129 1902 1184 nullum
1953 1147 2123 1200 posse

481 1219 790 1292 gentilium
821 1235 951 1275 esse
984 1219 1180 1286 deum,
1213 1218 1324 1272 nisi
1353 1218 1578 1274 homini
1613 1218 1914 1290 placuerit.
1948 1218 2123 1289 Atqui

481 1325 717 1366 summa
747 1307 1018 1380 impietas
1051 1312 1140 1363 est
1173 1306 1393 1379 ullipro
1417 1307 1724 1363 hominum
1749 1307 1989 1363 arbitrio
2021 1306 2121 1361 tri-

482 1401 655 1456 buere
685 1399 1071 1455 divinitatem.
1107 1399 1288 1453 Verus
1320 1397 1613 1467 siquidem
1651 1400 1800 1452 Deus
1831 1415 1863 1452 a
1894 1414 1956 1452 se
1996 1396 2122 1468 ipso

479 1495 536 1544 et
563 1488 936 1560 omnipotens
966 1491 1074 1552 est,
1107 1492 1280 1557 atque
1329 1485 1457 1540 ideo
1491 1485 1634 1540 nulli
1665 1487 1986 1555 subjectus,
2021 1485 2120 1540 sed

477 1575 563 1631 illi
595 1576 862 1646 subjecta
895 1579 1032 1629 sunt
1054 1573 1506 1629 omnia.Ethnici
1537 1590 1672 1645 ergo
1706 1573 1864 1628 nulla
1886 1589 2124 1643 prorsus

478 1664 624 1737 lege,
652 1663 766 1720 nisi
823 1661 1218 1734 iniquissima,
1289 1662 1600 1718 decernere
1664 1667 1999 1733 potuerunt,
2061 1667 2126 1716 ut

479 1753 816 1823 Christiani,
850 1752 1063 1823 rejecto
1094 1752 1212 1806 veri
1257 1751 1353 1805 Dei
1387 1749 1571 1817 cultu,
1617 1752 1798 1806 factos
1830 1751 1902 1806 ab
1932 1749 2121 1805 homi-

2230 579 2425 630 turum
2453 575 2776 647 pollicetur.
2806 574 2922 628 Nos
2953 589 3085 628 vero
3125 573 3195 627 de
3234 571 3470 628 illorum
3529 587 3559 626 c
3585 587 3685 626 um
3717 585 3909 626 ever-

2231 663 2394 718 sione
2442 669 2567 718 tum
2626 661 2998 718 renovatione
3073 661 3345 732 quaedam
3403 660 3466 714 in
3523 664 3728 715 nostra
3819 659 3913 712 de

2230 735 2455 806 Minutii
2505 752 2740 808 Octavio
2799 749 3213 806 dissertatione
3262 749 3675 804 adnotavimus
3739 747 3910 817 (Dis-

2227 847 2421 895 sertat.
2455 843 2515 895 in
2547 843 2746 898 Minui.
2811 840 2993 896 Octav.
3056 855 3184 911 cap.
3227 839 3319 906 22,
3357 843 3467 893 art.
3504 837 3584 908 1),
3613 840 3673 892 et
3728 835 3908 890 infra

2231 928 2422 983 adhuc
2451 928 2912 984 observabimus.

2303 1017 2531 1072 Ethnici
2563 1017 2762 1089 igitur,
2786 1015 2888 1088 qui
2918 1015 3057 1071 deos
3105 1031 3243 1071 suos
3294 1013 3375 1070 ita
3432 1012 3902 1085 repudiaverunt

2232 1110 2288 1160 et
2311 1106 2709 1171 restituerant,
2743 1105 2830 1159 fas
2852 1119 3156 1174 nunquam
3186 1102 3298 1158 fuit
3327 1100 3710 1166 Christianos,
3776 1115 3902 1155 nec

2233 1196 2484 1265 auditos,
2524 1211 2629 1250 nec
2673 1195 2944 1250 defensos
3001 1193 3129 1249 ideo
3162 1193 3552 1249 condemnare
3593 1196 3651 1245 et
3698 1190 3899 1245 inter-

2232 1288 2422 1357 ficere,
2482 1285 2621 1357 quia
2675 1301 2876 1340 verum
2931 1283 3113 1340 Deum
3165 1297 3482 1353 veramque
3535 1280 3896 1352 religionem

2233 1392 2402 1432 suam
2434 1390 2644 1445 negare
2675 1378 2732 1430 et
2761 1373 3031 1428 abdicare
3067 1371 3365 1428 nolebant.
3392 1370 3502 1426 Sed
3564 1369 3621 1423 id
3667 1368 3897 1445 adhuc

2233 1444 2610 1520 conﬁrmatur
2639 1461 2822 1527 exiis,
2857 1478 2983 1533 qua:
3008 1460 3319 1517 retulimus
3350 1459 3408 1514 in
3453 1457 3568 1512 alia
3598 1444 3898 1513 disserta-

2234 1553 2388 1608 tione
2419 1553 2670 1623 (Dissert.
2707 1553 2766 1607 in
2811 1549 3011 1606 Arnob.
3044 1567 3112 1606 ca
3141 1567 3200 1622 p.
3258 1549 3313 1618 5,
3359 1551 3468 1603 art.
3502 1548 3528 1601 1
3562 1551 3619 1602 et
3668 1548 3898 1617 seqq.),

2235 1641 2333 1696 ubi
2366 1641 2747 1713 patefecimus
2780 1644 3000 1711 quanta
3032 1638 3119 1694 illi
3151 1638 3398 1694 audacia
3448 1651 3663 1703 mores,
3722 1633 3898 1707 leges

2233 1734 2289 1786 et
2309 1730 2578 1785 instituta
2607 1729 2783 1784 etiam
2817 1728 3135 1785 sacratiora
3192 1723 3678 1797 contempserint,
3723 1724 3893 1779 labe-

483 1843 657 1898 nibus
681 1842 820 1898 deos
877 1842 1207 1907 adorarent,
1253 1857 1422 1895 secus
1446 1856 1578 1894 vero
1611 1839 1695 1894 illi
1727 1840 1902 1895 etiam
1954 1839 2122 1894 inau-
2151 1863 2198 1928 Β
2233 1819 2505 1875 metari“
2535 1825 2590 1874 et
2621 1817 3050 1890 abrogaverim-

485 1931 590 1986 diti
621 1930 1110 1984 interﬁcerentur.
1148 1929 1420 1984 Secundo
1453 1929 1589 1983 inde
1619 1927 1843 1999 colligit
1889 1926 2124 1982 Tertul-

487 2018 682 2074 lianus
703 2022 869 2072 vetus
899 2017 1040 2071 illud
1094 2017 1164 2071 de
1204 2017 1365 2072 novis
1398 2017 1512 2071 diis
1545 2033 1659 2071 non
1686 2016 2126 2071 introducendis

487 2107 786 2162 decretum
834 2105 906 2160 ab
963 2105 1235 2176 ipsismet
1286 2104 1609 2176 gentilibus
1674 2104 1975 2170 violatum,
2026 2103 2126 2174 qui

489 2194 693 2250 I005
727 2193 850 2266 pari
881 2192 1114 2248 licentia
1145 2194 1283 2248 deos
1315 2193 1453 2248 olim
1505 2194 1689 2248 factos
1721 2194 2126 2263 repudiarunt,

489 2299 555 2340 ac
575 2283 906 2355 repudiatos
939 2283 1490 2336 restitueruntNam
1521 2306 1538 2330 α
1581 2283 1850 2336 Liberum
1877 2289 2124 2352 patrem,

488 2378 551 2427 ut
583 2371 676 2427 ille
733 2372 832 2439 ait,
891 2387 1026 2427 cum
1085 2371 1375 2442 mysteriis
1431 2371 1554 2425 suis
1587 2371 1856 2425 consules
1889 2375 2128 2424 senatus

487 2460 831 2517 auctoritate
889 2477 1002 2515 non
1060 2461 1233 2514 modo
1266 2459 1437 2527 Urbe,
1473 2459 1580 2512 sed
1642 2459 1912 2514 universa
1967 2456 2133 2512 Italia

485 2549 939 2605 eliminaverunt
971 2570 1000 2596 ››
1062 2547 1329 2618 (Tertull.
1391 2549 1662 2618 Apologet.
1723 2563 1772 2603 c.
1804 2550 1858 2614 6,
1895 2564 1949 2618 p.
1983 2547 2128 2614 304).

492 2639 624 2701 Quae
659 2636 896 2708 quidem
931 2635 1027 2690 ille
1059 2635 1170 2689 alio
1199 2634 1258 2688 in
1289 2634 1436 2690 libro
1495 2634 1703 2689 iisdem
1736 2651 1881 2704 pene
1937 2633 2131 2689 verbis

487 2725 696 2797 repetit
724 2723 850 2796 (lib.
883 2741 900 2777 ι
938 2723 1007 2778 ad
1041 2725 1259 2777 Nation.
1305 2739 1432 2792 cap.
1467 2723 1550 2791 10,
1583 2739 1711 2793 pag.
1745 2723 1892 2792 573).
1927 2723 2132 2776 Totam

493 2821 689 2871 autem
741 2813 890 2868 hanc
944 2812 1249 2867 historiam
1291 2818 1560 2867 accurate
1592 2817 1789 2867 narrat
1821 2811 2031 2877 Livius,
2067 2827 2132 2866 ac

491 2903 744 2976 quando,
778 2920 894 2972 qua
924 2901 1249 2970 occasione,
1276 2906 1331 2955 et
1363 2901 1652 2971 quomodo
1703 2919 1734 2955 a
1798 2898 2135 2955 Posthumio

494 2990 728 3048 consule
763 2991 1013 3046 nefanda
1044 2989 1454 3060 horrendaque
1485 2990 1752 3054 crimina,
1786 3006 1911 3059 quae
1945 2989 2003 3043 in
2043 2987 2137 3042 his

497 3080 874 3138 exsecrandis
905 3079 1086 3134 sacris
1128 3085 1297 3134 noctu
1334 3081 1836 3150 perpetrabantur,
1867 3079 1988 3132 sint
2043 3094 2134 3132 re-

497 3175 850 3242 tecta,atque
881 3187 1008 3225 eam
1040 3170 1112 3224 ob
1135 3185 1372 3224 causam
1406 3168 1913 3224 senatusconsulto
1948 3168 2136 3222 Romae

499 3265 740 3331 totaque
769 3258 829 3314 in
860 3257 1029 3314 Italia
1053 3258 1288 3329 penitus
1328 3257 1606 3328 abrogata
1638 3257 1986 3326 sublataque
2020 3256 2137 3310 fue-

501 3350 618 3404 rint
647 3347 790 3420 (Liv.
848 3346 951 3401 lib.
1013 3349 1263 3413 xxxix,§
1318 3347 1374 3411 9,
1408 3363 1593 3416 usque
1649 3346 1718 3400 ad
1778 3346 1885 3416 19).
1918 3348 2134 3408 Quam-

498 3438 699 3492 obrem
729 3440 879 3491 recte
933 3436 1296 3506 Augustinus
1350 3452 1362 3489 :
1431 3457 1459 3484 «
1496 3436 1623 3489 llaec
1654 3439 1874 3503 postea,
1921 3432 2132 3503 inquit,

497 3525 924 3596 displicuerunt
957 3523 1184 3578 senatui
1221 3523 1457 3588 saniori,
1490 3529 1546 3576 et
1575 3541 1641 3577 ea
1664 3524 1845 3593 jussit
1877 3521 2131 3577 auferri»

494 3616 765 3684 (August.
797 3610 898 3666 lib.
932 3629 983 3665 v1
1015 3612 1078 3666 de
1111 3612 1266 3666 Civil.
1295 3629 1418 3682 cap.
1450 3613 1506 3676 9,
1539 3627 1669 3682 pag.
1706 3612 1848 3681 156).

560 3716 770 3772 Contra
824 3733 956 3772 vero
989 3733 1002 3770 :
1037 3738 1064 3764 ‹‹
1098 3717 1456 3787 Serapidem,
1510 3716 1590 3770 ait
1652 3716 1843 3771 adhuc
1918 3722 2134 3771 Auctor

494 3810 716 3875 noster,
739 3811 797 3861 et
821 3805 1059 3872 Isidem,
1091 3810 1147 3859 et
1177 3809 1614 3875 Harpocratem,
1652 3821 1785 3860 cum
1819 3821 1925 3860 suo
1947 3805 2130 3878 Cyno-

489 3892 752 3966 cephalo,
787 3893 1067 3966 Capitolio
1099 3893 1443 3964 prohibitos,
1479 3893 1532 3946 id
1566 3897 1675 3959 est,
1699 3892 1862 3947 curia
1890 3895 2129 3948 deorum

491 3982 853 4056 pulsos,Piso
883 3987 939 4038 et
967 3980 1251 4037 Gabinius
1281 3979 1569 4046 consules,
1605 3998 1718 4036 non
1751 3981 1950 4052 utique
1972 3981 2128 4036 Chri-

491 4072 689 4142 stiani,
738 4071 951 4127 eversis
1007 4071 1185 4127 etiam
1247 4070 1362 4124 aris
1388 4088 1606 4136 eorum,
1691 4071 2125 4137 abdicaverunt,

491 4162 752 4232 turpium
783 4167 841 4216 et
870 4161 1188 4216 otiosarum
1241 4161 1728 4230 superstitionum
1786 4159 1923 4214 vitia
1966 4159 2127 4214 cohi-

489 4249 694 4306 bentes
729 4249 1044 4318 «(TertulL
1104 4249 1402 4319 Apologet.,
1455 4265 1502 4302 c.
1537 4250 1591 4314 6,
1651 4264 1779 4319 pag.
1825 4248 1967 4316 305).
2017 4249 2126 4304 Sed

490 4337 612 4394 hinc
634 4336 806 4408 paulo
835 4337 932 4393 ille
988 4337 1226 4392 uberius
1258 4337 1315 4390 in
1357 4336 1468 4390 alio
1512 4337 1681 4403 libro,
1716 4337 1800 4390 uti
1833 4342 1888 4390 et
1920 4342 2124 4392 testem

488 4426 808 4483 Varronem
836 4425 994 4482 hunc
1026 4425 1082 4479 in
1137 4425 1376 4479 modum
1445 4425 1641 4478 citavit
1675 4442 1687 4480 :
1725 4445 1750 4475 α
1787 4425 2126 4496 Serapidem

488 4522 546 4571 et
575 4517 788 4572 Isidem
818 4519 876 4570 et
927 4517 1301 4586 Arpocratem
1351 4521 1406 4568 et
1437 4513 1748 4579 llanubim,
1803 4514 2128 4583 prohibitos

2843 1959 3080 2016 CAPUT
3121 1960 3252 2015 XIX.

2235 2061 2306 2116 De
2336 2060 2546 2130 legibus
2567 2061 2624 2114 in
2664 2059 3007 2130 Christianos
3067 2056 3232 2130 datis,
3268 2064 3320 2111 ει
3364 2056 3773 2124 imperatorum
3832 2056 3895 2109 in

2750 2145 2837 2186 eos
2872 2129 2996 2184 odio
3027 2129 3109 2184 vel
3137 2131 3349 2198 favore.

2768 2261 2971 2300 ARTICU
2982 2260 3087 2300 LUS
3125 2259 3365 2299 PRIMUS.

2239 2345 2509 2413 Quomodo
2540 2341 2914 2399 Tertullianus
2944 2343 3187 2397 ostendat
3217 2343 3428 2410 primas
3461 2341 3522 2397 in
3545 2339 3897 2394 Christianos

2310 2418 2452 2484 leges
2483 2417 2622 2470 latas
2680 2431 2797 2470 esse
2843 2415 3108 2469 aNerone
3135 2415 3475 2481 nequissimo
3534 2415 3896 2482 imperatore,

2310 2505 2372 2542 ac
2403 2488 2606 2542 1000
2641 2485 2884 2541 deindea
2915 2485 3246 2550 Domitiano,
3293 2484 3632 2540 Neronianae
3688 2485 3895 2537 erute-

2312 2560 2481 2612 litatis
2508 2561 2760 2628 portione
2783 2575 2805 2619 ;
2835 2558 2932 2628 qui
2985 2562 3172 2612 tamen
3197 2572 3282 2611 eos
3329 2557 3587 2622 restituit,
3619 2571 3752 2625 quos
3807 2571 3895 2609 rc-

2313 2632 2602 2700 legaverat.

2311 2745 2461 2799 Satis
2485 2744 2715 2799 abunde
2758 2741 3159 2798 Tertullianus
3218 2742 3641 2798 demonstravit
3702 2757 3889 2812 quam

2243 2833 2496 2888 absurde
2523 2831 2741 2887 ethnici
2773 2833 2844 2886 ad
2877 2832 3168 2886 vexandos
3224 2837 3280 2886 et
3331 2831 3680 2886 occidendos
3723 2830 3896 2885 Chri-

2245 2922 2467 2978 stianos
2499 2921 2624 2976 suis
2650 2937 2711 2975 se
2733 2919 2961 2990 legibus
3009 2919 3295 2992 obstringi
3340 2925 3748 2986 causarentur,
3783 2921 3893 2990 qui

2248 3012 2533 3080 majorum
2565 3024 2809 3064 suorum
2839 3007 3132 3076 instituta,
3184 3024 3376 3063 mores
3423 3025 3488 3063 ac
3540 3006 3700 3078 leges
3749 3024 3895 3062 san-

2247 3101 2454 3155 ctiores
2501 3099 2766 3170 impune,
2796 3102 2895 3152 aut
2933 3096 3250 3166 violabant,
3282 3101 3384 3152 aut
3443 3097 3896 3167 adspernabano

2251 3195 2365 3244 tur.
2401 3189 2743 3244 Laudabant
2773 3186 2928 3242 enim
2960 3191 3199 3254 veteres,
3232 3187 3332 3241 sed
3367 3201 3500 3242 nove
3553 3187 3619 3240 de
3668 3185 3759 3240 die
3809 3187 3899 3240 vi-

2249 3278 2478 3345 vebant,
2507 3276 2588 3331 ait
2615 3277 2829 3330 Auctor
2858 3279 3076 3340 noster,
3126 3279 3302 3344 atque
3351 3272 3588 3330 exclusa
3636 3274 3900 3345 negotiis

2244 3372 2300 3421 et
2325 3364 2532 3420 otficiis
2563 3364 2929 3433 antiquitate,
2953 3364 3341 3418 venerandam
3375 3368 3609 3434 patrum
3639 3379 3895 3418 suorum

2244 3453 2652 3510 auctoritatem
2685 3452 3147 3525 pessumdabant
3177 3451 3549 3523 (Tertullian.
3605 3453 3894 3522 Apologct.

2243 3561 2369 3614 cap.
2401 3544 2455 3609 6,
2511 3557 2641 3614 pag.
2700 3542 2847 3611 305).
2900 3540 3009 3596 Sed
3068 3539 3190 3596 haec
3232 3539 3330 3595 ille
3351 3541 3548 3596 omnia
3577 3540 3690 3594 sibi
3742 3541 3896 3594 satis

2242 3649 2506 3703 esseInon
2540 3628 3663 3702 putavit,ipsumquepetitaccusationis
3685 3635 3895 3700 caput.

2241 3719 2612 3774 Manifestum
2638 3717 2836 3787 itaque
2868 3715 3004 3771 facit
3044 3717 3216 3772 datas
3238 3716 3298 3770 in
3329 3716 3694 3771 Christianos
3727 3715 3896 3786 leges

2241 3824 2369 3864 esse
2398 3807 2825 3878 iniquissimus,
2857 3813 2909 3859 et
2939 3809 3189 3860 statutas
3221 3823 3254 3860 a
3282 3805 3556 3877 pessimis
3585 3821 3652 3861 ac
3701 3805 3892 3860 scele-

2240 3896 2554 3953 ratissimis
2602 3894 2990 3966 principibus.
3048 3895 3247 3965 Neque
3313 3895 3512 3950 minus
3585 3893 3896 3949 evidenter

2239 3987 2601 4040 demonstrat
2632 3985 2812 4040 bonos
2843 3984 3089 4054 piosque
3120 3983 3416 4055 principes
3449 3981 3537 4038 vel
3569 3999 3891 4054 nunquam

2237 4075 2295 4128 in
2327 4075 2688 4131 Christianos
2720 4073 2998 4139 saeviisse,
3039 4081 3136 4128 aut
3169 4088 3475 4143 nunquam
3536 4071 3896 4144 praecepisse

2237 4163 2294 4218 in
2329 4180 2427 4218 eos
2476 4161 2686 4218 saeviri.
2746 4161 2908 4224 Quod
2966 4160 3204 4232 quidem
3248 4159 3351 4215 ille
3375 4162 3797 4232 imperatorum
3862 4178 3898 4216 a

2236 4252 2581 4307 Christianze
2612 4249 2912 4322 religionis
2934 4249 3100 4304 initio
3127 4249 3197 4305 ad
3230 4265 3406 4304 suum
3438 4265 3626 4320 usque
3649 4253 3898 4320 tempus

2237 4341 2395 4397 brevi
2428 4340 2767 4394 inductione
2825 4338 3084 4393 ostendit
3124 4339 3332 4409 (Idem,
3393 4336 3499 4393 lib.
3549 4355 3566 4392 ι
3621 4338 3701 4393 ad
3758 4339 3894 4394 Nat.

2237 4446 2362 4501 cap.
2400 4432 2486 4496 10,
2523 4445 2654 4500 pag.
2682 4429 2831 4499 572).

2308 4518 2412 4573 Ubi
2437 4518 2729 4573 enimvero
2778 4515 3177 4572 Christianum
3227 4530 3442 4572 nomen
3473 4515 3532 4570 in
3587 4515 3890 4570 mundum

488 4604 768 4675 Capitolio
800 4603 978 4660 Varro
1011 4608 1452 4672 commemorat,
1487 4618 1808 4673 eorumque
1840 4609 2066 4658 statuas
2097 4619 2130 4658 a
2160 4593 2206 4658 D
2240 4606 2559 4679 pervulgari
2592 4605 2766 4676 coepit
2793 4605 3280 4677 (tdem,Apologoi.
3315 4619 3443 4676 cap.
3476 4603 3531 4672 5,
3566 4619 3696 4675 pag.
3730 4604 3890 4674 290),

488 4698 701 4749 senatu
734 4692 1034 4761 disjectas,
1072 4707 1182 4746 non
1210 4690 1321 4746 nisi
1357 4708 1458 4762 per
1482 4692 1596 4745 vim
1632 4690 2006 4762 popularium
2038 4709 2160 4746 re-~

493 4784 748 4837 structas
783 4798 796 4849 ;
831 4782 930 4836 sed
953 4788 1151 4835 tamen
1184 4780 1465 4834 Gabinius
1499 4779 1700 4834 consul
1741 4779 2004 4835 kalendis
2033 4781 2129 4835 Ja-

494 4868 684 4924 nuarii
725 4885 856 4924 cum
901 4868 993 4923 vix
1022 4867 1244 4922 hostias
1289 4871 1562 4938 probaret
1591 4885 1702 4938 pra:
1762 4868 2130 4940 popularium

497 4963 679 5024 coetu,
711 4959 849 5029 quia
881 4957 1025 5010 nihil
1050 4959 1119 5011 de
1149 4957 1422 5026 Serapide
1453 4964 1508 5011 et
1541 4957 1689 5011 Iside
1711 4956 2130 5027 constituisset,

494 5047 780 5120 potiorem
813 5047 1017 5101 habuit
1046 5052 1285 5101 senatus
1318 5063 1652 5112 censuram,
1716 5063 1892 5114 quam
1954 5048 2132 5116 impe-

489 5141 617 5192 tum
643 5135 824 5207 vulgi,
857 5140 915 5189 et
970 5151 1100 5189 aras
1133 5133 1361 5188 institui
1395 5134 1696 5205 prohibuit
1728 5156 1756 5184 ››
1792 5135 1974 5203 Idem,
2026 5134 2128 5188 lib.

491 5243 508 5280 1
543 5225 613 5280 ad
642 5226 789 5281 Ναί..
827 5241 955 5295 cap.
983 5225 1068 5292 10,
1099 5239 1228 5294 pag.
1277 5224 1425 5292 575).

563 5315 678 5370 Sed
739 5313 1172 5370 animadvertas
1219 5311 1392 5366 velim
1450 5327 1578 5382 qua:
1637 5311 1809 5365 fuerit
1863 5311 2130 5366 etiamin

486 5404 663 5458 rebus
723 5401 907 5458 sacris
955 5400 1349 5456 inconstantia
1377 5407 1431 5453 et
1466 5398 1766 5453 insulsitas
1798 5399 2130 5470 gentilium,

486 5507 585 5562 qui
620 5497 934 5562 postquam
967 5487 1310 5559 turpissima
1331 5504 1398 5543 ac
1421 5487 1591 5558 plane
1623 5487 1971 5541 detestanda
2015 5489 2132 5542 haec

485 5580 777 5649 Serapidis
811 5578 1086 5650 mysteria
1105 5577 1239 5646 jure
1270 5584 1390 5632 tam
1439 5577 1643 5631 merito
1726 5575 2130 5645 sustulissent,

491 5691 726 5734 summa
755 5681 950 5735 tamen
983 5675 1281 5747 impietate
1313 5674 1804 5744 instauraverunt,
1845 5675 2132 5747 quemad-

2237 4701 2362 4750 tum
2396 4694 2662 4750 Tiberius
2690 4693 3028 4765 imperator,
3063 4693 3148 4747 uti
3181 4691 3454 4763 superius
3513 4690 3890 4746 animadver-

2238 4786 2420 4839 timus
2479 4785 2663 4855 (supr.
2717 4800 2845 4854 cap.
2890 4783 2948 4848 8,
2985 4785 3096 4838 art.
3139 4782 3219 4853 4),
3251 4780 3434 4836 voluit
3484 4780 3783 4836 Christum
3826 4781 3890 4836 in

2239 4875 2480 4929 deorum
2513 4889 2826 4928 numerum
2857 4873 3090 4937 referre,
3137 4888 3202 4926 ac
3226 4869 3494 4942 quamvis
3550 4870 3892 4942 prohibitus

2240 4963 2317 5018 sit
2346 4981 2381 5017 τι
2436 4968 2664 5029 senatu,
2693 4965 2752 5016 in
2811 4977 2920 5017 sua
2972 4965 3173 5015 tamen
3202 4959 3530 5030 permansit
3570 4959 3889 5014 sententia.

2238 5056 2485 5106 Tantum
2519 5051 2713 5121 itaque
2743 5051 2927 5114 abest,
2961 5054 3026 5104 ut
3057 5049 3314 5120 aliquam
3349 5047 3548 5103 tulerit
3568 5048 3627 5103 in
3684 5047 3890 5103 Chris-

2239 5141 2461 5197 stianos
2493 5139 2700 5211 legem,
2759 5138 2901 5209 quin
2961 5136 3156 5210 potius
3188 5153 3391 5193 eorum
3441 5137 3891 5203 accusatoribus,

2239 5229 2432 5300 inquit
2459 5226 3231 5298 Tertullianus,periculum,
3265 5242 3447 5298 poenae
3503 5225 3777 5281 videlicet
3831 5234 3895 5282 et

2240 5316 2533 5388 supplicii,
2557 5315 2951 5371 comminatus
2979 5314 3152 5370 tuerit
3182 5313 3446 5385 (Tertull.
3480 5313 3667 5380 ibid.).

2311 5406 2507 5476 Neque
2556 5404 2732 5459 etiam
2791 5408 3008 5458 Auctor
3065 5409 3264 5459 noster
3320 5419 3584 5474 unquam
3634 5403 3899 5460 credidit

2241 5495 2560 5567 quidquam
2593 5511 2626 5548 a
2658 5491 2920 5563 Caligula
2939 5499 2996 5548 et
3026 5491 3267 5548 Claudio
3311 5491 3770 5563 imperatoribus
3823 5492 3893 5549 in

2239 5585 2474 5639 eosdem
2529 5581 2890 5638 Christianos
2939 5581 3260 5637 decretum.
3319 5581 3389 5636 Et
3453 5579 3609 5636 enim
3659 5580 3894 5639 ibidem

2242 5673 2499 5745 adjecit:
2560 5694 2588 5724 «
2648 5669 2951 5730 Consulite
2989 5669 3441 5730 commentarios
3465 5675 3718 5744 vestros,
3763 5669 3896 5732 illic
