4162 6378
267 399 414 459 1101

1173 401 1245 459 D.
1292 400 1389 460 LE
1435 397 1761 461 NOIIRRY
1806 393 2455 457 OBSERVATIONES
2501 396 2761 458 NOV/E.

3514 399 3671 460 1102

258 529 561 603 reperietis
593 532 849 603 primum
882 532 1169 589 Neronem
1201 532 1261 588 in
1296 532 1444 589 hanc
1499 536 1743 597 sectam,
1776 546 1909 585 cum
1942 540 1994 604 Α
2094 531 2169 585 At
2201 531 2471 602 quamvis
2504 529 2723 585 ethnici
2754 529 2953 585 omnia
2997 531 3122 602 ejus
3154 534 3285 587 acta
3340 535 3397 586 et
3445 532 3679 589 decreta

260 622 514 679 maxime
564 628 759 678 Remis
805 622 1109 690 orientem,
1151 624 1476 680 Caesariano
1527 622 1720 695 gladio
1766 621 1914 675 fero-

259 713 408 769 cisse
440 734 468 763 »
512 711 876 784 (Tertullian.
946 712 1057 768 loc.
1092 713 1238 784 cit.).
1272 713 1388 769 Nos
1440 729 1573 767 vero
1632 712 1785 766 infra
1814 727 1914 765 ex-

262 801 611 873 plicabimus
643 820 748 858 cur
777 802 966 875 prima
996 802 1464 859 Christianorum
1494 801 1819 875 persecutio
1842 800 1914 854 ab

260 891 368 947 hoc
399 892 753 964 imperatore
783 892 1073 947 concitata
1104 893 1336 949 dicatur
1365 894 1615 963 (Dissert.
1664 893 1725 944 in
1782 891 1911 944 Luc.

268 980 449 1036 Caecil.
484 980 586 1039 lib.
617 982 683 1036 de
712 986 875 1037 mort.
910 984 1145 1052 Persec.,
1184 998 1310 1054 cap.
1343 983 1397 1049 6,
1432 986 1538 1037 art.
1578 983 1647 1048 1).
1696 981 1915 1044 Quam-

266 1071 467 1125 obrem
524 1069 673 1126 illud
750 1075 982 1126 tantum
1048 1072 1491 1127 observabimus
1560 1070 1914 1142 quibusdam

265 1157 456 1214 visum
488 1159 671 1215 fuisse
716 1159 809 1215 his
839 1161 1053 1227 verbis,
1102 1162 1523 1216 commentarios
1567 1163 1788 1226 vestros,
1842 1157 1912 1213 ab

266 1251 515 1303 Auctore
574 1254 777 1304 nostro
817 1250 1112 1321 designari
1159 1253 1259 1304 aut
1305 1248 1549 1304 Cornelii
1582 1248 1767 1303 Taciti
1797 1249 1913 1302 An-

264 1337 449 1405 nales,
480 1342 582 1393 aut
622 1339 815 1409 potius
845 1338 1201 1410 descriptam
1236 1356 1269 1393 a
1329 1338 1607 1394 Suetonio
1668 1336 1912 1395 Neronis

264 1427 461 1482 vitam.
507 1426 653 1481 Nam
702 1426 841 1482 alibi
890 1427 987 1483 ille
1040 1427 1204 1499 dixit,
1254 1429 1402 1484 Vitas
1445 1431 1726 1484 Cwsarum
1773 1427 1914 1495 legi-

263 1532 424 1577 mus;
455 1516 721 1572 orientem
742 1517 901 1587 ﬁdem
919 1519 1137 1588 primus
1158 1519 1295 1573 Nero
1317 1518 1623 1573 cruentavit
1644 1516 1911 1585 (Tertull.

263 1606 325 1661 de
355 1607 544 1677 Scorp.
578 1623 706 1679 cap.
740 1606 852 1678 15).
894 1607 1008 1662 Nec
1042 1624 1282 1679 prorsus
1333 1608 1802 1680 quidem_inepta
1831 1605 1914 1660 vi-

266 1696 435 1750 detur
463 1695 583 1751 haec
616 1696 974 1766 conjectura.
1010 1697 1119 1751 Sed
1149 1696 1287 1768 quid
1322 1693 1915 1768 impedit,quomiuus

268 1785 825 1841 commentariorum
849 1787 1084 1841 nomine
1106 1786 1298 1841 adhuc
1320 1787 1917 1855 denotaveritiarcana

2016 620 2153 689 jure
2203 620 2412 675 merito
2472 619 2837 686 resciderint,
2886 636 3035 676 casco
3085 625 3283 675 tamen
3336 619 3570 676 illorum
3620 622 3679 677 in

2024 707 2386 763 Christianos
2419 709 2611 765 furore
2653 709 2871 764 factum
2904 714 3011 775 est,
3043 718 3125 779 ut,
3175 711 3350 764 erasis
3401 712 3679 781 omnibus,

2025 798 2220 852 solum
2251 798 2497 853 Neronis
2532 800 2590 852 in
2641 798 2772 853 illos
2823 799 3104 853 decretum
3140 802 3539 869 permanserit.
3572 800 3680 855 Sed

2023 886 2418 943 Tertullianus
2447 904 2647 943 eorum
2706 886 3000 942 insaniam
3045 886 3343 943 irridendo
3404 886 3675 945 addidit:

2016 979 2234 1045 justam
2266 977 2524 1047 quidem,
2560 984 2621 1031 ut
2663 978 2931 1032 dissimile
2974 978 3064 1032 sui
3092 979 3351 1044 auctoris,
3402 978 3510 1033 hoc
3562 983 3671 1045 est,

2023 1070 2143 1120 tam
2178 1065 2471 1136 iniquum,
2505 1082 2682 1136 quam
2717 1066 2955 1137 ipsimet
2986 1065 3167 1137 impio
3194 1066 3427 1136 Neroni,
3460 1072 3517 1123 et
3538 1066 3671 1124 aliis

2025 1153 2293 1209 nefandis
2326 1155 2451 1223 ejus
2484 1154 2655 1210 factis
2685 1172 2751 1210 ac
2778 1153 2972 1209 simile
3004 1155 3133 1209 fuit.

2096 1260 2470 1332 Prosequitur
2518 1260 2919 1317 Tertullianus
2960 1278 2973 1317 :
3007 1284 3035 1311 «
3061 1266 3409 1317 Tentaverat
3450 1266 3507 1318 et
3556 1264 3670 1319 Do-

2024 1350 2326 1421 mitianus,
2359 1351 2547 1422 portio
2578 1351 2820 1407 Neronis
2850 1352 2920 1407 de
2952 1351 3317 1419 crudelitate,
3350 1354 3450 1408 sed
3484 1370 3601 1425 qua
3616 1358 3674 1410 et

2024 1439 2198 1495 homo
2246 1440 2408 1496 facile
2459 1445 2715 1512 coeptum
2770 1441 3070 1513 repressit,
3119 1441 3407 1498 restitutis
3469 1442 3669 1514 etiam,

2024 1545 2171 1600 quos
2201 1528 2558 1601 relegaverat
2591 1552 2619 1580 »
2650 1528 2921 1601 (Tertull.
2954 1531 3231 1601 Apotoget.
3265 1531 3670 1603 cap.5,p.293).

2024 1618 2247 1674 Cuncta
2292 1634 2425 1675 vero
2479 1618 2602 1675 haec
2650 1620 2825 1675 verba
2866 1622 3060 1675 Graece
3111 1620 3339 1675 reddita
3386 1620 3673 1677 Eusebius

2025 1706 2244 1775 retulit,
2278 1707 2579 1780 aliumque
2636 1713 2846 1765 testem
2905 1710 3047 1764 citat
3099 1708 3517 1781 Hegesippum,
3573 1710 3675 1781 qui

2025 1797 2317 1852 memorias
2349 1796 2591 1852 tradidit
2620 1796 3043 1865 Domitianum,
3080 1802 3396 1869 postquam
3429 1798 3676 1854 nonnul-

269 1889 373 1941 seu
405 1879 532 1930 acta
581 1873 818 1947 publica
865 1874 1289 1943 Romanorum,
1341 1874 1399 1930 in
1450 1874 1690 1946 quibus,
1742 1870 1915 1928 sicuti

277 1980 438 1983 _____,,,
480 1964 668 1983 __AL__,!
692 1980 800 1983 -_,,A
846 1964 968 1983 Ιᾉην,
1042 1982 1125 1983 ,,,,
1206 1965 1240 1983 n
1322 1969 1399 1983 ,,,1
1472 1964 1523 1983 αλ
1602 1960 1881 1983 ,Αιμ--...12

2031 1885 2113 1940 los
2158 1885 2371 1941 Christi
2414 1890 2695 1958 cognatos
2749 1887 2820 1942 de
2870 1904 2979 1942 sua
3010 1887 3234 1959 origine
3294 1892 3351 1943 et
3408 1888 3675 1958 ejusdem

271 1980 451 2036 supra
480 1964 811 2020 notavimus
844 1964 999 2037 (sup.
1031 1982 1155 2036 cap.
1206 1965 1261 2033 9,
1315 1969 1423 2019 art.
1471 1964 1547 2035 3),
1594 1960 1916 2018 extraordi-

270 2054 435 2109 naria
468 2053 616 2109 facta
647 2053 859 2110 litteris
890 2054 1237 2126 consignata
1267 2051 1812 2109 conscrvabantur?

341 2159 649 2231 Utcunque
680 2175 771 2215 res
793 2176 855 2216 se
886 2161 1117 2230 habeat,
1149 2166 1304 2218 certe
1350 2162 1552 2233 religio
1585 2160 1919 2215 Christiana

268 2248 380 2305 hoc
427 2248 675 2315 Nerone,
745 2253 994 2320 tyranno
1043 2251 1307 2305 omnium
1368 2249 1754 2322 nequissimo,
1804 2248 1915 2320 vel,

269 2338 768 2408 quemadmodum
820 2338 1083 2408 loquitur
1141 2339 1539 2395 Tertullianus
1610 2338 1913 2411 (Apologet.

268 2442 393 2497 cap.
427 2427 482 2494 5,
516 2442 572 2496 p.
606 2424 755 2497 293),
790 2428 895 2482 toti
931 2427 1250 2484 dedicatore
1296 2430 1666 2484 damnationis
1714 2435 1917 2482 nostra!

268 2515 439 2569 etiam
466 2515 758 2582 gloriatur.
792 2515 878 2569 Ab
909 2514 1008 2571 illo
1040 2515 1331 2587 siquidem
1365 2519 1665 2582 damnata,
1698 2532 1763 2572 eo
1787 2517 1915 2587 ipso

270 2603 424 2659 bona
451 2618 579 2660 esse
609 2606 667 2658 et
689 2620 823 2659 vera
853 2604 1153 2675 probatur.
1176 2606 1321 2662 Nam
1356 2606 1530 2662 sicuti
1562 2604 1658 2661 ille
1685 2607 1910 2678 pergit:

272 2715 300 2742 «
333 2692 440 2759 Qui
471 2692 582 2748 scit
611 2691 797 2760 illum,
830 2692 1154 2766 intelligere
1184 2700 1376 2767 potest
1404 2712 1519 2751 non
1552 2695 1664 2750 nisi
1697 2695 1918 2767 grande

272 2779 507 2852 aliquod
529 2780 750 2837 bonum
770 2782 969 2837 1007
997 2782 1264 2840 aNerone
1286 2784 1628 2840 damnatum
1652 2806 1680 2833 ››
1704 2784 1915 2856 (Ibid)

270 2870 377 2926 Sed
411 2869 531 2925 haec
570 2870 746 2942 paulo
778 2872 973 2927 fusius
1025 2874 1405 2945 prosequitur
1434 2873 1495 2928 in
1527 2890 1633 2929 suo
1681 2875 1760 2928 ad
1806 2874 1916 2929 Na-

270 2959 444 3014 tiones
476 2958 624 3015 libro
658 2976 672 3015 :
708 2981 736 3010 «
766 2960 885 3015 Sub
917 2961 1166 3031 Nerone,
1226 2962 1441 3033 inquit,
1499 2961 1799 3017 damnatio
1829 2963 1919 3017 in-

271 3046 471 3116 valuit,
504 3048 714 3118 utjam
746 3047 884 3104 hinc
914 3048 985 3104 de
1031 3066 1279 3120 persona
1330 3051 1722 3121 persecutoris
1771 3068 1919 3123 pon-

270 3136 504 3192 deretis.
539 3137 594 3191 Si
631 3137 766 3209 pius
797 3136 894 3193 ille
926 3137 1219 3211 princeps,
1266 3139 1434 3211 impii
1489 3139 1839 3207 Christiani;
1870 3139 1921 3195 si

267 3225 483 3296 justus,
527 3225 576 3280 si
614 3231 836 3293 castus,
871 3227 1078 3298 injusti
1131 3233 1189 3283 et
1220 3228 1427 3284 incesti
1475 3228 1792 3284 Christiani
1824 3254 1837 3295 ;
1871 3228 1920 3283 si

2029 1973 2247 2030 Christi
2302 1991 2479 2047 regno
2541 1974 2980 2047 interrogasset,
3039 1975 3185 2031 nihil
3243 1976 3523 2032 adversus
3568 1992 3667 2031 eos

2029 2063 2307 2119 statuisse
2338 2064 2625 2136 asperius,
2659 2064 2759 2119 sed
2792 2063 3091 2120 dimisisse
3122 2064 3361 2133 liberos,
3402 2081 3467 2120 ac
3490 2064 3673 2121 misso

2026 2152 2215 2207 edicto
2247 2153 2657 2224 conpescuisse
2708 2157 3057 2208 commotam
3102 2153 3161 2206 in
3208 2152 3549 2209 Christianas
3581 2171 3667 2209 re-

2025 2240 2259 2311 ligionis
2316 2246 2651 2309 sectatores,
2728 2241 3243 2312 persecutionem:
3327 2244 3663 2296 κάταπαῦσαι

2026 2324 2115 2382 διὰ
2162 2330 2577 2404 προστάγματος
2637 2328 2727 2383 τὸν
2776 2328 2912 2382 κατὰ
2958 2335 3055 2397 τῆς
3111 2326 3441 2399 Ἐκκλησίας
3501 2328 3667 2405 διωγ-

2031 2415 2129 2487 μόν
2161 2418 2396 2489 (Euseb.
2428 2418 2531 2473 lib.
2578 2436 2640 2473 III
2692 2418 2891 2473 Eccles.
2939 2419 3136 2475 Histor.
3178 2435 3302 2489 cap.
3335 2420 3425 2490 20,
3460 2437 3518 2491 p.
3550 2420 3663 2487 90).

2025 2506 2285 2578 Denique
2312 2508 2382 2563 de
2412 2511 2660 2578 utroque
2695 2506 3021 2563 Domitiano
3052 2512 3110 2563 et
3140 2508 3365 2563 Nerone
3395 2508 3516 2564 haec
3545 2514 3667 2563 Au-

2026 2600 2150 2651 ctor
2196 2601 2397 2652 noster
2439 2597 2697 2667 adjecit:
2733 2618 2763 2647 «
2807 2596 2976 2653 Tales
3022 2613 3254 2669 semper
3299 2597 3468 2654 nobis
3516 2598 3671 2654 inse-

2026 2691 2257 2741 cutores
2304 2685 2536 2756 injusti,
2582 2686 2772 2757 impii,
2823 2690 3045 2759 turpes,
3094 2703 3242 2758 quos
3286 2690 3343 2742 et
3391 2687 3506 2759 ipsi
3554 2688 3676 2759 (vos

2027 2775 2299 2847 gentiles)
2330 2777 2612 2831 damnare
2652 2776 3006 2841 consuestis,
3037 2792 3071 2830 a
3101 2776 3318 2847 quibus
3366 2776 3679 2833 damnatos

2028 2865 2337 2920 restituere
2368 2864 2526 2921 soliti
2552 2864 2695 2921 estis
2725 2886 2753 2915 »
2786 2865 3052 2937 (Tertull.
3088 2866 3273 2937 ibid.).

2099 2981 2335 3036 Frustra
2366 2997 2499 3050 ergo
2544 2997 2610 3036 ac
2663 2998 2905 3053 prorsus
2958 2981 3152 3052 inepte
3200 2980 3379 3037 iidem
3428 2981 3675 3054 gentiles

2029 3070 2395 3125 conabantur
2426 3070 2633 3125 1008
2663 3086 2812 3127 vano
2844 3069 3191 3137 edictorum,
3224 3071 3295 3125 ab
3344 3069 3437 3125 his
3481 3069 3674 3141 impe-

2030 3157 2326 3214 ratoribus
2355 3158 2649 3229 datorum,
2685 3164 2967 3230 praetextu
3005 3175 3177 3214 suam
3208 3157 3269 3213 in
3319 3157 3679 3215 Christianos

2036 3263 2311 3303 excusare
2355 3246 2781 3304 crudelitatem.
2840 3249 2907 3303 At
2955 3249 3026 3303 de
3069 3252 3318 3319 utroque
3364 3247 3464 3303 illo
3496 3247 3681 3319 impe-

279 3330 393 3369 non
426 3292 616 3369 hostis
673 3292 971 3386 publicus,
1008 3333 1114 3372 nos
1174 3316 1395 3389 publici
1450 3317 1687 3385 hostes;
1720 3292 1924 3389 quales

2038 3292 2310 3303 ---πων
2356 3292 2781 3304 -._...,..-....,....
2956 3292 3026 3303 ,ν
3073 3292 3317 3319 .......,..-
3364 3292 3463 3303 -..ν
3496 3292 3653 3319 ...πη

2038 3340 2225 3390 ratore
2256 3336 2589 3392 Domitiano
2616 3341 2672 3391 et
2702 3337 2949 3407 Nerone,
2981 3341 3036 3392 et
3061 3341 3353 3393 commota
3399 3338 3681 3393 adversus

267 3402 455 3458 simus
496 3404 806 3460 damnator
838 3404 935 3461 ille
984 3406 1432 3475 demonstravit,
1469 3407 1672 3477 utique
1711 3406 1925 3463 aemula

268 3492 344 3561 (id
380 3497 490 3561 est,
532 3494 859 3550 contrarias
892 3496 1172 3566 pessimis
1204 3496 1329 3552 suis
1365 3497 1628 3552 moribus
1658 3497 1925 3569 virtutes)

268 3580 547 3652 puniens.
578 3587 642 3637 Et
669 3588 865 3639 tamen
899 3585 1245 3655 permansit,
1280 3586 1465 3642 erasis
1496 3587 1794 3654 omnibus,
1816 3586 1924 3643 hoc

273 3670 465 3727 solum
498 3671 838 3729 institutum
870 3673 1291 3744 Neronianum,
1316 3676 1547 3745 justum
1582 3676 1925 3745 denique,ut

271 3759 565 3816 dissimile
615 3763 706 3817 sui
759 3764 1015 3819 auctoris
1068 3787 1096 3813 »
1150 3764 1350 3835 (Idem,
1402 3764 1505 3820 lib.
1541 3782 1558 3818 ι
1590 3766 1659 3821 ad
1701 3766 1918 3821 Nation.

274 3864 400 3920 cap.
431 3851 485 3904 7.
520 3851 748 3921 p.567).

341 3955 466 4011 Non
500 3961 768 4027 poterant
798 3958 980 4029 igitur
1010 3959 1258 4030 gentiles
1289 3961 1638 4017 Christianis
1672 3962 1922 4032 objicere

270 4059 332 4097 se
370 4043 601 4113 legibus
662 4046 734 4099 ab
784 4046 1139 4117 impiissimo
1183 4047 1284 4103 illo
1329 4054 1576 4120 tyranno
1620 4051 1772 4107 datis
1820 4052 1921 4106 ob-

267 4131 496 4202 stringi.
532 4132 731 4188 Prima
779 4134 993 4206 quippe
1043 4134 1135 4191 lex
1179 4137 1238 4191 in
1288 4154 1387 4192 eos
1435 4138 1662 4195 sancita
1694 4140 1918 4212 abillo,

269 4220 371 4287 qui
402 4221 586 4278 tantis
634 4227 877 4294 tamque
921 4223 1234 4281 horrendis
1273 4227 1593 4283 sceleribus
1640 4229 1918 4285 infamem

260 4311 438 4367 vitam
470 4312 1057 4379 duxit,manifestum
1093 4319 1247 4372 certe
1272 4316 1548 4373 omnibus
1580 4318 1715 4373 fecit
1738 4335 1917 4389 quam

265 4404 496 4456 castum
547 4406 603 4457 et
652 4402 935 4458 innocens
989 4408 1113 4459 erat
1173 4405 1647 4461 Christianorum
1687 4407 1917 4463 vivendi

271 4505 477 4561 genus.
514 4490 729 4547 Deinde
759 4508 892 4547 vero
942 4491 1038 4548 ille
1076 4493 1366 4550 bonorum
1419 4495 1681 4553 omnium
1729 4496 1918 4553 hostis

268 4579 733 4647 infensissimus,
766 4580 913 4636 nihil
946 4581 1059 4637 nisi
1107 4583 1325 4639 bonum
1358 4589 1416 4640 et
1466 4602 1701 4654 equum
1749 4587 1915 4641 dam-

264 4668 460 4724 nabat.
497 4668 728 4725 Ethnici
754 4685 890 4742 ergo
921 4670 1314 4741 iniquissimis
1345 4674 1473 4744 ejus
1502 4674 1730 4746 legibus
1762 4692 1913 4731 nun-
1944 4664 1990 4728 D

263 4775 440 4829 quam
491 4759 677 4815 teneri
726 4764 1040 4830 poterant;
1077 4778 1142 4817 ac
1182 4762 1494 4818 Christiani
1540 4765 1669 4833 jure
1710 4765 1914 4821 merito

262 4862 325 4901 se
354 4847 427 4902 ab
460 4846 698 4903 homine
727 4853 847 4904 tam
880 4849 1061 4921 impio
1092 4851 1401 4907 damnatos
1432 4869 1559 4907 esse
1588 4852 1914 4924 gloriaban-

260 4939 377 4988 tur.
412 4930 676 5007 Denique
709 4955 817 4993 sua
847 4938 1191 4996 crudelitate
1220 4946 1279 4996 et
1313 4941 1596 4997 inauditis
1626 4941 1913 4998 hactenus

264 5020 501 5090 ﬂagitiis
534 5023 759 5079 horrori
786 5026 1062 5082 omnibus
1092 5029 1237 5083 adeo
1269 5029 1401 5097 fuit,
1454 5034 1517 5084 ut
1547 5037 1756 5086 cuncta
1785 5032 1913 5102 ejus

260 5116 638 5167 monumenta
667 5113 879 5169 abrasa
904 5115 1240 5187 abolitaque
1296 5118 1537 5173 fuerint.
1586 5120 1728 5175 Nam
1762 5139 1795 5175 a
1821 5138 1910 5176 se-

262 5204 424 5254 natu.
459 5205 525 5254 ut
552 5200 634 5254 ait
681 5202 1019 5273 Suetonius,
1054 5205 1239 5259 hostis
1293 5205 1565 5275 publicus
1605 5208 1911 5277 judicatus

260 5296 369 5356 est;
405 5305 682 5360 moreque
716 5292 1006 5361 majorum
1037 5293 1373 5364 puniendus
1405 5295 1669 5364 (Sueten.
1694 5297 1797 5353 lib.
1828 5317 1905 5369 VI,

258 5377 319 5431 in
357 5378 458 5434 Vit.
489 5380 748 5447 Neronis,
781 5382 808 5447 §
838 5380 951 5448 49).
995 5382 1057 5436 In
1105 5381 1301 5439 Dionis
1350 5384 1609 5454 Epitome
1656 5387 1908 5459 legimus

258 5484 291 5523 a
341 5467 632 5524 militibus
682 5470 1077 5526 comminutas
1120 5476 1176 5527 et
1224 5473 1451 5529 dirutas
1500 5476 1629 5545 ejus
1680 5481 1907 5534 statuas

258 5556 471 5628 (Dion.,
506 5559 654 5629 Epit.
710 5576 773 5629 p.
818 5560 962 5630 196),
1012 5577 1079 5616 ac
1111 5562 1161 5616 si
1209 5562 1522 5619 Plutarcho
1573 5566 1741 5637 ﬁdes,
1782 5567 1905 5639 Spi-

256 5645 426 5702 cillns
457 5647 766 5719 gladiator,
784 5649 857 5704 iis
889 5667 991 5721 per
1021 5651 1226 5708 urbem
1250 5654 1485 5725 raptim,
1506 5652 1566 5710 in
1596 5655 1720 5711 foro
1737 5657 1907 5713 obru-

254 5738 351 5793 tus
374 5741 732 5811 necatusque
754 5738 866 5796 fuit
883 5740 1271 5813 (Plutarch.in
1292 5745 1411 5800 Vita
1432 5745 1908 5823 Gatb$,p.1056),

2032 3422 2396 3481 Christianos
2431 3427 2854 3497 persecutione,
2881 3427 2939 3481 in
2971 3426 3086 3482 alia
3117 3426 3529 3482 dissertatione
3560 3426 3674 3482 dis~

2032 3515 2375 3584 putabimus
2406 3518 2572 3587 (in/r.
2615 3532 2744 3588 cap.
2784 3517 2867 3584 16,
2901 3521 3011 3572 art.
3043 3518 3098 3583 3,
3154 3516 3377 3573 Dissert.
3438 3518 3496 3571 in
3551 3517 3680 3571 Luc.

2036 3604 2215 3671 Caecil,
2248 3622 2375 3677 cap.
2406 3608 2464 3672 6,
2498 3610 2606 3661 art.
2642 3607 2668 3660 1
2705 3610 2762 3661 et
2798 3608 2876 3678 2).

2104 3720 2418 3788 Caeterum,
2480 3721 2529 3777 si
2581 3721 2639 3775 hi
2701 3725 2816 3777 duo
2866 3722 3248 3794 nequisssimi
3301 3723 3685 3794 imperatores
3786 3744 3793 3747 λ

2035 3811 2322 3881 quaedam
2350 3811 2633 3866 adversus
2651 3811 3011 3868 Christianos
3034 3811 3408 3868 sanciverunt
3437 3811 3685 3882 iniquis-

2033 3899 2216 3955 simas
2257 3899 2434 3971 leges,
2469 3904 2695 3956 constat
2732 3917 2873 3956 sane
2904 3900 3069 3968 alios,
3130 3902 3229 3972 qui
3290 3900 3479 3955 medio
3536 3900 3688 3956 inter

2031 3994 2349 4060 utrumque
2373 3995 2655 4062 tempore,
2679 3990 2765 4046 vel
2797 3996 2931 4063 post
2983 3990 3378 4046 Domitianum
3427 3992 3499 4045 ad
3552 3991 3685 4046 Ter-

2029 4077 2263 4133 tulliani
2316 4084 2545 4134 aetatem
2594 4095 2929 4151 regnavere,
2973 4084 3074 4134 aut
3138 4079 3505 4134 Christianos
3564 4096 3681 4135 non

2029 4168 2346 4239 vexavisse,
2379 4172 2482 4223 aut
2513 4169 2657 4241 ipsis
2690 4169 3026 4236 favisse,aut
3056 4167 3220 4222 nulla
3243 4167 3449 4223 tulisse
3479 4173 3683 4224 contra

2028 4252 2159 4310 illos
2189 4255 2399 4322 edicta,
2436 4257 2535 4311 sed
2570 4256 2766 4327 potius
2800 4255 2997 4327 priora
3036 4255 3459 4311 emendavisse.
3496 4256 3679 4319 Quam

2029 4348 2224 4398 autem
2259 4344 2315 4397 id
2350 4348 2578 4399 certum
2625 4344 2722 4416 sit,
2756 4361 3039 4417 agnosces
3090 4344 3347 4415 profecto
3398 4343 3491 4399 his
3542 4345 3681 4399 Ter-

2026 4432 2256 4486 tulliani
2286 4432 2499 4500 verbis,
2538 4433 2755 4505 quibus
2787 4433 3049 4489 ethnicos
3079 4432 3163 4488 sic
3196 4437 3468 4505 provocat
3501 4448 3513 4487 :
3552 4455 3578 4483 «
3602 4433 3683 4488 De

2025 4524 2109 4576 tot
2138 4521 2345 4576 exinde
2375 4522 2741 4593 principibus
2773 4523 2845 4578 ad
2879 4523 3251 4589 hodiernum,
3285 4521 3546 4577 divinum
3571 4522 3679 4577 bu-

2024 4626 2382 4681 manumque
2415 4610 2804 4682 sapientibus,
2854 4612 3006 4666 edite
3052 4611 3311 4683 aliquem
3366 4611 3685 4667 debellato-

2023 4716 2145 4755 rem
2203 4699 2673 4757 Christianorum
2711 4724 2731 4751 ιι
2769 4700 3030 4772 (Tertull.
3089 4702 3365 4773 Apotoget.
3427 4717 3556 4773 cap.
3616 4704 3669 4771 5,

2024 4805 2079 4859 p.
2103 4789 2251 4859 294).
2286 4792 2410 4853 Qua
2440 4798 2656 4859 autem,
2692 4791 2954 4861 obsecro,
2987 4791 3175 4846 fronte
3205 4790 3474 4845 ethnicos
3516 4794 3679 4846 tanta

2023 4879 2335 4934 securitate
2366 4878 2718 4951 compellare
2752 4880 3025 4950 audebat,
3058 4880 3170 4935 nisi
3206 4878 3317 4935 hoc
3351 4880 3561 4935 fuisset
3588 4896 3681 4935 ve-

2022 4966 2369 5023 rissimum?
2398 4972 2465 5024 Et
2495 4974 2649 5025 certe
2684 4969 3121 5036 Melitenem,ab
3152 4969 3402 5024 Eusebio
3434 4969 3676 5024 citatum

2024 5057 2250 5125 (Euseb.
2286 5057 2387 5112 lib.
2439 5075 2499 5112 ιν
2531 5060 2728 5114 Eccles.
2783 5061 2916 5114 Hist.
2967 5077 3094 5130 cap.
3145 5061 3234 5125 26,
3287 5076 3344 5129 ι).
3404 5059 3546 5126 148),
3610 5073 3675 5112 ac

2021 5145 2220 5217 plures
2274 5147 2438 5216 alios,
2491 5149 2643 5203 sicut
2703 5148 2842 5205 alibi
2892 5149 3263 5216 (istendimus
3312 5148 3553 5216 (Dissert.
3610 5146 3670 5200 in

2021 5236 2145 5290 Luc.
2180 5237 2391 5303 Ca’cil.,
2424 5253 2550 5308 cap.
2602 5239 2656 5303 6,
2711 5243 2819 5293 art.
2852 5238 2927 5309 3),
2972 5237 3179 5292 habuit
3227 5252 3343 5290 sua:
3384 5234 3669 5305 suffraga-

2017 5328 2173 5380 tores
2203 5329 2259 5379 et
2286 5330 2565 5396 patronos
2596 5327 2920 5393 sententiae,
2953 5343 3130 5396 quam
3162 5325 3285 5395 ipse
3318 5323 3507 5377 adhuc
3538 5338 3670 5378 con-

2018 5412 2231 5479 firmat,
2264 5415 2350 5470 uti
2381 5431 2449 5469 ex
2474 5416 2857 5488 sequentibus
2879 5414 3143 5471 articulis
3175 5411 3415 5484 patebit.

2638 5591 2955 5632 ARTICULUS
2979 5592 3019 5630 Il
3030 5617 3043 5630 .

2012 5682 2357 5754 Expenditur
2384 5692 2571 5739 utrum
2600 5688 2824 5740 Marcus
2853 5682 3109 5754 Aurelius
3134 5680 3479 5754 Christianae
3516 5682 3660 5737 reli-

2083 5753 2239 5824 gioni
2262 5760 2559 5827 propterea
2609 5755 2836 5828 laverit,
2892 5754 3033 5829 quod
3082 5753 3385 5812 Christiani
3439 5755 3654 5812 milites
