  <div class='ocr_page' id='page_1' title='image "/cluster/home/n/w/nwhite01/storage/ocr_20150623/1/umn.31951002477295j/555.png"; bbox 0 0 4162 6382; ppageno 0'>
   <div class='ocr_carea' id='block_1_1' title="bbox 435 402 593 472">
    <p class='ocr_par' dir='ltr' id='par_1_1' title="bbox 435 402 593 472">
     <span class='ocr_line' id='line_1_1' title="bbox 435 402 593 472; baseline -0.032 0"><span class='ocrx_word' id='word_1_1' title='bbox 435 402 593 472; x_wconf 77' lang='grc'>1103</span> 
     </span>
    </p>
   </div>
   <div class='ocr_carea' id='block_1_2' title="bbox 952 366 3289 463">
    <p class='ocr_par' dir='ltr' id='par_1_2' title="bbox 952 366 3289 463">
     <span class='ocr_line' id='line_1_2' title="bbox 952 366 3289 463; baseline -0.015 -1"><span class='ocrx_word' id='word_1_2' title='bbox 952 384 1477 463; x_wconf 79' lang='lat' dir='ltr'><strong>TER&#39;I‘ULLIANI</strong></span> <span class='ocrx_word' id='word_1_3' title='bbox 1524 388 1839 453; x_wconf 79' lang='lat' dir='ltr'><strong>OPERUM</strong></span> <span class='ocrx_word' id='word_1_4' title='bbox 1888 378 2086 446; x_wconf 81' lang='lat' dir='ltr'><strong>PARS</strong></span> <span class='ocrx_word' id='word_1_5' title='bbox 2133 378 2179 443; x_wconf 83' lang='grc'>1.</span> <span class='ocrx_word' id='word_1_6' title='bbox 2210 417 2285 426; x_wconf 91' lang='lat'><strong>——</strong></span> <span class='ocrx_word' id='word_1_7' title='bbox 2318 379 2587 440; x_wconf 78' lang='lat' dir='ltr'><strong>SERlES</strong></span> <span class='ocrx_word' id='word_1_8' title='bbox 2633 378 2680 449; x_wconf 81' lang='grc' dir='ltr'><strong>Ι,</strong></span> <span class='ocrx_word' id='word_1_9' title='bbox 2726 366 3289 436; x_wconf 78' lang='lat' dir='ltr'><strong>APOLOGETICA.</strong></span> 
     </span>
    </p>
   </div>
   <div class='ocr_carea' id='block_1_3' title="bbox 3678 361 3857 425">
    <p class='ocr_par' dir='ltr' id='par_1_3' title="bbox 3678 361 3857 425">
     <span class='ocr_line' id='line_1_3' title="bbox 3678 361 3857 425; baseline -0.022 0"><span class='ocrx_word' id='word_1_10' title='bbox 3678 361 3857 425; x_wconf 67' lang='grc'>1104</span> 
     </span>
    </p>
   </div>
   <div class='ocr_carea' id='block_1_4' title="bbox 506 498 3854 607">
    <p class='ocr_par' dir='ltr' id='par_1_4' title="bbox 506 498 3854 607">
     <span class='ocr_line' id='line_1_4' title="bbox 506 498 3854 607; baseline -0.014 -11"><span class='ocrx_word' id='word_1_11' title='bbox 506 537 777 597; x_wconf 73' lang='lat' dir='ltr'><strong>exercitui</strong></span> <span class='ocrx_word' id='word_1_12' title='bbox 804 537 937 607; x_wconf 68' lang='lat' dir='ltr'><strong>ejus,</strong></span> <span class='ocrx_word' id='word_1_13' title='bbox 964 533 1334 607; x_wconf 81' lang='lat' dir='ltr'><strong>siti_enec_ato,</strong></span> <span class='ocrx_word' id='word_1_14' title='bbox 1356 526 1736 607; x_wconf 67' lang='lat' dir='ltr'><strong>imbremnon</strong></span> <span class='ocrx_word' id='word_1_15' title='bbox 1784 521 1904 574; x_wconf 82' lang='lat' dir='ltr'><strong>sine</strong></span> <span class='ocrx_word' id='word_1_16' title='bbox 1947 533 2067 607; x_wconf 50' lang='grc' dir='ltr'><strong>τηε-</strong></span> <span class='ocrx_word' id='word_1_17' title='bbox 2100 516 2154 579; x_wconf 81' lang='grc' dir='ltr'><strong>Α</strong></span> <span class='ocrx_word' id='word_1_18' title='bbox 2182 514 2352 569; x_wconf 88' lang='lat' dir='ltr'><strong>torsit</strong></span> <span class='ocrx_word' id='word_1_19' title='bbox 2380 509 2634 583; x_wconf 83' lang='lat' dir='ltr'><strong>pluviam</strong></span> <span class='ocrx_word' id='word_1_20' title='bbox 2665 507 2856 577; x_wconf 86' lang='lat' dir='ltr'><strong>(Dion.</strong></span> <span class='ocrx_word' id='word_1_21' title='bbox 2887 506 3029 576; x_wconf 86' lang='lat' dir='ltr'><strong>Epit.</strong></span> <span class='ocrx_word' id='word_1_22' title='bbox 3080 519 3140 574; x_wconf 91' lang='lat' dir='ltr'><strong>p.</strong></span> <span class='ocrx_word' id='word_1_23' title='bbox 3188 501 3338 568; x_wconf 81' lang='grc'>274).</span> <span class='ocrx_word' id='word_1_24' title='bbox 3389 498 3675 564; x_wconf 80' lang='lat' dir='ltr'><strong>Quamvis</strong></span> <span class='ocrx_word' id='word_1_25' title='bbox 3732 512 3854 550; x_wconf 85' lang='lat' dir='ltr'><strong>au-</strong></span> 
     </span>
    </p>
   </div>
   <div class='ocr_carea' id='block_1_5' title="bbox 506 582 2095 684">
    <p class='ocr_par' dir='ltr' id='par_1_5' title="bbox 506 582 2071 684">
     <span class='ocr_line' id='line_1_5' title="bbox 506 582 2071 684; baseline -0.017 -17"><span class='ocrx_word' id='word_1_26' title='bbox 506 582 610 684; x_wconf 59' lang='lat'><strong>3723</strong></span> <span class='ocrx_word' id='word_1_27' title='bbox 655 582 941 684; x_wconf 47' lang='grc' dir='ltr'><strong>τηίζᾳσλιᾳιοί</strong></span> <span class='ocrx_word' id='word_1_28' title='bbox 973 621 1007 659; x_wconf 87' lang='lat' dir='ltr'><strong>a</strong></span> <span class='ocrx_word' id='word_1_29' title='bbox 1032 605 1157 684; x_wconf 88' lang='lat' dir='ltr'><strong>_Deo</strong></span> <span class='ocrx_word' id='word_1_30' title='bbox 1197 582 1645 684; x_wconf 56' lang='lat' dir='ltr'><strong>impetraverint,</strong></span> <span class='ocrx_word' id='word_1_31' title='bbox 1690 589 2071 684; x_wconf 51' lang='lat' dir='ltr'><strong>achuomod‘o</strong></span> 
     </span>
    </p>
   </div>
   <div class='ocr_carea' id='block_1_6' title="bbox 2213 582 3855 684">
    <p class='ocr_par' dir='ltr' id='par_1_6' title="bbox 2213 582 3855 671">
     <span class='ocr_line' id='line_1_6' title="bbox 2213 582 3855 671; baseline -0.012 -15"><span class='ocrx_word' id='word_1_32' title='bbox 2213 617 2294 656; x_wconf 88' lang='lat' dir='ltr'><strong>em</strong></span> <span class='ocrx_word' id='word_1_33' title='bbox 2327 582 2658 671; x_wconf 76' lang='lat' dir='ltr'><strong>Xiphilinus</strong></span> <span class='ocrx_word' id='word_1_34' title='bbox 2692 595 2929 649; x_wconf 86' lang='lat' dir='ltr'><strong>Dionem</strong></span> <span class='ocrx_word' id='word_1_35' title='bbox 2961 589 3044 646; x_wconf 91' lang='lat' dir='ltr'><strong>ibi</strong></span> <span class='ocrx_word' id='word_1_36' title='bbox 3078 587 3366 644; x_wconf 78' lang='lat' dir='ltr'><strong>mendacii</strong></span> <span class='ocrx_word' id='word_1_37' title='bbox 3409 601 3660 658; x_wconf 78' lang='lat' dir='ltr'><strong>arguere</strong></span> <span class='ocrx_word' id='word_1_38' title='bbox 3689 582 3855 639; x_wconf 81' lang='lat' dir='ltr'><strong>totis</strong></span> 
     </span>
    </p>
   </div>
   <div class='ocr_carea' id='block_1_7' title="bbox 505 662 2068 745">
    <p class='ocr_par' dir='ltr' id='par_1_7' title="bbox 505 662 2068 745">
     <span class='ocr_line' id='line_1_7' title="bbox 505 662 2068 745; baseline -0.017 -6"><span class='ocrx_word' id='word_1_39' title='bbox 505 662 1065 739; x_wconf 8' lang='lat' dir='ltr'><strong>iisvttemJChristianis</strong></span> <span class='ocrx_word' id='word_1_40' title='bbox 1091 662 1583 745; x_wconf 54' lang='lat' dir='ltr'><strong>pznas&#39;impositas</strong></span> <span class='ocrx_word' id='word_1_41' title='bbox 1616 681 1727 721; x_wconf 86' lang='lat' dir='ltr'><strong>non</strong></span> <span class='ocrx_word' id='word_1_42' title='bbox 1755 662 2068 726; x_wconf 72' lang='lat' dir='ltr'><strong>dimovent,</strong></span> 
     </span>
    </p>
   </div>
   <div class='ocr_carea' id='block_1_8' title="bbox 506 748 1178 825">
    <p class='ocr_par' dir='ltr' id='par_1_8' title="bbox 506 748 1178 825">
     <span class='ocr_line' id='line_1_8' title="bbox 506 748 1178 825; baseline -0.016 -15"><span class='ocrx_word' id='word_1_43' title='bbox 506 754 599 810; x_wconf 82' lang='lat' dir='ltr'><strong>sed</strong></span> <span class='ocrx_word' id='word_1_44' title='bbox 625 752 815 825; x_wconf 81' lang='lat' dir='ltr'><strong><em>palam</em></strong></span> <span class='ocrx_word' id='word_1_45' title='bbox 842 748 1178 819; x_wconf 74' lang='lat' dir='ltr'><strong>disperserit.</strong></span> 
     </span>
    </p>
   </div>
   <div class='ocr_carea' id='block_1_9' title="bbox 2179 671 3853 752">
    <p class='ocr_par' dir='ltr' id='par_1_9' title="bbox 2179 671 3853 752">
     <span class='ocr_line' id='line_1_9' title="bbox 2179 671 3853 752; baseline -0.011 -6"><span class='ocrx_word' id='word_1_46' title='bbox 2179 688 2360 746; x_wconf 84' lang='lat' dir='ltr'><strong>animi</strong></span> <span class='ocrx_word' id='word_1_47' title='bbox 2392 688 2614 743; x_wconf 90' lang='lat' dir='ltr'><strong>viribus</strong></span> <span class='ocrx_word' id='word_1_48' title='bbox 2642 684 2902 740; x_wconf 80' lang='lat' dir='ltr'><strong>enitatur</strong></span> <span class='ocrx_word' id='word_1_49' title='bbox 2930 678 3170 752; x_wconf 86' lang='lat' dir='ltr'><strong>(Xiphil.</strong></span> <span class='ocrx_word' id='word_1_50' title='bbox 3194 675 3331 732; x_wconf 84' lang='lat' dir='ltr'><strong>ibid.</strong></span> <span class='ocrx_word' id='word_1_51' title='bbox 3364 693 3424 748; x_wconf 91' lang='lat' dir='ltr'><strong>p.</strong></span> <span class='ocrx_word' id='word_1_52' title='bbox 3469 675 3625 747; x_wconf 83' lang='lat'><strong>2&#39;75),</strong></span> <span class='ocrx_word' id='word_1_53' title='bbox 3653 671 3853 729; x_wconf 81' lang='lat' dir='ltr'><strong>Clau-</strong></span> 
     </span>
    </p>
   </div>
   <div class='ocr_carea' id='block_1_10' title="bbox 2179 765 3856 841">
    <p class='ocr_par' dir='ltr' id='par_1_10' title="bbox 2179 765 3856 841">
     <span class='ocr_line' id='line_1_10' title="bbox 2179 765 3856 841; baseline -0.01 -8"><span class='ocrx_word' id='word_1_54' title='bbox 2179 778 2389 834; x_wconf 82' lang='lat' dir='ltr'><strong>dianus</strong></span> <span class='ocrx_word' id='word_1_55' title='bbox 2417 772 2904 841; x_wconf 77' lang='lat' dir='ltr'><strong>tamen;incertus</strong></span> <span class='ocrx_word' id='word_1_56' title='bbox 2935 766 3238 838; x_wconf 78' lang='lat' dir='ltr'><strong>animique</strong></span> <span class='ocrx_word' id='word_1_57' title='bbox 3267 765 3856 834; x_wconf 84' lang='lat' dir='ltr'><strong>dubius,utramque</strong></span> 
     </span>
    </p>
   </div>
   <div class='ocr_carea' id='block_1_11' title="bbox 507 855 3281 962">
    <p class='ocr_par' dir='ltr' id='par_1_11' title="bbox 507 855 3281 962">
     <span class='ocr_line' id='line_1_11' title="bbox 507 855 3281 962; baseline -0.015 -11"><span class='ocrx_word' id='word_1_58' title='bbox 507 892 736 952; x_wconf 83' lang='lat' dir='ltr'><strong>Ethnici</strong></span> <span class='ocrx_word' id='word_1_59' title='bbox 768 886 1177 962; x_wconf 86' lang='lat' dir='ltr'><strong>injustissimis</strong></span> <span class='ocrx_word' id='word_1_60' title='bbox 1208 882 1597 957; x_wconf 87' lang='lat' dir='ltr'><strong>pessimorum</strong></span> <span class='ocrx_word' id='word_1_61' title='bbox 1648 878 2072 948; x_wconf 76' lang='lat' dir='ltr'><strong>imperatorum</strong></span> <span class='ocrx_word' id='word_1_62' title='bbox 2182 864 2513 939; x_wconf 84' lang='lat' dir='ltr'><strong>opinionem</strong></span> <span class='ocrx_word' id='word_1_63' title='bbox 2545 862 2639 917; x_wconf 90' lang='lat' dir='ltr'><strong>his</strong></span> <span class='ocrx_word' id='word_1_64' title='bbox 2668 858 2939 932; x_wconf 78' lang='lat' dir='ltr'><strong>exposuit</strong></span> <span class='ocrx_word' id='word_1_65' title='bbox 2967 855 3236 913; x_wconf 87' lang='lat' dir='ltr'><strong>versibus</strong></span> <span class='ocrx_word' id='word_1_66' title='bbox 3267 871 3281 909; x_wconf 89' lang='lat'><strong>:</strong></span> 
     </span>
    </p>
   </div>
   <div class='ocr_carea' id='block_1_12' title="bbox 438 964 2077 1059">
    <p class='ocr_par' dir='ltr' id='par_1_12' title="bbox 438 964 2077 1059">
     <span class='ocr_line' id='line_1_12' title="bbox 438 964 2077 1059; baseline -0.016 -16"><span class='ocrx_word' id='word_1_67' title='bbox 438 985 669 1059; x_wconf 80' lang='lat' dir='ltr'><strong>legibus</strong></span> <span class='ocrx_word' id='word_1_68' title='bbox 706 981 777 1039; x_wconf 89' lang='lat' dir='ltr'><strong>ad</strong></span> <span class='ocrx_word' id='word_1_69' title='bbox 809 978 1170 1038; x_wconf 90' lang='lat' dir='ltr'><strong>Christianos</strong></span> <span class='ocrx_word' id='word_1_70' title='bbox 1201 969 1697 1030; x_wconf 83' lang='lat' dir='ltr'><strong>excarniﬁcandos</strong></span> <span class='ocrx_word' id='word_1_71' title='bbox 1739 982 1806 1022; x_wconf 90' lang='lat' dir='ltr'><strong>eo</strong></span> <span class='ocrx_word' id='word_1_72' title='bbox 1855 964 2077 1034; x_wconf 79' lang='lat' dir='ltr'><strong>majore</strong></span> 
     </span>
    </p>
   </div>
   <div class='ocr_carea' id='block_1_13' title="bbox 442 1055 2078 1149">
    <p class='ocr_par' dir='ltr' id='par_1_13' title="bbox 442 1055 2078 1149">
     <span class='ocr_line' id='line_1_13' title="bbox 442 1055 2078 1149; baseline -0.018 -15"><span class='ocrx_word' id='word_1_73' title='bbox 442 1055 819 1149; x_wconf 65' lang='lat' dir='ltr'><strong>perversitate</strong></span> <span class='ocrx_word' id='word_1_74' title='bbox 874 1066 1285 1132; x_wconf 89' lang='lat' dir='ltr'><strong>abutebantur,</strong></span> <span class='ocrx_word' id='word_1_75' title='bbox 1335 1076 1449 1132; x_wconf 92' lang='lat' dir='ltr'><strong>quo</strong></span> <span class='ocrx_word' id='word_1_76' title='bbox 1514 1057 1731 1113; x_wconf 85' lang='lat' dir='ltr'><strong>certius</strong></span> <span class='ocrx_word' id='word_1_77' title='bbox 1800 1055 2078 1109; x_wconf 84' lang='lat' dir='ltr'><strong>noverant</strong></span> 
     </span>
    </p>
   </div>
   <div class='ocr_carea' id='block_1_14' title="bbox 442 1140 2075 1237">
    <p class='ocr_par' dir='ltr' id='par_1_14' title="bbox 442 1140 2075 1237">
     <span class='ocr_line' id='line_1_14' title="bbox 442 1140 2075 1237; baseline -0.018 -16"><span class='ocrx_word' id='word_1_78' title='bbox 442 1140 614 1237; x_wconf 75' lang='lat' dir='ltr'><strong>longe</strong></span> <span class='ocrx_word' id='word_1_79' title='bbox 642 1160 913 1217; x_wconf 88' lang='lat' dir='ltr'><strong>meliores</strong></span> <span class='ocrx_word' id='word_1_80' title='bbox 952 1156 1135 1211; x_wconf 81' lang='lat' dir='ltr'><strong>fuisse</strong></span> <span class='ocrx_word' id='word_1_81' title='bbox 1163 1167 1301 1208; x_wconf 85' lang='lat' dir='ltr'><strong>suos</strong></span> <span class='ocrx_word' id='word_1_82' title='bbox 1332 1150 1735 1219; x_wconf 87' lang='lat' dir='ltr'><strong>imperatores,</strong></span> <span class='ocrx_word' id='word_1_83' title='bbox 1766 1141 1866 1213; x_wconf 89' lang='lat' dir='ltr'><strong>qui</strong></span> <span class='ocrx_word' id='word_1_84' title='bbox 1897 1140 2075 1195; x_wconf 89' lang='lat' dir='ltr'><strong>autin</strong></span> 
     </span>
    </p>
   </div>
   <div class='ocr_carea' id='block_1_15' title="bbox 446 1230 2078 1323">
    <p class='ocr_par' dir='ltr' id='par_1_15' title="bbox 446 1230 2078 1323">
     <span class='ocr_line' id='line_1_15' title="bbox 446 1230 2078 1323; baseline -0.018 -13"><span class='ocrx_word' id='word_1_85' title='bbox 446 1230 683 1309; x_wconf 62' lang='lat' dir='ltr'><strong>illorum</strong></span> <span class='ocrx_word' id='word_1_86' title='bbox 714 1248 962 1323; x_wconf 83' lang='lat' dir='ltr'><strong>gratiam</strong></span> <span class='ocrx_word' id='word_1_87' title='bbox 995 1244 1257 1299; x_wconf 79' lang='lat' dir='ltr'><strong>fecerunt</strong></span> <span class='ocrx_word' id='word_1_88' title='bbox 1285 1240 1537 1304; x_wconf 86' lang='lat' dir='ltr'><strong>decreta,</strong></span> <span class='ocrx_word' id='word_1_89' title='bbox 1571 1237 1673 1290; x_wconf 89' lang='lat' dir='ltr'><strong>aut</strong></span> <span class='ocrx_word' id='word_1_90' title='bbox 1699 1247 1901 1288; x_wconf 90' lang='lat' dir='ltr'><strong>eorum</strong></span> <span class='ocrx_word' id='word_1_91' title='bbox 1954 1230 2078 1284; x_wconf 81' lang='lat' dir='ltr'><strong>fau-</strong></span> 
     </span>
    </p>
   </div>
   <div class='ocr_carea' id='block_1_16' title="bbox 444 1317 2081 1398">
    <p class='ocr_par' dir='ltr' id='par_1_16' title="bbox 444 1317 2081 1398">
     <span class='ocr_line' id='line_1_16' title="bbox 444 1317 2081 1398; baseline -0.018 1"><span class='ocrx_word' id='word_1_92' title='bbox 444 1347 600 1398; x_wconf 80' lang='lat' dir='ltr'><strong>tores</strong></span> <span class='ocrx_word' id='word_1_93' title='bbox 629 1317 866 1396; x_wconf 65' lang='lat' dir='ltr'><strong>fuerunt</strong></span> <span class='ocrx_word' id='word_1_94' title='bbox 885 1339 942 1391; x_wconf 88' lang='lat' dir='ltr'><strong>et</strong></span> <span class='ocrx_word' id='word_1_95' title='bbox 969 1332 1318 1389; x_wconf 83' lang='lat' dir='ltr'><strong>defensores.</strong></span> <span class='ocrx_word' id='word_1_96' title='bbox 1354 1323 1700 1382; x_wconf 89' lang='lat' dir='ltr'><strong>Nominibus</strong></span> <span class='ocrx_word' id='word_1_97' title='bbox 1729 1324 1925 1376; x_wconf 89' lang='lat' dir='ltr'><strong>autem</strong></span> <span class='ocrx_word' id='word_1_98' title='bbox 1956 1317 2081 1373; x_wconf 88' lang='lat' dir='ltr'><strong>suis</strong></span> 
     </span>
    </p>
   </div>
   <div class='ocr_carea' id='block_1_17' title="bbox 445 1406 2081 1492">
    <p class='ocr_par' dir='ltr' id='par_1_17' title="bbox 445 1406 2081 1492">
     <span class='ocr_line' id='line_1_17' title="bbox 445 1406 2081 1492; baseline -0.018 -4"><span class='ocrx_word' id='word_1_99' title='bbox 445 1428 840 1487; x_wconf 87' lang='lat' dir='ltr'><strong>Tertullianus</strong></span> <span class='ocrx_word' id='word_1_100' title='bbox 864 1423 997 1479; x_wconf 90' lang='lat' dir='ltr'><strong>illos</strong></span> <span class='ocrx_word' id='word_1_101' title='bbox 1027 1418 1302 1492; x_wconf 88' lang='lat' dir='ltr'><strong>appellat,</strong></span> <span class='ocrx_word' id='word_1_102' title='bbox 1335 1415 1435 1471; x_wconf 86' lang='lat' dir='ltr'><strong>sed</strong></span> <span class='ocrx_word' id='word_1_103' title='bbox 1467 1429 1580 1468; x_wconf 89' lang='lat' dir='ltr'><strong>non</strong></span> <span class='ocrx_word' id='word_1_104' title='bbox 1618 1414 1844 1468; x_wconf 89' lang='lat' dir='ltr'><strong>servato</strong></span> <span class='ocrx_word' id='word_1_105' title='bbox 1875 1406 2081 1462; x_wconf 88' lang='lat' dir='ltr'><strong>unius-</strong></span> 
     </span>
    </p>
   </div>
   <div class='ocr_carea' id='block_1_18' title="bbox 448 1496 2081 1590">
    <p class='ocr_par' dir='ltr' id='par_1_18' title="bbox 448 1496 2081 1590">
     <span class='ocr_line' id='line_1_18' title="bbox 448 1496 2081 1590; baseline -0.017 -15"><span class='ocrx_word' id='word_1_106' title='bbox 448 1519 731 1590; x_wconf 85' lang='lat' dir='ltr'><strong>cujusque</strong></span> <span class='ocrx_word' id='word_1_107' title='bbox 758 1511 947 1570; x_wconf 66' lang='lat' dir='ltr'><strong>aitatis</strong></span> <span class='ocrx_word' id='word_1_108' title='bbox 972 1509 1190 1565; x_wconf 88' lang='lat' dir='ltr'><strong>ordine.</strong></span> <span class='ocrx_word' id='word_1_109' title='bbox 1226 1505 1465 1560; x_wconf 91' lang='lat' dir='ltr'><strong>Orditur</strong></span> <span class='ocrx_word' id='word_1_110' title='bbox 1492 1500 1649 1555; x_wconf 92' lang='lat' dir='ltr'><strong>enim</strong></span> <span class='ocrx_word' id='word_1_111' title='bbox 1691 1515 1724 1553; x_wconf 90' lang='lat' dir='ltr'><strong>a</strong></span> <span class='ocrx_word' id='word_1_112' title='bbox 1754 1497 1944 1553; x_wconf 86' lang='lat' dir='ltr'><strong>Marco</strong></span> <span class='ocrx_word' id='word_1_113' title='bbox 1964 1496 2081 1549; x_wconf 89' lang='lat' dir='ltr'><strong>Au-</strong></span> 
     </span>
    </p>
   </div>
   <div class='ocr_carea' id='block_1_19' title="bbox 446 1585 2082 1677">
    <p class='ocr_par' dir='ltr' id='par_1_19' title="bbox 446 1585 2082 1677">
     <span class='ocr_line' id='line_1_19' title="bbox 446 1585 2082 1677; baseline -0.017 -12"><span class='ocrx_word' id='word_1_114' title='bbox 446 1585 817 1677; x_wconf 76' lang='lat' dir='ltr'><strong>relio,quem</strong></span> <span class='ocrx_word' id='word_1_115' title='bbox 864 1597 1326 1655; x_wconf 88' lang='lat' dir='ltr'><strong>Christianorum</strong></span> <span class='ocrx_word' id='word_1_116' title='bbox 1369 1594 1727 1660; x_wconf 78' lang='lat' dir='ltr'><strong>protectorem</strong></span> <span class='ocrx_word' id='word_1_117' title='bbox 1777 1585 1959 1641; x_wconf 87' lang='lat' dir='ltr'><strong>fuisse</strong></span> <span class='ocrx_word' id='word_1_118' title='bbox 1989 1599 2082 1638; x_wconf 87' lang='lat' dir='ltr'><strong>as-</strong></span> 
     </span>
    </p>
   </div>
   <div class='ocr_carea' id='block_1_20' title="bbox 450 1673 2080 1755">
    <p class='ocr_par' dir='ltr' id='par_1_20' title="bbox 450 1673 2080 1755">
     <span class='ocr_line' id='line_1_20' title="bbox 450 1673 2080 1755; baseline -0.017 -2"><span class='ocrx_word' id='word_1_119' title='bbox 450 1673 695 1754; x_wconf 78' lang='lat' dir='ltr'><strong>severat.</strong></span> <span class='ocrx_word' id='word_1_120' title='bbox 730 1690 845 1748; x_wconf 85' lang='lat' dir='ltr'><strong>Nec</strong></span> <span class='ocrx_word' id='word_1_121' title='bbox 874 1686 1054 1749; x_wconf 88' lang='lat' dir='ltr'><strong>ullus,</strong></span> <span class='ocrx_word' id='word_1_122' title='bbox 1099 1682 1313 1755; x_wconf 87' lang='lat' dir='ltr'><strong>inquit,</strong></span> <span class='ocrx_word' id='word_1_123' title='bbox 1363 1694 1625 1750; x_wconf 88' lang='lat' dir='ltr'><strong>unquam</strong></span> <span class='ocrx_word' id='word_1_124' title='bbox 1685 1673 2032 1730; x_wconf 81' lang='lat' dir='ltr'><strong>diffitebitur</strong></span> <span class='ocrx_word' id='word_1_125' title='bbox 2066 1689 2080 1727; x_wconf 91' lang='lat'><strong>:</strong></span> 
     </span>
    </p>
   </div>
   <div class='ocr_carea' id='block_1_21' title="bbox 453 1761 2085 1845">
    <p class='ocr_par' dir='ltr' id='par_1_21' title="bbox 453 1761 2085 1845">
     <span class='ocr_line' id='line_1_21' title="bbox 453 1761 2085 1845; baseline -0.013 -10"><span class='ocrx_word' id='word_1_126' title='bbox 453 1806 482 1835; x_wconf 90' lang='grc'><strong>‹‹</strong></span> <span class='ocrx_word' id='word_1_127' title='bbox 504 1783 566 1839; x_wconf 88' lang='lat' dir='ltr'><strong>Si</strong></span> <span class='ocrx_word' id='word_1_128' title='bbox 592 1782 797 1838; x_wconf 79' lang='lat' dir='ltr'><strong>litterae</strong></span> <span class='ocrx_word' id='word_1_129' title='bbox 835 1776 997 1831; x_wconf 88' lang='lat' dir='ltr'><strong>illius</strong></span> <span class='ocrx_word' id='word_1_130' title='bbox 1026 1768 1356 1845; x_wconf 85' lang='lat' dir='ltr'><strong>gravissimi</strong></span> <span class='ocrx_word' id='word_1_131' title='bbox 1386 1763 1756 1838; x_wconf 88' lang='lat' dir='ltr'><strong>imperatoris</strong></span> <span class='ocrx_word' id='word_1_132' title='bbox 1787 1761 2085 1833; x_wconf 88' lang='lat' dir='ltr'><strong>requiran-</strong></span> 
     </span>
    </p>
   </div>
   <div class='ocr_carea' id='block_1_22' title="bbox 2341 987 3545 1056">
    <p class='ocr_par' dir='ltr' id='par_1_22' title="bbox 2341 987 3545 1056">
     <span class='ocr_line' id='line_1_22' title="bbox 2341 987 3545 1056; baseline -0.011 -7"><span class='ocrx_word' id='word_1_133' title='bbox 2341 1036 2355 1050; x_wconf 94' lang='lat'><strong>.</strong></span> <span class='ocrx_word' id='word_1_134' title='bbox 2426 1036 2437 1047; x_wconf 94' lang='lat'>.</span> <span class='ocrx_word' id='word_1_135' title='bbox 2505 1034 2517 1047; x_wconf 96' lang='lat'><strong>.</strong></span> <span class='ocrx_word' id='word_1_136' title='bbox 2585 995 2832 1046; x_wconf 74' lang='lat' dir='ltr'><strong>Chaldaaa</strong></span> <span class='ocrx_word' id='word_1_137' title='bbox 2865 1005 3019 1056; x_wconf 83' lang='lat' dir='ltr'><strong>mago</strong></span> <span class='ocrx_word' id='word_1_138' title='bbox 3049 1005 3143 1056; x_wconf 82' lang='lat' dir='ltr'><strong>seu</strong></span> <span class='ocrx_word' id='word_1_139' title='bbox 3172 987 3410 1040; x_wconf 83' lang='lat' dir='ltr'><strong>carmina</strong></span> <span class='ocrx_word' id='word_1_140' title='bbox 3438 988 3545 1056; x_wconf 68' lang='lat' dir='ltr'><strong>ritu</strong></span> 
     </span>
    </p>
   </div>
   <div class='ocr_carea' id='block_1_23' title="bbox 2346 1047 3757 1120">
    <p class='ocr_par' dir='ltr' id='par_1_23' title="bbox 2346 1047 3757 1120">
     <span class='ocr_line' id='line_1_23' title="bbox 2346 1047 3757 1120; baseline -0.011 -8"><span class='ocrx_word' id='word_1_141' title='bbox 2346 1047 2628 1113; x_wconf 58' lang='lat' dir='ltr'><strong>Armavere</strong></span> <span class='ocrx_word' id='word_1_142' title='bbox 2658 1059 2805 1120; x_wconf 87' lang='lat' dir='ltr'><strong>deos,</strong></span> <span class='ocrx_word' id='word_1_143' title='bbox 2836 1070 2930 1106; x_wconf 88' lang='lat' dir='ltr'><strong>seu</strong></span> <span class='ocrx_word' id='word_1_144' title='bbox 2954 1047 3108 1119; x_wconf 58' lang='lat' dir='ltr'><strong>quod</strong></span> <span class='ocrx_word' id='word_1_145' title='bbox 3136 1066 3275 1114; x_wconf 87' lang='lat' dir='ltr'><strong>reor,</strong></span> <span class='ocrx_word' id='word_1_146' title='bbox 3306 1064 3468 1102; x_wconf 90' lang='lat' dir='ltr'><strong>omne</strong></span> <span class='ocrx_word' id='word_1_147' title='bbox 3492 1047 3757 1120; x_wconf 62' lang='lat' dir='ltr'><strong>Tonantis</strong></span> 
     </span>
    </p>
   </div>
   <div class='ocr_carea' id='block_1_24' title="bbox 2341 1113 3532 1186">
    <p class='ocr_par' dir='ltr' id='par_1_24' title="bbox 2341 1113 3532 1186">
     <span class='ocr_line' id='line_1_24' title="bbox 2341 1113 3532 1186; baseline -0.01 -12"><span class='ocrx_word' id='word_1_148' title='bbox 2341 1122 2662 1186; x_wconf 85' lang='lat' dir='ltr'><strong>Obsequium</strong></span> <span class='ocrx_word' id='word_1_149' title='bbox 2688 1113 2854 1169; x_wconf 77' lang='lat' dir='ltr'><strong>Marci</strong></span> <span class='ocrx_word' id='word_1_150' title='bbox 2884 1113 3060 1169; x_wconf 76' lang='lat' dir='ltr'><strong>moi-es</strong></span> <span class='ocrx_word' id='word_1_151' title='bbox 3088 1113 3311 1180; x_wconf 86' lang='lat' dir='ltr'><strong>potuere</strong></span> <span class='ocrx_word' id='word_1_152' title='bbox 3341 1113 3532 1164; x_wconf 83' lang='lat' dir='ltr'><strong>mereri</strong></span> 
     </span>
    </p>
   </div>
   <div class='ocr_carea' id='block_1_25' title="bbox 2280 1192 3847 1266">
    <p class='ocr_par' dir='ltr' id='par_1_25' title="bbox 2280 1192 3847 1266">
     <span class='ocr_line' id='line_1_25' title="bbox 2280 1192 3847 1266; baseline -0.011 -11"><span class='ocrx_word' id='word_1_153' title='bbox 2280 1204 2588 1266; x_wconf 80' lang='lat' dir='ltr'><strong>(Claudian.</strong></span> <span class='ocrx_word' id='word_1_154' title='bbox 2617 1201 2682 1250; x_wconf 85' lang='lat' dir='ltr'><strong>de</strong></span> <span class='ocrx_word' id='word_1_155' title='bbox 2708 1201 2841 1249; x_wconf 73' lang='lat' dir='ltr'><strong>sext.</strong></span> <span class='ocrx_word' id='word_1_156' title='bbox 2871 1196 3088 1247; x_wconf 75' lang='lat' dir='ltr'><strong>Honorii</strong></span> <span class='ocrx_word' id='word_1_157' title='bbox 3117 1193 3314 1245; x_wconf 82' lang='lat' dir='ltr'><strong>consul.</strong></span> <span class='ocrx_word' id='word_1_158' title='bbox 3348 1207 3401 1243; x_wconf 67' lang='grc' dir='ltr'><strong>ν.</strong></span> <span class='ocrx_word' id='word_1_159' title='bbox 3434 1194 3522 1243; x_wconf 78' lang='lat'><strong>357</strong></span> <span class='ocrx_word' id='word_1_160' title='bbox 3556 1196 3611 1242; x_wconf 88' lang='lat' dir='ltr'><strong>ct</strong></span> <span class='ocrx_word' id='word_1_161' title='bbox 3639 1192 3847 1254; x_wconf 85' lang='lat' dir='ltr'><strong>seqq.)</strong></span> 
     </span>
    </p>
   </div>
   <div class='ocr_carea' id='block_1_26' title="bbox 2261 1334 3848 1408">
    <p class='ocr_par' dir='ltr' id='par_1_26' title="bbox 2261 1334 3848 1408">
     <span class='ocr_line' id='line_1_26' title="bbox 2261 1334 3848 1408; baseline -0.008 -4"><span class='ocrx_word' id='word_1_162' title='bbox 2261 1348 2373 1404; x_wconf 91' lang='lat' dir='ltr'><strong>Sed</strong></span> <span class='ocrx_word' id='word_1_163' title='bbox 2403 1348 2511 1403; x_wconf 89' lang='lat' dir='ltr'><strong>hoc</strong></span> <span class='ocrx_word' id='word_1_164' title='bbox 2560 1344 2929 1401; x_wconf 86' lang='lat' dir='ltr'><strong>ethnicorum</strong></span> <span class='ocrx_word' id='word_1_165' title='bbox 2980 1346 3039 1397; x_wconf 88' lang='lat' dir='ltr'><strong>et</strong></span> <span class='ocrx_word' id='word_1_166' title='bbox 3092 1342 3361 1395; x_wconf 89' lang='lat' dir='ltr'><strong>notatum</strong></span> <span class='ocrx_word' id='word_1_167' title='bbox 3412 1354 3446 1392; x_wconf 93' lang='lat' dir='ltr'><strong>a</strong></span> <span class='ocrx_word' id='word_1_168' title='bbox 3493 1334 3848 1408; x_wconf 87' lang='lat' dir='ltr'><strong>Lampridio</strong></span> 
     </span>
    </p>
   </div>
   <div class='ocr_carea' id='block_1_27' title="bbox 2191 1423 3848 1507">
    <p class='ocr_par' dir='ltr' id='par_1_27' title="bbox 2191 1423 3848 1507">
     <span class='ocr_line' id='line_1_27' title="bbox 2191 1423 3848 1507; baseline -0.01 -14"><span class='ocrx_word' id='word_1_169' title='bbox 2191 1438 2462 1507; x_wconf 91' lang='lat' dir='ltr'><strong>dubium,</strong></span> <span class='ocrx_word' id='word_1_170' title='bbox 2494 1452 2612 1491; x_wconf 90' lang='lat' dir='ltr'><strong>non</strong></span> <span class='ocrx_word' id='word_1_171' title='bbox 2644 1432 2903 1499; x_wconf 86' lang='lat' dir='ltr'><strong>aliunde,</strong></span> <span class='ocrx_word' id='word_1_172' title='bbox 2934 1445 3113 1502; x_wconf 90' lang='lat' dir='ltr'><strong>quam</strong></span> <span class='ocrx_word' id='word_1_173' title='bbox 3142 1444 3212 1483; x_wconf 83' lang='lat' dir='ltr'><strong>ex</strong></span> <span class='ocrx_word' id='word_1_174' title='bbox 3238 1426 3435 1481; x_wconf 82' lang='lat' dir='ltr'><strong>innato</strong></span> <span class='ocrx_word' id='word_1_175' title='bbox 3464 1424 3523 1479; x_wconf 92' lang='lat' dir='ltr'><strong>in</strong></span> <span class='ocrx_word' id='word_1_176' title='bbox 3554 1423 3848 1480; x_wconf 86' lang='lat' dir='ltr'><strong>Christia-</strong></span> 
     </span>
    </p>
   </div>
   <div class='ocr_carea' id='block_1_28' title="bbox 2192 1511 3849 1590">
    <p class='ocr_par' dir='ltr' id='par_1_28' title="bbox 2192 1511 3849 1590">
     <span class='ocr_line' id='line_1_28' title="bbox 2192 1511 3849 1590; baseline -0.008 -9"><span class='ocrx_word' id='word_1_177' title='bbox 2192 1542 2298 1581; x_wconf 90' lang='lat' dir='ltr'><strong>nos</strong></span> <span class='ocrx_word' id='word_1_178' title='bbox 2346 1524 2479 1580; x_wconf 90' lang='lat' dir='ltr'><strong>odio</strong></span> <span class='ocrx_word' id='word_1_179' title='bbox 2528 1540 2594 1579; x_wconf 90' lang='lat' dir='ltr'><strong>ac</strong></span> <span class='ocrx_word' id='word_1_180' title='bbox 2632 1520 2806 1578; x_wconf 88' lang='lat' dir='ltr'><strong>solita</strong></span> <span class='ocrx_word' id='word_1_181' title='bbox 2851 1519 2913 1576; x_wconf 88' lang='lat' dir='ltr'><strong>in</strong></span> <span class='ocrx_word' id='word_1_182' title='bbox 2967 1516 3263 1590; x_wconf 86' lang='lat' dir='ltr'><strong>principes</strong></span> <span class='ocrx_word' id='word_1_183' title='bbox 3310 1530 3450 1571; x_wconf 89' lang='lat' dir='ltr'><strong>suos</strong></span> <span class='ocrx_word' id='word_1_184' title='bbox 3499 1511 3849 1569; x_wconf 84' lang='lat' dir='ltr'><strong>adulatione</strong></span> 
     </span>
    </p>
   </div>
   <div class='ocr_carea' id='block_1_29' title="bbox 2192 1600 3619 1682">
    <p class='ocr_par' dir='ltr' id='par_1_29' title="bbox 2192 1600 3619 1682">
     <span class='ocr_line' id='line_1_29' title="bbox 2192 1600 3619 1682; baseline -0.009 -15"><span class='ocrx_word' id='word_1_185' title='bbox 2192 1611 2451 1681; x_wconf 83' lang='lat' dir='ltr'><strong>manavit</strong></span> <span class='ocrx_word' id='word_1_186' title='bbox 2478 1608 2801 1682; x_wconf 91' lang='lat' dir='ltr'><strong>(Lamprid.</strong></span> <span class='ocrx_word' id='word_1_187' title='bbox 2834 1608 2894 1661; x_wconf 91' lang='lat' dir='ltr'><strong>in</strong></span> <span class='ocrx_word' id='word_1_188' title='bbox 2931 1608 3049 1661; x_wconf 81' lang='lat' dir='ltr'><strong>Vita</strong></span> <span class='ocrx_word' id='word_1_189' title='bbox 3070 1603 3348 1675; x_wconf 85' lang='lat' dir='ltr'><strong>Hetiogab.</strong></span> <span class='ocrx_word' id='word_1_190' title='bbox 3381 1619 3438 1674; x_wconf 91' lang='lat' dir='ltr'><strong>p.</strong></span> <span class='ocrx_word' id='word_1_191' title='bbox 3471 1600 3619 1672; x_wconf 76' lang='grc'>141).</span> 
     </span>
    </p>
   </div>
   <div class='ocr_carea' id='block_1_30' title="bbox 2263 1688 3849 1769">
    <p class='ocr_par' dir='ltr' id='par_1_30' title="bbox 2263 1688 3849 1769">
     <span class='ocr_line' id='line_1_30' title="bbox 2263 1688 3849 1769; baseline -0.007 -16"><span class='ocrx_word' id='word_1_192' title='bbox 2263 1700 2549 1755; x_wconf 86' lang='lat' dir='ltr'><strong>Eusebius</strong></span> <span class='ocrx_word' id='word_1_193' title='bbox 2579 1696 2871 1769; x_wconf 85' lang='lat' dir='ltr'><strong>siquidem</strong></span> <span class='ocrx_word' id='word_1_194' title='bbox 2897 1696 3032 1766; x_wconf 88' lang='lat' dir='ltr'><strong>jure</strong></span> <span class='ocrx_word' id='word_1_195' title='bbox 3074 1708 3317 1765; x_wconf 87' lang='lat' dir='ltr'><strong>prorsus</strong></span> <span class='ocrx_word' id='word_1_196' title='bbox 3375 1689 3583 1745; x_wconf 91' lang='lat' dir='ltr'><strong>merito</strong></span> <span class='ocrx_word' id='word_1_197' title='bbox 3626 1688 3849 1744; x_wconf 85' lang='lat' dir='ltr'><strong>asserit</strong></span> 
     </span>
    </p>
   </div>
   <div class='ocr_carea' id='block_1_31' title="bbox 2192 1776 3842 1859">
    <p class='ocr_par' dir='ltr' id='par_1_31' title="bbox 2192 1776 3842 1859">
     <span class='ocr_line' id='line_1_31' title="bbox 2192 1776 3842 1859; baseline -0.009 -14"><span class='ocrx_word' id='word_1_198' title='bbox 2192 1790 2473 1859; x_wconf 77' lang='lat' dir='ltr'><strong>majorem</strong></span> <span class='ocrx_word' id='word_1_199' title='bbox 2504 1785 2836 1842; x_wconf 85' lang='lat' dir='ltr'><strong>habendam</strong></span> <span class='ocrx_word' id='word_1_200' title='bbox 2867 1782 3042 1838; x_wconf 85' lang='lat' dir='ltr'><strong>ﬁdem</strong></span> <span class='ocrx_word' id='word_1_201' title='bbox 3064 1780 3454 1853; x_wconf 84' lang='lat' dir='ltr'><strong>scriptoribus</strong></span> <span class='ocrx_word' id='word_1_202' title='bbox 3486 1776 3842 1848; x_wconf 88' lang='lat' dir='ltr'><strong>nostris,qui</strong></span> 
     </span>
    </p>
   </div>
   <div class='ocr_carea' id='block_1_32' title="bbox 452 1852 3844 1960">
    <p class='ocr_par' dir='ltr' id='par_1_32' title="bbox 452 1852 3844 1960">
     <span class='ocr_line' id='line_1_32' title="bbox 452 1852 3844 1960; baseline -0.006 -17"><span class='ocrx_word' id='word_1_203' title='bbox 452 1869 792 1960; x_wconf 45' lang='lat' dir='ltr'><strong>mutu“???</strong></span> <span class='ocrx_word' id='word_1_204' title='bbox 816 1864 977 1921; x_wconf 55' lang='lat' dir='ltr'><strong>illam</strong></span> <span class='ocrx_word' id='word_1_205' title='bbox 1006 1859 1412 1960; x_wconf 52' lang='grc' dir='ltr'><strong>δθῗξῖηξξίθθῐξλ</strong></span> <span class='ocrx_word' id='word_1_206' title='bbox 1431 1852 2082 1960; x_wconf 48' lang='grc' dir='ltr'><strong>δίῐίξηνςὴνίὲίξξονξλξλ</strong></span> <span class='ocrx_word' id='word_1_207' title='bbox 2116 1895 2163 1960; x_wconf 81' lang='grc' dir='ltr'><strong>Β</strong></span> <span class='ocrx_word' id='word_1_208' title='bbox 2193 1852 2455 1933; x_wconf 79' lang='lat' dir='ltr'><strong>veritatis</strong></span> <span class='ocrx_word' id='word_1_209' title='bbox 2485 1870 3112 1943; x_wconf 87' lang='lat' dir='ltr'><strong>cultores,simpliciter</strong></span> <span class='ocrx_word' id='word_1_210' title='bbox 3138 1873 3196 1926; x_wconf 90' lang='lat' dir='ltr'><strong>et</strong></span> <span class='ocrx_word' id='word_1_211' title='bbox 3215 1869 3467 1940; x_wconf 88' lang='lat' dir='ltr'><strong>ingenue</strong></span> <span class='ocrx_word' id='word_1_212' title='bbox 3489 1881 3612 1923; x_wconf 90' lang='lat' dir='ltr'><strong>rem</strong></span> <span class='ocrx_word' id='word_1_213' title='bbox 3643 1865 3844 1937; x_wconf 85' lang='lat' dir='ltr'><strong>ipsam</strong></span> 
     </span>
    </p>
   </div>
   <div class='ocr_carea' id='block_1_33' title="bbox 457 1937 2086 2024">
    <p class='ocr_par' dir='ltr' id='par_1_33' title="bbox 457 1937 2086 2024">
     <span class='ocr_line' id='line_1_33' title="bbox 457 1937 2086 2024; baseline -0.015 -9"><span class='ocrx_word' id='word_1_214' title='bbox 457 1937 611 2015; x_wconf 73' lang='lat' dir='ltr'><strong>forte</strong></span> <span class='ocrx_word' id='word_1_215' title='bbox 633 1954 885 2011; x_wconf 89' lang='lat' dir='ltr'><strong>militum</strong></span> <span class='ocrx_word' id='word_1_216' title='bbox 914 1947 1347 2024; x_wconf 78' lang='lat' dir='ltr'><strong>precationibus</strong></span> <span class='ocrx_word' id='word_1_217' title='bbox 1378 1945 1687 2015; x_wconf 88' lang='lat' dir='ltr'><strong>impetrato</strong></span> <span class='ocrx_word' id='word_1_218' title='bbox 1743 1938 1940 2003; x_wconf 91' lang='lat' dir='ltr'><strong>imbri,</strong></span> <span class='ocrx_word' id='word_1_219' title='bbox 1973 1937 2086 1991; x_wconf 90' lang='lat' dir='ltr'><strong>dis-</strong></span> 
     </span>
    </p>
   </div>
   <div class='ocr_carea' id='block_1_34' title="bbox 458 2026 2084 2107">
    <p class='ocr_par' dir='ltr' id='par_1_34' title="bbox 458 2026 2084 2107">
     <span class='ocr_line' id='line_1_34' title="bbox 458 2026 2084 2107; baseline -0.015 -3"><span class='ocrx_word' id='word_1_220' title='bbox 458 2062 693 2104; x_wconf 84' lang='lat' dir='ltr'><strong>cussam</strong></span> <span class='ocrx_word' id='word_1_221' title='bbox 744 2044 1105 2098; x_wconf 83' lang='lat' dir='ltr'><strong>contestatur</strong></span> <span class='ocrx_word' id='word_1_222' title='bbox 1146 2058 1175 2087; x_wconf 83' lang='lat'><strong>»</strong></span> <span class='ocrx_word' id='word_1_223' title='bbox 1225 2032 1487 2107; x_wconf 88' lang='lat' dir='ltr'><strong>(Tertull.</strong></span> <span class='ocrx_word' id='word_1_224' title='bbox 1538 2031 1811 2102; x_wconf 81' lang='lat' dir='ltr'><strong>Apologet.</strong></span> <span class='ocrx_word' id='word_1_225' title='bbox 1870 2043 1999 2098; x_wconf 85' lang='lat' dir='ltr'><strong>cap.</strong></span> <span class='ocrx_word' id='word_1_226' title='bbox 2029 2026 2084 2092; x_wconf 83' lang='lat'><strong>5,</strong></span> 
     </span>
    </p>
   </div>
   <div class='ocr_carea' id='block_1_35' title="bbox 458 2114 2089 2209">
    <p class='ocr_par' dir='ltr' id='par_1_35' title="bbox 458 2114 2089 2209">
     <span class='ocr_line' id='line_1_35' title="bbox 458 2114 2089 2209; baseline -0.014 -18"><span class='ocrx_word' id='word_1_227' title='bbox 458 2154 517 2209; x_wconf 92' lang='lat' dir='ltr'><strong>p.</strong></span> <span class='ocrx_word' id='word_1_228' title='bbox 548 2134 693 2204; x_wconf 84' lang='lat'>295).</span> <span class='ocrx_word' id='word_1_229' title='bbox 725 2134 958 2186; x_wconf 85' lang='lat' dir='ltr'><strong>Certum</strong></span> <span class='ocrx_word' id='word_1_230' title='bbox 989 2126 1247 2199; x_wconf 86' lang='lat' dir='ltr'><strong>quidem,</strong></span> <span class='ocrx_word' id='word_1_231' title='bbox 1274 2139 1340 2179; x_wconf 88' lang='lat' dir='ltr'><strong>ac</strong></span> <span class='ocrx_word' id='word_1_232' title='bbox 1370 2119 1635 2176; x_wconf 88' lang='lat' dir='ltr'><strong>unanimi</strong></span> <span class='ocrx_word' id='word_1_233' title='bbox 1663 2116 1945 2179; x_wconf 88' lang='lat' dir='ltr'><strong>omnium,</strong></span> <span class='ocrx_word' id='word_1_234' title='bbox 1969 2114 2089 2169; x_wconf 88' lang='lat' dir='ltr'><strong>sivo</strong></span> 
     </span>
    </p>
   </div>
   <div class='ocr_carea' id='block_1_36' title="bbox 457 2205 2089 2297">
    <p class='ocr_par' dir='ltr' id='par_1_36' title="bbox 457 2205 2089 2297">
     <span class='ocr_line' id='line_1_36' title="bbox 457 2205 2089 2297; baseline -0.014 -18"><span class='ocrx_word' id='word_1_235' title='bbox 457 2205 786 2297; x_wconf 77' lang='lat' dir='ltr'><strong>gentilium,</strong></span> <span class='ocrx_word' id='word_1_236' title='bbox 810 2218 929 2274; x_wconf 86' lang='lat' dir='ltr'><strong>sive</strong></span> <span class='ocrx_word' id='word_1_237' title='bbox 957 2214 1418 2270; x_wconf 86' lang='lat' dir='ltr'><strong>Christianorum</strong></span> <span class='ocrx_word' id='word_1_238' title='bbox 1460 2223 1747 2264; x_wconf 89' lang='lat' dir='ltr'><strong>consensu</strong></span> <span class='ocrx_word' id='word_1_239' title='bbox 1780 2205 2089 2276; x_wconf 89' lang='lat' dir='ltr'><strong>probatum</strong></span> 
     </span>
    </p>
   </div>
   <div class='ocr_carea' id='block_1_37' title="bbox 457 2294 2091 2377">
    <p class='ocr_par' dir='ltr' id='par_1_37' title="bbox 457 2294 2091 2377">
     <span class='ocr_line' id='line_1_37' title="bbox 457 2294 2091 2377; baseline -0.015 -8"><span class='ocrx_word' id='word_1_240' title='bbox 457 2294 547 2370; x_wconf 74' lang='lat' dir='ltr'><strong>est</strong></span> <span class='ocrx_word' id='word_1_241' title='bbox 576 2311 696 2365; x_wconf 70' lang='lat' dir='ltr'><strong>haec</strong></span> <span class='ocrx_word' id='word_1_242' title='bbox 726 2305 1055 2377; x_wconf 83' lang='lat' dir='ltr'><strong>contigisse,</strong></span> <span class='ocrx_word' id='word_1_243' title='bbox 1087 2318 1220 2358; x_wconf 90' lang='lat' dir='ltr'><strong>cum</strong></span> <span class='ocrx_word' id='word_1_244' title='bbox 1255 2300 1483 2356; x_wconf 86' lang='lat' dir='ltr'><strong>Marcus</strong></span> <span class='ocrx_word' id='word_1_245' title='bbox 1511 2296 1780 2352; x_wconf 86' lang='lat' dir='ltr'><strong>Aurelius</strong></span> <span class='ocrx_word' id='word_1_246' title='bbox 1812 2294 2091 2348; x_wconf 89' lang='lat' dir='ltr'><strong>adversus</strong></span> 
     </span>
    </p>
   </div>
   <div class='ocr_carea' id='block_1_38' title="bbox 454 2379 2094 2459">
    <p class='ocr_par' dir='ltr' id='par_1_38' title="bbox 454 2379 2094 2459">
     <span class='ocr_line' id='line_1_38' title="bbox 454 2379 2094 2459; baseline -0.013 -3"><span class='ocrx_word' id='word_1_247' title='bbox 454 2404 774 2457; x_wconf 89' lang='lat' dir='ltr'><strong>Germanos</strong></span> <span class='ocrx_word' id='word_1_248' title='bbox 826 2410 892 2450; x_wconf 90' lang='lat' dir='ltr'><strong>ac</strong></span> <span class='ocrx_word' id='word_1_249' title='bbox 934 2394 1231 2448; x_wconf 86' lang='lat' dir='ltr'><strong>Sarmatas</strong></span> <span class='ocrx_word' id='word_1_250' title='bbox 1296 2392 1685 2459; x_wconf 85' lang='lat' dir='ltr'><strong>pugnaturus,</strong></span> <span class='ocrx_word' id='word_1_251' title='bbox 1762 2383 1944 2438; x_wconf 88' lang='lat' dir='ltr'><strong>aciem</strong></span> <span class='ocrx_word' id='word_1_252' title='bbox 2009 2379 2094 2434; x_wconf 87' lang='lat' dir='ltr'><strong>in-</strong></span> 
     </span>
    </p>
   </div>
   <div class='ocr_carea' id='block_1_39' title="bbox 456 2469 2091 2551">
    <p class='ocr_par' dir='ltr' id='par_1_39' title="bbox 456 2469 2091 2551">
     <span class='ocr_line' id='line_1_39' title="bbox 456 2469 2091 2551; baseline -0.015 -5"><span class='ocrx_word' id='word_1_253' title='bbox 456 2490 728 2546; x_wconf 87' lang='lat' dir='ltr'><strong>strueret.</strong></span> <span class='ocrx_word' id='word_1_254' title='bbox 758 2488 901 2538; x_wconf 93' lang='lat' dir='ltr'><strong>Tum</strong></span> <span class='ocrx_word' id='word_1_255' title='bbox 957 2480 1173 2551; x_wconf 90' lang='lat' dir='ltr'><strong>quippe</strong></span> <span class='ocrx_word' id='word_1_256' title='bbox 1202 2478 1330 2547; x_wconf 88' lang='lat' dir='ltr'><strong>ejus</strong></span> <span class='ocrx_word' id='word_1_257' title='bbox 1379 2474 1616 2539; x_wconf 84' lang='lat' dir='ltr'><strong>milites,</strong></span> <span class='ocrx_word' id='word_1_258' title='bbox 1664 2472 1763 2544; x_wconf 91' lang='lat' dir='ltr'><strong>qui</strong></span> <span class='ocrx_word' id='word_1_259' title='bbox 1813 2469 1911 2526; x_wconf 86' lang='lat' dir='ltr'><strong>siti</strong></span> <span class='ocrx_word' id='word_1_260' title='bbox 1959 2484 2091 2523; x_wconf 90' lang='lat' dir='ltr'><strong>ene-</strong></span> 
     </span>
    </p>
   </div>
   <div class='ocr_carea' id='block_1_40' title="bbox 457 2558 2089 2642">
    <p class='ocr_par' dir='ltr' id='par_1_40' title="bbox 457 2558 2089 2642">
     <span class='ocr_line' id='line_1_40' title="bbox 457 2558 2089 2642; baseline -0.014 -9"><span class='ocrx_word' id='word_1_261' title='bbox 457 2578 762 2641; x_wconf 87' lang='lat' dir='ltr'><strong>cabautur,</strong></span> <span class='ocrx_word' id='word_1_262' title='bbox 793 2572 1083 2642; x_wconf 90' lang='lat' dir='ltr'><strong>inpetrato</strong></span> <span class='ocrx_word' id='word_1_263' title='bbox 1125 2566 1352 2622; x_wconf 80' lang='lat' dir='ltr'><strong>ccelitus</strong></span> <span class='ocrx_word' id='word_1_264' title='bbox 1380 2563 1585 2632; x_wconf 86' lang='lat' dir='ltr'><strong>imbre,</strong></span> <span class='ocrx_word' id='word_1_265' title='bbox 1639 2558 1879 2615; x_wconf 79' lang='lat' dir='ltr'><strong>recreati</strong></span> <span class='ocrx_word' id='word_1_266' title='bbox 1932 2560 2089 2612; x_wconf 90' lang='lat' dir='ltr'><strong>sunt.</strong></span> 
     </span>
    </p>
   </div>
   <div class='ocr_carea' id='block_1_41' title="bbox 458 2649 2093 2726">
    <p class='ocr_par' dir='ltr' id='par_1_41' title="bbox 458 2649 2093 2726">
     <span class='ocr_line' id='line_1_41' title="bbox 458 2649 2093 2726; baseline -0.015 -4"><span class='ocrx_word' id='word_1_267' title='bbox 458 2666 568 2723; x_wconf 88' lang='lat' dir='ltr'><strong>Sed</strong></span> <span class='ocrx_word' id='word_1_268' title='bbox 602 2664 663 2718; x_wconf 90' lang='lat' dir='ltr'><strong>in</strong></span> <span class='ocrx_word' id='word_1_269' title='bbox 694 2661 937 2717; x_wconf 89' lang='lat' dir='ltr'><strong>dubium</strong></span> <span class='ocrx_word' id='word_1_270' title='bbox 980 2656 1193 2726; x_wconf 83' lang='lat' dir='ltr'><strong>aliquis</strong></span> <span class='ocrx_word' id='word_1_271' title='bbox 1227 2652 1452 2708; x_wconf 86' lang='lat' dir='ltr'><strong>vocabit</strong></span> <span class='ocrx_word' id='word_1_272' title='bbox 1483 2656 1679 2705; x_wconf 90' lang='lat' dir='ltr'><strong>utrum</strong></span> <span class='ocrx_word' id='word_1_273' title='bbox 1725 2649 2093 2704; x_wconf 78' lang='lat' dir='ltr'><strong>ethnicorum</strong></span> 
     </span>
    </p>
   </div>
   <div class='ocr_carea' id='block_1_42' title="bbox 460 2736 1878 2815">
    <p class='ocr_par' dir='ltr' id='par_1_42' title="bbox 460 2736 1878 2815">
     <span class='ocr_line' id='line_1_42' title="bbox 460 2736 1878 2815; baseline -0.015 -5"><span class='ocrx_word' id='word_1_274' title='bbox 460 2753 548 2810; x_wconf 90' lang='lat' dir='ltr'><strong>vel</strong></span> <span class='ocrx_word' id='word_1_275' title='bbox 578 2747 1044 2807; x_wconf 85' lang='lat' dir='ltr'><strong>Christianorum</strong></span> <span class='ocrx_word' id='word_1_276' title='bbox 1076 2742 1344 2815; x_wconf 90' lang='lat' dir='ltr'><strong>precibus</strong></span> <span class='ocrx_word' id='word_1_277' title='bbox 1376 2741 1651 2794; x_wconf 89' lang='lat' dir='ltr'><strong>obtentus</strong></span> <span class='ocrx_word' id='word_1_278' title='bbox 1682 2736 1878 2791; x_wconf 83' lang='lat' dir='ltr'><strong>fuerit.</strong></span> 
     </span>
    </p>
   </div>
   <div class='ocr_carea' id='block_1_43' title="bbox 534 2840 2095 2922">
    <p class='ocr_par' dir='ltr' id='par_1_43' title="bbox 534 2840 2095 2922">
     <span class='ocr_line' id='line_1_43' title="bbox 534 2840 2095 2922; baseline -0.013 -8"><span class='ocrx_word' id='word_1_279' title='bbox 534 2857 737 2913; x_wconf 83' lang='lat' dir='ltr'><strong>Plures</strong></span> <span class='ocrx_word' id='word_1_280' title='bbox 768 2866 1013 2922; x_wconf 90' lang='lat' dir='ltr'><strong>namque</strong></span> <span class='ocrx_word' id='word_1_281' title='bbox 1043 2848 1357 2920; x_wconf 89' lang='lat' dir='ltr'><strong>scriptores</strong></span> <span class='ocrx_word' id='word_1_282' title='bbox 1386 2843 1602 2900; x_wconf 87' lang='lat' dir='ltr'><strong>ethnici</strong></span> <span class='ocrx_word' id='word_1_283' title='bbox 1644 2843 1801 2897; x_wconf 89' lang='lat' dir='ltr'><strong>hunc</strong></span> <span class='ocrx_word' id='word_1_284' title='bbox 1848 2840 2095 2895; x_wconf 89' lang='lat' dir='ltr'><strong>imbrem</strong></span> 
     </span>
    </p>
   </div>
   <div class='ocr_carea' id='block_1_44' title="bbox 464 2931 2096 3021">
    <p class='ocr_par' dir='ltr' id='par_1_44' title="bbox 464 2931 2096 3021">
     <span class='ocr_line' id='line_1_44' title="bbox 464 2931 2096 3021; baseline -0.013 -18"><span class='ocrx_word' id='word_1_285' title='bbox 464 2942 783 3021; x_wconf 86' lang='lat' dir='ltr'><strong>precationi</strong></span> <span class='ocrx_word' id='word_1_286' title='bbox 804 2939 1119 3014; x_wconf 89' lang='lat' dir='ltr'><strong>pietatique</strong></span> <span class='ocrx_word' id='word_1_287' title='bbox 1134 2936 1397 3007; x_wconf 86' lang='lat' dir='ltr'><strong>ejusdem</strong></span> <span class='ocrx_word' id='word_1_288' title='bbox 1415 2931 1782 3004; x_wconf 88' lang='lat' dir='ltr'><strong>imperatoris</strong></span> <span class='ocrx_word' id='word_1_289' title='bbox 1795 2934 2096 3000; x_wconf 87' lang='lat' dir='ltr'><strong>acceptum</strong></span> 
     </span>
    </p>
   </div>
   <div class='ocr_carea' id='block_1_45' title="bbox 463 3017 2099 3092">
    <p class='ocr_par' dir='ltr' id='par_1_45' title="bbox 463 3017 2099 3092">
     <span class='ocr_line' id='line_1_45' title="bbox 463 3017 2099 3092; baseline -0.013 0"><span class='ocrx_word' id='word_1_290' title='bbox 463 3017 745 3092; x_wconf 78' lang='lat' dir='ltr'><strong>referunt.</strong></span> <span class='ocrx_word' id='word_1_291' title='bbox 800 3029 1032 3085; x_wconf 88' lang='lat' dir='ltr'><strong>Primus</strong></span> <span class='ocrx_word' id='word_1_292' title='bbox 1082 3031 1277 3082; x_wconf 91' lang='lat' dir='ltr'><strong>autem</strong></span> <span class='ocrx_word' id='word_1_293' title='bbox 1336 3022 1564 3079; x_wconf 86' lang='lat' dir='ltr'><strong>existis</strong></span> <span class='ocrx_word' id='word_1_294' title='bbox 1615 3020 1868 3075; x_wconf 91' lang='lat' dir='ltr'><strong>occurrit</strong></span> <span class='ocrx_word' id='word_1_295' title='bbox 1931 3017 2099 3072; x_wconf 90' lang='lat' dir='ltr'><strong>nobis</strong></span> 
     </span>
    </p>
   </div>
   <div class='ocr_carea' id='block_1_46' title="bbox 463 3105 2096 3197">
    <p class='ocr_par' dir='ltr' id='par_1_46' title="bbox 463 3105 2096 3197">
     <span class='ocr_line' id='line_1_46' title="bbox 463 3105 2096 3197; baseline -0.014 -15"><span class='ocrx_word' id='word_1_296' title='bbox 463 3120 844 3197; x_wconf 79' lang='lat' dir='ltr'><strong>Capitolinus,</strong></span> <span class='ocrx_word' id='word_1_297' title='bbox 877 3119 1047 3187; x_wconf 88' lang='lat' dir='ltr'><strong>cujus</strong></span> <span class='ocrx_word' id='word_1_298' title='bbox 1077 3115 1196 3170; x_wconf 69' lang='lat' dir='ltr'><strong>haec</strong></span> <span class='ocrx_word' id='word_1_299' title='bbox 1234 3116 1374 3168; x_wconf 90' lang='lat' dir='ltr'><strong>sunt</strong></span> <span class='ocrx_word' id='word_1_300' title='bbox 1403 3112 1473 3165; x_wconf 86' lang='lat' dir='ltr'><strong>de</strong></span> <span class='ocrx_word' id='word_1_301' title='bbox 1514 3108 1621 3197; x_wconf 88' lang='lat' dir='ltr'><strong>illo</strong></span> <span class='ocrx_word' id='word_1_302' title='bbox 1652 3109 1825 3163; x_wconf 91' lang='lat' dir='ltr'><strong>verba</strong></span> <span class='ocrx_word' id='word_1_303' title='bbox 1853 3124 1866 3162; x_wconf 90' lang='lat'><strong>:</strong></span> <span class='ocrx_word' id='word_1_304' title='bbox 1903 3128 1930 3156; x_wconf 87' lang='lat'><strong>«</strong></span> <span class='ocrx_word' id='word_1_305' title='bbox 1965 3105 2096 3160; x_wconf 86' lang='lat' dir='ltr'><strong>Ful-</strong></span> 
     </span>
    </p>
   </div>
   <div class='ocr_carea' id='block_1_47' title="bbox 464 3193 2095 3273">
    <p class='ocr_par' dir='ltr' id='par_1_47' title="bbox 464 3193 2095 3273">
     <span class='ocr_line' id='line_1_47' title="bbox 464 3193 2095 3273; baseline -0.014 -3"><span class='ocrx_word' id='word_1_306' title='bbox 464 3193 597 3270; x_wconf 77' lang='lat' dir='ltr'><strong>men</strong></span> <span class='ocrx_word' id='word_1_307' title='bbox 628 3212 700 3267; x_wconf 92' lang='lat' dir='ltr'><strong>de</strong></span> <span class='ocrx_word' id='word_1_308' title='bbox 725 3207 929 3264; x_wconf 79' lang='lat' dir='ltr'><strong>I000</strong></span> <span class='ocrx_word' id='word_1_309' title='bbox 961 3204 1101 3260; x_wconf 80' lang='lat' dir='ltr'><strong>ccelo</strong></span> <span class='ocrx_word' id='word_1_310' title='bbox 1132 3201 1402 3273; x_wconf 86' lang='lat' dir='ltr'><strong>precibus</strong></span> <span class='ocrx_word' id='word_1_311' title='bbox 1432 3196 1557 3254; x_wconf 89' lang='lat' dir='ltr'><strong>suis</strong></span> <span class='ocrx_word' id='word_1_312' title='bbox 1589 3201 1790 3251; x_wconf 87' lang='lat' dir='ltr'><strong>contra</strong></span> <span class='ocrx_word' id='word_1_313' title='bbox 1841 3193 2095 3249; x_wconf 86' lang='lat' dir='ltr'><strong>hostium</strong></span> 
     </span>
    </p>
   </div>
   <div class='ocr_carea' id='block_1_48' title="bbox 463 3284 2094 3359">
    <p class='ocr_par' dir='ltr' id='par_1_48' title="bbox 463 3284 2094 3359">
     <span class='ocr_line' id='line_1_48' title="bbox 463 3284 2094 3359; baseline -0.015 0"><span class='ocrx_word' id='word_1_314' title='bbox 463 3298 1000 3359; x_wconf 85' lang='lat' dir='ltr'><strong>machinamentum</strong></span> <span class='ocrx_word' id='word_1_315' title='bbox 1032 3290 1293 3357; x_wconf 85' lang='lat' dir='ltr'><strong>extorsit,</strong></span> <span class='ocrx_word' id='word_1_316' title='bbox 1344 3287 1468 3342; x_wconf 88' lang='lat' dir='ltr'><strong>suis</strong></span> <span class='ocrx_word' id='word_1_317' title='bbox 1522 3284 1718 3358; x_wconf 91' lang='lat' dir='ltr'><strong>pluvia</strong></span> <span class='ocrx_word' id='word_1_318' title='bbox 1764 3284 2094 3355; x_wconf 86' lang='lat' dir='ltr'><strong>impetrata,</strong></span> 
     </span>
    </p>
   </div>
   <div class='ocr_carea' id='block_1_49' title="bbox 465 3372 2096 3450">
    <p class='ocr_par' dir='ltr' id='par_1_49' title="bbox 465 3372 2096 3450">
     <span class='ocr_line' id='line_1_49' title="bbox 465 3372 2096 3450; baseline -0.013 -4"><span class='ocrx_word' id='word_1_319' title='bbox 465 3405 599 3446; x_wconf 89' lang='lat' dir='ltr'><strong>cum</strong></span> <span class='ocrx_word' id='word_1_320' title='bbox 629 3386 725 3443; x_wconf 88' lang='lat' dir='ltr'><strong>siti</strong></span> <span class='ocrx_word' id='word_1_321' title='bbox 758 3384 1090 3440; x_wconf 87' lang='lat' dir='ltr'><strong>laborarent</strong></span> <span class='ocrx_word' id='word_1_322' title='bbox 1122 3401 1149 3429; x_wconf 74' lang='grc' dir='ltr'>ι)</span> <span class='ocrx_word' id='word_1_323' title='bbox 1182 3376 1447 3450; x_wconf 85' lang='lat' dir='ltr'><strong>(Capitol.</strong></span> <span class='ocrx_word' id='word_1_324' title='bbox 1482 3375 1539 3428; x_wconf 89' lang='lat' dir='ltr'><strong>in</strong></span> <span class='ocrx_word' id='word_1_325' title='bbox 1579 3376 1693 3429; x_wconf 82' lang='lat' dir='ltr'><strong>Vitc</strong></span> <span class='ocrx_word' id='word_1_326' title='bbox 1723 3376 1803 3428; x_wconf 90' lang='grc' dir='ltr'><strong>Μ.</strong></span> <span class='ocrx_word' id='word_1_327' title='bbox 1834 3372 2096 3427; x_wconf 83' lang='grc' dir='ltr'><strong>Αηιοηίη.</strong></span> 
     </span>
    </p>
   </div>
   <div class='ocr_carea' id='block_1_50' title="bbox 465 3460 2099 3549">
    <p class='ocr_par' dir='ltr' id='par_1_50' title="bbox 465 3460 2099 3549">
     <span class='ocr_line' id='line_1_50' title="bbox 465 3460 2099 3549; baseline -0.011 -17"><span class='ocrx_word' id='word_1_328' title='bbox 465 3493 524 3549; x_wconf 89' lang='lat' dir='ltr'><strong>p.</strong></span> <span class='ocrx_word' id='word_1_329' title='bbox 556 3474 703 3545; x_wconf 86' lang='lat'><strong>305).</strong></span> <span class='ocrx_word' id='word_1_330' title='bbox 742 3471 950 3527; x_wconf 83' lang='lat' dir='ltr'><strong>Fusius</strong></span> <span class='ocrx_word' id='word_1_331' title='bbox 982 3484 1112 3524; x_wconf 89' lang='lat' dir='ltr'><strong>vero</strong></span> <span class='ocrx_word' id='word_1_332' title='bbox 1141 3462 1503 3521; x_wconf 86' lang='lat' dir='ltr'><strong>Themistius</strong></span> <span class='ocrx_word' id='word_1_333' title='bbox 1549 3461 1781 3549; x_wconf 87' lang='lat' dir='ltr'><strong>publica</strong></span> <span class='ocrx_word' id='word_1_334' title='bbox 1810 3461 1880 3515; x_wconf 90' lang='lat' dir='ltr'><strong>ad</strong></span> <span class='ocrx_word' id='word_1_335' title='bbox 1915 3460 2099 3515; x_wconf 86' lang='lat' dir='ltr'><strong>Theo-</strong></span> 
     </span>
    </p>
   </div>
   <div class='ocr_carea' id='block_1_51' title="bbox 468 3547 2100 3624">
    <p class='ocr_par' dir='ltr' id='par_1_51' title="bbox 468 3547 2100 3624">
     <span class='ocr_line' id='line_1_51' title="bbox 468 3547 2100 3624; baseline -0.015 -2"><span class='ocrx_word' id='word_1_336' title='bbox 468 3547 699 3621; x_wconf 81' lang='lat' dir='ltr'><strong>dosium</strong></span> <span class='ocrx_word' id='word_1_337' title='bbox 740 3558 1000 3617; x_wconf 89' lang='lat' dir='ltr'><strong>oratione</strong></span> <span class='ocrx_word' id='word_1_338' title='bbox 1032 3575 1045 3612; x_wconf 88' lang='lat'><strong>:</strong></span> <span class='ocrx_word' id='word_1_339' title='bbox 1075 3552 1384 3624; x_wconf 77' lang='grc' dir='ltr'><strong>Ἀντωνίνῳ</strong></span> <span class='ocrx_word' id='word_1_340' title='bbox 1404 3554 1483 3621; x_wconf 80' lang='grc' dir='ltr'><strong>τῷ</strong></span> <span class='ocrx_word' id='word_1_341' title='bbox 1514 3548 1798 3621; x_wconf 78' lang='grc' dir='ltr'><strong>Ῥωμαίων</strong></span> <span class='ocrx_word' id='word_1_342' title='bbox 1839 3547 2100 3622; x_wconf 75' lang='grc' dir='ltr'><strong>αὐτοκρά-</strong></span> 
     </span>
    </p>
   </div>
   <div class='ocr_carea' id='block_1_52' title="bbox 466 3635 2100 3724">
    <p class='ocr_par' dir='ltr' id='par_1_52' title="bbox 466 3635 2100 3724">
     <span class='ocr_line' id='line_1_52' title="bbox 466 3635 2100 3724; baseline -0.011 -18"><span class='ocrx_word' id='word_1_343' title='bbox 466 3670 586 3724; x_wconf 85' lang='grc' dir='ltr'><strong>τορι</strong></span> <span class='ocrx_word' id='word_1_344' title='bbox 616 3651 711 3703; x_wconf 79' lang='grc' dir='ltr'><strong>τοῦ</strong></span> <span class='ocrx_word' id='word_1_345' title='bbox 742 3645 1137 3720; x_wconf 71' lang='grc' dir='ltr'><strong>στράτεύματος</strong></span> <span class='ocrx_word' id='word_1_346' title='bbox 1189 3640 1291 3695; x_wconf 79' lang='grc' dir='ltr'>ὑπὸ</span> <span class='ocrx_word' id='word_1_347' title='bbox 1343 3637 1531 3711; x_wconf 74' lang='grc' dir='ltr'>δῖψους</span> <span class='ocrx_word' id='word_1_348' title='bbox 1580 3635 1725 3708; x_wconf 82' lang='grc' dir='ltr'><strong>αὐτῷ</strong></span> <span class='ocrx_word' id='word_1_349' title='bbox 1754 3635 2100 3707; x_wconf 72' lang='grc' dir='ltr'><strong>πιεζομένου,</strong></span> 
     </span>
    </p>
   </div>
   <div class='ocr_carea' id='block_1_53' title="bbox 469 3723 2099 3814">
    <p class='ocr_par' dir='ltr' id='par_1_53' title="bbox 469 3723 2099 3814">
     <span class='ocr_line' id='line_1_53' title="bbox 469 3723 2099 3814; baseline -0.012 -19"><span class='ocrx_word' id='word_1_350' title='bbox 469 3723 716 3814; x_wconf 68' lang='grc' dir='ltr'><strong>ανὸισχὼν</strong></span> <span class='ocrx_word' id='word_1_351' title='bbox 773 3735 850 3788; x_wconf 84' lang='grc' dir='ltr'>τὼ</span> <span class='ocrx_word' id='word_1_352' title='bbox 905 3736 1059 3808; x_wconf 76' lang='grc' dir='ltr'><strong>χεῖρε</strong></span> <span class='ocrx_word' id='word_1_353' title='bbox 1115 3730 1142 3783; x_wconf 80' lang='grc' dir='ltr'>ὁ</span> <span class='ocrx_word' id='word_1_354' title='bbox 1208 3726 1461 3803; x_wconf 73' lang='grc' dir='ltr'><strong>βασιλεὺς</strong></span> <span class='ocrx_word' id='word_1_355' title='bbox 1517 3726 1652 3800; x_wconf 82' lang='grc' dir='ltr'><strong>πρὸς</strong></span> <span class='ocrx_word' id='word_1_356' title='bbox 1705 3724 1797 3779; x_wconf 85' lang='grc' dir='ltr'><strong>τὸν</strong></span> <span class='ocrx_word' id='word_1_357' title='bbox 1850 3723 2099 3799; x_wconf 79' lang='grc' dir='ltr'><strong>οὐρανὸν,</strong></span> 
     </span>
    </p>
   </div>
   <div class='ocr_carea' id='block_1_54' title="bbox 469 3810 2104 3902">
    <p class='ocr_par' dir='ltr' id='par_1_54' title="bbox 469 3810 2104 3902">
     <span class='ocr_line' id='line_1_54' title="bbox 469 3810 2104 3902; baseline -0.012 -19"><span class='ocrx_word' id='word_1_358' title='bbox 469 3810 670 3901; x_wconf 53' lang='lat' dir='ltr'><strong>Tauri),</strong></span> <span class='ocrx_word' id='word_1_359' title='bbox 730 3819 855 3902; x_wconf 76' lang='grc' dir='ltr'><strong>ἔφη,</strong></span> <span class='ocrx_word' id='word_1_360' title='bbox 912 3824 981 3895; x_wconf 79' lang='grc' dir='ltr'><strong>τῇ</strong></span> <span class='ocrx_word' id='word_1_361' title='bbox 1040 3819 1186 3894; x_wconf 76' lang='grc' dir='ltr'>χειρὶ</span> <span class='ocrx_word' id='word_1_362' title='bbox 1245 3814 1667 3892; x_wconf 74' lang='grc' dir='ltr'><strong>προύτρεψάμην</strong></span> <span class='ocrx_word' id='word_1_363' title='bbox 1723 3833 1801 3882; x_wconf 85' lang='grc' dir='ltr'><strong>σε,</strong></span> <span class='ocrx_word' id='word_1_364' title='bbox 1859 3812 1948 3865; x_wconf 84' lang='grc' dir='ltr'>καὶ</span> <span class='ocrx_word' id='word_1_365' title='bbox 1995 3810 2104 3864; x_wconf 70' lang='grc' dir='ltr'><strong>ἰκέ-</strong></span> 
     </span>
    </p>
   </div>
   <div class='ocr_carea' id='block_1_55' title="bbox 469 3898 2105 3983">
    <p class='ocr_par' dir='ltr' id='par_1_55' title="bbox 469 3898 2105 3983">
     <span class='ocr_line' id='line_1_55' title="bbox 469 3898 2105 3983; baseline -0.013 -10"><span class='ocrx_word' id='word_1_366' title='bbox 469 3898 631 3973; x_wconf 61' lang='lat' dir='ltr'><strong>senati</strong></span> <span class='ocrx_word' id='word_1_367' title='bbox 655 3914 746 3970; x_wconf 85' lang='grc' dir='ltr'><strong>τὸν</strong></span> <span class='ocrx_word' id='word_1_368' title='bbox 770 3898 946 3982; x_wconf 39' lang='grc' dir='ltr'>-ζωῆς</span> <span class='ocrx_word' id='word_1_369' title='bbox 993 3906 1219 3983; x_wconf 82' lang='grc' dir='ltr'><strong>δοτῆρα,</strong></span> <span class='ocrx_word' id='word_1_370' title='bbox 1259 3905 1294 3979; x_wconf 74' lang='grc' dir='ltr'><strong>ᾗ</strong></span> <span class='ocrx_word' id='word_1_371' title='bbox 1348 3905 1489 3973; x_wconf 78' lang='grc' dir='ltr'><strong>ζωὴν</strong></span> <span class='ocrx_word' id='word_1_372' title='bbox 1523 3901 1619 3957; x_wconf 76' lang='grc' dir='ltr'>οὐκ</span> <span class='ocrx_word' id='word_1_373' title='bbox 1667 3899 1974 3977; x_wconf 79' lang='grc' dir='ltr'><strong>ἀφελὸμην,</strong></span> <span class='ocrx_word' id='word_1_374' title='bbox 2016 3898 2105 3954; x_wconf 83' lang='grc' dir='ltr'><strong>καὶ</strong></span> 
     </span>
    </p>
   </div>
   <div class='ocr_carea' id='block_1_56' title="bbox 472 3989 2110 4077">
    <p class='ocr_par' dir='ltr' id='par_1_56' title="bbox 472 3989 2110 4077">
     <span class='ocr_line' id='line_1_56' title="bbox 472 3989 2110 4077; baseline -0.01 -15"><span class='ocrx_word' id='word_1_375' title='bbox 472 4004 615 4062; x_wconf 75' lang='grc' dir='ltr'><strong>οὕτω</strong></span> <span class='ocrx_word' id='word_1_376' title='bbox 644 3999 909 4077; x_wconf 77' lang='grc' dir='ltr'><strong>κατῄδεσε</strong></span> <span class='ocrx_word' id='word_1_377' title='bbox 954 4000 1046 4055; x_wconf 86' lang='grc' dir='ltr'><strong>τὸν</strong></span> <span class='ocrx_word' id='word_1_378' title='bbox 1097 3997 1223 4053; x_wconf 85' lang='grc' dir='ltr'><strong>Θεὸν</strong></span> <span class='ocrx_word' id='word_1_379' title='bbox 1277 3999 1346 4070; x_wconf 79' lang='grc' dir='ltr'><strong>τῇ</strong></span> <span class='ocrx_word' id='word_1_380' title='bbox 1404 3994 1568 4068; x_wconf 75' lang='grc' dir='ltr'>εὐχῇ,</span> <span class='ocrx_word' id='word_1_381' title='bbox 1620 3993 1756 4047; x_wconf 80' lang='grc' dir='ltr'>ὥστε</span> <span class='ocrx_word' id='word_1_382' title='bbox 1798 3992 1848 4062; x_wconf 73' lang='grc' dir='ltr'><strong>ἐξ</strong></span> <span class='ocrx_word' id='word_1_383' title='bbox 1901 3989 2110 4065; x_wconf 75' lang='grc' dir='ltr'><strong>αἰθρίας</strong></span> 
     </span>
    </p>
   </div>
   <div class='ocr_carea' id='block_1_57' title="bbox 469 4082 2107 4171">
    <p class='ocr_par' dir='ltr' id='par_1_57' title="bbox 469 4082 2107 4171">
     <span class='ocr_line' id='line_1_57' title="bbox 469 4082 2107 4171; baseline -0.009 -19"><span class='ocrx_word' id='word_1_384' title='bbox 469 4094 642 4166; x_wconf 79' lang='grc' dir='ltr'>ἦλθον</span> <span class='ocrx_word' id='word_1_385' title='bbox 697 4089 915 4171; x_wconf 67' lang='grc' dir='ltr'><strong>νεφέλαι</strong></span> <span class='ocrx_word' id='word_1_386' title='bbox 968 4087 1363 4166; x_wconf 76' lang='grc' dir='ltr'><strong>ὑδροφοροῦσαι</strong></span> <span class='ocrx_word' id='word_1_387' title='bbox 1410 4089 1527 4145; x_wconf 79' lang='grc' dir='ltr'>τοῖς</span> <span class='ocrx_word' id='word_1_388' title='bbox 1567 4082 1942 4155; x_wconf 72' lang='grc' dir='ltr'><strong>στρατιώταις.</strong></span> <span class='ocrx_word' id='word_1_389' title='bbox 1976 4082 2107 4137; x_wconf 83' lang='lat' dir='ltr'><strong>Cum</strong></span> 
     </span>
    </p>
   </div>
   <div class='ocr_carea' id='block_1_58' title="bbox 469 4171 2111 4248">
    <p class='ocr_par' dir='ltr' id='par_1_58' title="bbox 469 4171 2111 4248">
     <span class='ocr_line' id='line_1_58' title="bbox 469 4171 2111 4248; baseline -0.01 -6"><span class='ocrx_word' id='word_1_390' title='bbox 469 4185 737 4243; x_wconf 77' lang='lat' dir='ltr'><strong>Antonini</strong></span> <span class='ocrx_word' id='word_1_391' title='bbox 766 4184 1134 4238; x_wconf 85' lang='lat' dir='ltr'><strong>Romanorum</strong></span> <span class='ocrx_word' id='word_1_392' title='bbox 1159 4176 1505 4248; x_wconf 77' lang='lat' dir='ltr'><strong>imperatoris</strong></span> <span class='ocrx_word' id='word_1_393' title='bbox 1533 4174 1800 4228; x_wconf 62' lang='lat' dir='ltr'><strong>exercitus</strong></span> <span class='ocrx_word' id='word_1_394' title='bbox 1829 4173 1924 4226; x_wconf 90' lang='lat' dir='ltr'><strong>siti</strong></span> <span class='ocrx_word' id='word_1_395' title='bbox 1971 4171 2111 4226; x_wconf 84' lang='lat' dir='ltr'><strong>tabo-</strong></span> 
     </span>
    </p>
   </div>
   <div class='ocr_carea' id='block_1_59' title="bbox 468 4263 2107 4338">
    <p class='ocr_par' dir='ltr' id='par_1_59' title="bbox 468 4263 2107 4338">
     <span class='ocr_line' id='line_1_59' title="bbox 468 4263 2107 4338; baseline -0.01 -7"><span class='ocrx_word' id='word_1_396' title='bbox 468 4282 639 4338; x_wconf 89' lang='lat' dir='ltr'><strong>raret,</strong></span> <span class='ocrx_word' id='word_1_397' title='bbox 667 4288 866 4328; x_wconf 85' lang='lat' dir='ltr'><strong>manus</strong></span> <span class='ocrx_word' id='word_1_398' title='bbox 897 4271 992 4325; x_wconf 84' lang='lat' dir='ltr'><strong>ille</strong></span> <span class='ocrx_word' id='word_1_399' title='bbox 1021 4268 1091 4323; x_wconf 83' lang='lat' dir='ltr'><strong>ad</strong></span> <span class='ocrx_word' id='word_1_400' title='bbox 1120 4266 1314 4322; x_wconf 74' lang='lat' dir='ltr'><strong>cwlum</strong></span> <span class='ocrx_word' id='word_1_401' title='bbox 1359 4265 1535 4319; x_wconf 73' lang='lat' dir='ltr'><strong>erexit</strong></span> <span class='ocrx_word' id='word_1_402' title='bbox 1566 4279 1579 4319; x_wconf 88' lang='lat'><strong>:</strong></span> <span class='ocrx_word' id='word_1_403' title='bbox 1611 4263 1721 4317; x_wconf 83' lang='lat' dir='ltr'><strong>Hac</strong></span> <span class='ocrx_word' id='word_1_404' title='bbox 1764 4277 1862 4329; x_wconf 80' lang='lat' dir='ltr'><strong>ego</strong></span> <span class='ocrx_word' id='word_1_405' title='bbox 1914 4275 2107 4327; x_wconf 84' lang='lat' dir='ltr'><strong>manu,</strong></span> 
     </span>
    </p>
   </div>
   <div class='ocr_carea' id='block_1_60' title="bbox 466 4349 2112 4435">
    <p class='ocr_par' dir='ltr' id='par_1_60' title="bbox 466 4349 2112 4435">
     <span class='ocr_line' id='line_1_60' title="bbox 466 4349 2112 4435; baseline -0.011 -15"><span class='ocrx_word' id='word_1_406' title='bbox 466 4365 742 4435; x_wconf 73' lang='lat' dir='ltr'><strong>inquiens,</strong></span> <span class='ocrx_word' id='word_1_407' title='bbox 773 4360 1005 4432; x_wconf 75' lang='lat' dir='ltr'><strong>supplex</strong></span> <span class='ocrx_word' id='word_1_408' title='bbox 1045 4362 1095 4413; x_wconf 88' lang='lat' dir='ltr'><strong>te</strong></span> <span class='ocrx_word' id='word_1_409' title='bbox 1119 4357 1348 4428; x_wconf 85' lang='lat' dir='ltr'><strong>placare</strong></span> <span class='ocrx_word' id='word_1_410' title='bbox 1380 4353 1549 4422; x_wconf 65' lang='lat' dir='ltr'><strong>nolui,</strong></span> <span class='ocrx_word' id='word_1_411' title='bbox 1582 4355 1634 4405; x_wconf 83' lang='lat' dir='ltr'><strong>et</strong></span> <span class='ocrx_word' id='word_1_412' title='bbox 1663 4352 1818 4405; x_wconf 87' lang='lat' dir='ltr'><strong>oravi</strong></span> <span class='ocrx_word' id='word_1_413' title='bbox 1843 4352 1975 4405; x_wconf 69' lang='lat' dir='ltr'><strong>vita:</strong></span> <span class='ocrx_word' id='word_1_414' title='bbox 2005 4349 2112 4403; x_wconf 87' lang='lat' dir='ltr'><strong>lar-</strong></span> 
     </span>
    </p>
   </div>
   <div class='ocr_carea' id='block_1_61' title="bbox 465 4440 2110 4525">
    <p class='ocr_par' dir='ltr' id='par_1_61' title="bbox 465 4440 2110 4525">
     <span class='ocr_line' id='line_1_61' title="bbox 465 4440 2110 4525; baseline -0.012 -15"><span class='ocrx_word' id='word_1_415' title='bbox 465 4455 718 4525; x_wconf 86' lang='lat' dir='ltr'><strong>gitorem,</strong></span> <span class='ocrx_word' id='word_1_416' title='bbox 767 4466 878 4521; x_wconf 88' lang='lat' dir='ltr'><strong>qua</strong></span> <span class='ocrx_word' id='word_1_417' title='bbox 923 4447 1071 4502; x_wconf 84' lang='lat' dir='ltr'><strong>nulli</strong></span> <span class='ocrx_word' id='word_1_418' title='bbox 1125 4461 1247 4500; x_wconf 86' lang='lat' dir='ltr'><strong>eam</strong></span> <span class='ocrx_word' id='word_1_419' title='bbox 1303 4444 1533 4513; x_wconf 80' lang='lat' dir='ltr'><strong>eripui:</strong></span> <span class='ocrx_word' id='word_1_420' title='bbox 1565 4455 1735 4511; x_wconf 84' lang='lat' dir='ltr'><strong>eaque</strong></span> <span class='ocrx_word' id='word_1_421' title='bbox 1789 4455 1945 4509; x_wconf 84' lang='lat' dir='ltr'><strong>prece</strong></span> <span class='ocrx_word' id='word_1_422' title='bbox 2003 4440 2110 4493; x_wconf 82' lang='lat' dir='ltr'><strong>sibi</strong></span> 
     </span>
    </p>
   </div>
   <div class='ocr_carea' id='block_1_62' title="bbox 465 4531 2111 4616">
    <p class='ocr_par' dir='ltr' id='par_1_62' title="bbox 465 4531 2111 4616">
     <span class='ocr_line' id='line_1_62' title="bbox 465 4531 2111 4616; baseline -0.012 -18"><span class='ocrx_word' id='word_1_423' title='bbox 465 4543 709 4616; x_wconf 82' lang='lat' dir='ltr'><strong>placasse</strong></span> <span class='ocrx_word' id='word_1_424' title='bbox 752 4553 980 4607; x_wconf 81' lang='lat' dir='ltr'><strong>numen,</strong></span> <span class='ocrx_word' id='word_1_425' title='bbox 1020 4551 1086 4591; x_wconf 86' lang='lat' dir='ltr'><strong>ae</strong></span> <span class='ocrx_word' id='word_1_426' title='bbox 1113 4534 1299 4589; x_wconf 82' lang='lat' dir='ltr'><strong>statim</strong></span> <span class='ocrx_word' id='word_1_427' title='bbox 1341 4532 1642 4585; x_wconf 80' lang='lat' dir='ltr'><strong>serenitate</strong></span> <span class='ocrx_word' id='word_1_428' title='bbox 1688 4531 1861 4599; x_wconf 78' lang='lat' dir='ltr'><strong>facta,</strong></span> <span class='ocrx_word' id='word_1_429' title='bbox 1911 4542 2111 4596; x_wconf 84' lang='lat' dir='ltr'><strong>magna</strong></span> 
     </span>
    </p>
   </div>
   <div class='ocr_carea' id='block_1_63' title="bbox 2198 1955 3845 2032">
    <p class='ocr_par' dir='ltr' id='par_1_63' title="bbox 2198 1955 3845 2032">
     <span class='ocr_line' id='line_1_63' title="bbox 2198 1955 3845 2032; baseline -0.007 -10"><span class='ocrx_word' id='word_1_430' title='bbox 2198 1966 2411 2022; x_wconf 90' lang='lat' dir='ltr'><strong>litteris</strong></span> <span class='ocrx_word' id='word_1_431' title='bbox 2460 1964 2805 2019; x_wconf 89' lang='lat' dir='ltr'><strong>mandavere</strong></span> <span class='ocrx_word' id='word_1_432' title='bbox 2861 1959 3097 2032; x_wconf 87' lang='lat' dir='ltr'><strong>(Euseb.</strong></span> <span class='ocrx_word' id='word_1_433' title='bbox 3159 1957 3264 2013; x_wconf 91' lang='lat' dir='ltr'><strong>lib.</strong></span> <span class='ocrx_word' id='word_1_434' title='bbox 3322 1974 3380 2023; x_wconf 90' lang='lat' dir='ltr'><strong>v,</strong></span> <span class='ocrx_word' id='word_1_435' title='bbox 3427 1957 3627 2012; x_wconf 85' lang='lat' dir='ltr'><strong>Eccles.</strong></span> <span class='ocrx_word' id='word_1_436' title='bbox 3695 1955 3845 2010; x_wconf 84' lang='lat' dir='ltr'><strong>Hist.</strong></span> 
     </span>
    </p>
   </div>
   <div class='ocr_carea' id='block_1_64' title="bbox 2198 2043 3845 2125">
    <p class='ocr_par' dir='ltr' id='par_1_64' title="bbox 2198 2043 3845 2125">
     <span class='ocr_line' id='line_1_64' title="bbox 2198 2043 3845 2125; baseline -0.009 -14"><span class='ocrx_word' id='word_1_437' title='bbox 2198 2072 2321 2125; x_wconf 88' lang='lat' dir='ltr'><strong>cap.</strong></span> <span class='ocrx_word' id='word_1_438' title='bbox 2348 2054 2406 2121; x_wconf 88' lang='lat'><strong>5,</strong></span> <span class='ocrx_word' id='word_1_439' title='bbox 2435 2069 2566 2125; x_wconf 88' lang='lat' dir='ltr'><strong>pag.</strong></span> <span class='ocrx_word' id='word_1_440' title='bbox 2602 2050 2745 2120; x_wconf 86' lang='lat'>169).</span> <span class='ocrx_word' id='word_1_441' title='bbox 2780 2053 2860 2104; x_wconf 88' lang='lat' dir='ltr'><strong>Ne</strong></span> <span class='ocrx_word' id='word_1_442' title='bbox 2889 2047 3022 2120; x_wconf 91' lang='lat' dir='ltr'><strong>quis</strong></span> <span class='ocrx_word' id='word_1_443' title='bbox 3051 2063 3184 2102; x_wconf 90' lang='lat' dir='ltr'><strong>vero</strong></span> <span class='ocrx_word' id='word_1_444' title='bbox 3216 2046 3391 2100; x_wconf 84' lang='lat' dir='ltr'><strong>fidem</strong></span> <span class='ocrx_word' id='word_1_445' title='bbox 3424 2043 3539 2116; x_wconf 86' lang='lat' dir='ltr'><strong>ipsi</strong></span> <span class='ocrx_word' id='word_1_446' title='bbox 3584 2044 3845 2115; x_wconf 83' lang='lat' dir='ltr'><strong>denega-</strong></span> 
     </span>
    </p>
   </div>
   <div class='ocr_carea' id='block_1_65' title="bbox 2198 2131 3848 2209">
    <p class='ocr_par' dir='ltr' id='par_1_65' title="bbox 2198 2131 3848 2209">
     <span class='ocr_line' id='line_1_65' title="bbox 2198 2131 3848 2209; baseline -0.008 -10"><span class='ocrx_word' id='word_1_447' title='bbox 2198 2151 2306 2209; x_wconf 87' lang='lat' dir='ltr'><strong>ret,</strong></span> <span class='ocrx_word' id='word_1_448' title='bbox 2338 2144 2485 2198; x_wconf 91' lang='lat' dir='ltr'><strong>duos</strong></span> <span class='ocrx_word' id='word_1_449' title='bbox 2514 2142 2652 2196; x_wconf 88' lang='lat' dir='ltr'><strong>citat</strong></span> <span class='ocrx_word' id='word_1_450' title='bbox 2694 2144 2895 2205; x_wconf 85' lang='lat' dir='ltr'><strong>testes,</strong></span> <span class='ocrx_word' id='word_1_451' title='bbox 2938 2150 3187 2208; x_wconf 92' lang='lat' dir='ltr'><strong>quorum</strong></span> <span class='ocrx_word' id='word_1_452' title='bbox 3220 2134 3449 2206; x_wconf 89' lang='lat' dir='ltr'><strong>primus</strong></span> <span class='ocrx_word' id='word_1_453' title='bbox 3481 2135 3570 2188; x_wconf 88' lang='lat' dir='ltr'><strong>est</strong></span> <span class='ocrx_word' id='word_1_454' title='bbox 3614 2131 3848 2203; x_wconf 82' lang='lat' dir='ltr'><strong>Apolli-</strong></span> 
     </span>
    </p>
   </div>
   <div class='ocr_carea' id='block_1_66' title="bbox 2200 2219 3849 2301">
    <p class='ocr_par' dir='ltr' id='par_1_66' title="bbox 2200 2219 3849 2301">
     <span class='ocr_line' id='line_1_66' title="bbox 2200 2219 3849 2301; baseline -0.008 -14"><span class='ocrx_word' id='word_1_455' title='bbox 2200 2232 2378 2297; x_wconf 87' lang='lat' dir='ltr'><strong>naris,</strong></span> <span class='ocrx_word' id='word_1_456' title='bbox 2433 2228 2534 2301; x_wconf 91' lang='lat' dir='ltr'><strong>qui</strong></span> <span class='ocrx_word' id='word_1_457' title='bbox 2584 2226 2815 2299; x_wconf 76' lang='lat' dir='ltr'><strong>scriptls</strong></span> <span class='ocrx_word' id='word_1_458' title='bbox 2862 2224 3184 2279; x_wconf 88' lang='lat' dir='ltr'><strong>tradiderat</strong></span> <span class='ocrx_word' id='word_1_459' title='bbox 3240 2220 3324 2276; x_wconf 90' lang='lat' dir='ltr'><strong>illi</strong></span> <span class='ocrx_word' id='word_1_460' title='bbox 3372 2219 3849 2276; x_wconf 86' lang='lat' dir='ltr'><strong>Christianorum</strong></span> 
     </span>
    </p>
   </div>
   <div class='ocr_carea' id='block_1_67' title="bbox 2202 2309 3850 2389">
    <p class='ocr_par' dir='ltr' id='par_1_67' title="bbox 2202 2309 3850 2389">
     <span class='ocr_line' id='line_1_67' title="bbox 2202 2309 3850 2389; baseline -0.009 -13"><span class='ocrx_word' id='word_1_461' title='bbox 2202 2320 2455 2377; x_wconf 89' lang='lat' dir='ltr'><strong>militum</strong></span> <span class='ocrx_word' id='word_1_462' title='bbox 2486 2315 2700 2389; x_wconf 90' lang='lat' dir='ltr'><strong>legioni</strong></span> <span class='ocrx_word' id='word_1_463' title='bbox 2732 2329 2945 2370; x_wconf 88' lang='lat' dir='ltr'><strong>nomen</strong></span> <span class='ocrx_word' id='word_1_464' title='bbox 2999 2311 3308 2367; x_wconf 75' lang='lat' dir='ltr'><strong>Fulmineae</strong></span> <span class='ocrx_word' id='word_1_465' title='bbox 3355 2309 3572 2365; x_wconf 89' lang='lat' dir='ltr'><strong>idcirco</strong></span> <span class='ocrx_word' id='word_1_466' title='bbox 3619 2309 3694 2363; x_wconf 90' lang='lat' dir='ltr'><strong>ab</strong></span> <span class='ocrx_word' id='word_1_467' title='bbox 3724 2313 3850 2363; x_wconf 81' lang='lat' dir='ltr'><strong>Au-</strong></span> 
     </span>
    </p>
   </div>
   <div class='ocr_carea' id='block_1_68' title="bbox 2201 2396 3848 2477">
    <p class='ocr_par' dir='ltr' id='par_1_68' title="bbox 2201 2396 3848 2477">
     <span class='ocr_line' id='line_1_68' title="bbox 2201 2396 3848 2477; baseline -0.008 -13"><span class='ocrx_word' id='word_1_468' title='bbox 2201 2408 2340 2464; x_wconf 92' lang='lat' dir='ltr'><strong>relio</strong></span> <span class='ocrx_word' id='word_1_469' title='bbox 2381 2407 2733 2477; x_wconf 85' lang='lat' dir='ltr'><strong>imperatore</strong></span> <span class='ocrx_word' id='word_1_470' title='bbox 2793 2401 3073 2465; x_wconf 89' lang='lat' dir='ltr'><strong>inditum,</strong></span> <span class='ocrx_word' id='word_1_471' title='bbox 3144 2399 3280 2470; x_wconf 87' lang='lat' dir='ltr'><strong>quia</strong></span> <span class='ocrx_word' id='word_1_472' title='bbox 3341 2397 3591 2453; x_wconf 90' lang='lat' dir='ltr'><strong>imbrem</strong></span> <span class='ocrx_word' id='word_1_473' title='bbox 3672 2396 3848 2452; x_wconf 89' lang='lat' dir='ltr'><strong>illum</strong></span> 
     </span>
    </p>
   </div>
   <div class='ocr_carea' id='block_1_69' title="bbox 2202 2485 3849 2564">
    <p class='ocr_par' dir='ltr' id='par_1_69' title="bbox 2202 2485 3849 2564">
     <span class='ocr_line' id='line_1_69' title="bbox 2202 2485 3849 2564; baseline -0.007 -12"><span class='ocrx_word' id='word_1_474' title='bbox 2202 2496 2481 2552; x_wconf 89' lang='lat' dir='ltr'><strong>divinitus</strong></span> <span class='ocrx_word' id='word_1_475' title='bbox 2512 2493 2940 2564; x_wconf 86' lang='lat' dir='ltr'><strong>impetraverat.</strong></span> <span class='ocrx_word' id='word_1_476' title='bbox 2975 2491 3048 2543; x_wconf 88' lang='lat' dir='ltr'><strong>At</strong></span> <span class='ocrx_word' id='word_1_477' title='bbox 3090 2486 3360 2560; x_wconf 87' lang='lat' dir='ltr'><strong>gentiles,</strong></span> <span class='ocrx_word' id='word_1_478' title='bbox 3410 2490 3635 2556; x_wconf 85' lang='lat' dir='ltr'><strong>captata</strong></span> <span class='ocrx_word' id='word_1_479' title='bbox 3686 2485 3849 2541; x_wconf 86' lang='lat' dir='ltr'><strong>haud</strong></span> 
     </span>
    </p>
   </div>
   <div class='ocr_carea' id='block_1_70' title="bbox 2202 2574 3854 2654">
    <p class='ocr_par' dir='ltr' id='par_1_70' title="bbox 2202 2574 3854 2654">
     <span class='ocr_line' id='line_1_70' title="bbox 2202 2574 3854 2654; baseline -0.007 -13"><span class='ocrx_word' id='word_1_480' title='bbox 2202 2586 2379 2641; x_wconf 91' lang='lat' dir='ltr'><strong>dubie</strong></span> <span class='ocrx_word' id='word_1_481' title='bbox 2403 2583 2582 2654; x_wconf 83' lang='lat' dir='ltr'><strong>huius</strong></span> <span class='ocrx_word' id='word_1_482' title='bbox 2612 2577 2978 2652; x_wconf 83' lang='lat' dir='ltr'><strong>cognominis</strong></span> <span class='ocrx_word' id='word_1_483' title='bbox 3009 2576 3333 2641; x_wconf 87' lang='lat' dir='ltr'><strong>occasione,</strong></span> <span class='ocrx_word' id='word_1_484' title='bbox 3364 2574 3429 2629; x_wconf 90' lang='lat' dir='ltr'><strong>id</strong></span> <span class='ocrx_word' id='word_1_485' title='bbox 3461 2591 3495 2629; x_wconf 93' lang='lat' dir='ltr'><strong>a</strong></span> <span class='ocrx_word' id='word_1_486' title='bbox 3542 2574 3685 2630; x_wconf 88' lang='lat' dir='ltr'><strong>Jove</strong></span> <span class='ocrx_word' id='word_1_487' title='bbox 3737 2574 3854 2630; x_wconf 79' lang='lat' dir='ltr'><strong>ful-</strong></span> 
     </span>
    </p>
   </div>
   <div class='ocr_carea' id='block_1_71' title="bbox 2205 2662 3853 2729">
    <p class='ocr_par' dir='ltr' id='par_1_71' title="bbox 2205 2662 3853 2729">
     <span class='ocr_line' id='line_1_71' title="bbox 2205 2662 3853 2729; baseline -0.008 0"><span class='ocrx_word' id='word_1_488' title='bbox 2205 2674 2465 2729; x_wconf 88' lang='lat' dir='ltr'><strong>minante</strong></span> <span class='ocrx_word' id='word_1_489' title='bbox 2514 2674 2732 2725; x_wconf 83' lang='lat' dir='ltr'><strong>factum</strong></span> <span class='ocrx_word' id='word_1_490' title='bbox 2783 2667 3101 2722; x_wconf 81' lang='lat' dir='ltr'><strong>ﬁnxerunt.</strong></span> <span class='ocrx_word' id='word_1_491' title='bbox 3171 2663 3478 2720; x_wconf 83' lang='lat' dir='ltr'><strong>Secundus</strong></span> <span class='ocrx_word' id='word_1_492' title='bbox 3525 2662 3718 2728; x_wconf 88' lang='lat' dir='ltr'><strong>testis,</strong></span> <span class='ocrx_word' id='word_1_493' title='bbox 3774 2664 3853 2718; x_wconf 85' lang='lat' dir='ltr'><strong>ab</strong></span> 
     </span>
    </p>
   </div>
   <div class='ocr_carea' id='block_1_72' title="bbox 2204 2750 3855 2825">
    <p class='ocr_par' dir='ltr' id='par_1_72' title="bbox 2204 2750 3855 2825">
     <span class='ocr_line' id='line_1_72' title="bbox 2204 2750 3855 2825; baseline -0.008 -7"><span class='ocrx_word' id='word_1_494' title='bbox 2204 2762 2452 2819; x_wconf 89' lang='lat' dir='ltr'><strong>Eusebio</strong></span> <span class='ocrx_word' id='word_1_495' title='bbox 2482 2759 2780 2825; x_wconf 87' lang='lat' dir='ltr'><strong>laudatus,</strong></span> <span class='ocrx_word' id='word_1_496' title='bbox 2830 2758 3030 2810; x_wconf 88' lang='lat' dir='ltr'><strong>noster</strong></span> <span class='ocrx_word' id='word_1_497' title='bbox 3073 2757 3165 2809; x_wconf 89' lang='lat' dir='ltr'><strong>est</strong></span> <span class='ocrx_word' id='word_1_498' title='bbox 3205 2750 3621 2819; x_wconf 87' lang='lat' dir='ltr'><strong>Tertullianus,</strong></span> <span class='ocrx_word' id='word_1_499' title='bbox 3672 2752 3855 2822; x_wconf 88' lang='lat' dir='ltr'><strong>cujus</strong></span> 
     </span>
    </p>
   </div>
   <div class='ocr_carea' id='block_1_73' title="bbox 2205 2839 3857 2918">
    <p class='ocr_par' dir='ltr' id='par_1_73' title="bbox 2205 2839 3857 2918">
     <span class='ocr_line' id='line_1_73' title="bbox 2205 2839 3857 2918; baseline -0.007 -11"><span class='ocrx_word' id='word_1_500' title='bbox 2205 2849 2560 2918; x_wconf 86' lang='lat' dir='ltr'><strong>transcripta</strong></span> <span class='ocrx_word' id='word_1_501' title='bbox 2582 2865 2613 2903; x_wconf 89' lang='lat' dir='ltr'><strong>a</strong></span> <span class='ocrx_word' id='word_1_502' title='bbox 2643 2844 2813 2901; x_wconf 89' lang='lat' dir='ltr'><strong>nobis</strong></span> <span class='ocrx_word' id='word_1_503' title='bbox 2835 2842 3177 2915; x_wconf 78' lang='lat' dir='ltr'><strong>Apotogetici</strong></span> <span class='ocrx_word' id='word_1_504' title='bbox 3202 2842 3376 2896; x_wconf 88' lang='lat' dir='ltr'><strong>verba</strong></span> <span class='ocrx_word' id='word_1_505' title='bbox 3403 2843 3595 2895; x_wconf 77' lang='lat' dir='ltr'><strong>Graece</strong></span> <span class='ocrx_word' id='word_1_506' title='bbox 3617 2839 3857 2895; x_wconf 86' lang='lat' dir='ltr'><strong>reddita</strong></span> 
     </span>
    </p>
   </div>
   <div class='ocr_carea' id='block_1_74' title="bbox 2207 2926 3855 3007">
    <p class='ocr_par' dir='ltr' id='par_1_74' title="bbox 2207 2926 3855 3007">
     <span class='ocr_line' id='line_1_74' title="bbox 2207 2926 3855 3007; baseline -0.008 -12"><span class='ocrx_word' id='word_1_507' title='bbox 2207 2939 2421 2995; x_wconf 86' lang='lat' dir='ltr'><strong>citavit.</strong></span> <span class='ocrx_word' id='word_1_508' title='bbox 2474 2939 2537 2991; x_wconf 86' lang='lat' dir='ltr'><strong>At</strong></span> <span class='ocrx_word' id='word_1_509' title='bbox 2582 2937 2808 3007; x_wconf 87' lang='lat' dir='ltr'><strong>poterat</strong></span> <span class='ocrx_word' id='word_1_510' title='bbox 2852 2932 3096 3002; x_wconf 89' lang='lat' dir='ltr'><strong>insuper</strong></span> <span class='ocrx_word' id='word_1_511' title='bbox 3139 2928 3322 2984; x_wconf 90' lang='lat' dir='ltr'><strong>alium</strong></span> <span class='ocrx_word' id='word_1_512' title='bbox 3372 2926 3551 2983; x_wconf 90' lang='lat' dir='ltr'><strong>citare</strong></span> <span class='ocrx_word' id='word_1_513' title='bbox 3593 2928 3723 2998; x_wconf 89' lang='lat' dir='ltr'><strong>ejus</strong></span> <span class='ocrx_word' id='word_1_514' title='bbox 3777 2926 3855 2982; x_wconf 80' lang='lat' dir='ltr'><strong>li-</strong></span> 
     </span>
    </p>
   </div>
   <div class='ocr_carea' id='block_1_75' title="bbox 2208 3016 3862 3094">
    <p class='ocr_par' dir='ltr' id='par_1_75' title="bbox 2208 3016 3862 3094">
     <span class='ocr_line' id='line_1_75' title="bbox 2208 3016 3862 3094; baseline -0.007 -11"><span class='ocrx_word' id='word_1_515' title='bbox 2208 3026 2505 3094; x_wconf 85' lang='lat' dir='ltr'><strong>brum,ubi</strong></span> <span class='ocrx_word' id='word_1_516' title='bbox 2537 3040 2651 3079; x_wconf 92' lang='lat' dir='ltr'><strong>non</strong></span> <span class='ocrx_word' id='word_1_517' title='bbox 2683 3021 2880 3077; x_wconf 88' lang='lat' dir='ltr'><strong>minus</strong></span> <span class='ocrx_word' id='word_1_518' title='bbox 2913 3020 3066 3075; x_wconf 88' lang='lat' dir='ltr'><strong>clare</strong></span> <span class='ocrx_word' id='word_1_519' title='bbox 3095 3022 3153 3074; x_wconf 88' lang='lat' dir='ltr'><strong>et</strong></span> <span class='ocrx_word' id='word_1_520' title='bbox 3172 3021 3573 3073; x_wconf 86' lang='lat' dir='ltr'><strong>asseveranter</strong></span> <span class='ocrx_word' id='word_1_521' title='bbox 3590 3016 3862 3073; x_wconf 83' lang='lat' dir='ltr'><strong>afﬁrmat</strong></span> 
     </span>
    </p>
   </div>
   <div class='ocr_carea' id='block_1_76' title="bbox 2207 3104 3858 3173">
    <p class='ocr_par' dir='ltr' id='par_1_76' title="bbox 2207 3104 3858 3173">
     <span class='ocr_line' id='line_1_76' title="bbox 2207 3104 3858 3173; baseline -0.008 0"><span class='ocrx_word' id='word_1_522' title='bbox 2207 3119 2364 3173; x_wconf 85' lang='lat' dir='ltr'><strong>hunc</strong></span> <span class='ocrx_word' id='word_1_523' title='bbox 2397 3113 2730 3171; x_wconf 87' lang='lat' dir='ltr'><strong>mirandum</strong></span> <span class='ocrx_word' id='word_1_524' title='bbox 2757 3110 3001 3165; x_wconf 89' lang='lat' dir='ltr'><strong>imbrem</strong></span> <span class='ocrx_word' id='word_1_525' title='bbox 3034 3124 3069 3163; x_wconf 92' lang='lat' dir='ltr'><strong>a</strong></span> <span class='ocrx_word' id='word_1_526' title='bbox 3095 3107 3211 3164; x_wconf 90' lang='lat' dir='ltr'><strong>Deo</strong></span> <span class='ocrx_word' id='word_1_527' title='bbox 3240 3104 3534 3161; x_wconf 89' lang='lat' dir='ltr'><strong>indultum</strong></span> <span class='ocrx_word' id='word_1_528' title='bbox 3564 3104 3858 3161; x_wconf 86' lang='lat' dir='ltr'><strong>Christia-</strong></span> 
     </span>
    </p>
   </div>
   <div class='ocr_carea' id='block_1_77' title="bbox 2212 3192 3860 3271">
    <p class='ocr_par' dir='ltr' id='par_1_77' title="bbox 2212 3192 3860 3271">
     <span class='ocr_line' id='line_1_77' title="bbox 2212 3192 3860 3271; baseline -0.009 -10"><span class='ocrx_word' id='word_1_529' title='bbox 2212 3221 2418 3261; x_wconf 89' lang='lat' dir='ltr'><strong>norum</strong></span> <span class='ocrx_word' id='word_1_530' title='bbox 2451 3200 2705 3257; x_wconf 89' lang='lat' dir='ltr'><strong>militum</strong></span> <span class='ocrx_word' id='word_1_531' title='bbox 2731 3196 3107 3271; x_wconf 85' lang='lat' dir='ltr'><strong>precibus.Ad</strong></span> <span class='ocrx_word' id='word_1_532' title='bbox 3131 3192 3442 3266; x_wconf 88' lang='lat' dir='ltr'><strong>Scapulam</strong></span> <span class='ocrx_word' id='word_1_533' title='bbox 3469 3193 3625 3249; x_wconf 89' lang='lat' dir='ltr'><strong>enim</strong></span> <span class='ocrx_word' id='word_1_534' title='bbox 3657 3192 3860 3249; x_wconf 87' lang='lat' dir='ltr'><strong>ethni-</strong></span> 
     </span>
    </p>
   </div>
   <div class='ocr_carea' id='block_1_78' title="bbox 2211 3281 3859 3364">
    <p class='ocr_par' dir='ltr' id='par_1_78' title="bbox 2211 3281 3859 3364">
     <span class='ocr_line' id='line_1_78' title="bbox 2211 3281 3859 3364; baseline -0.008 -14"><span class='ocrx_word' id='word_1_535' title='bbox 2211 3311 2343 3351; x_wconf 90' lang='lat' dir='ltr'><strong>cum</strong></span> <span class='ocrx_word' id='word_1_536' title='bbox 2376 3290 2679 3364; x_wconf 82' lang='lat' dir='ltr'><strong>praesidem</strong></span> <span class='ocrx_word' id='word_1_537' title='bbox 2714 3295 2832 3342; x_wconf 83' lang='lat' dir='ltr'><strong>haec</strong></span> <span class='ocrx_word' id='word_1_538' title='bbox 2862 3285 3100 3357; x_wconf 89' lang='lat' dir='ltr'><strong>scripsit</strong></span> <span class='ocrx_word' id='word_1_539' title='bbox 3131 3300 3146 3339; x_wconf 89' lang='lat'><strong>:</strong></span> <span class='ocrx_word' id='word_1_540' title='bbox 3175 3307 3202 3334; x_wconf 90' lang='grc'><strong>‹‹</strong></span> <span class='ocrx_word' id='word_1_541' title='bbox 3234 3286 3461 3338; x_wconf 83' lang='lat' dir='ltr'><strong>Marcus</strong></span> <span class='ocrx_word' id='word_1_542' title='bbox 3490 3281 3769 3338; x_wconf 81' lang='lat' dir='ltr'><strong>Aurelius</strong></span> <span class='ocrx_word' id='word_1_543' title='bbox 3794 3282 3859 3337; x_wconf 92' lang='lat' dir='ltr'><strong>in</strong></span> 
     </span>
    </p>
   </div>
   <div class='ocr_carea' id='block_1_79' title="bbox 2210 3369 3864 3449">
    <p class='ocr_par' dir='ltr' id='par_1_79' title="bbox 2210 3369 3864 3449">
     <span class='ocr_line' id='line_1_79' title="bbox 2210 3369 3864 3449; baseline -0.008 -9"><span class='ocrx_word' id='word_1_544' title='bbox 2210 3380 2557 3440; x_wconf 89' lang='lat' dir='ltr'><strong>Germanica</strong></span> <span class='ocrx_word' id='word_1_545' title='bbox 2574 3372 3429 3449; x_wconf 86' lang='lat' dir='ltr'><strong>expeditione,Christianorum</strong></span> <span class='ocrx_word' id='word_1_546' title='bbox 3448 3369 3704 3426; x_wconf 89' lang='lat' dir='ltr'><strong>militum</strong></span> <span class='ocrx_word' id='word_1_547' title='bbox 3728 3386 3864 3427; x_wconf 83' lang='lat' dir='ltr'><strong>ora-</strong></span> 
     </span>
    </p>
   </div>
   <div class='ocr_carea' id='block_1_80' title="bbox 2208 3457 3863 3533">
    <p class='ocr_par' dir='ltr' id='par_1_80' title="bbox 2208 3457 3863 3533">
     <span class='ocr_line' id='line_1_80' title="bbox 2208 3457 3863 3533; baseline -0.009 -5"><span class='ocrx_word' id='word_1_548' title='bbox 2208 3469 2468 3528; x_wconf 88' lang='lat' dir='ltr'><strong>tionibus</strong></span> <span class='ocrx_word' id='word_1_549' title='bbox 2500 3468 2569 3523; x_wconf 89' lang='lat' dir='ltr'><strong>ad</strong></span> <span class='ocrx_word' id='word_1_550' title='bbox 2594 3467 2778 3522; x_wconf 93' lang='lat' dir='ltr'><strong>Deum</strong></span> <span class='ocrx_word' id='word_1_551' title='bbox 2810 3462 2996 3533; x_wconf 85' lang='lat' dir='ltr'><strong>factis,</strong></span> <span class='ocrx_word' id='word_1_552' title='bbox 3030 3462 3250 3516; x_wconf 85' lang='lat' dir='ltr'><strong>imbres</strong></span> <span class='ocrx_word' id='word_1_553' title='bbox 3280 3460 3341 3515; x_wconf 92' lang='lat' dir='ltr'><strong>in</strong></span> <span class='ocrx_word' id='word_1_554' title='bbox 3372 3458 3470 3515; x_wconf 89' lang='lat' dir='ltr'><strong>siti</strong></span> <span class='ocrx_word' id='word_1_555' title='bbox 3518 3457 3621 3514; x_wconf 88' lang='lat' dir='ltr'><strong>illa</strong></span> <span class='ocrx_word' id='word_1_556' title='bbox 3668 3458 3863 3531; x_wconf 86' lang='lat' dir='ltr'><strong>impe-</strong></span> 
     </span>
    </p>
   </div>
   <div class='ocr_carea' id='block_1_81' title="bbox 2209 3548 3865 3623">
    <p class='ocr_par' dir='ltr' id='par_1_81' title="bbox 2209 3548 3865 3623">
     <span class='ocr_line' id='line_1_81' title="bbox 2209 3548 3865 3623; baseline -0.007 -8"><span class='ocrx_word' id='word_1_557' title='bbox 2209 3558 2404 3616; x_wconf 86' lang='lat' dir='ltr'><strong>travit.</strong></span> <span class='ocrx_word' id='word_1_558' title='bbox 2450 3555 2689 3623; x_wconf 90' lang='lat' dir='ltr'><strong>Quando</strong></span> <span class='ocrx_word' id='word_1_559' title='bbox 2767 3568 2882 3607; x_wconf 91' lang='lat' dir='ltr'><strong>non</strong></span> <span class='ocrx_word' id='word_1_560' title='bbox 2937 3548 3471 3621; x_wconf 84' lang='lat' dir='ltr'><strong>geniculationibus</strong></span> <span class='ocrx_word' id='word_1_561' title='bbox 3537 3548 3749 3603; x_wconf 69' lang='lat' dir='ltr'><strong>I010</strong></span> <span class='ocrx_word' id='word_1_562' title='bbox 3799 3554 3865 3603; x_wconf 84' lang='lat' dir='ltr'><strong>et</strong></span> 
     </span>
    </p>
   </div>
   <div class='ocr_carea' id='block_1_82' title="bbox 2205 3636 3859 3720">
    <p class='ocr_par' dir='ltr' id='par_1_82' title="bbox 2205 3636 3859 3720">
     <span class='ocr_line' id='line_1_82' title="bbox 2205 3636 3859 3720; baseline -0.008 -16"><span class='ocrx_word' id='word_1_563' title='bbox 2205 3644 2671 3720; x_wconf 87' lang='lat' dir='ltr'><strong>jejunationibus</strong></span> <span class='ocrx_word' id='word_1_564' title='bbox 2719 3640 2935 3696; x_wconf 87' lang='lat' dir='ltr'><strong>nostris</strong></span> <span class='ocrx_word' id='word_1_565' title='bbox 2982 3638 3158 3694; x_wconf 90' lang='lat' dir='ltr'><strong>etiam</strong></span> <span class='ocrx_word' id='word_1_566' title='bbox 3226 3636 3522 3693; x_wconf 86' lang='lat' dir='ltr'><strong>siccitates</strong></span> <span class='ocrx_word' id='word_1_567' title='bbox 3562 3641 3707 3692; x_wconf 89' lang='lat' dir='ltr'><strong>sunt</strong></span> <span class='ocrx_word' id='word_1_568' title='bbox 3753 3637 3859 3692; x_wconf 90' lang='lat' dir='ltr'><strong>de-</strong></span> 
     </span>
    </p>
   </div>
   <div class='ocr_carea' id='block_1_83' title="bbox 2212 3725 3860 3810">
    <p class='ocr_par' dir='ltr' id='par_1_83' title="bbox 2212 3725 3860 3810">
     <span class='ocr_line' id='line_1_83' title="bbox 2212 3725 3860 3810; baseline -0.007 -17"><span class='ocrx_word' id='word_1_569' title='bbox 2212 3737 2394 3810; x_wconf 72' lang='lat' dir='ltr'><strong>pulsae</strong></span> <span class='ocrx_word' id='word_1_570' title='bbox 2413 3735 2441 3790; x_wconf 77' lang='lat'><strong>‘?</strong></span> <span class='ocrx_word' id='word_1_571' title='bbox 2467 3739 2627 3788; x_wconf 89' lang='lat' dir='ltr'><strong>Tunc</strong></span> <span class='ocrx_word' id='word_1_572' title='bbox 2655 3735 2713 3786; x_wconf 88' lang='lat' dir='ltr'><strong>et</strong></span> <span class='ocrx_word' id='word_1_573' title='bbox 2741 3728 2993 3802; x_wconf 89' lang='lat' dir='ltr'><strong>populus</strong></span> <span class='ocrx_word' id='word_1_574' title='bbox 3042 3725 3376 3782; x_wconf 88' lang='lat' dir='ltr'><strong>acclamans</strong></span> <span class='ocrx_word' id='word_1_575' title='bbox 3417 3726 3529 3781; x_wconf 90' lang='lat' dir='ltr'><strong>Deo</strong></span> <span class='ocrx_word' id='word_1_576' title='bbox 3577 3725 3860 3790; x_wconf 85' lang='lat' dir='ltr'><strong>deorum,</strong></span> 
     </span>
    </p>
   </div>
   <div class='ocr_carea' id='block_1_84' title="bbox 2213 3814 3864 3898">
    <p class='ocr_par' dir='ltr' id='par_1_84' title="bbox 2213 3814 3864 3898">
     <span class='ocr_line' id='line_1_84' title="bbox 2213 3814 3864 3898; baseline -0.008 -16"><span class='ocrx_word' id='word_1_577' title='bbox 2213 3826 2314 3898; x_wconf 91' lang='lat' dir='ltr'><strong>qui</strong></span> <span class='ocrx_word' id='word_1_578' title='bbox 2346 3823 2509 3881; x_wconf 88' lang='lat' dir='ltr'><strong>solus</strong></span> <span class='ocrx_word' id='word_1_579' title='bbox 2539 3825 2744 3894; x_wconf 88' lang='lat' dir='ltr'><strong>potens</strong></span> <span class='ocrx_word' id='word_1_580' title='bbox 2773 3821 2882 3888; x_wconf 89' lang='lat' dir='ltr'><strong>est,</strong></span> <span class='ocrx_word' id='word_1_581' title='bbox 2911 3816 2969 3871; x_wconf 92' lang='lat' dir='ltr'><strong>in</strong></span> <span class='ocrx_word' id='word_1_582' title='bbox 3013 3815 3172 3872; x_wconf 90' lang='lat' dir='ltr'><strong>Jovis</strong></span> <span class='ocrx_word' id='word_1_583' title='bbox 3201 3815 3437 3869; x_wconf 89' lang='lat' dir='ltr'><strong>nomine</strong></span> <span class='ocrx_word' id='word_1_584' title='bbox 3485 3814 3601 3870; x_wconf 90' lang='lat' dir='ltr'><strong>Deo</strong></span> <span class='ocrx_word' id='word_1_585' title='bbox 3651 3818 3864 3869; x_wconf 88' lang='lat' dir='ltr'><strong>nostro</strong></span> 
     </span>
    </p>
   </div>
   <div class='ocr_carea' id='block_1_85' title="bbox 2213 3901 3869 3976">
    <p class='ocr_par' dir='ltr' id='par_1_85' title="bbox 2213 3901 3869 3976">
     <span class='ocr_line' id='line_1_85' title="bbox 2213 3901 3869 3976; baseline -0.01 -5"><span class='ocrx_word' id='word_1_586' title='bbox 2213 3912 2618 3971; x_wconf 89' lang='lat' dir='ltr'><strong>testimonium</strong></span> <span class='ocrx_word' id='word_1_587' title='bbox 2652 3905 2905 3964; x_wconf 88' lang='lat' dir='ltr'><strong>reddidit</strong></span> <span class='ocrx_word' id='word_1_588' title='bbox 2935 3926 2962 3955; x_wconf 85' lang='grc'><strong>››</strong></span> <span class='ocrx_word' id='word_1_589' title='bbox 3003 3901 3267 3976; x_wconf 90' lang='lat' dir='ltr'><strong>(Tertull.</strong></span> <span class='ocrx_word' id='word_1_590' title='bbox 3299 3901 3370 3957; x_wconf 87' lang='lat' dir='ltr'><strong>ad</strong></span> <span class='ocrx_word' id='word_1_591' title='bbox 3400 3902 3564 3974; x_wconf 81' lang='lat' dir='ltr'><strong>Seap.</strong></span> <span class='ocrx_word' id='word_1_592' title='bbox 3615 3918 3745 3973; x_wconf 88' lang='lat' dir='ltr'><strong>cap.</strong></span> <span class='ocrx_word' id='word_1_593' title='bbox 3780 3903 3869 3975; x_wconf 79' lang='grc'>4).</span> 
     </span>
    </p>
   </div>
   <div class='ocr_carea' id='block_1_86' title="bbox 2216 3988 3869 4072">
    <p class='ocr_par' dir='ltr' id='par_1_86' title="bbox 2216 3988 3869 4072">
     <span class='ocr_line' id='line_1_86' title="bbox 2216 3988 3869 4072; baseline -0.009 -13"><span class='ocrx_word' id='word_1_594' title='bbox 2216 4005 2297 4059; x_wconf 90' lang='lat' dir='ltr'><strong>Ex</strong></span> <span class='ocrx_word' id='word_1_595' title='bbox 2324 4002 2420 4057; x_wconf 90' lang='lat' dir='ltr'><strong>his</strong></span> <span class='ocrx_word' id='word_1_596' title='bbox 2449 4015 2619 4072; x_wconf 91' lang='lat' dir='ltr'><strong>porro</strong></span> <span class='ocrx_word' id='word_1_597' title='bbox 2648 3995 2842 4052; x_wconf 89' lang='lat' dir='ltr'><strong>verbis</strong></span> <span class='ocrx_word' id='word_1_598' title='bbox 2890 3991 3060 4049; x_wconf 80' lang='lat' dir='ltr'><strong>facile</strong></span> <span class='ocrx_word' id='word_1_599' title='bbox 3091 3990 3522 4046; x_wconf 89' lang='lat' dir='ltr'><strong>animadvertes</strong></span> <span class='ocrx_word' id='word_1_600' title='bbox 3554 3988 3704 4046; x_wconf 90' lang='lat' dir='ltr'><strong>nihil</strong></span> <span class='ocrx_word' id='word_1_601' title='bbox 3735 3990 3869 4063; x_wconf 81' lang='lat' dir='ltr'><strong>pla-</strong></span> 
     </span>
    </p>
   </div>
   <div class='ocr_carea' id='block_1_87' title="bbox 2218 4078 3869 4154">
    <p class='ocr_par' dir='ltr' id='par_1_87' title="bbox 2218 4078 3869 4154">
     <span class='ocr_line' id='line_1_87' title="bbox 2218 4078 3869 4154; baseline -0.008 -7"><span class='ocrx_word' id='word_1_602' title='bbox 2218 4110 2291 4147; x_wconf 87' lang='lat' dir='ltr'><strong>ne</strong></span> <span class='ocrx_word' id='word_1_603' title='bbox 2319 4091 2536 4146; x_wconf 91' lang='lat' dir='ltr'><strong>mirum</strong></span> <span class='ocrx_word' id='word_1_604' title='bbox 2559 4101 2706 4154; x_wconf 89' lang='lat' dir='ltr'><strong>esse,</strong></span> <span class='ocrx_word' id='word_1_605' title='bbox 2739 4083 2788 4140; x_wconf 90' lang='lat' dir='ltr'><strong>si</strong></span> <span class='ocrx_word' id='word_1_606' title='bbox 2820 4082 3134 4153; x_wconf 87' lang='lat' dir='ltr'><strong>scriptores</strong></span> <span class='ocrx_word' id='word_1_607' title='bbox 3163 4078 3382 4135; x_wconf 89' lang='lat' dir='ltr'><strong>ethnici</strong></span> <span class='ocrx_word' id='word_1_608' title='bbox 3416 4078 3578 4134; x_wconf 88' lang='lat' dir='ltr'><strong>illam</strong></span> <span class='ocrx_word' id='word_1_609' title='bbox 3613 4078 3869 4134; x_wconf 90' lang='lat' dir='ltr'><strong>mirabi-</strong></span> 
     </span>
    </p>
   </div>
   <div class='ocr_carea' id='block_1_88' title="bbox 2219 4167 3869 4251">
    <p class='ocr_par' dir='ltr' id='par_1_88' title="bbox 2219 4167 3869 4251">
     <span class='ocr_line' id='line_1_88' title="bbox 2219 4167 3869 4251; baseline -0.009 -14"><span class='ocrx_word' id='word_1_610' title='bbox 2219 4182 2333 4237; x_wconf 91' lang='lat' dir='ltr'><strong>lem</strong></span> <span class='ocrx_word' id='word_1_611' title='bbox 2364 4178 2619 4251; x_wconf 87' lang='lat' dir='ltr'><strong>pluviam</strong></span> <span class='ocrx_word' id='word_1_612' title='bbox 2652 4191 2685 4229; x_wconf 90' lang='lat' dir='ltr'><strong>a</strong></span> <span class='ocrx_word' id='word_1_613' title='bbox 2711 4172 2851 4228; x_wconf 82' lang='lat' dir='ltr'><strong>Jove</strong></span> <span class='ocrx_word' id='word_1_614' title='bbox 2879 4187 2986 4226; x_wconf 88' lang='lat' dir='ltr'><strong>suo</strong></span> <span class='ocrx_word' id='word_1_615' title='bbox 3017 4184 3355 4225; x_wconf 85' lang='lat' dir='ltr'><strong>concessam</strong></span> <span class='ocrx_word' id='word_1_616' title='bbox 3407 4167 3869 4237; x_wconf 86' lang='lat' dir='ltr'><strong>venditaverint,</strong></span> 
     </span>
    </p>
   </div>
   <div class='ocr_carea' id='block_1_89' title="bbox 2220 4255 3867 4343">
    <p class='ocr_par' dir='ltr' id='par_1_89' title="bbox 2220 4255 3867 4343">
     <span class='ocr_line' id='line_1_89' title="bbox 2220 4255 3867 4343; baseline -0.009 -18"><span class='ocrx_word' id='word_1_617' title='bbox 2220 4270 2320 4343; x_wconf 90' lang='lat' dir='ltr'><strong>qui</strong></span> <span class='ocrx_word' id='word_1_618' title='bbox 2349 4266 2616 4324; x_wconf 86' lang='lat' dir='ltr'><strong>solebant</strong></span> <span class='ocrx_word' id='word_1_619' title='bbox 2643 4263 2780 4318; x_wconf 87' lang='lat' dir='ltr'><strong>huic</strong></span> <span class='ocrx_word' id='word_1_620' title='bbox 2808 4257 3023 4316; x_wconf 85' lang='lat' dir='ltr'><strong>similia</strong></span> <span class='ocrx_word' id='word_1_621' title='bbox 3053 4255 3358 4326; x_wconf 89' lang='lat' dir='ltr'><strong>miracula,</strong></span> <span class='ocrx_word' id='word_1_622' title='bbox 3386 4255 3867 4312; x_wconf 86' lang='lat' dir='ltr'><strong>Christianorum</strong></span> 
     </span>
    </p>
   </div>
   <div class='ocr_carea' id='block_1_90' title="bbox 2220 4344 3876 4432">
    <p class='ocr_par' dir='ltr' id='par_1_90' title="bbox 2220 4344 3876 4432">
     <span class='ocr_line' id='line_1_90' title="bbox 2220 4344 3876 4432; baseline -0.008 -18"><span class='ocrx_word' id='word_1_623' title='bbox 2220 4357 2492 4432; x_wconf 89' lang='lat' dir='ltr'><strong>precibus</strong></span> <span class='ocrx_word' id='word_1_624' title='bbox 2523 4356 2693 4419; x_wconf 83' lang='lat' dir='ltr'><strong>facta,</strong></span> <span class='ocrx_word' id='word_1_625' title='bbox 2727 4350 2915 4406; x_wconf 90' lang='lat' dir='ltr'><strong>eidem</strong></span> <span class='ocrx_word' id='word_1_626' title='bbox 2944 4345 3072 4402; x_wconf 86' lang='lat' dir='ltr'><strong>Jovi</strong></span> <span class='ocrx_word' id='word_1_627' title='bbox 3098 4345 3377 4400; x_wconf 89' lang='lat' dir='ltr'><strong>tribuere.</strong></span> <span class='ocrx_word' id='word_1_628' title='bbox 3403 4344 3517 4399; x_wconf 88' lang='lat' dir='ltr'><strong>Sed</strong></span> <span class='ocrx_word' id='word_1_629' title='bbox 3549 4349 3615 4399; x_wconf 90' lang='lat' dir='ltr'><strong>ut</strong></span> <span class='ocrx_word' id='word_1_630' title='bbox 3643 4344 3876 4414; x_wconf 81' lang='lat' dir='ltr'><strong>Optime</strong></span> 
     </span>
    </p>
   </div>
   <div class='ocr_carea' id='block_1_91' title="bbox 2221 4433 3868 4505">
    <p class='ocr_par' dir='ltr' id='par_1_91' title="bbox 2221 4433 3868 4505">
     <span class='ocr_line' id='line_1_91' title="bbox 2221 4433 3868 4505; baseline -0.009 -1"><span class='ocrx_word' id='word_1_631' title='bbox 2221 4445 2616 4504; x_wconf 90' lang='lat' dir='ltr'><strong>Tertullianus</strong></span> <span class='ocrx_word' id='word_1_632' title='bbox 2666 4436 2932 4505; x_wconf 87' lang='lat' dir='ltr'><strong>advertit,</strong></span> <span class='ocrx_word' id='word_1_633' title='bbox 2995 4450 3130 4490; x_wconf 91' lang='lat' dir='ltr'><strong>vero</strong></span> <span class='ocrx_word' id='word_1_634' title='bbox 3180 4438 3239 4490; x_wconf 89' lang='lat' dir='ltr'><strong>et</strong></span> <span class='ocrx_word' id='word_1_635' title='bbox 3301 4433 3691 4505; x_wconf 87' lang='lat' dir='ltr'><strong>omnipotenti</strong></span> <span class='ocrx_word' id='word_1_636' title='bbox 3744 4438 3868 4489; x_wconf 87' lang='lat' dir='ltr'><strong>Deo</strong></span> 
     </span>
    </p>
   </div>
   <div class='ocr_carea' id='block_1_92' title="bbox 2221 4521 3868 4602">
    <p class='ocr_par' dir='ltr' id='par_1_92' title="bbox 2221 4521 3868 4602">
     <span class='ocr_line' id='line_1_92' title="bbox 2221 4521 3868 4602; baseline -0.01 -9"><span class='ocrx_word' id='word_1_637' title='bbox 2221 4542 2440 4602; x_wconf 89' lang='lat' dir='ltr'><strong>nostro,</strong></span> <span class='ocrx_word' id='word_1_638' title='bbox 2470 4532 2630 4588; x_wconf 86' lang='lat' dir='ltr'><strong>Jovis</strong></span> <span class='ocrx_word' id='word_1_639' title='bbox 2660 4526 2919 4594; x_wconf 88' lang='lat' dir='ltr'><strong>nomine,</strong></span> <span class='ocrx_word' id='word_1_640' title='bbox 2950 4523 3352 4596; x_wconf 89' lang='lat' dir='ltr'><strong>imprudentes</strong></span> <span class='ocrx_word' id='word_1_641' title='bbox 3383 4526 3441 4578; x_wconf 91' lang='lat' dir='ltr'><strong>et</strong></span> <span class='ocrx_word' id='word_1_642' title='bbox 3463 4522 3629 4577; x_wconf 88' lang='lat' dir='ltr'><strong>inviti</strong></span> <span class='ocrx_word' id='word_1_643' title='bbox 3668 4521 3868 4578; x_wconf 81' lang='lat' dir='ltr'><strong>accla-</strong></span> 
     </span>
    </p>
   </div>
   <div class='ocr_carea' id='block_1_93' title="bbox 467 4616 2480 4698">
    <p class='ocr_par' dir='ltr' id='par_1_93' title="bbox 467 4616 2480 4698">
     <span class='ocr_line' id='line_1_93' title="bbox 467 4616 2480 4698; baseline -0.008 -14"><span class='ocrx_word' id='word_1_644' title='bbox 467 4629 733 4684; x_wconf 85' lang='lat' dir='ltr'><strong>imbrium</strong></span> <span class='ocrx_word' id='word_1_645' title='bbox 760 4627 915 4698; x_wconf 85' lang='lat' dir='ltr'><strong>capia</strong></span> <span class='ocrx_word' id='word_1_646' title='bbox 945 4625 1019 4680; x_wconf 85' lang='lat' dir='ltr'><strong>ad</strong></span> <span class='ocrx_word' id='word_1_647' title='bbox 1045 4624 1350 4678; x_wconf 84' lang='lat' dir='ltr'><strong>militarem</strong></span> <span class='ocrx_word' id='word_1_648' title='bbox 1397 4618 1698 4673; x_wconf 75' lang='lat' dir='ltr'><strong>sedandam</strong></span> <span class='ocrx_word' id='word_1_649' title='bbox 1743 4617 1893 4671; x_wconf 84' lang='lat' dir='ltr'><strong>sitim</strong></span> <span class='ocrx_word' id='word_1_650' title='bbox 1924 4616 2110 4685; x_wconf 80' lang='lat' dir='ltr'><strong>erupit</strong></span> <span class='ocrx_word' id='word_1_651' title='bbox 2139 4617 2185 4681; x_wconf 90' lang='lat' dir='ltr'><strong>D</strong></span> <span class='ocrx_word' id='word_1_652' title='bbox 2219 4626 2480 4681; x_wconf 65' lang='lat' dir='ltr'><strong>mabant,</strong></span> 
     </span>
    </p>
   </div>
   <div class='ocr_carea' id='block_1_94' title="bbox 469 4703 2105 4784">
    <p class='ocr_par' dir='ltr' id='par_1_94' title="bbox 469 4703 2105 4784">
     <span class='ocr_line' id='line_1_94' title="bbox 469 4703 2105 4784; baseline -0.007 -15"><span class='ocrx_word' id='word_1_653' title='bbox 469 4715 779 4784; x_wconf 87' lang='lat' dir='ltr'><strong>(Themist.</strong></span> <span class='ocrx_word' id='word_1_654' title='bbox 812 4716 959 4768; x_wconf 92' lang='lat' dir='ltr'><strong>orat.</strong></span> <span class='ocrx_word' id='word_1_655' title='bbox 993 4711 1080 4778; x_wconf 87' lang='grc'><strong>15,</strong></span> <span class='ocrx_word' id='word_1_656' title='bbox 1110 4710 1191 4764; x_wconf 87' lang='lat' dir='ltr'><strong>ad</strong></span> <span class='ocrx_word' id='word_1_657' title='bbox 1220 4708 1469 4764; x_wconf 72' lang='lat' dir='ltr'><strong>Theodm.</strong></span> <span class='ocrx_word' id='word_1_658' title='bbox 1504 4723 1558 4777; x_wconf 90' lang='lat' dir='ltr'><strong>p.</strong></span> <span class='ocrx_word' id='word_1_659' title='bbox 1595 4704 1738 4775; x_wconf 80' lang='lat'>191).</span> <span class='ocrx_word' id='word_1_660' title='bbox 1787 4703 1935 4758; x_wconf 90' lang='lat' dir='ltr'><strong>Tum</strong></span> <span class='ocrx_word' id='word_1_661' title='bbox 1969 4719 2105 4758; x_wconf 88' lang='lat' dir='ltr'><strong>con-</strong></span> 
     </span>
    </p>
   </div>
   <div class='ocr_carea' id='block_1_95' title="bbox 467 4792 2104 4864">
    <p class='ocr_par' dir='ltr' id='par_1_95' title="bbox 467 4792 2104 4864">
     <span class='ocr_line' id='line_1_95' title="bbox 467 4792 2104 4864; baseline -0.007 -6"><span class='ocrx_word' id='word_1_662' title='bbox 467 4803 634 4859; x_wconf 88' lang='lat' dir='ltr'><strong>tinuo</strong></span> <span class='ocrx_word' id='word_1_663' title='bbox 665 4800 894 4857; x_wconf 91' lang='lat' dir='ltr'><strong>addidit</strong></span> <span class='ocrx_word' id='word_1_664' title='bbox 931 4817 993 4856; x_wconf 88' lang='lat' dir='ltr'><strong>se</strong></span> <span class='ocrx_word' id='word_1_665' title='bbox 1034 4797 1371 4854; x_wconf 86' lang='lat' dir='ltr'><strong>meminisse</strong></span> <span class='ocrx_word' id='word_1_666' title='bbox 1403 4796 1586 4849; x_wconf 86' lang='lat' dir='ltr'><strong>visam</strong></span> <span class='ocrx_word' id='word_1_667' title='bbox 1636 4812 1669 4848; x_wconf 90' lang='lat' dir='ltr'><strong>a</strong></span> <span class='ocrx_word' id='word_1_668' title='bbox 1702 4809 1762 4849; x_wconf 85' lang='lat' dir='ltr'><strong>se</strong></span> <span class='ocrx_word' id='word_1_669' title='bbox 1795 4792 2104 4864; x_wconf 90' lang='lat' dir='ltr'><strong>picturam,</strong></span> 
     </span>
    </p>
   </div>
   <div class='ocr_carea' id='block_1_96' title="bbox 466 4880 2106 4962">
    <p class='ocr_par' dir='ltr' id='par_1_96' title="bbox 466 4880 2106 4962">
     <span class='ocr_line' id='line_1_96' title="bbox 466 4880 2106 4962; baseline -0.007 -15"><span class='ocrx_word' id='word_1_670' title='bbox 466 4891 528 4947; x_wconf 88' lang='lat' dir='ltr'><strong>in</strong></span> <span class='ocrx_word' id='word_1_671' title='bbox 558 4889 816 4962; x_wconf 87' lang='lat' dir='ltr'><strong>imagine</strong></span> <span class='ocrx_word' id='word_1_672' title='bbox 846 4888 1221 4961; x_wconf 87' lang='lat' dir='ltr'><strong>descriptam,</strong></span> <span class='ocrx_word' id='word_1_673' title='bbox 1254 4884 1314 4940; x_wconf 90' lang='lat' dir='ltr'><strong>in</strong></span> <span class='ocrx_word' id='word_1_674' title='bbox 1348 4902 1462 4956; x_wconf 88' lang='lat' dir='ltr'><strong>qua</strong></span> <span class='ocrx_word' id='word_1_675' title='bbox 1493 4883 1805 4954; x_wconf 86' lang='lat' dir='ltr'><strong>imperator</strong></span> <span class='ocrx_word' id='word_1_676' title='bbox 1838 4880 2106 4937; x_wconf 78' lang='lat' dir='ltr'><strong>mediain</strong></span> 
     </span>
    </p>
   </div>
   <div class='ocr_carea' id='block_1_97' title="bbox 465 4969 2106 5053">
    <p class='ocr_par' dir='ltr' id='par_1_97' title="bbox 465 4969 2106 5053">
     <span class='ocr_line' id='line_1_97' title="bbox 465 4969 2106 5053; baseline -0.008 -17"><span class='ocrx_word' id='word_1_677' title='bbox 465 4979 758 5053; x_wconf 87' lang='lat' dir='ltr'><strong>phalange</strong></span> <span class='ocrx_word' id='word_1_678' title='bbox 810 4980 1001 5051; x_wconf 88' lang='lat' dir='ltr'><strong>pictus</strong></span> <span class='ocrx_word' id='word_1_679' title='bbox 1049 4993 1114 5032; x_wconf 82' lang='lat' dir='ltr'><strong>ac</strong></span> <span class='ocrx_word' id='word_1_680' title='bbox 1162 4974 1378 5029; x_wconf 84' lang='lat' dir='ltr'><strong>milites</strong></span> <span class='ocrx_word' id='word_1_681' title='bbox 1427 4973 1608 5044; x_wconf 88' lang='lat' dir='ltr'><strong>galeis</strong></span> <span class='ocrx_word' id='word_1_682' title='bbox 1660 4971 1903 5027; x_wconf 91' lang='lat' dir='ltr'><strong>imbrem</strong></span> <span class='ocrx_word' id='word_1_683' title='bbox 1954 4969 2106 5024; x_wconf 86' lang='lat' dir='ltr'><strong>exci-</strong></span> 
     </span>
    </p>
   </div>
   <div class='ocr_carea' id='block_1_98' title="bbox 466 5060 2105 5142">
    <p class='ocr_par' dir='ltr' id='par_1_98' title="bbox 466 5060 2105 5142">
     <span class='ocr_line' id='line_1_98' title="bbox 466 5060 2105 5142; baseline -0.009 -16"><span class='ocrx_word' id='word_1_684' title='bbox 466 5069 695 5142; x_wconf 89' lang='lat' dir='ltr'><strong>pientes</strong></span> <span class='ocrx_word' id='word_1_685' title='bbox 726 5062 1613 5140; x_wconf 74' lang='lat' dir='ltr'><strong>repraesentabantur.Burouius</strong></span> <span class='ocrx_word' id='word_1_686' title='bbox 1647 5078 1778 5117; x_wconf 84' lang='lat' dir='ltr'><strong>vero</strong></span> <span class='ocrx_word' id='word_1_687' title='bbox 1811 5060 2105 5131; x_wconf 87' lang='lat' dir='ltr'><strong>specimen</strong></span> 
     </span>
    </p>
   </div>
   <div class='ocr_carea' id='block_1_99' title="bbox 466 5148 2109 5224">
    <p class='ocr_par' dir='ltr' id='par_1_99' title="bbox 466 5148 2109 5224">
     <span class='ocr_line' id='line_1_99' title="bbox 466 5148 2109 5224; baseline -0.009 -9"><span class='ocrx_word' id='word_1_688' title='bbox 466 5158 733 5215; x_wconf 87' lang='lat' dir='ltr'><strong>exhibuit</strong></span> <span class='ocrx_word' id='word_1_689' title='bbox 778 5157 1082 5213; x_wconf 55' lang='lat' dir='ltr'><strong>columnae.</strong></span> <span class='ocrx_word' id='word_1_690' title='bbox 1131 5155 1187 5207; x_wconf 90' lang='lat' dir='ltr'><strong>in</strong></span> <span class='ocrx_word' id='word_1_691' title='bbox 1222 5169 1338 5224; x_wconf 90' lang='lat' dir='ltr'><strong>qua</strong></span> <span class='ocrx_word' id='word_1_692' title='bbox 1392 5150 1676 5205; x_wconf 82' lang='lat' dir='ltr'><strong>miriﬁcus</strong></span> <span class='ocrx_word' id='word_1_693' title='bbox 1715 5148 1812 5204; x_wconf 89' lang='lat' dir='ltr'><strong>ille</strong></span> <span class='ocrx_word' id='word_1_694' title='bbox 1857 5149 2046 5203; x_wconf 87' lang='lat' dir='ltr'><strong>imber</strong></span> <span class='ocrx_word' id='word_1_695' title='bbox 2075 5163 2109 5200; x_wconf 88' lang='lat' dir='ltr'><strong>a</strong></span> 
     </span>
    </p>
   </div>
   <div class='ocr_carea' id='block_1_100' title="bbox 464 5236 2110 5320">
    <p class='ocr_par' dir='ltr' id='par_1_100' title="bbox 464 5236 2110 5320">
     <span class='ocr_line' id='line_1_100' title="bbox 464 5236 2110 5320; baseline -0.009 -16"><span class='ocrx_word' id='word_1_696' title='bbox 464 5246 604 5304; x_wconf 86' lang='lat' dir='ltr'><strong>Jove</strong></span> <span class='ocrx_word' id='word_1_697' title='bbox 650 5246 845 5320; x_wconf 90' lang='lat' dir='ltr'><strong>pluvio</strong></span> <span class='ocrx_word' id='word_1_698' title='bbox 892 5252 948 5301; x_wconf 89' lang='lat' dir='ltr'><strong>et</strong></span> <span class='ocrx_word' id='word_1_699' title='bbox 996 5242 1343 5299; x_wconf 85' lang='lat' dir='ltr'><strong>fulminantc</strong></span> <span class='ocrx_word' id='word_1_700' title='bbox 1394 5256 1707 5295; x_wconf 86' lang='lat' dir='ltr'><strong>concessus</strong></span> <span class='ocrx_word' id='word_1_701' title='bbox 1752 5236 2110 5308; x_wconf 89' lang='lat' dir='ltr'><strong>conspicitur</strong></span> 
     </span>
    </p>
   </div>
   <div class='ocr_carea' id='block_1_101' title="bbox 468 5329 1504 5408">
    <p class='ocr_par' dir='ltr' id='par_1_101' title="bbox 468 5329 1504 5408">
     <span class='ocr_line' id='line_1_101' title="bbox 468 5329 1504 5408; baseline -0.011 -16"><span class='ocrx_word' id='word_1_702' title='bbox 468 5336 699 5408; x_wconf 91' lang='lat' dir='ltr'><strong>(Barou.</strong></span> <span class='ocrx_word' id='word_1_703' title='bbox 730 5335 801 5390; x_wconf 86' lang='lat' dir='ltr'><strong>ad</strong></span> <span class='ocrx_word' id='word_1_704' title='bbox 822 5352 915 5391; x_wconf 87' lang='lat' dir='ltr'><strong>an.</strong></span> <span class='ocrx_word' id='word_1_705' title='bbox 949 5334 1157 5391; x_wconf 76' lang='lat' dir='ltr'><strong>Christi</strong></span> <span class='ocrx_word' id='word_1_706' title='bbox 1188 5332 1310 5398; x_wconf 78' lang='lat'><strong>176,</strong></span> <span class='ocrx_word' id='word_1_707' title='bbox 1341 5330 1369 5400; x_wconf 63' lang='grc' dir='ltr'><strong>ἓ</strong></span> <span class='ocrx_word' id='word_1_708' title='bbox 1395 5329 1504 5399; x_wconf 72' lang='grc'>24).</span> 
     </span>
    </p>
   </div>
   <div class='ocr_carea' id='block_1_102' title="bbox 540 5427 2107 5508">
    <p class='ocr_par' dir='ltr' id='par_1_102' title="bbox 540 5427 2107 5508">
     <span class='ocr_line' id='line_1_102' title="bbox 540 5427 2107 5508; baseline -0.01 -10"><span class='ocrx_word' id='word_1_709' title='bbox 540 5444 602 5498; x_wconf 90' lang='lat' dir='ltr'><strong>In</strong></span> <span class='ocrx_word' id='word_1_710' title='bbox 634 5441 834 5497; x_wconf 91' lang='lat' dir='ltr'><strong>Dionis</strong></span> <span class='ocrx_word' id='word_1_711' title='bbox 865 5445 1062 5496; x_wconf 89' lang='lat' dir='ltr'><strong>tamen</strong></span> <span class='ocrx_word' id='word_1_712' title='bbox 1094 5437 1356 5508; x_wconf 89' lang='lat' dir='ltr'><strong>Epitome</strong></span> <span class='ocrx_word' id='word_1_713' title='bbox 1397 5433 1651 5505; x_wconf 87' lang='lat' dir='ltr'><strong>legimus</strong></span> <span class='ocrx_word' id='word_1_714' title='bbox 1696 5432 1850 5487; x_wconf 88' lang='lat' dir='ltr'><strong>fama</strong></span> <span class='ocrx_word' id='word_1_715' title='bbox 1881 5427 2107 5502; x_wconf 88' lang='lat' dir='ltr'><strong>pervul-</strong></span> 
     </span>
    </p>
   </div>
   <div class='ocr_carea' id='block_1_103' title="bbox 462 5519 2107 5605">
    <p class='ocr_par' dir='ltr' id='par_1_103' title="bbox 462 5519 2107 5605">
     <span class='ocr_line' id='line_1_103' title="bbox 462 5519 2107 5605; baseline -0.009 -17"><span class='ocrx_word' id='word_1_716' title='bbox 462 5537 666 5605; x_wconf 86' lang='lat' dir='ltr'><strong>gatum</strong></span> <span class='ocrx_word' id='word_1_717' title='bbox 696 5530 1051 5603; x_wconf 84' lang='lat' dir='ltr'><strong>quibusdam</strong></span> <span class='ocrx_word' id='word_1_718' title='bbox 1084 5525 1327 5597; x_wconf 86' lang='lat' dir='ltr'><strong>magicis</strong></span> <span class='ocrx_word' id='word_1_719' title='bbox 1377 5523 1603 5578; x_wconf 88' lang='lat' dir='ltr'><strong>artibus</strong></span> <span class='ocrx_word' id='word_1_720' title='bbox 1654 5522 1984 5577; x_wconf 88' lang='lat' dir='ltr'><strong>invocatum</strong></span> <span class='ocrx_word' id='word_1_721' title='bbox 2034 5519 2107 5575; x_wconf 92' lang='lat' dir='ltr'><strong>ab</strong></span> 
     </span>
    </p>
   </div>
   <div class='ocr_carea' id='block_1_104' title="bbox 461 5607 2106 5692">
    <p class='ocr_par' dir='ltr' id='par_1_104' title="bbox 461 5607 2106 5692">
     <span class='ocr_line' id='line_1_104' title="bbox 461 5607 2106 5692; baseline -0.008 -16"><span class='ocrx_word' id='word_1_722' title='bbox 461 5618 728 5691; x_wconf 86' lang='lat' dir='ltr'><strong>Arnuphi</strong></span> <span class='ocrx_word' id='word_1_723' title='bbox 764 5637 932 5692; x_wconf 85' lang='lat' dir='ltr'><strong>mago</strong></span> <span class='ocrx_word' id='word_1_724' title='bbox 961 5616 1219 5690; x_wconf 70' lang='lat' dir='ltr'><strong>Egyptio</strong></span> <span class='ocrx_word' id='word_1_725' title='bbox 1262 5612 1636 5681; x_wconf 82' lang='lat' dir='ltr'><strong>Mercurium,</strong></span> <span class='ocrx_word' id='word_1_726' title='bbox 1688 5610 1972 5681; x_wconf 87' lang='lat' dir='ltr'><strong>aliosque,</strong></span> <span class='ocrx_word' id='word_1_727' title='bbox 2005 5607 2106 5681; x_wconf 92' lang='lat' dir='ltr'><strong>qui</strong></span> 
     </span>
    </p>
   </div>
   <div class='ocr_carea' id='block_1_105' title="bbox 464 5699 2106 5782">
    <p class='ocr_par' dir='ltr' id='par_1_105' title="bbox 464 5699 2106 5782">
     <span class='ocr_line' id='line_1_105' title="bbox 464 5699 2106 5782; baseline -0.005 -17"><span class='ocrx_word' id='word_1_728' title='bbox 464 5708 526 5766; x_wconf 89' lang='lat' dir='ltr'><strong>in</strong></span> <span class='ocrx_word' id='word_1_729' title='bbox 556 5723 686 5765; x_wconf 86' lang='lat' dir='ltr'><strong>aere</strong></span> <span class='ocrx_word' id='word_1_730' title='bbox 716 5709 960 5782; x_wconf 84' lang='lat' dir='ltr'><strong>degunt,</strong></span> <span class='ocrx_word' id='word_1_731' title='bbox 990 5708 1285 5762; x_wconf 65' lang='lat' dir='ltr'><strong>daamones</strong></span> <span class='ocrx_word' id='word_1_732' title='bbox 1323 5717 1575 5775; x_wconf 88' lang='lat' dir='ltr'><strong>quorum</strong></span> <span class='ocrx_word' id='word_1_733' title='bbox 1605 5716 1779 5773; x_wconf 88' lang='lat' dir='ltr'><strong>opera</strong></span> <span class='ocrx_word' id='word_1_734' title='bbox 1807 5699 1959 5756; x_wconf 88' lang='lat' dir='ltr'><strong>hanc</strong></span> <span class='ocrx_word' id='word_1_735' title='bbox 2005 5714 2106 5757; x_wconf 82' lang='lat' dir='ltr'><strong>ex-</strong></span> 
     </span>
    </p>
   </div>
   <div class='ocr_carea' id='block_1_106' title="bbox 2288 4699 3872 4783">
    <p class='ocr_par' dir='ltr' id='par_1_106' title="bbox 2288 4699 3872 4783">
     <span class='ocr_line' id='line_1_106' title="bbox 2288 4699 3872 4783; baseline -0.009 -13"><span class='ocrx_word' id='word_1_736' title='bbox 2288 4718 2359 4771; x_wconf 84' lang='lat' dir='ltr'><strong>At</strong></span> <span class='ocrx_word' id='word_1_737' title='bbox 2390 4714 2608 4783; x_wconf 67' lang='lat' dir='ltr'><strong>quaeret</strong></span> <span class='ocrx_word' id='word_1_738' title='bbox 2639 4707 2879 4763; x_wconf 84' lang='lat' dir='ltr'><strong>forsitan</strong></span> <span class='ocrx_word' id='word_1_739' title='bbox 2906 4700 3122 4774; x_wconf 87' lang='lat' dir='ltr'><strong>aliquis</strong></span> <span class='ocrx_word' id='word_1_740' title='bbox 3143 4717 3248 4756; x_wconf 91' lang='lat' dir='ltr'><strong>cur</strong></span> <span class='ocrx_word' id='word_1_741' title='bbox 3273 4699 3370 4756; x_wconf 87' lang='lat' dir='ltr'><strong>ille</strong></span> <span class='ocrx_word' id='word_1_742' title='bbox 3400 4700 3509 4756; x_wconf 89' lang='lat' dir='ltr'><strong>hoc</strong></span> <span class='ocrx_word' id='word_1_743' title='bbox 3538 4700 3872 4772; x_wconf 87' lang='lat' dir='ltr'><strong>posteriore</strong></span> 
     </span>
    </p>
   </div>
   <div class='ocr_carea' id='block_1_107' title="bbox 2218 4788 3864 4862">
    <p class='ocr_par' dir='ltr' id='par_1_107' title="bbox 2218 4788 3864 4862">
     <span class='ocr_line' id='line_1_107' title="bbox 2218 4788 3864 4862; baseline -0.01 -3"><span class='ocrx_word' id='word_1_744' title='bbox 2218 4806 2277 4859; x_wconf 92' lang='lat' dir='ltr'><strong>in</strong></span> <span class='ocrx_word' id='word_1_745' title='bbox 2322 4805 2445 4859; x_wconf 91' lang='lat' dir='ltr'><strong>loco</strong></span> <span class='ocrx_word' id='word_1_746' title='bbox 2489 4806 2608 4855; x_wconf 90' lang='lat' dir='ltr'><strong>tam</strong></span> <span class='ocrx_word' id='word_1_747' title='bbox 2681 4796 2969 4851; x_wconf 79' lang='lat' dir='ltr'><strong>affirmate</strong></span> <span class='ocrx_word' id='word_1_748' title='bbox 3017 4788 3484 4862; x_wconf 86' lang='lat' dir='ltr'><strong>pronuntiaverit</strong></span> <span class='ocrx_word' id='word_1_749' title='bbox 3527 4788 3684 4844; x_wconf 89' lang='lat' dir='ltr'><strong>hunc</strong></span> <span class='ocrx_word' id='word_1_750' title='bbox 3737 4788 3864 4844; x_wconf 88' lang='lat' dir='ltr'><strong>im-</strong></span> 
     </span>
    </p>
   </div>
   <div class='ocr_carea' id='block_1_108' title="bbox 2217 4868 3867 4955">
    <p class='ocr_par' dir='ltr' id='par_1_108' title="bbox 2217 4868 3867 4955">
     <span class='ocr_line' id='line_1_108' title="bbox 2217 4868 3867 4955; baseline -0.009 -6"><span class='ocrx_word' id='word_1_751' title='bbox 2217 4894 2376 4950; x_wconf 87' lang='lat' dir='ltr'><strong>brem</strong></span> <span class='ocrx_word' id='word_1_752' title='bbox 2410 4886 2754 4944; x_wconf 85' lang='lat' dir='ltr'><strong>Christianis</strong></span> <span class='ocrx_word' id='word_1_753' title='bbox 2785 4878 3217 4955; x_wconf 88' lang='lat' dir='ltr'><strong>precationibus</strong></span> <span class='ocrx_word' id='word_1_754' title='bbox 3248 4892 3615 4943; x_wconf 85' lang='lat' dir='ltr'><strong>concessum,</strong></span> <span class='ocrx_word' id='word_1_755' title='bbox 3642 4868 3772 4948; x_wconf 82' lang='lat' dir='ltr'><strong>qui,</strong></span> <span class='ocrx_word' id='word_1_756' title='bbox 3804 4878 3867 4934; x_wconf 90' lang='lat' dir='ltr'><strong>in</strong></span> 
     </span>
    </p>
   </div>
   <div class='ocr_carea' id='block_1_109' title="bbox 2217 4965 3867 5055">
    <p class='ocr_par' dir='ltr' id='par_1_109' title="bbox 2217 4965 3867 5055">
     <span class='ocr_line' id='line_1_109' title="bbox 2217 4965 3867 5055; baseline -0.01 -16"><span class='ocrx_word' id='word_1_757' title='bbox 2217 4980 2577 5055; x_wconf 85' lang='lat' dir='ltr'><strong>Apotogetico,</strong></span> <span class='ocrx_word' id='word_1_758' title='bbox 2633 4972 2975 5031; x_wconf 88' lang='lat' dir='ltr'><strong>adverbium</strong></span> <span class='ocrx_word' id='word_1_759' title='bbox 3034 4967 3181 5042; x_wconf 82' lang='lat' dir='ltr'><strong>forte</strong></span> <span class='ocrx_word' id='word_1_760' title='bbox 3216 4965 3867 5055; x_wconf 10' lang='lat' dir='ltr'><strong>iaddiditurNumquid</strong></span> 
     </span>
    </p>
   </div>
   <div class='ocr_carea' id='block_1_110' title="bbox 2217 5053 3874 5142">
    <p class='ocr_par' dir='ltr' id='par_1_110' title="bbox 2217 5053 3874 5142">
     <span class='ocr_line' id='line_1_110' title="bbox 2217 5053 3874 5142; baseline -0.01 -16"><span class='ocrx_word' id='word_1_761' title='bbox 2217 5053 2533 5142; x_wconf 88' lang='lat' dir='ltr'><strong>aliquando</strong></span> <span class='ocrx_word' id='word_1_762' title='bbox 2562 5065 2671 5120; x_wconf 89' lang='lat' dir='ltr'><strong>hac</strong></span> <span class='ocrx_word' id='word_1_763' title='bbox 2701 5064 2772 5118; x_wconf 89' lang='lat' dir='ltr'><strong>de</strong></span> <span class='ocrx_word' id='word_1_764' title='bbox 2805 5077 2864 5116; x_wconf 91' lang='lat' dir='ltr'><strong>re</strong></span> <span class='ocrx_word' id='word_1_765' title='bbox 2888 5056 3058 5114; x_wconf 82' lang='lat' dir='ltr'><strong>haesit</strong></span> <span class='ocrx_word' id='word_1_766' title='bbox 3085 5054 3327 5123; x_wconf 89' lang='lat' dir='ltr'><strong>dubius,</strong></span> <span class='ocrx_word' id='word_1_767' title='bbox 3357 5057 3457 5109; x_wconf 82' lang='lat' dir='ltr'><strong>aut</strong></span> <span class='ocrx_word' id='word_1_768' title='bbox 3492 5053 3641 5109; x_wconf 91' lang='lat' dir='ltr'><strong>illud</strong></span> <span class='ocrx_word' id='word_1_769' title='bbox 3665 5054 3874 5110; x_wconf 62' lang='lat' dir='ltr'><strong>adver.</strong></span> 
     </span>
    </p>
   </div>
   <div class='ocr_carea' id='block_1_111' title="bbox 2218 5142 3869 5223">
    <p class='ocr_par' dir='ltr' id='par_1_111' title="bbox 2218 5142 3869 5223">
     <span class='ocr_line' id='line_1_111' title="bbox 2218 5142 3869 5223; baseline -0.01 -8"><span class='ocrx_word' id='word_1_770' title='bbox 2218 5159 2379 5215; x_wconf 90' lang='lat' dir='ltr'><strong>bium</strong></span> <span class='ocrx_word' id='word_1_771' title='bbox 2428 5154 2610 5211; x_wconf 87' lang='lat' dir='ltr'><strong>textui</strong></span> <span class='ocrx_word' id='word_1_772' title='bbox 2654 5152 2782 5223; x_wconf 88' lang='lat' dir='ltr'><strong>ejus</strong></span> <span class='ocrx_word' id='word_1_773' title='bbox 2831 5149 3179 5220; x_wconf 74' lang='lat' dir='ltr'><strong>praepostere</strong></span> <span class='ocrx_word' id='word_1_774' title='bbox 3226 5142 3515 5198; x_wconf 88' lang='lat' dir='ltr'><strong>insertum</strong></span> <span class='ocrx_word' id='word_1_775' title='bbox 3555 5142 3700 5199; x_wconf 84' lang='lat' dir='ltr'><strong>est?</strong></span> <span class='ocrx_word' id='word_1_776' title='bbox 3731 5146 3869 5198; x_wconf 85' lang='lat' dir='ltr'><strong>Non</strong></span> 
     </span>
    </p>
   </div>
   <div class='ocr_carea' id='block_1_112' title="bbox 2217 5230 3875 5304">
    <p class='ocr_par' dir='ltr' id='par_1_112' title="bbox 2217 5230 3875 5304">
     <span class='ocr_line' id='line_1_112' title="bbox 2217 5230 3875 5304; baseline -0.01 0"><span class='ocrx_word' id='word_1_777' title='bbox 2217 5247 2373 5304; x_wconf 90' lang='lat' dir='ltr'><strong>enim</strong></span> <span class='ocrx_word' id='word_1_778' title='bbox 2405 5248 2590 5301; x_wconf 84' lang='lat' dir='ltr'><strong>exstat</strong></span> <span class='ocrx_word' id='word_1_779' title='bbox 2620 5242 2677 5295; x_wconf 91' lang='lat' dir='ltr'><strong>in</strong></span> <span class='ocrx_word' id='word_1_780' title='bbox 2711 5239 2906 5295; x_wconf 67' lang='lat' dir='ltr'><strong>Graeco</strong></span> <span class='ocrx_word' id='word_1_781' title='bbox 2934 5231 3172 5290; x_wconf 88' lang='lat' dir='ltr'><strong>Eusebii</strong></span> <span class='ocrx_word' id='word_1_782' title='bbox 3203 5234 3387 5287; x_wconf 88' lang='lat' dir='ltr'><strong>textu.</strong></span> <span class='ocrx_word' id='word_1_783' title='bbox 3420 5230 3532 5287; x_wconf 88' lang='lat' dir='ltr'><strong>Sed</strong></span> <span class='ocrx_word' id='word_1_784' title='bbox 3564 5230 3621 5286; x_wconf 91' lang='lat' dir='ltr'><strong>id</strong></span> <span class='ocrx_word' id='word_1_785' title='bbox 3654 5235 3875 5288; x_wconf 87' lang='lat' dir='ltr'><strong>contra</strong></span> 
     </span>
    </p>
   </div>
   <div class='ocr_carea' id='block_1_113' title="bbox 2218 5321 3870 5397">
    <p class='ocr_par' dir='ltr' id='par_1_113' title="bbox 2218 5321 3870 5397">
     <span class='ocr_line' id='line_1_113' title="bbox 2218 5321 3870 5397; baseline -0.012 -4"><span class='ocrx_word' id='word_1_786' title='bbox 2218 5336 2483 5393; x_wconf 87' lang='lat' dir='ltr'><strong>codicum</strong></span> <span class='ocrx_word' id='word_1_787' title='bbox 2519 5327 3054 5397; x_wconf 86' lang='lat' dir='ltr'><strong>manuscriptorum</strong></span> <span class='ocrx_word' id='word_1_788' title='bbox 3088 5321 3267 5376; x_wconf 86' lang='lat' dir='ltr'><strong>ﬁdem</strong></span> <span class='ocrx_word' id='word_1_789' title='bbox 3300 5334 3563 5376; x_wconf 88' lang='lat' dir='ltr'><strong>asserere</strong></span> <span class='ocrx_word' id='word_1_790' title='bbox 3595 5336 3711 5375; x_wconf 90' lang='lat' dir='ltr'><strong>non</strong></span> <span class='ocrx_word' id='word_1_791' title='bbox 3758 5337 3870 5377; x_wconf 83' lang='lat' dir='ltr'><strong>au-</strong></span> 
     </span>
    </p>
   </div>
   <div class='ocr_carea' id='block_1_114' title="bbox 2216 5407 3868 5490">
    <p class='ocr_par' dir='ltr' id='par_1_114' title="bbox 2216 5407 3868 5490">
     <span class='ocr_line' id='line_1_114' title="bbox 2216 5407 3868 5490; baseline -0.01 -8"><span class='ocrx_word' id='word_1_792' title='bbox 2216 5428 2654 5482; x_wconf 72' lang='lat' dir='ltr'><strong>demusNonne</strong></span> <span class='ocrx_word' id='word_1_793' title='bbox 2681 5433 2815 5490; x_wconf 85' lang='lat' dir='ltr'><strong>ergo</strong></span> <span class='ocrx_word' id='word_1_794' title='bbox 2834 5408 3217 5470; x_wconf 88' lang='lat' dir='ltr'><strong>verisimilius</strong></span> <span class='ocrx_word' id='word_1_795' title='bbox 3240 5412 3332 5465; x_wconf 86' lang='lat' dir='ltr'><strong>est</strong></span> <span class='ocrx_word' id='word_1_796' title='bbox 3350 5407 3495 5463; x_wconf 91' lang='lat' dir='ltr'><strong>illud</strong></span> <span class='ocrx_word' id='word_1_797' title='bbox 3517 5407 3868 5465; x_wconf 84' lang='lat' dir='ltr'><strong>adverbium</strong></span> 
     </span>
    </p>
   </div>
   <div class='ocr_carea' id='block_1_115' title="bbox 2218 5495 3875 5575">
    <p class='ocr_par' dir='ltr' id='par_1_115' title="bbox 2218 5495 3875 5575">
     <span class='ocr_line' id='line_1_115' title="bbox 2218 5495 3875 5575; baseline -0.011 -3"><span class='ocrx_word' id='word_1_798' title='bbox 2218 5532 2332 5572; x_wconf 90' lang='lat' dir='ltr'><strong>non</strong></span> <span class='ocrx_word' id='word_1_799' title='bbox 2365 5508 2692 5569; x_wconf 89' lang='lat' dir='ltr'><strong>dubitantis</strong></span> <span class='ocrx_word' id='word_1_800' title='bbox 2730 5520 2881 5575; x_wconf 88' lang='lat' dir='ltr'><strong>esse,</strong></span> <span class='ocrx_word' id='word_1_801' title='bbox 2929 5500 3029 5558; x_wconf 90' lang='lat' dir='ltr'><strong>sed</strong></span> <span class='ocrx_word' id='word_1_802' title='bbox 3078 5496 3378 5553; x_wconf 88' lang='lat' dir='ltr'><strong>irridentis</strong></span> <span class='ocrx_word' id='word_1_803' title='bbox 3422 5495 3709 5561; x_wconf 86' lang='lat' dir='ltr'><strong>ethnicos,</strong></span> <span class='ocrx_word' id='word_1_804' title='bbox 3763 5498 3875 5569; x_wconf 90' lang='lat' dir='ltr'><strong>qui</strong></span> 
     </span>
    </p>
   </div>
   <div class='ocr_carea' id='block_1_116' title="bbox 2217 5585 3878 5662">
    <p class='ocr_par' dir='ltr' id='par_1_116' title="bbox 2217 5585 3878 5662">
     <span class='ocr_line' id='line_1_116' title="bbox 2217 5585 3878 5662; baseline -0.013 0"><span class='ocrx_word' id='word_1_805' title='bbox 2217 5607 2373 5662; x_wconf 90' lang='lat' dir='ltr'><strong>hunc</strong></span> <span class='ocrx_word' id='word_1_806' title='bbox 2404 5602 2645 5657; x_wconf 89' lang='lat' dir='ltr'><strong>imbrem</strong></span> <span class='ocrx_word' id='word_1_807' title='bbox 2679 5615 2714 5654; x_wconf 87' lang='lat' dir='ltr'><strong>a</strong></span> <span class='ocrx_word' id='word_1_808' title='bbox 2742 5593 2947 5651; x_wconf 81' lang='lat' dir='ltr'><strong>fictitio</strong></span> <span class='ocrx_word' id='word_1_809' title='bbox 2977 5604 3084 5647; x_wconf 91' lang='lat' dir='ltr'><strong>suo</strong></span> <span class='ocrx_word' id='word_1_810' title='bbox 3113 5586 3253 5644; x_wconf 86' lang='lat' dir='ltr'><strong>Jove</strong></span> <span class='ocrx_word' id='word_1_811' title='bbox 3295 5586 3498 5644; x_wconf 87' lang='lat' dir='ltr'><strong>datum</strong></span> <span class='ocrx_word' id='word_1_812' title='bbox 3528 5585 3709 5643; x_wconf 86' lang='lat' dir='ltr'><strong>stulte</strong></span> <span class='ocrx_word' id='word_1_813' title='bbox 3739 5586 3878 5660; x_wconf 83' lang='lat' dir='ltr'><strong>opi-</strong></span> 
     </span>
    </p>
   </div>
   <div class='ocr_carea' id='block_1_117' title="bbox 2217 5714 2257 5754">
    <p class='ocr_par' dir='ltr' id='par_1_117' title="bbox 2217 5714 2257 5754">
     <span class='ocr_line' id='line_1_117' title="bbox 2217 5714 2257 5754; baseline 0 0"><span class='ocrx_word' id='word_1_814' title='bbox 2217 5714 2257 5754; x_wconf 89' lang='lat' dir='ltr'><strong>n</strong></span> 
     </span>
    </p>
   </div>
  </div>
