4162 6364
339 392 493 454 1105

1255 393 1325 452 D.
1375 395 1468 454 LE
1514 395 1836 456 NUUItRY
1883 395 2532 456 OBSERVATIUNES
2579 395 2836 456 ΝονιΕ.

3589 393 3746 453 1106

409 525 586 600 Magis
619 529 815 582 autem
846 525 1161 582 omnibuas
1191 525 1250 582 id
1284 527 1658 584 manifestum
1691 527 1874 594 fieret,
1935 527 1984 582 si
2016 529 2068 595 Α
2099 527 2273 584 etiam
2289 529 2561 584 eumdem
2593 529 2950 582 Antoninum
2977 525 3145 582 Pium
3175 525 3234 580 in
3263 525 3550 580 bonorum
3583 525 3742 596 prin-

335 616 558 672 Aurelii
608 615 1000 687 ,imperatorie
1051 615 1256 671 littera;
1314 633 1462 688 quas
1519 619 1738 672 Auctor
1795 621 1991 672 noster
2098 617 2294 688 cipum
2321 633 2563 672 numero
2594 617 2857 686 collocat,
2892 617 2992 687 qui
3045 615 3208 670 nulla
3265 615 3543 670 adversus
3583 613 3745 670 Chri-

334 705 478 762 citat
499 705 570 760 ad
605 721 710 760 nos
743 704 1166 776 pervenissent.
1211 704 1489 760 Nonnulli
1539 711 1734 761 tamen
1795 705 1988 776 suspi-

339 801 552 850 cantur
580 793 713 850 illas
745 809 896 860 esse,
931 809 1182 864 quarum
1215 795 1516 866 exemplar
1547 801 1680 866 post
1736 795 1984 866 primam

332 883 554 940 Justini
589 883 854 955 Martyris
885 883 1230 954 Apologiam
1255 885 1475 938 editum
1509 885 1834 940 exhibetur.
1885 883 1984 938 Ve-

337 987 468 1026 rum
495 974 620 1041 jam
653 971 1066 1026 annotavimus
1098 972 1364 1042 Spurium
1395 971 1538 1028 illud
1572 989 1700 1028 esse
1732 979 1789 1028 et
1817 971 1984 1027 adul-

337 1060 591 1116 terinum
615 1065 797 1129 (Tom.
832 1065 852 1114 1
881 1061 1148 1132 Apparet.
1183 1079 1236 1133 p.
1271 1063 1420 1130 3459).

406 1167 664 1240 Scaliger
693 1183 828 1223 vero
860 1185 928 1222 ex
959 1168 1052 1224 his
1083 1167 1434 1224 Tertulliani
1469 1169 1681 1232 verbis,
1714 1171 1766 1223 si
1793 1169 1984 1238 requi-

340 1258 568 1323 rantur,
629 1257 819 1330 colligi
855 1273 1025 1329 posse
1056 1263 1223 1328 putat
1253 1274 1350 1312 eas
1399 1259 1469 1312 ab
1525 1257 1624 1312 illo
1682 1273 1980 1328 nunquam

333 1347 518 1402 lectas
553 1345 786 1417 (Scalig.
819 1345 1108 1401 Animadv.
1145 1349 1206 1401 in
1257 1347 1455 1402 Chron.
1517 1349 1705 1402 Euseb.
1769 1347 1838 1402 ad
1885 1363 1980 1400 an.

331 1436 516 1507 2189).
549 1435 710 1499 Quod
735 1435 921 1490 Orosii
956 1435 1130 1490 etiam
1180 1436 1517 1491 testimonio
1569 1435 1830 1490 stabilire
1887 1451 1980 1489 co-

333 1529 528 1580 natur.
555 1528 620 1579 At
645 1525 937 1596 quomodo
969 1524 1372 1579 Tertullianus
1409 1529 1570 1580 tanta
1628 1523 1982 1580 conﬁdentia

333 1613 598 1669 ethnicos
632 1613 702 1669 ad
738 1613 868 1669 illa
899 1613 1174 1684 legendas
1204 1615 1494 1682 excitavit,
1529 1615 1640 1669 nisi
1675 1613 1800 1686 ipse
1857 1631 1978 1680 eas,

333 1711 436 1758 aut
466 1704 616 1774 quod
651 1703 710 1757 in
743 1703 827 1758 eis
859 1705 1144 1774 scriptum
1171 1709 1258 1758 est
1291 1703 1528 1774 legisset
1547 1702 1659 1757 ?Ad
1683 1703 1802 1757 haec
1824 1719 1978 1768 vero,

335 1792 621 1848 Eusebius
654 1809 724 1848 ex
771 1791 980 1847 iisdem
1037 1791 1380 1847 Tertulliani
1431 1793 1623 1846 verbis
1679 1791 1980 1846 concludit

335 1881 508 1937 hasce
539 1881 761 1937 litteras
791 1881 1135 1936 Tertulliani
1169 1885 1432 1952 tempore
1467 1881 1783 1946 exstitisse,
1815 1877 1976 1933 εἶ’σετι

333 1973 424 2022 νῦν
459 1967 710 2045 φέρεσθαι
752 1971 990 2038 (Euseb.
1047 1969 1148 2026 lib.
1204 1987 1242 2026 ν
1295 1971 1492 2026 Eccles.
1553 1973 1686 2025 Hist.
1739 1987 1863 2041 cap.
1919 1971 1974 2036 5,

333 2077 386 2132 p.
426 2060 571 2128 169).
606 2059 722 2114 Cur
751 2077 908 2132 ergo,
941 2060 1134 2132 arguit
1178 2059 1455 2132 Scaliger,
1511 2059 1645 2115 illas
1689 2061 1978 2114 Eusebius

332 2149 507 2204 solita
537 2149 1122 2221 diligentiaintegras
1173 2165 1289 2204 non
1347 2149 1676 2220 descripsit,
1737 2151 1784 2204 si
1837 2155 1979 2203 tunc

332 2255 531 2294 revera
562 2237 992 2293 existitissent?
1023 2237 1134 2292 Sed
1165 2237 1460 2292 imbecilla
1487 2253 1727 2308 prorsus
1758 2243 1848 2292 est
1881 2237 1981 2292 illa

335 2327 688 2393 reclamatio,
723 2326 836 2380 nisi
866 2325 1164 2381 evidenter
1195 2327 1472 2396 probetur
1489 2325 1718 2380 nullum
1741 2325 1980 2380 omnino

336 2432 464 2470 esse
495 2415 674 2486 hujus
705 2415 934 2486 generis
965 2414 1414 2484 monimentum,
1443 2415 1598 2485 quob
1629 2415 1701 2469 ab
1733 2415 1981 2470 Eusebio

335 2503 754 2574 transcriptum
782 2519 898 2558 non
931 2503 1124 2557 fuerit.
1160 2502 1472 2572 Nunquam
1509 2507 1701 2557 autem
1731 2503 1786 2558 id
1823 2509 1982 2574 pote-

337 2591 414 2646 rit
442 2609 476 2647 a
504 2591 798 2662 Scaligero
830 2599 932 2646 aut
964 2591 1079 2646 ullo
1113 2592 1226 2646 alio
1261 2591 1521 2662 probari.

415 2699 698 2755 Caeterum
733 2699 964 2754 Marcus
1001 2699 1298 2766 Aurelius,
1321 2699 1468 2754 tanti
1501 2699 1766 2754 beneﬁcii
1800 2699 1984 2771 preci-

339 2791 448 2844 bus
477 2789 942 2844 Christianorum
976 2788 1205 2844 ccelitus
1257 2788 1474 2860 accepti
1525 2805 1774 2856 memor,
1817 2789 1984 2859 ipsis,

339 2883 514 2950 prout
543 2879 756 2948 potuit,
780 2877 1146 2949 gratificatus
1167 2885 1272 2932 est.
1299 2877 1440 2932 Cum
1471 2877 1624 2933 enim
1659 2878 1982 2932 maximum

340 2967 645 3040 gentilium
679 2966 738 3021 in
771 2967 1133 3022 Christianos
1165 2967 1418 3022 furorem
1454 2968 1688 3038 penitus
1740 2967 1988 3038 compri-

345 3072 503 3111 mere
533 3056 805 3126 nequiret
837 3071 850 3109 :
885 3077 914 3104 «
948 3055 1112 3110 Sicut
1142 3071 1256 3110 non
1301 3055 1518 3126 palam,
1549 3055 1986 3126 inquitTertul-

345 3146 558 3215 lianus,
592 3145 665 3200 ab
696 3145 1040 3216 hujusmodi
1069 3143 1410 3199 hominibus
1443 3161 1671 3215 pmnam
1720 3145 1986 3212 dimovit,

345 3235 423 3290 ita
454 3235 565 3290 alio
598 3235 768 3290 modo
798 3233 988 3306 palam
1023 3233 1323 3304 dispersit,
1349 3233 1577 3304 adjecta
1605 3234 1779 3288 etiam
1813 3251 1984 3288 accu-

341 3325 634 3380 satoribus
663 3322 1059 3388 damnatione,
1092 3327 1149 3376 et
1186 3323 1422 3392 quidem
1471 3323 1708 3378 tetriore
1738 3343 1765 3370 »
1827 3325 1986 3392 (Ter-

341 3414 466 3470 tull.
501 3415 771 3486 Apologet.
804 3429 931 3486 cap.
963 3413 1020 3479 5,
1053 3429 1112 3484 p.
1172 3411 1319 3482 296).
1366 3412 1490 3468 Non
1541 3411 1694 3466 enim
1735 3413 1989 3468 audebat

342 3521 545 3578 pmnas
594 3503 829 3576 penitus
879 3501 1192 3566 dimovere,
1255 3501 1514 3556 relaxaro
1573 3505 1628 3556 et
1668 3501 1984 3571 remittere,

344 3611 472 3666 quae
500 3593 664 3665 prius
694 3591 939 3647 aliorum
975 3590 1394 3662 imperatorum
1435 3589 1664 3662 legibus
1708 3589 1768 3644 in
1821 3589 1983 3644 Chri-

342 3681 565 3737 stianos
614 3680 950 3737 constitutae
1007 3679 1283 3748 fuerant;
1340 3677 1720 3752 petulantiam
1787 3683 1984 3733 tamen

338 3771 729 3834 ethnicorum,
761 3769 892 3825 illos
917 3786 1220 3840 nunquam
1260 3785 1375 3823 non
1435 3767 1863 3836 accusantium,
1923 3777 1987 3822 ut

339 3860 658 3929 cohiberet,
691 3859 838 3915 alias
870 3858 1166 3930 graviores
1205 3873 1381 3928 quam
1415 3857 1725 3926 Trajanus,
1759 3857 1829 3911 ab
1865 3863 1984 3910 Au—

330 3955 488 4005 ctore
521 3953 720 4004 nostro
754 3947 996 4016 ibidem,
1029 3951 1094 4001 ut
1139 3963 1275 4000 mox
1331 3945 1684 4008 videbimus,
1744 3945 1981 4014 citatus,

335 4055 537 4108 poenas
567 4038 768 4091 11m
807 4035 970 4090 hisce
991 4035 1432 4089 accusatoribus
1463 4033 1775 4105 imposuit;
1809 4029 1983 4104 atque

337 4126 446 4181 hoc
479 4124 752 4198 prudenti
797 4125 1257 4195 temperamento
1306 4121 1668 4178 Christianos
1716 4139 1819 4195 pro
1875 4139 1985 4178 sua

337 4221 498 4288 parte
528 4219 754 4270 tutatus
785 4217 896 4269 est.

409 4305 589 4361 Nobis
621 4319 791 4377 porro
821 4301 1108 4357 Eusebius
1153 4299 1444 4370 integrum
1503 4300 1646 4368 legis
1702 4302 1773 4356 ad
1831 4317 1984 4356 com-

339 4411 515 4450 mune
540 4393 688 4449 Asia-z
720 4391 956 4447 nomine
977 4389 1156 4446 Marci
1187 4389 1404 4444 Aurelii
1445 4391 1720 4444 Antonini
1767 4389 1982 4444 inscri-

336 4488 466 4556 ptae,
499 4485 634 4539 etin
667 4481 1130 4536 Christianorum
1186 4479 1434 4552 gratiam
1493 4481 1659 4548 datae,
1695 4479 1981 4534 transcri-

337 4573 454 4644 psit
479 4571 791 4643 exemplar,
826 4571 996 4642 cujus
1037 4571 1156 4625 haec
1197 4573 1336 4625 sunt
1385 4569 1709 4640 posteriora
1763 4570 1977 4624 verba:

2098 705 2321 762 etianos
2351 706 2538 760 edicta
2572 707 2944 760 sanciverunt
2975 702 3240 777 (Tertull.
3263 703 3537 774 Apologet.
3581 717 3629 757 c.
3686 703 3740 758 5.

2097 811 2154 865 ρ.
2177 796 2328 866 297).

2167 885 2290 940 Non
2321 885 2504 940 deerit
2535 887 2780 940 fortasse
2805 883 3042 955 aliquis,
3076 883 3234 955 quia
3261 881 3430 937 nobis
3480 881 3744 954 requirat

2095 988 2210 1043 quo
2269 979 2436 1044 pacto
2497 973 2896 1028 Tertullianus
2933 973 3113 1028 tantis
3165 971 3441 1027 laudibus
3502 969 3743 1026 extollat

2091 1061 2264 1114 Marci
2299 1063 2510 1115 Aurelii
2547 1063 2604 1115 in
2639 1061 3001 1116 Christianos
3023 1061 3288 1116 studium
3332 1077 3399 1116 ac
3458 1061 3740 1126 favorem,

2095 1167 2211 1220 quo
2243 1151 2565 1220 imperante
2597 1157 2778 1204 ortam
2816 1155 3046 1220 putant,
3101 1153 3166 1204 ut
3222 1153 3426 1220 postea
3469 1149 3740 1204 animad-

2093 1245 2384 1294 vertemus
2413 1241 2666 1308 (Dissert.
2695 1243 2751 1294 in
2781 1242 2910 1294 Luc.
2946 1239 3126 1295 (Σειδοῦ.
3154 1256 3280 1311 cap.
3317 1239 3367 1308 1,
3411 1242 3518 1294 art.
3570 1239 3624 1304 3,
3685 1243 3742 1294 et

2092 1345 2218 1400 cap.
2251 1331 2304 1399 6,
2341 1333 2447 1384 art.
2483 1331 2557 1398 3),
2595 1335 2863 1400 quartam
2897 1329 3162 1384 Ecclesiae
3209 1328 3552 1384 Christianae
3611 1344 3740 1400 per-

2091 1417 2472 1474 secutionem.
2508 1419 2616 1473 Sed
2652 1435 2719 1473 ea
2747 1417 2874 1490 ipsa
2901 1417 2990 1473 lex
3023 1418 3284 1489 proxime
3333 1435 3367 1472 a
3425 1415 3594 1472 nobis
3661 1419 3741 1472 ci-

2089 1511 2210 1562 tata
2244 1525 2589 1580 responsum
2619 1507 2786 1562 nobis
2811 1507 3170 1580 suppeditat.
3195 1507 3295 1561 Illa
3315 1506 3468 1561 enim
3497 1505 3736 1560 tametsi

2091 1611 2272 1667 pcenae
2297 1598 2351 1650 in
2378 1597 2844 1652 Christianorum
2873 1601 3239 1652 accusatores
3261 1595 3736 1661 decernerentur,

2090 1685 2252 1754 prius
2283 1691 2475 1739 tamen
2513 1687 2832 1740 laudantur
2860 1685 2938 1740 dii
2971 1685 3298 1756 gentilium.
3331 1686 3402 1738 At
3431 1684 3551 1738 haec
3571 1699 3735 1740 com-

2090 1774 2384 1829 mendatio
2417 1775 2826 1830 bacchantium
2887 1775 2946 1828 in
2997 1774 3129 1830 illos
3160 1774 3526 1829 ethnicorum
3557 1777 3734 1828 aestus

2090 1865 2252 1918 auxit
2301 1863 2516 1933 potius,
2577 1880 2753 1934 quam
2806 1863 3094 1919 restinxit.
3154 1863 3302 1928 Quid
3358 1879 3512 1930 vero,
3573 1863 3727 1932 quod

2085 1951 2261 2007 iidem
2296 1953 2540 2024 gentiles
2571 1969 2916 2022 persuasum
2954 1951 3250 2007 habebant
3304 1951 3731 2006 recentioribus

2085 2041 2246 2096 hisce
2279 2041 2503 2114 legibus
2533 2041 2680 2096 aliae
2712 2042 2991 2096 adversus
3013 2039 3376 2096 Christianos
3397 2039 3584 2094 editas
3617 2057 3730 2094 non

2088 2131 2414 2198 abrogari?
2489 2134 2768 2186 Praeterea
2817 2131 2957 2201 quid
3013 2129 3171 2200 leges
3215 2129 3402 2184 facere
3463 2132 3734 2199 poterant

2089 2225 2291 2274 contra
2346 2219 2691 2274 ellrenatum
2751 2219 2904 2290 vulgi
2970 2219 3146 2274 variis
3209 2218 3733 2290 superstitionibus

2089 2308 2362 2362 obcmcati
2393 2309 2668 2374 furorem,
2695 2312 2751 2360 et
2782 2307 3149 2380 popularium
3175 2307 3416 2362 insanas
3445 2307 3730 2361 incursio-

2092 2413 2194 2450 nes
2224 2396 2252 2449 ?
2281 2401 2503 2459 Nonne,
2539 2397 2629 2450 his
2663 2395 2891 2467 legibus
2922 2395 3158 2467 spretis,
3205 2395 3502 2450 innumeri
3557 2411 3735 2466 prope

2093 2489 2399 2556 martyres,
2455 2489 2519 2538 ut
2576 2489 2777 2539 narrat
2833 2485 3138 2549 Eusebius,
3199 2484 3289 2538 his
3367 2483 3737 2554 temporibus

2092 2573 2501 2628 crudelissime
2533 2573 2868 2642 interempti
2901 2577 3042 2628 sunt
3081 2573 3312 2638 (Euseb.
3376 2571 3476 2626 lib.
3536 2588 3572 2624 ν
3631 2573 3738 2624 Ec-

2091 2663 2219 2717 cles.
2250 2665 2391 2718 Hist.
2429 2679 2556 2733 cap.
2588 2665 2642 2728 5,
2678 2679 2732 2733 p.
2776 2661 2902 2732 453)
2932 2661 2960 2714 ‘I
3012 2661 3168 2716 Nihil
3215 2677 3350 2732 ergo
3408 2660 3544 2715 inde
3601 2675 3738 2714 con-

2093 2751 2445 2806 cludendum
2481 2758 2680 2805 contra
2711 2767 3065 2822 propensum
3091 2751 3148 2804 in
3181 2749 3543 2806 Christianos
3565 2748 3738 2802 Marci

2093 2839 2312 2894 Aurelii
2342 2841 2625 2906 animum,
2662 2840 2761 2910 qui
2792 2857 2860 2895 ea
2891 2856 3102 2912 passus
3132 2842 3240 2904 est,
3281 2855 3404 2910 quae
3454 2837 3739 2909 impedire

2095 2945 2208 2983 non
2235 2933 2478 2998 poterat.

2700 3141 3008 3180 ARTICULUS
3047 3141 3130 3178 ιιι.

2099 3244 2471 3298 Examinatar
2501 3259 2601 3312 quo
2633 3243 2752 3310 iure
2784 3241 3151 3296 Tertullianus
3192 3245 3404 3296 asserat
3456 3241 3741 3312 mitigatos

2171 3316 2238 3369 ab
2297 3311 2624 3385 imperatore
2671 3316 2912 3384 Trojano
2947 3316 3178 3382 scriptas
3257 3314 3332 3385 in,
3400 3311 3743 3368 Christianos

2169 3384 2530 3452 leges,nuttns
2563 3402 2685 3438 vero
2719 3387 2778 3439 in
2807 3386 2927 3441 illos
2963 3387 3103 3440 tatas
3135 3386 3202 3438 ab
3263 3384 3503 3440 Adriano
3556 3385 3738 3438 curio-

2166 3462 2394 3513 sitatum
2423 3461 2673 3511 omnium
2703 3458 3066 3528 exploratore,
3089 3472 3264 3524 neque
3312 3473 3346 3510 a
3405 3457 3743 3526 Vespasiano

2165 3530 2494 3584 debellatore
2521 3531 2866 3588 Judzeorum.
2897 3545 3074 3600 neque
3103 3547 3138 3583 α
3167 3531 3291 3596 Pio,
3327 3544 3496 3598 neque
3520 3544 3555 3581 α
3592 3529 3739 3582 Vero.

2165 3619 2261 3656 seu
2281 3605 2479 3656 Severo
2512 3601 2953 3670 imperatoribus.

2165 3772 2420 3827 Gradum
2464 3770 2860 3826 Trrtullianue
2920 3774 3169 3840 revocat,
3230 3773 3404 3840 atque
3461 3787 3494 3825 a
3545 3769 3736 3826 Marco

2093 3861 2322 3917 Aurelio
2353 3861 2504 3916 venit
2533 3862 2602 3916 ad
2635 3861 2975 3932 Trajanum,
3009 3859 3104 3914 illo
3156 3860 3568 3930 antiquiorem.
3632 3859 3736 3914 Lc-

2093 3967 2194 4024 ges
2235 3955 2426 4006 autem
2463 3951 2518 4005 in
2552 3950 2912 4006 Chrislianos
2946 3950 3111 4004 datas
3138 3965 3212 4003 ea:
3238 3953 3414 4019 parte,
3460 3947 3544 4003 uti
3611 3948 3738 4019 ipse

2091 4041 2489 4097 Tertullianus
2523 4042 2798 4113 loquitur,
2849 4044 3153 4112 frustratus
3201 4047 3303 4111 est,
3359 4039 3589 4095 vetando
3648 4041 3736 4095 in-

2091 4131 2245 4202 quiri
2277 4131 2614 4186 Christianos
2650 4129 2917 4201 (Tertull.
2951 4130 3228 4200 Apologet.
3262 4145 3312 4183 c.
3361 4129 3414 4183 5.
3474 4145 3530 4200 p.
3588 4129 3738 4200 296).

2093 4219 2504 4290 Superioribus
2534 4220 2748 4274 ctenim
2780 4219 3198 4288 imperatorum
3230 4217 3478 4273 decretis
3499 4218 3741 4288 jueum

2091 4313 2214 4361 crat
2243 4325 2341 4363 eos
2375 4308 2592 4379 inquiri
2619 4325 2684 4362 ac
2712 4307 2905 4378 puniri
2930 4323 2944 4360 :
2977 4306 3076 4361 sed
3110 4307 3422 4377 Trajanus,
3447 4306 3532 4361 uti
3562 4323 3742 4378 supra

2091 4397 2457 4450 ostendimus
2493 4397 2644 4466 (sup.
2690 4412 2815 4466 cap.
2855 4396 2912 4461 7,
2973 4399 3080 4449 art.
3134 4395 3210 4465 2),
3261 4393 3562 4465 prohibuit
3607 4396 3740 4467 qui-

2091 4485 2222 4539 dem
2247 4485 2486 4556 inquiri,
2520 4485 2617 4540 sed
2654 4483 2879 4538 oblatos
2914 4483 3108 4555 puniri
3143 4485 3434 4554 praecepit.

2163 4575 2368 4629 1012
2391 4576 2464 4629 At
2493 4590 2796 4628 successor
2817 4574 2945 4643 ejus
2963 4572 3260 4628 Adrianus
3288 4571 3512 4628 nullam
3568 4573 3739 4644 plane

339 4662 404 4718 Ei
456 4658 512 4715 δέ
555 4681 638 4722 τις
687 4659 936 4732 ὲπιμὲνοι
989 4659 1111 4713 τινὰ
1156 4661 1262 4713 τῶν
1293 4656 1558 4711 τοιούτων
1591 4659 1667 4720 εἷς
1691 4658 1982 4732 πράγματα

2102 4680 2272 4733 .egem
2304 4663 2362 4716 in
2396 4679 2494 4717 eos
2517 4661 3071 4732 constituit,quibus
3100 4665 3298 4716 tamen
3323 4662 3508 4733 magis
3557 4679 3735 4733 quam

344 4753 518 4828 φέρων
578 4752 652 4812 ὡς
713 4746 778 4818 δὴ
863 4753 1132 4816 τοιοῦτον,
1194 4749 1402 4808 ἐκεῖνος
1460 4748 1488 4801 ὁ
1544 4747 1978 4825 καταφερόμενος

341 4839 706 4903 ἀπολελύσθω
748 4843 844 4894 τοῦ
894 4837 1263 4912 ἐγκλήματος,
1295 4837 1384 4891 καὶ
1440 4837 1527 4890 {sitv
1573 4835 1813 4914 φαίνεται
1863 4857 1980 4890 τοι-

339 4935 497 4992 οῦτος
551 4927 626 4982 ὥν
661 4947 674 4961 ·
736 4931 764 4984 ὁ
815 4925 871 4983 δὲ
945 4927 1283 5006 καταφέρων,
1344 4923 1536 5002 ἔνοχος
1601 4923 1745 4980 ἔσται
1806 4924 1978 4995 δίκης.

337 5019 494 5088 Quod
522 5019 571 5072 si
599 5021 720 5089 quis
751 5019 932 5075 adhuc
959 5020 1138 5089 pergit
1159 5019 1418 5088 cuiquam
1449 5019 1675 5072 illorum
1704 5019 1982 5086 negotium

333 5108 615 5176 facessere,
650 5123 718 5160 ea:
749 5122 812 5161 eo
860 5106 1007 5175 quod
1065 5106 1414 5160 Christianus
1458 5107 1556 5172 sit,
1601 5106 1815 5161 delatus
1852 5117 1982 5177 qui-

336 5196 456 5252 dem
485 5196 719 5251 crimine
748 5195 1084 5262 absolvatur,
1118 5195 1341 5248 tametsi
1369 5200 1572 5250 constet
1625 5211 1754 5249 eum
1799 5199 1984 5262 reipsa

341 5285 719 5341 Christianum
767 5299 896 5340 esse.
957 5285 1181 5337 Delator
1233 5287 1418 5337 autem
1471 5286 1587 5353 ipse
1625 5300 1817 5354 pcenas
1869 5285 1987 5340 luat

339 5377 572 5449 (Euseb.
605 5375 708 5430 lib.
733 5391 790 5428 1v
819 5374 1019 5430 Eccles.
1055 5375 1192 5427 Hist.
1230 5389 1356 5443 cap.
1409 5374 1490 5436 14,
1531 5391 1586 5445 p.
1651 5375 1794 5446 127).
1857 5375 1982 5430 Sci-

339 5482 469 5521 mus
501 5465 738 5537 quidem
773 5461 1087 5518 nonnullos
1119 5461 1546 5517 existimavisse
1587 5462 1738 5518 hanc
1794 5463 1982 5535 legem

339 5573 452 5612 non
487 5573 521 5610 a
549 5556 742 5611 Marco
773 5552 1029 5620 Aurelio,
1065 5552 1165 5607 sed
1220 5551 1292 5606 ab
1347 5550 1649 5607 Antonino
1702 5552 1802 5608 Pio
1849 5569 1981 5624 pro-

341 5647 568 5702 fectam.
601 5646 817 5701 Verum
850 5644 899 5700 si
959 5659 1092 5698 vera
1124 5642 1200 5698 sit
1231 5642 1347 5697 haec
1380 5642 1597 5713 opinio,
1649 5643 1720 5698 ad
1754 5645 1982 5699 Tertul-

337 5732 480 5789 liani
535 5733 753 5806 pariter
811 5732 982 5788 faciet
1037 5731 1424 5804 propositum.
1487 5735 1632 5790 Nam
1689 5733 1790 5790 ille
1828 5733 1984 5790 hunc

2090 4751 2190 4805 alii
2221 4752 2488 4806 infensus
2537 4768 2664 4806 esse
2713 4751 2920 4804 debere
2976 4749 3328 4804 videbatur:
3379 4751 3512 4806 Erat
3564 4754 3734 4819 enim,

2089 4841 2283 4911 inquit
2314 4843 2526 4895 Auctor
2558 4845 2773 4908 noster,
2822 4839 3202 4893 curiositatum
3241 4841 3488 4895 omnium
3546 4841 3735 4913 explo-

2093 4935 2253 4986 rator
2289 4931 2498 4999 (Idem,
2534 4929 2667 4984 ibid.
2705 4948 2757 4998 p.
2790 4928 2940 4998 297),
2968 4927 3022 4982 id
3056 4932 3165 4998 est,
3201 4929 3566 5000 quibuslibet
3612 4947 3736 4986 ma-

2093 5019 2238 5091 gicis
2272 5019 2498 5074 artibus
2528 5019 2766 5073 omnino
2814 5018 3068 5073 deditus.
3101 5019 3170 5072 Et
3232 5024 3386 5074 certe
3435 5019 3573 5076 vitio
3629 5020 3735 5088 illi,

2093 5113 2239 5165 teste
2268 5107 2582 5178 Xiphilino,
2616 5109 2816 5163 datum
2850 5111 2959 5174 est,
2995 5108 3148 5178 quod
3197 5112 3352 5164 esset
3388 5107 3740 5181 περιεργότα-

2091 5217 2182 5257 τος
2265 5196 2356 5250 καὶ
2445 5195 2722 5268 μαντείαις
2807 5194 3165 5269 μαγγανείαις
3235 5216 3294 5249 τε
3371 5193 3740 5258 παντοδαπαῖς

2095 5286 2320 5360 ἐχρῆτο.
2383 5287 2816 5353 Curiosissimus,
2842 5284 3356 5340 acdicinationzbus
3385 5294 3439 5340 et
3492 5288 3744 5342 omnibus

2093 5379 2324 5446 magicis
2347 5378 2557 5432 artibus
2575 5385 2818 5431 uteretur
2849 5375 2942 5444 (Χὶ
2953 5374 3092 5443 phil.
3129 5375 3271 5444 Epit.
3304 5376 3466 5431 Dion.
3503 5393 3560 5446 p.
3590 5379 3738 5444 262).

2093 5467 2442 5522 Ammianus
2491 5483 2623 5521 vero
2657 5461 3056 5529 Marcellinus,
3089 5462 3186 5516 ubi
3218 5463 3288 5517 de
3317 5462 3553 5519 Juliano
3603 5483 3741 5538 apo-

2093 5559 2246 5611 stata
2279 5573 2292 5610 :
2333 5581 2350 5605 α
2388 5555 2835 5624 Praesagiorum,
2869 5549 3078 5619 inquit,
3111 5549 3492 5608 sciscitationi
3539 5555 3735 5613 nimim

2093 5647 2348 5713 deditus,
2392 5654 2456 5700 ut
2510 5644 2867 5714 aequiparare
2925 5636 3222 5695 videretur
3278 5642 3336 5697 in
3393 5643 3514 5700 haec
3571 5650 3733 5718 parte

2093 5736 2414 5808 principem
2444 5733 2788 5802 Adrianum,
2819 5730 3266 5802 superstitiosus
3315 5737 3525 5807 magis,
3557 5755 3734 5809 quam
