4162 6438
487 375 640 435 1107
1000 374 1528 437 TERTULLIANI
1574 374 1896 436 OPERUM
1942 372 2129 434 PARS

2265 405 2343 418 —
2374 373 2647 434 SERIES
2691 375 2740 444 l,
2785 372 3345 433 APOLOGETICA.
3727 373 3903 435 “08

485 517 783 559 sacrorum
831 501 1130 575 legitimus
1187 503 1517 558 observator
1549 523 1574 555 α
1633 503 1847 574 (Amm.
1883 501 2118 558 Marcel.
2151 506 2204 568 Α
2238 500 2368 557 aliis
2401 505 2593 555 tamen
2625 503 2816 556 Marco
2869 498 3106 554 Aurelio
3165 499 3485 571 ascriptam
3542 498 3722 571 paulo
3751 504 3903 556 ante

486 591 587 646 lib.
619 608 748 661 xxv,
781 607 906 662 cap.
940 592 992 656 4,
1027 608 1084 664 p.
1135 593 1281 663 l127).
1335 591 1750 648 Verumtamen
1800 592 1983 662 nulla,
2037 591 2118 645 ait
2228 588 2562 644 notavimus
2591 589 2730 659 (Art.
2753 588 2982 660 ευριπ).

484 679 898 747 Tertullianus,
933 682 1218 736 adversus
1250 681 1613 737 Christianos
1666 681 1756 736 lex
1814 682 1884 736 ab
1940 681 2117 736 hocce
2295 678 2506 733 Sextus
2532 678 2790 744 tandem,
2828 681 2886 732 et
2906 677 3188 732 horumce
3217 675 3896 750 aquiorumimperato-

485 768 736 823 Adriano
767 769 992 824 sancite
1023 771 1152 825 fuit.
1195 772 1556 842 Quapropter
1585 770 1780 826 Melito
1809 770 1866 825 in
1900 787 2008 825 sua
2047 769 2118 824 ad
2227 783 2355 822 rum
2392 765 2660 834 ultimus,
2693 783 2727 821 a
2747 765 3105 821 Tertulliano
3132 765 3214 821 eis
3243 767 3436 822 verbis
3468 767 3852 838 appellantur
3877 786 3897 824 :

487 862 740 912 Marcum
799 858 1100 914 Aurelium
1133 859 1493 914 Antoninum
1537 858 1818 930 Apologia
1888 857 2124 926 scripsit
2228 855 2426 910 Nullus
2461 857 2620 912 Verus
2660 854 2818 926 leges
2875 854 3220 910 Christianis
3279 855 3551 912 adversas
3608 858 3904 927 impressit

488 945 732 1001 Neronis
761 951 818 1002 et
847 947 1161 1004 Domitiani
1193 947 1545 1019 imperitiam
1579 947 1878 1018 rescriptis
1917 946 2122 1002 subse-
2231 943 2600 1015 (Tertullian.
2637 943 2747 999 loc.
2782 943 2901 1014 cit),
2963 943 3437 999 subaudiendum
3489 944 3646 1000 haud
3707 947 3903 1001 dubie

492 1035 800 1106 quentium
826 1035 1244 1107 imperatorum
1303 1035 1484 1091 fuisse
1543 1041 1847 1091 correcta:
1908 1034 1993 1088 Ἐν
2045 1033 2124 1093 οἷς
2234 1033 2451 1088 tabulis
2482 1031 2757 1104 publicis,
2782 1037 2846 1086 ut
2876 1048 2952 1088 ea
2984 1031 3524 1104 promulgarentur.
3566 1035 3636 1088 At
3684 1035 3897 1090 obser-

493 1121 520 1176 ὁ
557 1122 650 1194 μὶν
695 1121 915 1184 πάππος
948 1144 1042 1177 σου
1074 1121 1350 1197 Ἀδριανὸς
1383 1121 1616 1184 πολλοῖς
1652 1123 1746 1195 μὲν
1789 1121 1980 1183 ἄλλοις
2038 1119 2128 1176 καὶ

2239 1138 2369 1177 vare
2400 1121 2679 1189 hicjuvat
2710 1121 2768 1175 in
2799 1124 2954 1175 tcxtn
2980 1120 3344 1192 Eusebii,qui
3365 1121 3522 1176 hunc
3543 1122 3903 1178 Tertulliani

495 1208 789 1283 Φουνδάνῳ
822 1208 879 1266 δὲ
907 1215 984 1284 τῷ
1021 1212 1308 1284 ἀνθυπάτῳ
1363 1214 1462 1280 τῆς
1508 1211 1687 1272 Ἀσίας
1737 1211 1956 1288 γράφων
2010 1210 2127 1286 φαί-

2239 1210 2431 1266 locum
2469 1213 2660 1264 Graece
2715 1209 2990 1278 reddidit,
3046 1210 3410 1281 pratermitti
3470 1210 3591 1266 hac
3655 1213 3896 1268 verba:

493 1319 660 1357 vetat.
719 1304 868 1358 Inter
927 1319 1056 1373 quos
1111 1320 1244 1358 avus
1307 1308 1430 1358 tuus
1485 1303 1759 1358 Adrianus
1815 1319 1939 1356 cum
2004 1303 2132 1356 aliis
2239 1299 2439 1354 Nullus
2477 1301 2636 1353 Verus
2667 1297 2901 1368 (Euseb.
2937 1297 3040 1352 lib.
3094 1315 3130 1351 v
3177 1297 3387 1353 Eccles.
3435 1301 3580 1354 Hist.
3640 1316 3770 1373 cap.
3832 1304 3897 1368 5,

489 1392 766 1463 pluribus,
797 1394 913 1446 tum
951 1391 1210 1447 Fundano
1241 1393 1388 1448 Asiae
1415 1393 1727 1463 proconsuli
1757 1392 1964 1446 litteras
1991 1391 2135 1444 dedit
2241 1405 2373 1459 pag.
2417 1387 2556 1457 170).
2590 1389 2657 1441 Et
2689 1391 2840 1441 certe
2867 1386 2960 1441 hic
2994 1388 3118 1458 ipse
3161 1391 3368 1456 Verus,
3408 1405 3648 1444 consors
3696 1390 3898 1462 impe-

493 1480 727 1552 (Euseb.
787 1481 888 1536 lib.
947 1497 1003 1535 ιν
1060 1482 1253 1536 Eccles.
1313 1482 1535 1548 Histor.,
1593 1497 1720 1552 cap.
1778 1482 1866 1547 26,
1903 1497 1956 1551 ρ.
1990 1480 2132 1548 148).
2244 1476 2599 1530 riiaMarco
2629 1474 2861 1558 Aurelio
2920 1477 3130 1542 factus,
3191 1492 3395 1532 novem
3449 1479 3520 1532 ad
3581 1495 3894 1535 summum

495 1569 794 1624 Testatum
827 1574 1106 1641 pratcrea
1136 1570 1525 1640 Hieronymus
1558 1570 1696 1624 facit
1734 1569 1985 1623 Adriano
2042 1569 2128 1621 in-
2245 1563 2413 1618 annis
2445 1580 2573 1618 cum
2607 1564 2708 1618 illo
2740 1565 3088 1636 regnavit,et
3118 1569 3250 1620 ante
3281 1564 3448 1620 illum
3473 1572 3742 1622 mortuus
3773 1574 3893 1624 est.

498 1658 708 1714 visenti
737 1657 1093 1725 Eleusinam,
1130 1664 1186 1714 et
1215 1659 1490 1714 omnibus
1523 1675 1668 1729 pene
1700 1659 1923 1713 Gracia
1954 1656 2138 1712 sacris
2246 1652 2636 1716 Quamobrem
2668 1653 2912 1723 quidam
2945 1654 3322 1724 suspicantur
3351 1653 3461 1710 hoc
3494 1671 3710 1712 nomen
3767 1674 3899 1713 cor-

499 1745 749 1814 iuitiato,
782 1747 1038 1802 oblatum
1073 1763 1175 1818 pro
1214 1747 1545 1802 Christiana
1605 1750 1802 1801 nostro
1861 1744 2139 1815 religione
2247 1744 2484 1811 ruptum
2537 1741 2717 1796 fuisse
2749 1740 2807 1795 in
2866 1740 3209 1796 Tertulliani
3264 1746 3446 1810 textu,
3479 1761 3545 1800 ac
3575 1743 3900 1816 legendum

446 1884 453 1892 ,
504 1833 746 1903 librum,
780 1857 810 1884 ‹‹
839 1837 938 1907 qui
969 1841 1142 1890 tanta
1172 1834 1540 1890 admirationi
1575 1834 1853 1892 omnibus
1884 1833 2012 1900 fuit,
2074 1836 2140 1887 ut
2170 1871 2216 1907 η
2249 1829 2499 1884 Severus.
2534 1827 2821 1884 Pamelius
2845 1829 2998 1884 enim
3026 1847 3130 1884 nos
3153 1831 3427 1887 admonet
3458 1831 3602 1887 illud
3662 1833 3724 1888 in
3781 1833 3903 1890 Va-

504 1923 964 1993 presecutionem
988 1923 1395 1995 gravissimam
1419 1922 1578 1977 illius
1604 1922 1892 1978 excellens
1913 1922 2140 1978 sedaret
2171 1917 2218 1934 ”
2247 1917 2439 1972 ticano
2472 1934 2586 1972 uno
2618 1922 2675 1972 et
2705 1917 2883 1972 altero
2916 1918 3216 1974 Leodiensi
3248 1935 3448 1974 revera
3473 1920 3743 1976 inveniri.
3782 1923 3902 1978 Sed

505 2009 806 2082 ingenium
838 2033 866 2061 ››
896 2011 1250 2083 (Hieronym.
1285 2011 1457 2066 Catal.
1498 2013 1685 2082 script.
1745 2011 1929 2066 eccles.
1963 2013 1990 2078 §
2049 2010 2136 2075 19,
2247 2004 2385 2076 quia
2413 2005 2472 2059 in
2497 2005 2721 2061 cateris
2741 2005 3016 2060 omnibus
3037 2022 3102 2060 ac
3125 2005 3388 2062 melioris
3409 2011 3556 2062 nota
3588 2007 3903 2066 codicibus

499 2103 557 2154 et
580 2099 750 2171 epist.
782 2101 873 2166 83,
901 2100 969 2154 ad
997 2100 1198 2172 Magn.)
1231 2101 1440 2157 Verum
1463 2098 1706 2170 gentiles
1737 2100 1916 2155 tantis
1970 2098 2137 2171 impii
2245 2110 2360 2148 non
2396 2093 2631 2166 legitur,
2661 2093 2807 2148 nihil
2839 2097 3037 2149 contra
3065 2098 3151 2149 tot
3179 2094 3447 2150 codicum
3479 2097 3897 2154 auctoritatem

494 2187 867 2259 imperatoris
897 2188 1412 2260 superstitionibus
1443 2189 1640 2244 datam
1688 2188 1797 2244 sibi
1855 2188 2134 2244 Christia-

494 2293 602 2332 nos
631 2277 871 2349 impune
901 2277 1140 2333 vexandi
1172 2277 1536 2333 occasionem
1573 2277 1746 2346 nacti,
1771 2277 1830 2331 in
1863 2294 1959 2332 eos
1981 2293 2135 2332 acer-

490 2365 734 2420 bissime
764 2366 1116 2436 saviebant;
1177 2366 1411 2422 tametsi
1453 2365 1674 2420 nullam
1710 2365 1805 2421 ille
1857 2366 1915 2420 in
1973 2365 2134 2436 ipsos

485 2453 687 2509 tulerit
716 2453 936 2527 legem;
971 2456 1088 2510 imo
1123 2470 1255 2510 vero
1277 2460 1466 2509 ortam
1506 2457 1910 2526 tempestatem
1937 2458 2135 2526 postea

487 2543 794 2598 sedaverit.

555 2649 704 2703 Tum
737 2649 946 2704 deinde
975 2651 1165 2704 Aucor
1198 2652 1397 2704 noster
1427 2653 1583 2703 retro
1643 2648 1837 2704 adhuc
1893 2649 1965 2703 ab
2024 2650 2132 2704 hoc

490 2738 740 2792 Adriano
775 2738 1102 2810 regreditur
1134 2739 1205 2792 ad
1253 2737 1706 2810 Vespasianum,
1759 2738 1859 2808 qui
1918 2739 2136 2809 pariter

489 2825 742 2894 nullum,
775 2827 986 2898 inquit,
1011 2832 1213 2882 contra
1235 2827 1597 2883 Christianos
1629 2827 1884 2882 edictum
1913 2828 2134 2883 emisit.

488 2933 805 2986 quanquam
841 2916 1184 2984 Iudaeorum,
1240 2916 1454 2987 inquit,
1514 2915 1815 2972 debellator
1856 2917 2123 2987 (Tertull.

490 3006 764 3075 Apotoget.
797 3023 846 3060 c.
879 3006 935 3073 5,
966 3022 1021 3077 p.
1054 3006 1200 3075 294),
1237 3022 1384 3076 quos
1429 3004 1688 3076 plerique
1745 3021 1949 3061 omnes
2003 3006 2132 3061 eth-

489 3093 606 3148 nici
638 3110 768 3149 cum
802 3094 1010 3149 iisdem
1043 3093 1388 3149 Christianis
1428 3095 1785 3150 confundere
1842 3094 2130 3159 solebant.

487 3185 572 3239 Ab
604 3199 670 3238 eo
702 3187 895 3240 autem
929 3182 1280 3238 debellatam
1306 3183 1658 3253 [Judaorum
1717 3189 1972 3255 gentem,
2034 3200 2130 3241 ac-

2243 2181 2484 2237 deﬁnire
2517 2182 2824 2237 audemus.
2859 2182 3060 2238 Nonne
3091 2181 3266 2238 etiam
3298 2183 3695 2240 Tertullianus
3726 2202 3898 2242 men-

2242 2270 2460 2325 tionem
2494 2269 2653 2324 illius
2687 2271 2873 2326 facere
2904 2271 3031 2326 ideo
3063 2271 3275 2342 potuit,
3310 2271 3448 2342 quia
3489 2272 3712 2329 Aurelii
3773 2273 3903 2330 col-

2243 2357 2382 2430 loga
2417 2359 2506 2414 sui
2535 2363 2591 2413 et
2622 2359 2694 2413 ab
2726 2375 2790 2415 eo
2820 2360 3078 2431 adoptati
3110 2359 3438 2432 exemplum
3465 2367 3732 2429 secutus,
3763 2363 3901 2419 nul-

2242 2447 2359 2502 lam
2386 2447 2446 2502 in
2477 2448 2840 2504 Christianos
2873 2449 3061 2521 legem
3093 2448 3250 2515 tulit,
3273 2449 3535 2523 nihilque
3569 2456 3776 2509 contra
3795 2469 3903 2509 eos

2243 2535 2608 2590 machinatus
2641 2537 2831 2592 fuerat
2859 2536 2881 2591 ?

2313 2642 2373 2697 Si
2404 2644 2535 2714 quis
2560 2647 2755 2698 tamen
2797 2643 3150 2715 pertinacius
3198 2647 3512 2702 contendat
3561 2647 3640 2702 ibi
3700 2648 3898 2720 scrip-

2241 2735 2367 2786 tum
2401 2731 2582 2786 fuisse
2614 2732 2798 2788 Severi
2831 2748 3064 2797 nomen,
3097 2750 3212 2789 non
3245 2734 3501 2790 multum
3532 2736 3774 2807 quidem
3805 2754 3900 2792 re-

2242 2820 2811 2892 pugnabimus.Nam
2843 2820 3239 2878 Tertullianus
3269 2822 3381 2879 alio
3413 2823 3473 2878 in
3500 2824 3671 2896 ilibro
3729 2842 3898 2882 com-

2241 2909 2480 2963 mendat
2509 2909 2869 2980 singularem
2899 2909 3060 2965 illius
3078 2909 3135 2964 in
3159 2911 3520 2968 Christianos
3546 2915 3900 2986 propensio-

2241 3012 2376 3052 nem
2399 3003 2454 3052 et
2475 2998 3185 3072 benevolentiam,quibus
3204 3001 3275 3056 ob
3298 3001 3651 3058 miraculum
3673 3003 3732 3059 in
3755 3005 3895 3076 ejus

2240 3089 2487 3160 gratiam
2519 3089 2735 3144 factum
2764 3089 2893 3146 illos
2926 3107 3130 3147 omnes
3164 3092 3372 3148 saltem
3398 3092 3607 3164 primis
3654 3093 3897 3168 imperii

2242 3177 2332 3234 sui
2364 3179 2535 3234 annis
2567 3177 2906 3250 complexus
2936 3184 3044 3236 est.
3078 3181 3189 3236 Sed
3222 3181 3561 3251 audiamus,
3591 3182 3640 3238 si
3672 3184 3898 3256 placet,

489 3237 730 3345 tamque
762 3237 957 3328 Romae
988 3237 1060 3328 de
1091 3237 1208 3328 illis
1238 3237 1375 3329 cuni
1405 3237 1531 3328 Tito
1570 3237 1701 3328 iﬁliio
1717 3237 2130 3329 anno,
2160 3237 2203 3304 α
2240 3265 2398 3322 illius
2429 3268 2604 3323 verba
2638 3286 2650 3323 :
2685 3237 2718 3318 «ξ
2746 3269 2895 3339 ipse,
2920 3268 3136 3341 inquit,
3169 3271 3437 3339 Severus,
3489 3237 3654 3344 pater
3672 3237 3898 3330 (Ante:

485 3362 668 3433 phum
700 3362 834 3433 quis
864 3362 1054 3417 nescit
1083 3362 1110 3416 ?
1140 3363 1301 3427 Quod
1333 3360 1562 3417 nullum
1594 3378 1728 3417 vero
1759 3363 1828 3417 de
1858 3361 2134 3419 Christia-

486 3450 579 3504 nis
633 3451 931 3505 decretum
984 3451 1203 3518 fecerit,
1262 3451 1432 3505 testis
1487 3455 1576 3505 est
1639 3451 1944 3521 Eusebius,
2033 3451 2133 3523 qui

489 3538 699 3593 litteris
750 3538 1050 3593 mandavit
1106 3539 1413 3594 excitatam
1475 3538 1653 3594 fuisse
1715 3556 1748 3594 a
1804 3539 2133 3596 Domitiano

493 3625 816 3681 secundam
853 3630 984 3697 post
1031 3630 1315 3681 Neronem
1370 3627 1878 3698 persecutionem:
1938 3626 2137 3702 Καίπερ

484 3716 581 3766 τοῦ
633 3713 836 3788 πατρὸς
892 3711 1054 3767 αὐτοῦ
1125 3714 1533 3770 Οὐεσπασιανοῦ
1603 3711 1769 3786 μηδὲν
1819 3717 1936 3769 καθ’
1972 3717 2133 3788 ἡμῶν

488 3802 688 3854 ἄτοπον
715 3802 1140 3874 λὲπινοήσαντος.
1212 3805 1470 3871 Quamvis
1514 3813 1672 3875 pater
1717 3806 1890 3875 ipsius
1940 3805 2134 3878 Vespa-

486 3892 677 3947 sianus
706 3891 921 3948 nullam
950 3909 1191 3962 unquam
1249 3892 1523 3960 iniuriam
1581 3893 1738 3948 nobis
1780 3895 1963 3963 facere
2016 3896 2131 3949 ten-

486 3989 653 4036 tasset
727 3981 962 4053 (Euseb.
1034 3979 1137 4036 lib.
1200 3999 1261 4036 ιιι
1316 3983 1514 4036 Eccles.
1574 3983 1772 4038 Hister.
1832 4000 1958 4054 cap.
2044 3984 2130 4053 17,

486 4069 759 4141 Ρας.88)

557 4175 707 4240 Quid
740 4174 912 4245 plura
940 4176 967 4230 ‘I
997 4176 1181 4232 nullas
1213 4192 1445 4247 quoque
1475 4178 1631 4246 Pius,
1655 4177 1753 4249 qui
1782 4177 1953 4251 longo
1982 4179 2133 4250 [post

484 4263 914 4334 Vespasianum
949 4269 1211 4335 tempore
1238 4265 1566 4337 imperavit,
1601 4272 1894 4335 cruentas,
1945 4269 2134 4340 pergit

485 4351 901 4419 Tertullianus,
921 4354 1202 4410 adversus
1222 4355 1587 4411 Christianos
1612 4355 1769 4428 leges
1793 4361 1893 4412 aut
1922 4373 2130 4428 appro-

485 4441 660 4496 bavit.
695 4445 796 4496 aut
827 4441 1198 4513 subsignavit
1228 4442 1594 4512 (Tertullian.
1629 4443 1724 4499 loc.
1767 4445 1903 4511 cit.).
1937 4445 2130 4501 Melite

485 4529 644 4584 enim
675 4531 732 4586 in
758 4531 882 4600 jam
917 4530 1092 4585 citata
1125 4548 1157 4585 a
1188 4531 1356 4586 nobis
1385 4532 1650 4602 Apologia
1698 4532 1958 4588 Marcum
2014 4535 2129 4588 Au-

491 4617 699 4674 relium
731 4618 824 4674 his
855 4620 1008 4689 apud
1035 4607 1350 4675 Eusebium
1397 4620 1587 4676 verbis
1625 4622 1838 4676 affatur
1885 4639 1897 4675 :

487 4706 669 4775 πατήρ
703 4725 820 4774 σου,
853 4705 942 4760 καὶ
974 4709 1069 4759 σοῦ
1113 4705 1178 4759 τὰ
1234 4705 1515 4778 σύμπαντα
1573 4706 1928 4776 διοικοῦντος,
1956 4708 2124 4780 αὐτῷ,

485 4797 606 4853 ταῖς
656 4789 848 4847 πόλεσι
881 4794 1005 4866 περὶ
1053 4798 1148 4848 τοῦ
1195 4791 1362 4866 μηδὲν
1411 4794 1740 4871 νεωτερίζειν
1791 4797 1913 4871 περὶ
1962 4798 2124 4869 ἡμῶν

489 4878 721 4953 ἔγραψεν
757 4898 768 4910 ·
826 4880 878 4934 ἐν
940 4885 1019 4943 οἷς
1093 4883 1179 4937 καὶ
1249 4883 1384 4958 πρὸς
1434 4883 1790 4958 Λαρισσαίους
1846 4885 1933 4939 καὶ
1991 4885 2126 4960 πρὸς

485 4971 693 5026 1013
779 4971 1188 5033 Θεσσαλονικεῖς
1277 4969 1364 5026 καί
1446 4973 1581 5047 πρὸς
1647 4974 1982 5044 Ἀθηναίους,
2034 4974 2122 5028 καὶ

486 5058 620 5132 πρὸς
695 5062 897 5121 πάντας
956 5059 1255 5130 Ἕλληνας.
1315 5067 1484 5119 Pater
1539 5079 1746 5136 quoque
1800 5069 1947 5134 tuus,
2021 5081 2123 5136 quo

481 5154 721 5220 tempore
747 5153 944 5206 cuncta
974 5153 1143 5207 simul
1171 5167 1298 5206 cum
1327 5155 1446 5223 ipso
1474 5153 1926 5220 administrabas,
1987 5156 2122 5209 scri-

475 5240 587 5309 psit
616 5237 686 5293 ad
716 5240 992 5309 civitates,
1025 5255 1096 5295 ne
1121 5248 1310 5296 contra
1340 5255 1436 5296 nos
1465 5241 1733 5296 tumultus
1761 5243 2122 5312 concitarent,

481 5328 815 5382 nominatim
846 5328 916 5382 ad
971 5329 1290 5397 Larissaos,
1343 5329 1414 5385 ad
1468 5330 1991 5401 Thessalonicenses,
2054 5331 2126 5386 ad

485 5414 855 5484 Athenienses,
879 5419 956 5471 all
986 5420 1267 5474 universos
1323 5419 1556 5491 denique
1617 5418 1828 5476 Graecos
1886 5419 2119 5490 (Euseb.

489 5503 587 5556 lib.
617 5505 886 5560 ivEccles.
923 5507 1058 5562 Hist.
1091 5525 1216 5578 cap.
1250 5509 1338 5574 26,
1373 5525 1500 5580 pag.
1537 5510 1679 5577 148).
1714 5509 1917 5563 Plures
1947 5509 2122 5566 etiam

485 5590 697 5644 eruditi
731 5595 940 5648 nostra
965 5595 1148 5650 atatis
1175 5595 1280 5650 viri
1310 5596 1627 5668 opinantur
1661 5596 1733 5652 ab
1789 5594 1888 5650 illo
1943 5594 2120 5654 latam

489 5676 692 5746 fuisse,
723 5680 784 5737 in
813 5680 1277 5740 Christianorum
1309 5687 1582 5756 gratiam,
1603 5685 1810 5758 legem,
1842 5701 2018 5757 quam
2051 5687 2122 5744 ab

2243 3356 2368 3410 nini
2399 3354 2722 3424 Caracalla,
2748 3356 3212 3414 Christianorum
3245 3375 3469 3416 memor
3495 3360 3625 3416 fuit.
3653 3361 3801 3418 Nam
3837 3370 3900 3418 et

2243 3444 2552 3499 Proculum
2585 3444 3006 3517 Christianum,
3043 3445 3144 3518 qui
3203 3447 3530 3520 Torpacion
3587 3452 3898 3522 cognomi-

2243 3533 2797 3589 nabatur.Euhodia
2818 3536 3384 3609 procuratorem,qui
3405 3553 3539 3593 eum
3567 3554 3670 3611 per
3691 3538 3897 3596 oleum

2217 3622 2561 3703 aliquando
2593 3628 2915 3692 curaverat,
2948 3624 3337 3696 requisivit,et
3390 3625 3452 3683 in
3511 3627 3730 3699 palatio
3777 3646 3902 3686 suo

2243 3711 2452 3766 habuit
2482 3728 2670 3783 usque
2699 3713 2768 3768 ad
2805 3718 3054 3770 mortem
3085 3716 3217 3785 ejus
3252 3732 3267 3786 ;
3299 3731 3473 3786 quem
3507 3721 3564 3771 et
3591 3718 3891 3774 Antonius

2243 3801 2458 3871 optimc
2489 3804 2743 3869 noverat,
2770 3800 2917 3856 lacte
2948 3801 3276 3858 Christiano
3307 3805 3592 3860 educatus
3638 3827 3667 3856 »
3724 3806 3891 3878 (Ter-

2243 3888 2372 3944 tull.
2405 3889 2474 3944 ad
2504 3889 2722 3960 Scapul.
2758 3906 2882 3962 cap.
2919 3891 2996 3962 4).
3028 3891 3314 3947 Certiores
3345 3892 3546 3964 itaque
3578 3910 3685 3950 nos
3745 3895 3893 3950 facit

2242 3979 2514 4034 Severum
2549 3979 2960 4052 imperatorem
2997 3981 3328 4053 egritudine
3360 3984 3614 4053 quadam
3639 3983 3890 4040 mirabi-

2241 4065 2373 4123 liter
2402 4068 2582 4124 fuissc
2613 4067 2868 4124 levatum
2892 4070 3009 4125 oleo
3033 4070 3188 4142 quod
3207 4070 3487 4127 Proculus
3511 4071 3596 4126 illi
3617 4073 3893 4144 dederat,

2240 4160 2323 4212 Ne
2353 4157 2488 4228 quis
2520 4162 2718 4213 autem
2751 4162 2852 4214 aut
2880 4158 3260 4230 pervicacior,
3283 4164 3386 4215 aut
3413 4161 3655 4216 omnino
3685 4161 3891 4219 incre-

2241 4245 2438 4312 dulus,
2470 4247 2540 4301 de
2574 4250 2729 4302 tanto
2763 4247 3044 4303 miraculo
3075 4248 3318 4305 dubium
3349 4254 3627 4318 moveret,
3652 4251 3896 4308 Proculi

2240 4339 2297 4390 et
2326 4351 2646 4407 cognomen
2677 4340 2736 4391 et
2767 4353 2982 4392 munus
3013 4337 3289 4393 declarat.
3316 4339 3891 4413 Torpaciou,inquit,

2239 4424 2576 4494 vocabatur,
2617 4429 2674 4479 et
2703 4424 2974 4480 Euhodia
3007 4428 3131 4480 erat
3161 4431 3523 4497 procurator.
3581 4429 3692 4485 Sed
3744 4431 3888 4502 quis

2238 4511 2334 4567 ille
2367 4511 2703 4582 fucrit,jam
2736 4514 2896 4568 dictu
2927 4513 3366 4570 difﬁcillimum.

1956 4622 2016 4677 Ὀ
2074 4619 2131 4675 δὲ
2163 4607 2208 4671 D
2308 4617 2432 4674 Alio
2463 4623 2656 4674 autem
2687 4619 2747 4674 in
2777 4619 2925 4675 libro
2958 4619 3354 4677 Tertullianus
3412 4628 3611 4680 narrat
3661 4622 3885 4680 Valen-

2235 4707 2595 4763 tinianorum
2626 4725 2851 4765 errores
2883 4709 3265 4781 impugnatos
3295 4710 3478 4767 fuisse
3508 4729 3624 4768 non
3683 4711 3883 4770 solum

2233 4797 2304 4851 ab
2334 4796 2567 4852 Justino
2592 4797 2864 4869 Martyre,
2897 4797 3155 4854 Miltiade
3186 4803 3243 4854 et
3273 4805 3507 4867 Irenao,
3539 4801 3640 4856 sed
3699 4802 3883 4858 etiam

2233 4901 2267 4940 θ.
2315 4884 2577 4952 Proculo,
2632 4886 2703 4941 de
2759 4903 2873 4958 quo
2927 4887 3085 4943 hunc
3143 4887 3402 4959 loquitur
3460 4891 3518 4944 in
3580 4891 3881 4949 modum:

2233 4996 2260 5024 «
2294 4973 2574 5030 Proculus
2606 4980 2804 5031 noster
2853 4977 3096 5048 virginis
3129 4983 3372 5033 senecta
3419 4983 3477 5034 et
3531 4979 3883 5037 Christiana

2231 5062 2573 5134 eloquentia
2607 5064 2884 5137 dignitas,
2946 5082 3094 5137 quos
3150 5065 3208 5121 in
3269 5068 3428 5122 omni
3493 5085 3666 5139 opere
3714 5070 3882 5142 fidei,

2233 5153 2730 5224 quemadmodum
2761 5154 2819 5209 in
2851 5154 2986 5223 isto,
3020 5155 3339 5227 optaverim
3362 5159 3593 5228 assequi
3627 5182 3650 5209 ι
3687 5158 3879 5229 (Idem

2231 5240 2576 5297 adv..Valen.
2609 5259 2736 5314 cap.
2769 5244 2844 5314 5).
2869 5243 3011 5310 Quia
3043 5261 3176 5300 vero
3224 5246 3430 5301 1014
3489 5246 3584 5301 hic
3637 5245 3790 5302 liber
3847 5266 3883 5305 a

2231 5329 2587 5387 Tertulliano
2620 5336 2752 5402 post
2777 5349 2943 5388 suam
2979 5334 3050 5388 ad
3079 5333 3465 5391 Montanistas
3489 5335 3881 5394 defectionem

2231 5419 2593 5490 compositus
2625 5425 2738 5492 est,
2763 5427 2818 5477 et
2846 5421 3129 5478 Proculus
3182 5429 3420 5479 vocatur
3476 5428 3676 5494 noster,
3735 5426 3878 5482 hinc

2232 5509 2469 5580 quidam
2505 5509 2696 5582 colligi
2729 5527 2898 5582 posse
2931 5516 3136 5583 putant
3156 5512 3283 5568 ideo
3314 5513 3394 5568 ita
3417 5512 3878 5586 appellari,quo~

2231 5597 2391 5654 niam
2435 5597 2644 5654 iisdem
2702 5599 3188 5656 Montanistarum
3246 5602 3542 5658 erroribus
3599 5602 3880 5661 addictus

2231 5691 2372 5746 erat.
2406 5687 2792 5753 Quamobrem
2815 5689 3039 5748 addunt
3067 5688 3236 5747 illum
3273 5689 3367 5748 his
3427 5691 3613 5749 notari
3670 5691 3878 5751 Hiero-
