4162 6370
325 393 481 455 1109

324 525 485 597 nymi
516 525 710 582 verbis
743 543 758 584 :
792 548 820 578 «
854 525 1049 595 Caius,
1083 526 1194 581 sub
1237 527 1531 585 Antonino
1582 529 1775 585 Severi
1835 530 1974 598 filio,
2006 535 2059 601 Α

321 615 778 685 disputationem
810 616 1091 672 adversus
1122 617 1458 685 Proculum,
1492 619 1748 674 Montani
1779 624 1967 676 secta—

321 708 531 774 torem,
564 705 855 777 insignem
887 705 1095 761 habuit
1154 728 1182 755 »
1240 706 1495 777 (Hieron.
1559 708 1740 764 Catal.
1800 712 1966 780 scrip.

321 795 447 849 ccci.
482 794 511 866 §
547 795 654 864 19).
691 796 898 851 Verum
930 811 1062 852 cum
1097 795 1207 851 iste
1238 797 1601 852 montanista
1634 798 1827 865 fuerit,
1852 816 1966 853 non

322 884 476 939 idem
510 884 766 955 profecto
796 900 925 940 esse
956 884 1205 950 videtur,
1238 891 1414 957 atque
1445 887 1725 943 Proculus
1749 890 1967 960 Torpa-

321 973 471 1027 cion.
520 977 805 1029 Praeterea
850 974 944 1028 hic
994 974 1292 1030 Euthodite
1343 982 1686 1046 procurator
1732 977 1964 1044 dicitur,

320 1062 417 1116 ille
447 1079 580 1118 vero
604 1063 946 1119 Christianas
978 1062 1318 1134 eloquentia
1350 1065 1638 1137 dignitate
1667 1066 1967 1121 celeberri-

321 1169 478 1207 mus.

393 1243 461 1296 At
491 1240 778 1297 discimus
804 1258 873 1297 ex
895 1241 1097 1298 Dionis
1130 1240 1398 1315 Epitome
1427 1244 1687 1299 Evodum
1713 1240 1964 1318 (Εῧοόον)

316 1330 596 1385 Antonini
631 1330 937 1387 Caracallaa
965 1332 1147 1388 fuisse
1178 1334 1570 1401 educatorem,
1590 1337 1685 1387 τοῦ
1714 1334 1965 1407 τροῳὲως

316 1416 479 1472 αύτοῦ
521 1420 669 1492 (Dio,
696 1422 857 1491 epist.
892 1422 1041 1491 333).
1075 1422 1221 1477 Tum
1250 1426 1444 1477 autem
1478 1422 1757 1478 Proculus
1788 1422 1965 1493 hujus

316 1508 516 1576 Evodi,
549 1525 654 1564 seu
681 1510 1377 1583 Euthodias,procurator
1406 1529 1533 1567 esse
1566 1513 1960 1584 poterat.Nam

316 1598 423 1653 hoc
456 1598 583 1670 ipso
616 1602 875 1670 tempore
908 1600 965 1653 in
1002 1600 1195 1655 Severi
1229 1600 1467 1672 palatio,
1521 1607 1585 1656 ut
1634 1601 1717 1655 ait
1746 1602 1963 1657 Tertul-

316 1684 532 1757 lianus,
567 1688 1063 1755 commorabatur,
1108 1688 1205 1743 ubi
1238 1706 1368 1743 eum
1420 1689 1716 1745 Caracalla
1747 1707 1963 1761 cogno-

314 1774 416 1841 vit,
448 1780 647 1847 atque,
681 1776 809 1848 ipso
842 1778 1340 1849 instigante,lacte
1372 1778 1681 1833 Christiano
1705 1779 1964 1835 educatus

319 1868 428 1918 est.

386 1952 671 2008 Castorum
703 1954 995 2026 quidquid
1043 1956 1112 2010 de
1143 1955 1252 2011 hoc
1312 1955 1552 2013 Proculo
1603 1958 1963 2029 Torpacione

317 2046 640 2107 statuatur,
675 2044 877 2099 nullus
908 2045 1243 2116 ambigendi
1274 2045 1436 2101 locus
1467 2050 1575 2111 est,
1609 2049 1747 2117 quin
1796 2048 1961 2102 Seve-

321 2148 446 2201 rus,
476 2132 548 2187 ob
582 2134 895 2189 sanitatem
921 2134 1033 2189 sibi
1069 2135 1407 2190 mirandum
1440 2136 1499 2189 in
1526 2137 1762 2191 modum
1793 2137 1961 2191 resti-

318 2224 533 2287 tutam,
564 2222 767 2277 faverit
797 2223 1168 2278 Christianis.
1201 2224 1323 2279 Non
1357 2224 1545 2280 solum
1597 2226 1751 2280 enim
1808 2226 1965 2281 hunc

322 2310 630 2365 Proculum
663 2310 1059 2367 Christianum
1091 2313 1150 2367 in
1183 2330 1290 2368 suo
1323 2314 1566 2369 retinuit
1593 2315 1828 2387 palatio,
1862 2317 1964 2371 sed

318 2420 345 2445 «
375 2402 434 2451 et
462 2399 849 2467 clarissimas,
885 2401 969 2455 uti
1001 2402 1194 2457 adhuc
1226 2402 1966 2467 asseritTertullianus,fe-

316 2486 529 2556 minas,
565 2493 620 2543 et
651 2489 1015 2545 clarissimos
1045 2491 1221 2559 viros,
1255 2496 1499 2547 Severus
1552 2494 1744 2549 sciens
1790 2494 1966 2565 hujus

314 2580 482 2629 sectas
514 2593 663 2645 esse,
695 2595 810 2633 non
855 2580 1026 2635 mado
1059 2598 1171 2635 non
1228 2580 1397 2649 laesit,
1440 2599 1638 2638 verum
1687 2584 1860 2638 etiam
1912 2589 1967 2638 et

313 2664 651 2720 testimonio
691 2668 1012 2738 exornavit,
1060 2674 1118 2724 et
1170 2670 1409 2740 populo,
1457 2671 1673 2726 furenti
1724 2672 1782 2726 in
1837 2690 1964 2739 nos,

316 2752 509 2824 palam
542 2754 757 2811 restitit
790 2778 817 2804 »
847 2756 1116 2825 (Tertull.
1150 2758 1220 2813 ad
1251 2758 1478 2830 Scaput.
1508 2776 1636 2832 cap.
1673 2762 1749 2831 4.)
1802 2761 1966 2816 Chri-

316 2842 526 2898 stianis
551 2843 732 2914 igitur
756 2862 1087 2915 revera,nec
1114 2864 1326 2919 parum
1350 2849 1587 2919 quidem
1619 2850 1967 2923 favit,seque

317 2931 550 2987 illorum
585 2950 699 2989 non
732 2934 1052 3002 occultum,
1087 2938 1187 2991 sed
1220 2937 1518 3009 publicum
1552 2939 1815 2995 exhibuit
1847 2941 1967 2995 fau-

317 3024 499 3077 torem
531 3026 708 3094 atque
739 3024 1133 3081 defensorem.
1171 3026 1387 3093 Quidni
1420 3043 1553 3082 vero
1584 3029 1668 3084 eis
1705 3030 1963 3096 favisset,

316 3128 348 3165 a
373 3110 587 3182 quibus
618 3130 732 3169 non
766 3114 942 3169 modo
975 3114 1323 3171 beneficium
1370 3117 1693 3172 maximum
1725 3134 1964 3190 accepe-

315 3205 422 3269 rat,
457 3202 557 3257 sed
581 3218 831 3273 quorum
864 3219 1157 3259 summam
1182 3220 1417 3275 quoque
1440 3205 1497 3259 in
1532 3205 1962 3262 se‘tidelitatem

315 3289 501 3344 fuerat
524 3306 755 3363 semper
780 3292 1092 3364 expertus?
1123 3293 1267 3348 Nam
1291 3293 1446 3348 inter
1479 3294 1758 3350 factiones
1789 3295 1960 3365 Casii,

314 3375 474 3447 Nigri
505 3381 561 3432 et
590 3378 781 3433 Albini
823 3379 894 3434 ab
926 3378 1055 3451 ipso
1085 3382 1213 3452 ejus
1265 3380 1518 3453 imperii,
1556 3387 1620 3437 ut
1668 3401 1846 3455 supra
1874 3384 1958 3440 vi-

313 3465 509 3522 dimus
542 3471 726 3539 (supr.
759 3485 885 3541 cap.
916 3470 972 3534 2,
1006 3474 1112 3525 art.
1164 3471 1237 3541 1),
1269 3475 1327 3526 et
1377 3471 1530 3526 infra
1582 3472 1773 3528 adhuc
1805 3473 1959 3528 dice-

313 3558 428 3621 tur,
462 3557 695 3613 exordio
737 3559 1030 3630 subortas,
1065 3559 1265 3615 nullus
1296 3576 1558 3632 unquam
1590 3561 1959 3618 Christianns

311 3642 586 3701 inventus
618 3650 726 3702 est.

383 3733 497 3791 Nec
527 3735 741 3792 dixeris
772 3736 893 3793 haec
924 3754 1185 3810 pugnare
1216 3755 1349 3793 cum
1382 3739 1478 3809 iis,
1521 3740 1737 3811 quibus
1778 3758 1954 3811 snpe-

314 3822 437 3879 rius
467 3823 725 3881 diximus
773 3827 957 3899 (lbid.)
989 3832 1340 3883 commotam
1392 3830 1463 3883 ab
1496 3830 1697 3884 eodem
1748 3831 1956 3886 Severo

310 3912 660 3984 imperatore
691 3916 750 3970 in
781 3916 1144 3973 Christianos
1166 3918 1780 3988 persecutionem.Non
1799 3919 1955 3974 enim

310 4002 541 4070 imperii
574 4004 666 4058 sui
698 4004 883 4075 initio,
918 4006 1017 4061 sed
1052 4010 1184 4076 post
1213 4006 1410 4061 decem
1461 4010 1518 4061 et
1561 4006 1818 4077 amplius
1850 4025 1953 4063 an-

312 4107 419 4146 nos
470 4091 761 4147 concitata
808 4093 935 4149 fuit.
986 4094 1225 4149 Constat
1274 4099 1468 4149 autem
1520 4094 1688 4151 illum
1757 4096 1827 4150 ad
1896 4097 1953 4151 id

311 4196 500 4252 usque
528 4184 763 4253 tempus
782 4198 896 4237 non
928 4199 1135 4255 parum
1161 4185 1395 4255 quidem
1428 4185 1639 4240 favisse
1670 4185 1955 4241 Christia-

310 4286 423 4325 ms.

378 4358 612 4416 Nullam
645 4376 817 4433 porro
854 4378 1089 4434 aequum
1122 4379 1317 4418 rerum
1368 4362 1781 4419 aestimatorem
1826 4379 1955 4419 esse

311 4453 612 4519 putamus,
668 4450 767 4522 qui
819 4467 886 4506 ex
935 4451 1051 4519 his,
1105 4468 1233 4523 quae
1265 4451 1552 4507 hactenus
1604 4451 1759 4507 dicta
1793 4458 1952 4522 sunt,

308 4536 476 4593 facile
502 4555 617 4593 non
652 4539 945 4611 intelligat
976 4542 1177 4612 quanti
1211 4542 1438 4597 roboris
1473 4542 1549 4597 sit
1590 4542 1711 4596 haec
1741 4543 1953 4597 Aucto-

308 4628 387 4682 ris
420 4628 605 4683 nostri
658 4632 1114 4701 argumentatio,
1166 4632 1336 4702 cujus
1385 4632 1637 4702 pondere
1685 4631 1953 4687 ethnicos
1986 4666 2029 4729 Β

308 4717 543 4788 penitus
577 4718 791 4786 obruit,
821 4720 922 4791 qui
955 4736 1016 4774 se
1053 4720 1279 4792 legibus
1309 4720 1433 4776 suis
1483 4722 1553 4775 ad
1608 4721 1953 4777 cruciandos

308 4805 711 4879 tollendosqus
740 4807 1099 4864 Christianos
1133 4809 1378 4881 obligari
1408 4809 1953 4866 vcnditabant.Nam

309 4893 414 4948 has
448 4899 506 4950 et
535 4895 1039 4969 iniquissimas,et
1064 4898 1135 4953 ab
1166 4898 1560 4969 iniquissimis
1587 4899 1951 4970 principibus

310 4982 478 5037 datas
522 5000 650 5041 esse
699 4987 1142 5043 demonstravit.
1216 4988 1330 5043 Nec
1382 4988 1579 5043 minus
1628 4988 1954 5044 luculenter

310 5072 583 5141 patefecit
632 5071 766 5132 illas
822 5093 856 5132 a
905 5077 1308 5149 compluribus
1355 5078 1510 5149 aliis,
1558 5079 1844 5150 probitate
1898 5084 1953 5133 et

308 5161 577 5232 (equitate
622 5165 901 5234 praeditis,
934 5171 1225 5221 correctas
1272 5168 1452 5223 fuisse
1498 5173 1552 5222 et
1588 5169 1948 5224 emendatas.

310 5250 563 5322 Denique
592 5254 689 5322 qui
722 5253 945 5309 nullam
980 5256 1036 5309 in
1065 5255 1423 5313 Christianos
1456 5256 1717 5312 tulerunt
1740 5255 1950 5328 legem,

304 5339 368 5394 hi
402 5341 601 5413 procul
629 5342 805 5398 dubio
832 5343 1280 5417 illos,quantum
1304 5347 1588 5419 iniquitas
1620 5350 1949 5417 temporum

303 5431 553 5503 sinebat,
587 5433 759 5489 tutari
791 5450 857 5490 ac
890 5443 1182 5507 protegere
1213 5438 1595 5492 conabantur.

1242 397 1313 457 D.
1364 397 1459 457 LE
1502 398 1829 459 NOURRY
1874 398 2524 461 OBSERVATIONES
2572 400 2830 461 NOV/E.

3584 405 3740 466 1110

2604 533 2803 589 1015
2840 532 3075 587 CAPUT
3105 532 3217 588 XX.

2078 622 2152 677 De
2184 617 2323 670 laesa:
2352 614 2561 668 divinae
2591 613 2893 683 majestatis
2922 613 3268 680 criminibus,
3305 630 3539 684 quorum
3572 616 3733 673 Chri-

2149 690 2323 743 stiani
2355 695 2466 741 tam
2512 686 2654 758 falso
2686 701 2851 755 quam
2904 686 3255 756 impudenter
3297 686 3363 740 ab
3404 687 3639 744 ethnicis
3672 691 3734 746 il-

2152 763 2329 816 lorum
2362 762 2468 814 rcis
2499 757 2929 813 accusabantur.

2629 898 2952 937 ARTICULUS
2986 898 3223 937 PRIMUS.

2077 1006 2253 1072 Quam
2295 1004 2492 1055 invicte
2555 999 2926 1072 Tertullianus
2992 999 3325 1072 demonstret
3378 1002 3735 1060 Christianos

2148 1077 2419 1129 immerito
2441 1074 2686 1125 accusari
2712 1070 3076 1139 infanticidii,
3136 1073 3251 1125 sive
3282 1072 3521 1143 infantis
3552 1077 3611 1129 in
3640 1092 3731 1131 sa-

2146 1148 2255 1201 cris
2308 1161 2495 1198 corum
2523 1217 2527 1218 ί
2554 1143 2865 1218 synaxibus
2922 1144 3111 1218 occisi,
3145 1158 3371 1218 comesse
3398 1155 3585 1215 postea
3614 1148 3733 1218 ejus

2142 1220 2328 1273 carnis
2357 1217 2633 1286 potatique
2664 1215 3068 1288 sanguinis.ac
3116 1216 3428 1284 turpissimi
3475 1215 3727 1288 incestus,

2146 1305 2421 1359 vanusque
2450 1288 2799 1359 ethnicorum
2826 1287 3204 1359 cavillationes
3225 1288 3482 1359 funditus
3499 1287 3728 1356 evertat,

2145 1363 2241 1416 ubi
2268 1358 2335 1415 de
2365 1360 2739 1431 Cynopennis,
2777 1358 3136 1429 Scinpodibus
3165 1358 3617 1432 et'Autipodibus.

2144 1476 2352 1532 Nullus
2395 1476 2465 1529 ad
2518 1474 2808 1528 vexandos
2862 1474 3305 1546 perdendosque
3365 1476 3726 1536 Christianos

2070 1567 2222 1622 alius
2243 1568 2547 1637 supererat
2581 1562 2838 1617 ethnicis
2873 1566 3204 1634 prmtextus,
3235 1564 3349 1620 nisi
3378 1570 3441 1620 ut
3489 1584 3587 1623 eos
3637 1585 3728 1624 oa-

2073 1657 2269 1730 pitalis
2303 1656 2555 1725 alicujus
2590 1654 2856 1710 criminis
2889 1670 3124 1725 quoquo
3155 1656 3391 1712 tandem
3425 1660 3597 1714 modo
3639 1676 3726 1715 ac-

2073 1752 2365 1802 cusarent.
2402 1750 2471 1801 At
2502 1762 2567 1800 eo
2603 1744 2816 1798 furoris
2846 1749 2904 1798 et
2937 1744 3241 1800 dementia
3294 1754 3721 1819 processerant,

2075 1842 2139 1891 ut
2170 1837 2301 1891 illos
2337 1853 2449 1889 non
2472 1835 2648 1889 unius
2673 1838 2903 1887 tantum
2931 1834 3137 1903 ﬂagitii
3169 1852 3298 1891 reos
3330 1838 3718 1907 dicerent,sed

1994 1910 2040 1974 B
2072 1928 2337 1991 omnium,
2373 1938 2435 1980 ut
2466 1925 2547 1978 ait
2579 1922 2996 1988 Tertullianus,
3027 1926 3308 1996 scelerum,
3341 1927 3586 1986 deorum.
3622 1931 3717 1984 im-

2072 2026 2414 2087 peratorum,
2450 2014 2653 2083 legum,
2687 2028 2997 2077 morum,ac
3026 2016 3191 2068 totius
3218 2024 3445 2073 natura?
3466 2019 3718 2074 inimicas

2073 2106 2333 2178 (Tertull.
2387 2104 2665 2174 Apologet.
2718 2119 2844 2173 cap.
2897 2103 2954 2170 2,
3000 2119 3056 2173 p.
3109 2105 3259 2175 277).
3311 2106 3522 2162 Verum
3558 2110 3712 2179 quis,

2075 2196 2183 2249 hac
2217 2194 2385 2264 plane
2444 2192 2733 2246 horrenda
2789 2191 3161 2248 accusatione
3209 2194 3535 2265 perculsus,
3598 2216 3712 2254 non

2074 2284 2273 2339 statim
2326 2279 2749 2351 Obstupescat?
2801 2280 2923 2343 Quo
2973 2279 3128 2335 enim
3182 2284 3354 2337 modo
3386 2288 3471 2340 tot
3518 2290 3713 2341 tanto-

2075 2388 2325 2443 rumque
2351 2369 2664 2425 criminum
2693 2368 2773 2423 rei
2797 2384 2924 2424 esse
2952 2374 3221 2439 poterant
3249 2372 3717 2447 Christiani,qui,

2076 2463 2378 2531 sicutjam
2412 2458 2966 2528 demonstravimus,
3002 2475 3117 2514 non
3169 2461 3341 2516 modo
3390 2479 3575 2519 unum
3624 2482 3718 2521 ve-

2076 2567 2321 2618 rumque
2356 2550 2541 2604 Deum
2604 2564 2837 2602 summa
2880 2548 3250 2605 veneratione
3296 2552 3582 2617 colebant,
3617 2557 3717 2610 sed

2076 2658 2323 2713 quorum
2350 2640 2524 2693 etiam
2541 2636 3037 2692 castissimierant
3059 2654 3273 2705 mores,
3298 2657 3363 2695 ac
3383 2641 3717 2712 piissimum

2074 2730 2301 2786 vivendi
2327 2745 2511 2797 genus
2537 2726 2565 2780 ?
2597 2727 2823 2781 Ruebat
2851 2726 3031 2796 igitur
3047 2743 3108 2783 se
3150 2727 3280 2799 ipsa
3302 2734 3419 2785 tam
3442 2731 3586 2787 falsa
3607 2734 3718 2788 cri-

2075 2820 2337 2876 minatio.
2372 2823 2586 2873 Verum
2620 2816 2757 2886 quia
2802 2816 3133 2871 Christiana
3164 2818 3368 2891 religio
3426 2822 3592 2890 nihil,
3654 2829 3718 2880 ut

2074 2910 2335 2982 loquitur
2390 2906 2811 2975 Tertullianus,
2873 2905 2937 2961 de
2990 2922 3158 2962 causa
3226 2925 3341 2964 una
3394 2910 3717 2982 deprecatur

2074 3000 2230 3071 (Ibid.
2266 3014 2391 3068 cap.
2430 2997 2479 3063 Ι,
2523 3013 2576 3066 p.
2610 2997 2760 3059 259),
2793 3011 2918 3061 nec,
2952 2996 3107 3050 sicut
3136 2997 3215 3051 rei
3270 2998 3476 3065 solent,
3530 3001 3711 3058 ullam

2074 3088 2321 3161 gratiam
2342 3086 2596 3140 ullumvc
2620 3086 2866 3138 favorem
2882 3084 3263 3155 requirit,hoc
3289 3087 3505 3143 idcirco
3528 3107 3710 3146 unum

2075 3182 2236 3249 optat
2266 3181 2323 3231 et
2352 3175 2514 3246 pctit,
2550 3178 2612 3228 ut
2644 3173 2969 3228 secundum
3017 3176 3306 3231 severiora
3336 3176 3529 3250 legum
3564 3198 3711 3251 pra:-

1993 3285 2035 3351 ρ
2074 3267 2292 3338 scripta
2311 3263 3097 3326 examinetur.Quamobrem
3130 3264 3527 3323 Tertullianus
3549 3270 3621 3325 ad
3649 3286 3716 3325 ea

2075 3357 2275 3412 omnia
2306 3372 2431 3426 qua:
2463 3352 2813 3407 Christianis
2866 3351 3315 3423 objiciebantur,
3368 3356 3713 3426 singulatim

2071 3444 2455 3501 examinanda
2491 3459 2554 3497 ac
2587 3441 2863 3496 diluenda
2903 3442 3256 3513 aggreditur,
3292 3460 3358 3499 ac
3392 3447 3715 3505 manifesti-

2068 3536 2213 3590 sime
2235 3535 2597 3589 demonstrat
2628 3531 2859 3585 eosdem
2885 3530 3253 3588 Christianos
3288 3538 3407 3589 tam
3445 3536 3587 3591 falso
3619 3537 3715 3593 ho-

2069 3641 2198 3679 rum
2237 3623 2591 3693 flagitiorum
2626 3619 2983 3685 insimulari,
3014 3637 3187 3690 quam
3234 3628 3457 3680 certum
3489 3630 3614 3682 erat
3644 3624 3716 3681 il-

2069 3710 2257 3766 lorum
2294 3727 2417 3765 reos
2452 3726 2647 3766 revera
2681 3729 2807 3768 esse
2838 3713 3105 3785 gentiles.

2141 3800 2287 3866 Quid
2324 3801 2480 3854 enim
2532 3819 2564 3856 a
2592 3803 2835 3858 veritate
2867 3803 3054 3875 magis
3092 3803 3371 3868 alienum,
3404 3819 3581 3874 quam
3612 3821 3711 3861 eos

2064 3886 2215 3944 laesa:
2248 3889 2573 3959 majestatis
2603 3890 2811 3946 divinas
2863 3892 3198 3962 redarguer,
3241 3889 3340 3961 qui
3370 3905 3593 3957 verum,
3646 3897 3709 3944 ut

2065 3977 2531 4044 diximus,Deum
2565 3984 2622 4033 et
2652 3980 2921 4051 privatim
2954 3986 3009 4034 et
3040 3978 3273 4050 publice
3297 3979 3357 4033 in
3386 3977 3512 4032 suis
3534 3993 3706 4049 syna-

2065 4067 2237 4121 xibus
2270 4083 2501 4138 semper
2528 4070 2815 4139 colebant,
2876 4068 3290 4139 malebantque
3325 4066 3710 4122 atrocissimis

2066 4156 2521 4227 quibuscnnque
2566 4175 2625 4213 se
2684 4160 2873 4213 necari
2932 4157 3257 4229 suppliciis,
3316 4172 3493 4227 quam
3544 4155 3709 4219 hunc

2066 4246 2307 4299 unicum
2342 4246 2524 4300 Deum
2559 4252 2901 4317 negare,aut
2930 4246 3110 4301 falsos
3142 4246 3283 4301 deos
3314 4244 3431 4300 ullo
3460 4244 3550 4300 vel
3574 4246 3707 4301 ﬁcto

2065 4338 2296 4389 tantum
2333 4340 2389 4389 et
2440 4336 2715 4391 simulato
2764 4336 2927 4391 cultu
2970 4336 3282 4391 venerari?
3311 4338 3524 4390 Contra
3575 4351 3709 4391 vero

2064 4422 2245 4493 hujus
2279 4440 2523 4479 summae
2554 4425 2875 4495 impietatis
2914 4425 3351 4481 evidentissime
3404 4424 3710 4480 convince-

2064 4513 2277 4567 bantur
2305 4513 2572 4585 gentiles,
2606 4516 2701 4584 qui
2739 4514 3010 4579 factitios,
3034 4521 3095 4569 ut
3124 4514 3276 4569 infra
3305 4513 3706 4582 ostendemus,

2064 4603 2201 4655 deos
2225 4601 2671 4672 colebant,quos
2692 4603 2941 4658 infames
2959 4608 3015 4657 et
3035 4604 3195 4657 omni
3221 4602 3704 4675 turpissimarum

2061 4690 2375 4746 criminum
2408 4708 2616 4762 genere
2649 4692 2889 4746 tmdatos
2922 4694 3103 4747 fuisse
3136 4693 3490 4747 fatebantur.

2132 4784 2203 4834 At
2234 4781 2288 4834 hi
2326 4786 2518 4836 tamen
2555 4798 2857 4852 nunquam
2890 4799 3003 4837 non
3036 4780 3371 4837 clamabant
3413 4780 3703 4837 Christia-

2063 4886 2170 4924 nos
2196 4869 2413 4925 idcirco
2444 4871 2595 4925 laesa:
2626 4871 2948 4927 divinitatis
2978 4887 3106 4927 esse
3133 4871 3418 4938 conscios,
3477 4870 3614 4943 quia
3647 4870 3703 4926 in

2063 4959 2189 5013 suis
2238 4960 2581 5029 synaxibus,
2614 4965 2671 5013 et
2718 4962 2871 5015 inter
2917 4961 3239 5016 sacratiora
3267 4976 3376 5016 sua
3408 4961 3701 5030 mysteria,

2063 5048 2507 5103 ncfandissimis
2538 5049 2857 5104 sceleribus
2881 5066 3009 5105 sese
3032 5049 3549 5121 impudentissime
3569 5065 3705 5104 con-

2061 5137 2450 5193 taminahant.
2485 5138 2629 5193 Nam
2665 5139 3033 5207 dicebantur,
3067 5139 3261 5210 inquit
3288 5136 3703 5201 Tertullianus,

2058 5228 2481 5283 sceleratissimi
2523 5228 2587 5283 de
2615 5235 2963 5285 sacramento
3012 5227 3357 5300 infanticidii
3385 5226 3543 5295 (Ibid.
3576 5242 3705 5297 cap.

2058 5316 2113 5385 7,
2150 5333 2204 5386 ρ.
2241 5317 2519 5387 106),sive
2548 5317 2790 5373 infantis
2823 5335 2999 5390 quam
3035 5319 3111 5371 ibi
3144 5316 3401 5372 occisum
3430 5316 3705 5370 devorare

2064 5407 2416 5462 ferebantur.
2454 5409 2591 5463 Inde
2625 5414 2681 5463 et
2707 5417 2825 5479 post
2866 5409 3178 5463 convivium
3232 5404 3377 5459 illud
3408 5419 3707 5460 exsecran-

2060 5496 2198 5550 dum
2235 5497 2576 5567 turpissimo
2608 5497 2785 5568 pollui
2818 5499 3037 5561 incesto,
3066 5496 3212 5567 quod
3241 5510 3513 5550 eversores
3543 5496 3707 5549 lunai-

2059 5601 2215 5652 num,
2248 5586 2421 5641 verba
2449 5587 2640 5641 adhuc
2674 5590 2814 5640 sunt
2843 5586 3116 5641 Auctoris
3148 5584 3354 5648 nostri,
3388 5600 3575 5653 canes,
3593 5586 3699 5641 leo-

2058 5690 2152 5731 nes
2179 5676 2406 5745 scilicet,
2420 5674 2824 5745 ,tencbras,tum
2852 5680 2901 5730 et
2932 5676 3138 5731 1010
3173 5673 3467 5729 libidinum
3496 5676 3701 5745 impia-

2060 5780 2187 5819 ru-m
2210 5764 2655 5822 inuerecundiam
2672 5776 2966 5837 procurent
2986 5766 3259 5840 (Ibid.).ln
3281 5764 3577 5822 manuscri
3584 5766 3699 5838 ptis
