4162 6384
447 399 599 459 UH

953 394 1479 457 TERTULLIANI
1524 393 1842 453 OPERUM
1891 391 2093 450 PARS
2138 388 2187 449 Ι.
2227 422 2304 432 -
2346 387 2618 450 SERIES
2662 390 2711 462 Ι,
2758 387 3323 449 APOLOGETICA.

3688 389 3859 449 ΙΗΞ

450 530 665 587 nostris
721 528 1021 585 codicibus
1078 532 1135 584 et
1187 526 1545 583 editionibus
1600 523 1860 596 antiquis
1916 523 2080 577 deest
2105 522 2161 588 Α
2259 522 2347 575 Ab
2370 520 2460 576 his
2490 520 2671 593 igitur
2699 520 2973 576 omnibus
3002 543 3030 569 «
3069 519 3356 591 quotidie,
3387 520 3580 595 pergit
3608 522 3858 579 Tertul-

444 637 553 675 vox
582 623 828 685 tum,nec
857 617 937 673 ibi
971 616 1224 672 multum
1254 615 1584 671 necessaria
1613 615 2082 670 videtur.Sensus

448 712 640 764 autem
671 705 1239 772 Tertulliani,isthzec
1269 704 1503 759 brevius
1528 703 1642 758 alio
1662 702 1720 757 in
1745 703 1892 758 libro
1920 716 2083 756 enar-

445 798 651 861 rantis,
695 795 789 851 hic
820 799 910 850 est
942 811 955 850 :
990 799 1126 849 Post
1174 793 1401 848 lumina
1446 810 1479 847 a
1508 792 1754 848 canibus
1799 809 1997 848 eversa
2028 799 2087 849 ct

445 885 751 947 exstincta,
785 884 1055 947 tenebrae,
1090 881 1629 954 impurissimorum
1654 880 1929 937 lenonum
1963 900 2086 938 mu-

447 991 558 1031 nus
589 974 889 1029 obeuntes.
923 971 1394 1027 inverecundiam
1429 969 1743 1041 impiarum
1777 969 2087 1027 libidinum

451 1064 767 1135 procurant
806 1060 1009 1133 (Idem,
1069 1060 1171 1115 lib.
1205 1076 1219 1112 1
1253 1060 1332 1112 ad
1391 1059 1518 1113 Nat.
1581 1074 1708 1128 cap.
1769 1059 1836 1113 15
1891 1064 1947 1115 et
1978 1062 2086 1132 16).

451 1152 749 1223 Praecipua
778 1155 972 1205 autem
1023 1153 1079 1204 et
1136 1146 1408 1220 capitalia
1442 1147 1559 1201 haec
1617 1147 1868 1202 crimina
1925 1154 2093 1205 erant

454 1257 580 1313 quas
609 1238 847 1306 ethnici,
883 1237 1380 1310 quemadmodum
1415 1234 1574 1305 alibi,
1608 1252 1714 1291 nec
1752 1236 1955 1305 semel,
1987 1254 2089 1293 an-

452 1328 784 1386 notavimus
814 1327 1117 1399 (Dissertat.
1150 1325 1211 1380 in
1240 1325 1439 1379 Minut.
1473 1324 1653 1379 Octav.
1708 1341 1834 1394 cap,
1866 1326 1920 1392 8,
1980 1330 2088 1382 art.

455 1420 545 1473 iet
574 1416 784 1488 seqq.),
814 1415 1016 1470 tandiu
1052 1416 1327 1483 tantaque
1358 1412 1721 1484 impudentia
1743 1412 2092 1468 Christianis

452 1506 827 1578 objiciebant,
860 1507 1082 1575 quanta
1106 1501 1385 1557 facilitate
1425 1502 1496 1555 ab
1530 1500 1790 1572 antiquis
1826 1502 2090 1556 Ecclesiae

457 1594 725 1651 Patribus
757 1593 943 1647 diluta
971 1591 1384 1661 confutataque
1412 1593 1570 1644 sunt.

527 1699 719 1755 Variis
734 1714 866 1754 vero
886 1695 1282 1752 Tertullianus
1299 1698 1495 1750 noster
1515 1694 1804 1749 rationum
1839 1711 2093 1749 momen-

459 1790 538 1847 tis
568 1788 775 1844 falsam
821 1787 969 1842 banc
1028 1783 1492 1840 criminationem
1544 1783 1813 1840 funditus
1867 1783 2090 1840 evertit.

2197 610 2411 676 Iianus,
2444 610 2805 679 obsidemur,
2866 609 3129 680 quotidie
3184 609 3512 681 prodimur,
3574 611 3635 665 in
3692 611 3857 683 ipsis

2195 698 2514 771 plurimum
2548 698 2796 754 coetibus
2828 700 3028 753 1017
3064 702 3122 753 et
3150 700 3706 771 congregationibus
3739 717 3856 755 no-

2196 787 2335 843 stris
2365 786 2757 859 opprimimur
2782 809 2802 837 n
2841 787 3024 858 (Ibid)
3053 804 3067 855 ;
3099 786 3370 842 vel.sicut
3397 788 3560 860 ipsos
3591 788 3858 860 gentiles

2196 876 2331 931 alibi
2366 876 2770 947 compellando
2801 876 2949 932 dixit
2980 893 2993 932 :
3030 898 3059 925 ‹‹
3100 876 3272 931 Scitis
3303 881 3359 931 et
3414 878 3541 932 dies
3596 893 3851 933 conven-

2197 969 2363 1021 tuum
2400 970 2778 1032 nostrorum;
2811 964 3009 1036 itaque
3036 969 3092 1021 et
3139 966 3500 1030 obsidemur,
3549 970 3608 1021 et
3649 966 3853 1038 oppri-

2197 1071 2448 1123 memur,
2483 1058 2541 1109 et
2571 1054 2628 1108 in
2659 1054 2807 1125 ipsis
2834 1054 3062 1110 arcanis
3110 1054 3661 1127 congregationibus
3693 1055 3853 1110 deti-

2198 1160 2461 1199 nemurs
2519 1144 2698 1213 (Idem
2733 1142 2835 1198 lib.
2886 1158 2905 1197 ι
2954 1143 3024 1198 ad
3070 1147 3197 1200 Nat.
3250 1160 3377 1215 cap.
3420 1144 3478 1210 7,
3528 1160 3657 1216 pag.
3686 1145 3849 1216 568).

2199 1233 2399 1288 Latere
2430 1248 2565 1303 ergo
2584 1231 2899 1303 gentilibus
2921 1248 3035 1288 non
3067 1236 3291 1303 poterat
3314 1232 3452 1304 quid
3485 1232 3545 1287 in
3574 1232 3650 1288 iis
3671 1232 3849 1287 Chri-

2199 1320 2367 1375 stiani
2399 1337 2567 1393 agere
2597 1325 3037 1376 consueverant.

2269 1431 2341 1482 At
2370 1444 2491 1499 quis
2522 1421 2788 1497 unquam,
2832 1426 3027 1498 arguit
3079 1429 3293 1481 Auctor
3322 1431 3522 1482 noster
3569 1427 3849 1499 (Tertull.

2199 1517 2469 1587 Apolcget.
2505 1517 2604 1570 loc.
2653 1515 2800 1583 cit.),
2849 1514 3043 1570 taliter
3080 1517 3350 1585 vagienti,
3400 1516 3537 1572 dum
3588 1533 3621 1571 a
3669 1516 3849 1573 Chri~

2201 1605 2408 1661 stianis
2437 1605 3037 1674 occideretur,infanti
3063 1612 3378 1675 supervenit
3398 1608 3424 1659 ἵ
3452 1606 3583 1674 Quis
3609 1617 3849 1663 cruenta

2200 1693 2687 1758 Christianorum,
2740 1693 2839 1765 qui
2888 1694 3272 1749 comedebant
3326 1693 3489 1751 illius
3536 1711 3743 1752 carnes
3788 1701 3852 1751 et

2200 1782 2545 1854 sanguinem
2574 1780 2872 1847 bibebant,
2898 1786 2957 1836 ut
2984 1783 3293 1854 invenerat,
3332 1787 3615 1855 tanquam
3662 1782 3859 1856 Cyclo-

468 1878 725 1935 Primum
758 1875 913 1931 enim
945 1874 1208 1929 ethnicos
1254 1873 1409 1944 ipsos
1464 1872 1619 1927 hunc
1678 1871 2001 1943 alloquitur
2031 1872 2091 1928 in
2124 1887 2170 1952 Β
2198 1888 2330 1943 pum
2360 1874 2415 1926 et
2439 1870 2771 1925 Sirenarum
2800 1886 2917 1937 ora,
2950 1870 3194 1926 minime
3249 1871 3488 1942 quidem
3548 1873 3855 1941 abstersa,

469 1968 710 2023 modum
744 1982 757 2019 :
791 1965 1036 2019 Dicimur
1064 1976 1294 2033 semper
1322 1978 1355 2015 a
1376 1961 1540 2017 vobis
1586 1964 1883 2016 tantorum
1915 1960 2094 2017 scele-

463 2073 595 2112 rum
627 2054 709 2111 rei
734 2073 747 2123 ;
770 2069 869 2110 nec
898 2069 1004 2109 vos.
1038 2051 1178 2124 quod
1207 2050 1401 2106 tandiu
1449 2051 1718 2116 dicimur,
1762 2066 1973 2121 eruere,
2003 2050 2095 2106 in-

461 2145 769 2216 vestigare,
819 2146 875 2198 et
929 2147 1185 2213 retegere
1240 2142 1446 2196 curatis
1502 2138 1760 2211 (Tertull.
1819 2141 2090 2212 Apotoget.

459 2251 586 2306 cap.
618 2234 675 2299 7,
706 2249 763 2305 p.
791 2233 935 2299 307).
976 2229 1184 2285 Nullus
1238 2232 1433 2283 tamen
1493 2228 1868 2283 condemnari
1928 2229 2091 2298 prius

456 2323 649 2391 debet,
680 2338 857 2393 quam
891 2319 1123 2376 sceleris
1155 2317 1530 2374 convincatur
1559 2336 1575 2370 :
1607 2317 1749 2385 Ergo
1770 2321 1866 2371 aut
1895 2319 2087 2386 eruite,

454 2410 647 2485 inquit
674 2410 793 2479 ille,
822 2411 872 2465 si
922 2409 1165 2473 creditis,
1198 2413 1253 2462 et
1291 2406 1652 2461 Christianos
1708 2405 1917 2460 horum
1975 2421 2095 2460 sce-

451 2497 639 2555 lerum
670 2495 1016 2566 convincite,
1046 2502 1141 2549 aut
1168 2494 1340 2549 nolite
1367 2496 1611 2560 credere,
1640 2494 1771 2564 quia
1803 2508 1914 2547 non
1941 2493 2093 2547 erui-

453 2590 552 2643 stis
581 2585 790 2657 (Ibid.).
823 2584 1125 2640 Enimvero
1164 2582 1274 2637 hac
1333 2582 1599 2637 affectata
1653 2581 2095 2637 dissimulatione

455 2678 630 2745 atque
657 2671 1009 2744 negligentia
1035 2671 1418 2742 prescribitur
1464 2667 1668 2739 (Ibid),
1727 2667 2091 2739 praajudicio-

458 2780 572 2835 que
601 2760 931 2818 certissimo
963 2759 1243 2831 probatur
1271 2756 1730 2811 Christianorum
1764 2755 2095 2810 innocentia

457 2855 515 2907 et
543 2866 779 2906 summa
811 2864 1036 2903 morum
1076 2846 1399 2917 integritas,
1429 2845 1567 2917 quod
1595 2861 1693 2900 nec
1730 2846 1841 2915 ipsi
1873 2843 2095 2898 audetis

457 2955 647 2996 eruere
676 2937 861 3011 (lbid.)
891 2953 958 2991 ea
1004 2937 1273 3001 crimina,
1307 2949 1557 3005 quorum
1588 2933 1743 3001 illos,
1775 2938 1893 2988 tam
1925 2932 2091 2997 falso,

460 3044 628 3101 quam
655 3035 873 3084 temere
904 3024 1214 3090 accusatis,
1248 3039 1353 3078 nec
1384 3039 1559 3077 causa
1607 3037 1887 3092 unquam,
1921 3025 1984 3074 ut
2010 3020 2094 3073 vi-

455 3118 677 3183 dimus,
711 3114 933 3181 audita,
981 3111 1408 3179 condemnatis,
1440 3111 1726 3183 torquetis
1773 3115 1830 3165 et
1875 3108 2095 3165 occidi-

459 3206 555 3263 tis.

525 3312 806 3365 Pristerea
836 3324 902 3364 eo
932 3307 1120 3379 major
1148 3309 1273 3361 erat
1309 3305 1431 3360 haec
1461 3303 1829 3360 ethnicorum
1862 3318 2096 3375 perver-

452 3398 619 3463 sitas,
651 3413 767 3468 quo
800 3395 1026 3451 facilius
1066 3394 1513 3467 promptiusque
1559 3396 1828 3464 poterant
1860 3391 2095 3447 investi-

452 3502 591 3560 gare
618 3490 793 3556 atque
814 3500 1131 3556 agnoscere
1161 3500 1233 3539 an
1264 3499 1397 3538 vera
1425 3486 1623 3538 essent
1670 3480 1770 3536 illa
1817 3480 2096 3536 Christia-

457 3591 668 3631 norum
712 3572 952 3630 scelera.
1005 3573 1148 3627 Nam
1194 3587 1383 3628 census
1445 3563 1608 3626 istius
1651 3570 1984 3641 disciplinte,
2017 3570 2101 3625 ait

457 3662 874 3729 Tertullianus,
905 3660 1015 3717 hoc
1042 3664 1127 3717 est
1161 3660 1338 3731 hujus
1367 3658 1761 3715 disseminata:
1791 3658 1851 3713 in
1879 3658 2098 3714 mundo

462 3751 803 3808 Christianas
828 3749 1148 3822 disciplinae
1179 3749 1443 3819 initium,
1483 3766 1517 3803 a
1547 3748 1755 3803 Tiberio
1784 3758 1859 3801 est
1893 3747 2097 3818 (Ibid);

464 3845 585 3911 aut,
618 3840 705 3896 uti
734 3840 1077 3912 explicatius
1105 3838 1220 3895 alio
1252 3838 1308 3893 in
1342 3837 1491 3893 libro
1525 3852 1538 3891 :
1570 3838 1836 3904 Principe
1863 3836 2101 3906 Augusto

462 3946 662 3988 nomen
692 3929 810 4000 hoc,
843 3928 1335 3995 Christianorum,
1365 3931 1551 3981 ortum
1588 3934 1670 3981 est
1698 3943 1719 3989 ,ο
1752 3925 1960 3980 Tiberio
1988 3923 2098 3979 dis-

460 4021 670 4091 ciplina
697 4020 811 4089 eius
863 4019 1073 4073 illusit.
1130 4022 1199 4071 At
1245 4020 1397 4071 certe
1443 4015 1720 4086 quoniam
1773 4014 2103 4069 Christiana

462 4107 667 4179 religio
698 4123 833 4163 vera
862 4110 969 4175 est,
1001 4123 1126 4161 cum
1154 4106 1277 4161 odio
1305 4106 1425 4162 suis
1463 4106 1643 4176 coepit,
1694 4102 1854 4158 illius
1908 4103 2101 4158 adhuc

458 4196 697 4251 totidem
731 4201 872 4251 sunt
899 4196 1091 4256 verba.
1138 4195 1305 4250 simul
1350 4203 1514 4265 atque
1557 4193 1819 4265 apparuit
1874 4193 2097 4247 inimica

458 4284 826 4339 esse.Nostris
850 4299 982 4339 vero
1004 4283 1061 4338 in
1096 4283 1515 4355 manuscriptis
1545 4282 1843 4338 codicibus
1874 4280 2102 4336 inimica

460 4375 560 4439 est,
590 4372 701 4428 hoc
730 4376 839 4442 est,
892 4388 958 4428 eo
1008 4372 1134 4443 ipso
1179 4389 1293 4444 quo
1342 4372 1512 4442 coepit
1562 4376 1847 4441 tempore,
1879 4370 2100 4425 mundo

462 4461 757 4534 apparuit,
818 4460 1094 4516 omnibus
1170 4460 1412 4516 inimica
1486 4464 1544 4515 et
1600 4458 1787 4513 invisa
1844 4457 1973 4525 luit,
2034 4474 2100 4513 ac

466 4553 541 4606 tot
571 4549 747 4605 hostes
775 4550 891 4621 ejus
922 4549 1157 4604 fuerunt
1204 4556 1330 4619 quot
1374 4549 1635 4604 extranei
1674 4547 1876 4619 (Idem.
1927 4546 2029 4600 lib.
2081 4563 2099 4601 ι

2126 3254 2168 3321 C

2193 1960 2380 2031 judici
2408 1958 2816 2031 conspicienda
2844 1959 3191 2015 reservavit?
3241 1960 3370 2028 Quis
3427 1960 3510 2016 vol
3562 1963 3618 2018 in
3651 1965 3858 2018 uxori-

2205 2051 2300 2104 bus
2323 2050 2517 2120 aliqua
2545 2047 2830 2103 immunda
2883 2047 3177 2118 adulterii,
3234 2047 3533 2106 iniisdem
3592 2051 3855 2108 ccetibus

2203 2137 2376 2211 paulo
2406 2141 2539 2192 ante
2587 2136 2856 2203 admissi,
2906 2138 3139 2205 vestigia
3185 2136 3544 2208 deprehendit
3594 2139 3794 2211 (Ibid)
3825 2141 3857 2196 ?

2200 2227 2332 2291 Quae
2364 2225 2598 2297 quidem
2637 2224 2736 2281 ille
2765 2225 2895 2281 aliis
2944 2225 3135 2281 verbis
3185 2225 3299 2281 alio
3348 2226 3409 2282 in
3440 2226 3591 2282 libro
3624 2228 3712 2284 sic
3743 2245 3855 2284 ur-

2200 2316 2370 2388 gebat
2403 2331 2416 2369 :
2451 2338 2479 2364 ‹‹
2510 2314 2650 2378 Quis
2679 2331 2936 2385 unquam
2969 2329 3196 2370 semeso
3226 2331 3406 2387 puero
3454 2316 3806 2388 supervenit
3832 2321 3858 2373 Ρ

2202 2404 2341 2468 Quis
2363 2404 2419 2458 in
2452 2407 2753 2458 cruentato
2775 2418 2922 2474 pane
2953 2402 3196 2475 vestigia
3226 2402 3491 2459 dentium
3524 2404 3862 2477 deprehen-

2203 2491 2334 2547 dit?
2364 2492 2503 2557 Quis
2546 2490 2801 2546 tenebris
2832 2491 3135 2562 repentino
3165 2490 3387 2547 lumine
3429 2491 3694 2565 irruptis,
3728 2494 3857 2548 im-

2202 2580 2425 2635 munda
2464 2578 2679 2651 aliqua,
2730 2594 2801 2634 ne
2847 2578 3092 2635 dixerim
3142 2580 3382 2651 incesta,
3428 2582 3769 2653 recognovit
3829 2609 3855 2632 ι

2202 2668 2408 2740 (Idem.
2440 2667 2541 2724 lib.
2570 2684 2588 2721 ι
2619 2667 2688 2722 ad
2718 2668 2840 2722 Nat.
2881 2667 2989 2723 loc.
3032 2667 3154 2739 cit.)
3177 2669 3205 2722 ‘t
3236 2673 3299 2723 In
3352 2669 3716 2742 Apologetico
3747 2688 3861 2726 au-

2202 2761 2317 2813 tem
2346 2757 2414 2811 ad
2448 2755 2738 2828 duplicem
2768 2757 3077 2829 Cyclopum
3110 2762 3167 2812 et
3197 2757 3549 2830 Syrenarum
3581 2759 3859 2816 fabulam

2203 2845 2473 2917 respexit.
2506 2846 2688 2899 Poetae
2719 2845 2875 2901 enim
2920 2851 3035 2901 tam
3088 2845 3293 2915 Grmci,
3344 2849 3861 2918 quemadmodum

2203 2933 2488 2989 Homerus
2520 2934 2731 3005 (Odyss.
2764 2951 2887 3001 vm,
2922 2939 3052 3006 post
3081 2935 3278 3005 med.),
3306 2952 3483 3006 quam
3516 2937 3868 3007 Latini,sic-

2204 3026 2269 3077 ut
2293 3021 2573 3093 Virgilius
2605 3022 2733 3093 (lib.
2773 3039 2834 3077 ιιι
2858 3024 3073 3078 Αὲηείά.
3106 3040 3158 3095 ν,
3189 3023 3292 3079 647
3338 3029 3392 3080 et
3442 3028 3612 3098 seq.),
3662 3026 3863 3082 ﬁnxe-

2204 3114 2342 3166 runt
2371 3109 2643 3182 Cyclopes
2675 3110 2941 3167 homines
2974 3112 3154 3167 l‘uisse
3177 3113 3537 3184 monoculos,
3570 3114 3669 3187 qui
3706 3131 3864 3172 suos

2203 3200 2484 3255 vorabant
2514 3199 2794 3272 hospites.
2828 3201 2943 3256 Nec
2973 3200 3191 3268 minus,
3247 3207 3385 3258 nota
3412 3208 3502 3258 est
3532 3202 3736 3259 fabula
3763 3206 3864 3260 Bi-

2207 3304 2504 3356 renarum,
2554 3304 2681 3359 qua:
2728 3289 3089 3362 navigantes,
3139 3293 3346 3346 cantus
3395 3293 3489 3348 sui
3538 3292 3866 3351 dulcedine

2205 3377 2448 3448 sopitos,
2483 3378 2541 3432 in
2573 3392 2731 3432 mare
2759 3377 3111 3449 dejiciebant
3170 3378 3339 3449 (Plin.
3395 3379 3499 3436 lib.
3556 3398 3594 3435 χ
3649 3381 3861 3438 Natur.

2207 3466 2339 3521 Hist.
2373 3482 2499 3537 cap.
2535 3466 2620 3531 49,
2654 3481 2786 3538 pag.
2821 3466 2965 3539 444).

2278 3570 2675 3628 Tertullianus
2710 3571 2907 3643 itaque
2936 3572 3020 3628 sic
3048 3575 3493 3645 argumentatur
3526 3591 3538 3629 :
3571 3573 3861 3633 Christia-

2210 3676 2416 3715 norum
2451 3664 2535 3716 tot
2562 3660 2761 3716 hostes
2790 3664 2976 3731 erant,
3000 3666 3143 3733 quot
3184 3661 3427 3728 ethnici,
3475 3660 3686 3732 Judaei,
3741 3666 3862 3719 mi-

2209 3747 2341 3803 lites
2364 3753 2420 3804 et
2440 3749 2771 3817 domestici,
2804 3766 2838 3805 a
2862 3750 3078 3822 quibus
3136 3750 3404 3822 quotidie
3434 3751 3493 3806 in
3525 3751 3652 3808 suis
3681 3753 3872 3811 etiam

2209 3837 2525 3910 synaxibus
2557 3838 2979 3895 obsidebantur
3002 3840 3688 3913 opprimebanturque.8i
3718 3860 3869 3916 ergo

2211 3925 2267 3982 in
2301 3926 2418 3983 illis
2440 3932 2774 4001 tottamque
2797 3929 3092 3986 horrenda
3124 3929 3376 3985 crimina
3399 3935 3875 4003 perpetrassent,

2210 4033 2245 4071 a
2273 4019 2357 4070 tot
2385 4015 2657 4071 hostibus
2689 4018 2814 4072 suis
2841 4005 3261 4074 adeo'inl‘ensis
3302 4018 3663 4091 deprehendi
3690 4020 3869 4076 facil-

2210 4103 2348 4160 lime
2379 4109 2667 4176 poterant.
2700 4107 2871 4177 Atqui
2906 4124 2975 4163 ex
3020 4106 3251 4162 inﬁnito
3283 4108 3708 4179 propemodum
3731 4109 3868 4167 illo-

2211 4210 2338 4249 rum
2389 4194 2694 4265 hucusque
2744 4212 2985 4252 numero
3034 4213 3105 4252 ne
3145 4212 3299 4252 unus
3331 4196 3571 4270 quidem
3603 4197 3867 4257 minima

2211 4281 2445 4338 sceleris
2470 4282 2646 4339 ullius
2668 4284 2911 4357 vestigia
2944 4302 3203 4357 unquam
3227 4283 3481 4357 agnovit.
3505 4285 3864 4345 Falsissima

2210 4369 2387 4441 igitur
2420 4376 2584 4427 erant
2614 4389 2682 4428 ea
2710 4372 2976 4442 crimina,
3012 4391 3139 4447 qua:
3175 4374 3423 4446 improbi
3457 4373 3860 4431 calumniato-

2211 4477 2303 4516 res
2332 4460 2677 4516 Christianis
2708 4462 3078 4532 objectabant
3099 4462 3495 4536 (Tertull.1ib.x
3525 4463 3595 4518 ad
3622 4465 3861 4520 Nation.

2210 4566 2335 4621 cap.
2367 4551 2422 4617 7,
2460 4568 2584 4621 pag.
2616 4550 2764 4619 569).

467 4638 537 4693 ad
565 4639 687 4693 Nat.
719 4654 847 4709 cap.
876 4639 933 4706 7,
967 4654 1021 4708 p.
1054 4638 1199 4709 307),
1233 4637 1291 4692 id
1322 4642 1431 4704 est,
1466 4652 1670 4692 omnes
1717 4635 1954 4690 omnino
1993 4634 2101 4690 bo-
2132 4623 2178 4687 Β
2280 4638 2478 4709 Neque
2510 4638 2568 4692 hi
2600 4640 3031 4710 quantumlibet
3056 4640 3558 4713 impudentissimi
3580 4640 3861 4697 homines

469 4726 657 4781 mines
679 4730 888 4795 praeter
916 4725 1070 4781 solos
1102 4726 1386 4798 ipsosmet
1421 4724 1803 4781 Christianos.
1836 4724 2003 4791 Nam,
2036 4727 2101 4779 ut

467 4813 549 4868 ait
585 4812 777 4868 adhuc
826 4813 1241 4881 Tertullianus,
1291 4814 1489 4869 hostes
1539 4813 1770 4869 illorum
1827 4817 2013 4878 erant,
2043 4817 2100 4867 et

467 4901 656 4973 primo
687 4902 904 4974 quidem
932 4904 1160 4973 propria
1189 4919 1259 4959 ex
1285 4905 1638 4958 aemulatione
1662 4903 1843 4958 Judaei
1852 4918 1968 4971 ,seu
1991 4918 2099 4958 sua

464 4990 1290 5063 inillosinvidia,qua‘quidem
1308 4997 1541 5063 propter
1553 4991 1864 5063 abrogatos
1885 5008 1919 5046 a
1940 4990 2098 5047 Chri-

459 5087 547 5135 sto
566 5088 787 5135 veteres
805 5095 947 5135 suos
974 5080 1122 5134 ritus
1148 5080 1858 5152 semperconﬂagrarunt:
1888 5079 2097 5134 deinde
2136 5148 2139 5151 Α

454 5167 663 5223 milites
691 5183 762 5223 ea:
796 5170 1146 5224 concussione
1193 5168 1395 5237 (Idem,
1442 5170 1662 5239 Apotog.
1713 5185 1839 5240 cap.
1870 5168 1925 5235 7,
1961 5182 2092 5239 pag.

456 5258 603 5329 308),
636 5256 744 5313 hoc
775 5262 883 5323 est,
916 5257 1071 5313 sicut
1100 5256 1399 5314 nonnullis
1445 5258 1691 5328 videtur,
1725 5256 1972 5313 subdola
2005 5256 2109 5331 fu-I

454 5346 704 5402 rentium
739 5346 1240 5409 accusatione,sed
1277 5346 1737 5413 melius,crudeli
1768 5347 2090 5400 vexatione.

461 5436 539 5489 Ex
565 5444 770 5491 natura
798 5435 1022 5490 tandem
1052 5452 1150 5491 sua
1184 5437 1285 5508 ipsi
1330 5438 1498 5491 etiam
1542 5436 1829 5491 domestici
1927 5434 2094 5489 Chri-

458 5525 755 5579 tianorum
788 5524 1013 5595 (Ibid);
1058 5528 1257 5595 utpote
1305 5526 1403 5596 qui
1434 5524 1784 5580 conditionis
1835 5539 1951 5578 suae
1983 5522 2092 5579 im-

463 5612 768 5683 patientes,
802 5628 961 5669 more
990 5613 1160 5669 solito
1199 5614 1633 5670 insidiabantur
1661 5612 1915 5667 dominis
1945 5613 2092 5685 suis,

466 5697 680 5767 quibus
712 5715 918 5754 nocere
942 5716 1249 5771 nunquam
1284 5718 1398 5757 non
1430 5700 1898 5758 connitebantur.

2208 4728 2560 4798 respondere
2608 4733 2877 4800 poterant
2929 4730 3135 4785 horum
3211 4730 3525 4786 criminum
3575 4734 3759 4786 testes
3823 4748 3863 4786 a

2206 4816 2553 4871 Christianis
2574 4817 2819 4888 pecunia
2840 4823 2939 4874 aut
2961 4820 3224 4875 mercede
3245 4819 3425 4875 fuisse
3444 4835 3706 4891 unquam
3731 4836 3863 4875 cor-

2207 4910 2433 4976 ruptos.
2466 4904 2611 4960 Nam
2645 4928 2672 4955 «
2705 4905 2836 4977 quis
2868 4906 3007 4963 talia
3040 4908 3405 4979 facinora,ait
3427 4907 3861 4976 Tertullianus,

2206 5009 2341 5050 cum
2374 4994 2713 5062 invenisset,
2746 4994 2972 5063 celavit,
3008 5001 3107 5051 aut
3137 4997 3399 5052 vendidit
3428 4997 3591 5069 ipsos
3614 4995 3863 5054 trahens

2208 5081 2516 5137 homines?
2549 5104 2576 5131 »
2605 5082 2806 5153 (Idem,
2840 5086 3120 5156 Apologct.
3166 5102 3292 5156 cap.
3325 5086 3382 5155 7,
3417 5103 3476 5158 p.
3507 5085 3634 5153 308)
3657 5084 3711 5140 id
3743 5089 3863 5155 est,

2206 5171 2328 5227 ﬁeri
2363 5188 2476 5227 non
2511 5172 2720 5241 potuit,
2752 5178 2815 5228 ut
2866 5174 3135 5229 ethnicus
3188 5174 3405 5247 aliquis
3452 5174 3575 5230 haec
3606 5174 3720 5230 sibi
3755 5192 3861 5231 co-

2203 5260 2367 5333 gnita
2398 5260 2855 5317 Christianorum
2891 5262 3139 5319 crimina
3168 5268 3269 5319 aut
3299 5268 3507 5336 sponte
3538 5280 3644 5318 sua
3696 5261 3863 5319 cela-

2206 5352 2367 5415 verit,
2398 5356 2497 5406 aut
2529 5352 2665 5407 dum
2702 5352 3065 5410 Christianos
3096 5355 3164 5410 ad
3212 5356 3479 5425 judicum
3534 5353 3866 5411 tribunalia

2202 5441 2488 5507 trahebat,
2522 5439 2622 5496 illa
2654 5442 2838 5513 pretio
2880 5442 3075 5515 aliquo
3128 5444 3472 5509 vendiderit,
3507 5449 3563 5499 et
3592 5447 3732 5498 tunc
3767 5445 3862 5498 fa-

2202 5535 2331 5584 ctus
2364 5530 2439 5584 sit
2471 5531 2710 5586 omnino
2727 5532 3078 5589 mutus.Alio
3105 5538 3298 5588 autem
3326 5534 3379 5586 in
3405 5532 3554 5588 libro
3574 5531 3696 5587 haec
3717 5533 3861 5589 aliis

2202 5619 2327 5673 vide
2352 5635 2417 5674 ac
2450 5618 2791 5676 clarioribus
2823 5622 3032 5693 verbis,
3057 5622 3141 5678 sic
3172 5622 3471 5678 enuntiata
3497 5640 3510 5678 :
3541 5621 3602 5677 Si
3617 5625 3866 5694 praemio

2204 5708 2562 5779 impetramus
2605 5709 2677 5764 ab
2708 5709 2978 5781 ethnicis,
3031 5711 3345 5768 criminum
3394 5714 3734 5769 nostrorum
3770 5718 3861 5771 te-
