4162 6362
278 403 428 464 1113

1187 406 1256 465 D.
1309 411 1402 469 LE
1448 412 1776 473 NOURRY
1822 413 2465 474 OBSERVATIONES
2511 413 2769 473 ΝονιΕ.

3523 405 3681 466 HM

275 535 490 601 stibus,
521 553 590 592 ne
621 538 775 603 tales,
810 538 1015 609 quales
1048 539 1281 597 illorum
1326 558 1520 599 revera
1570 546 1806 614 conscii,
1862 548 1923 601 in
1952 550 2005 617 Α
2034 545 2275 602 lodorus
2306 547 2463 618 (chil.
2496 548 2551 617 7,
2584 564 2635 600 ν.
2667 547 2775 599 662
2812 547 2868 599 et
2898 545 3108 614 seqq).
3142 544 3486 613 Cynopenna:
3542 555 3677 595 vero

272 625 545 695 publicem
604 627 963 682 extrahamur
1017 646 1083 683 ac
1144 633 1624 705 condemnemur,
1680 652 1847 706 quare
1890 653 1922 691 a

275 717 507 769 nemine
566 717 819 770 accusati
871 722 926 771 et
971 720 1216 775 convicti
1276 726 1691 793 apprimimur?
1734 727 1924 781 Nonne

273 819 578 873 possumus,
612 806 904 875 corruptis
958 824 1100 863 auro
1152 812 1420 880 testibus,
1471 821 1525 867 et
1576 816 1799 869 omnino
1848 816 1919 869 ad

272 893 553 962 judicium
588 910 695 947 non
727 896 990 950 extrahi?
1022 899 1149 964 Quis
1179 902 1328 954 enim
1379 902 1921 972 proditionem,’_sive

272 982 721 1037 declarationem
782 988 837 1038 et
885 988 1315 1043 accusationem
1374 992 1574 1046 1018
1644 992 1918 1047 horrendi

272 1070 523 1141 alicujus
556 1073 843 1137 criminis.
872 1075 991 1129 sine
1018 1078 1250 1132 crimine
1304 1080 1439 1149 ipso,
1491 1082 1643 1151 quod
1696 1086 1920 1153 poterat

275 1160 346 1214 ab
379 1161 490 1215 alio
524 1162 843 1233 aliquando
875 1166 1113 1235 agnosci
1145 1172 1203 1221 et
1232 1169 1448 1239 puniri,
1483 1174 1583 1225 aut
1616 1172 1783 1226 testis
1817 1176 1919 1227 aut

265 1250 448 1319 judex
477 1252 680 1317 vendit,
714 1258 816 1307 aut
845 1255 1111 1321 conscius
1143 1256 1362 1312 redimit
1410 1260 1612 1329 (Idem,
1667 1261 1767 1316 lib.
1803 1279 1820 1315 ι
1850 1262 1920 1316 ad

274 1339 502 1394 Nation.
539 1357 662 1412 cap.
696 1343 748 1407 7,
785 1358 840 1411 p.
872 1344 1019 1413 568).

346 1445 576 1501 Nullius
599 1448 797 1519 itaque
817 1450 1151 1507 testimonio
1183 1454 1490 1524 probatum
1517 1473 1775 1528 unquam
1802 1458 1920 1512 fue-

274 1539 363 1590 rat
392 1534 754 1591 Christianos
782 1553 907 1593 reos
938 1557 1067 1595 esse
1096 1540 1305 1598 horum
1339 1543 1669 1600 criminum.
1704 1547 1918 1620 Ecquis

273 1624 429 1679 enim
463 1624 580 1690 illa,
615 1626 693 1679 uti
731 1636 893 1699 urget
939 1630 1358 1702 Tertullianus,
1411 1651 1671 1705 unquam
1731 1637 1921 1708 prodi-

274 1714 459 1769 disset
480 1713 502 1767 ?
524 1715 648 1769 Non
671 1715 783 1787 ipsi
807 1718 1045 1789 quidem
1085 1720 1420 1777 Christiani.
1454 1724 1508 1777 Si
1540 1724 1695 1779 enim
1726 1726 1917 1780 ethni-

274 1802 359 1858 cis
390 1820 557 1858 sacra
585 1821 693 1859 sua
720 1806 1120 1862 Samothracia
1169 1812 1225 1863 et
1272 1808 1567 1867 Eleusinia
1622 1814 1920 1871 declarare

2032 637 2089 691 in
2125 637 2478 708 quihusdam
2512 636 2683 691 editis
2716 633 3088 707 appellantur
3118 631 3390 703 Cyclopes.
3436 627 3494 682 in
3547 627 3677 683 aliis

2033 727 2417 797 Cynaphanes,
2466 727 2566 781 sed
2599 729 2800 781 contra
2850 721 3390 791 manuscriptorum
3443 720 3676 773 nostro-

2031 832 2160 869 rum
2194 817 2460 871 codicum
2493 814 2920 870 auctoritatem.
2945 810 3188 866 Vossius
3207 825 3340 864 vero
3362 806 3675 879 legendum

2031 910 2225 959 censet
2259 908 2611 976 Cynopanes,
2644 908 2837 959 Graece
2881 898 3196 968 κυνοπάνες,
3238 913 3411 953 canes
3442 893 3674 951 cornuti

2030 994 2219 1064 (Voss.
2254 996 2369 1049 Not.
2406 996 2465 1048 in
2522 994 2637 1047 Mcl.
2692 993 2791 1048 lib.
2849 1009 2911 1046 III
2958 992 3030 1046 de
3072 989 3193 1044 Situ
3241 987 3355 1043 orb.
3410 1002 3538 1055 cap.
3596 984 3675 1055 9).

2027 1083 2313 1138 Salmasio
2344 1088 2539 1138 tamen
2576 1082 2759 1153 placet
2790 1079 3125 1135 eorumdem
3150 1077 3417 1132 codicum
3450 1078 3675 1129 nostro-

2029 1189 2159 1229 rum
2196 1172 2362 1227 lectio
2405 1173 2750 1243 Cynopennae
2793 1187 2823 1225 a
2873 1170 3068 1224 Graeco
3114 1166 3287 1221 verbo
3335 1166 3671 1231 κυνοπεῖναι,

2028 1262 2196 1334 quasi
2256 1262 2486 1329 canina,
2546 1260 2755 1331 inquit,
2810 1260 2962 1314 fame
3004 1256 3338 1312 laborantes
3395 1252 3671 1325 (Salmas.

2028 1353 2146 1407 Not.
2179 1352 2237 1405 in
2268 1351 2441 1406 Salin.
2478 1366 2607 1421 pag.
2642 1349 2821 1419 1005).
2856 1349 3059 1403 1019
3092 1347 3262 1401 Recte
3311 1343 3549 1416 quidem
3599 1342 3672 1397 ad

2030 1442 2389 1513 propositum
2423 1438 2789 1503 Tertulliani,
2826 1438 2899 1492 ibi
2936 1434 3229 1508 loquentis
3260 1434 3331 1487 de
3389 1429 3673 1487 Christia-

2028 1532 2143 1599 nis,
2176 1531 2270 1601 qui
2296 1528 2470 1585 occisi
2504 1528 2742 1583 infantis
2776 1527 3049 1581 carnibus
3066 1524 3242 1593 vesci,
3267 1539 3333 1578 ac
3357 1521 3671 1593 plusquam

2028 1621 2237 1675 canina
2271 1620 2417 1674 fame
2445 1618 2711 1673 laborare
2740 1617 2810 1671 ab
2841 1614 3094 1671 ethnicis
3124 1612 3270 1669 falso
3308 1610 3671 1667 accusaban-

2028 1713 2142 1764 tur.
2177 1710 2284 1764 Sed
2317 1709 2552 1779 quinam
2587 1707 2643 1761 hi
2680 1706 2916 1775 fuerint,
2950 1704 3096 1760 scire
3145 1718 3352 1775 parum
3404 1700 3667 1754 interest.

2027 1799 2173 1853 Nam
2207 1799 2276 1852 de
2309 1796 2589 1852 monstris
2617 1798 2832 1850 Auctor
2862 1797 3060 1849 noster
3089 1790 3368 1862 loquitur,
3404 1805 3532 1861 quae
3565 1803 3667 1859 pe-

278 1892 441 1997 nlefzi‘s
461 1897 611 1997 erat,
641 1899 860 1965 quanto
894 1897 1077 1997 magis
1094 1898 1408 1955 Christiani
1440 1902 1637 1958 divina
1668 1921 1775 1959 sua
1797 1923 1917 1978 my-
1951 1933 1998 1997 Β
2029 1890 2187 1944 nitus
2220 1888 2353 1942 “om
2384 1903 2511 1942 333°
2542 1902 2744 1941 omnes
2776 1883 2928 1939 “ltro
2962 1882 3238 1937 fatentur'

275 1982 455 2037 steria
510 1981 749 2038 reticere
800 1985 1149 2041 tenebantur
1191 1989 1458 2059 (Tertull.
1509 1993 1753 2065 Apolog.,
1806 1995 1914 2052 loc.

276 2069 369 2125 cit.
397 2091 409 2138 ;
440 2076 497 2124 et
528 2070 630 2127 lib.
665 2090 682 2125 1
714 2073 784 2127 ad
811 2075 1030 2130 Nation.
1064 2092 1189 2148 cap.
1221 2080 1277 2147 7,
1310 2096 1438 2151 pag.
1472 2082 1596 2153 568)
1625 2082 1647 2137 ?
1680 2086 1736 2139 Si
1780 2103 1917 2159 ergo

274 2160 347 2213 ab
377 2159 522 2231 ipsis
554 2178 787 2217 summo
820 2164 1166 2233 tegebantur
1212 2166 1445 2225 silentio
1475 2188 1487 2224 :
1542 2195 1569 2220 ‹‹
1604 2172 1785 2243 Unde,
1829 2177 1917 2230 in-

274 2249 402 2319 quit
458 2250 876 2321 Tertullianus,
931 2256 1222 2310 extraneis
1290 2258 1631 2329 (gentilibus
1693 2268 1919 2337 eorum]

273 2338 500 2404 notitia,
537 2356 669 2395 cum
704 2358 937 2412 semper
965 2344 1139 2398 etiam
1175 2344 1279 2415 pia:
1304 2346 1662 2406 initiationes
1685 2360 1921 2409 arceant

274 2428 571 2497 profanos,
616 2433 674 2483 et
721 2430 957 2485 arbitris
1007 2439 1262 2504 careant,
1325 2436 1439 2491 nisi
1500 2438 1665 2511 impii
1726 2442 1923 2499 minus

277 2521 606 2570 metuunt»
669 2518 832 2589 (Idid.
885 2519 993 2575 loc.
1049 2521 1220 2592 cit.)?
1268 2524 1331 2579 In
1389 2530 1602 2584 nostris
1663 2531 1922 2589 melioris

276 2610 427 2660 notas
504 2606 804 2662 codicibus
899 2625 1076 2665 manu
1155 2616 1440 2683 exaratis,
1516 2622 1570 2673 et
1629 2619 1922 2693 plerisque

278 2695 541 2766 antiquis
625 2697 981 2753 editionibus
1082 2700 1356 2772 legimus,
1463 2709 1630 2763 etiam
1734 2713 1924 2783 impize

276 2786 650 2841 initiationes.
715 2786 829 2842 Nec
905 2789 1149 2845 forsitan
1228 2792 1397 2850 male.
1477 2797 1621 2853 Nam
1695 2800 1919 2857 Tertul-

272 2872 469 2928 lianus
501 2891 532 2928 a
568 2874 797 2943 minori,
833 2880 893 2930 ut
924 2878 1108 2945 aiunt,
1142 2881 1213 2934 ad
1249 2884 1443 2952 majus
1475 2886 1563 2939 aic
1608 2904 1920 2959 argumen-

273 2964 381 3017 tari
444 2964 669 3033 potuit:
730 2965 789 3019 Si
845 2966 1036 3037 impiae
1111 2969 1481 3029 ethnicorum
1562 2976 1920 3036 initiationes

274 3050 445 3106 celari
482 3053 712 3121 debent,
745 3060 966 3124 quanto
999 3057 1186 3128 magis
1214 3076 1389 3114 sacra:
1421 3067 1479 3117 et
1508 3064 1615 3135 piae
1647 3066 1922 3124 Christia-

277 3157 487 3195 norum
522 3141 636 3196 nisi
692 3142 858 3214 impii
914 3145 1162 3215 gentiles
1207 3164 1306 3203 eas
1352 3150 1672 3223 vulgando,
1724 3157 1920 3213 minus

277 3229 413 3299 sibi,
448 3248 624 3302 quam
656 3231 966 3287 Christiani
1004 3238 1316 3291 metuant?

349 3342 534 3393 Instat
593 3338 786 3394 adhuc
846 3346 1063 3396 Auctor
1110 3349 1327 3413 noster,
1379 3353 1554 3420 atque
1598 3350 1719 3407 haec
1765 3370 1922 3409 exse-

278 3428 495 3481 cranda
524 3426 744 3483 scelera
774 3446 807 3483 a
838 3430 1071 3486 nemine
1103 3449 1206 3487 nec
1238 3440 1579 3506 perpetrari,
1612 3457 1717 3495 nec
1768 3443 1925 3498 credi

278 3532 449 3586 posse
478 3516 587 3571 hoc
618 3524 964 3589 argumento
997 3521 1399 3579 demonstrat:
1435 3526 1784 3585 Christianis
1833 3533 1926 3602 pie

277 3606 608 3661 viventibus
639 3607 838 3663 futura
873 3613 1002 3680 post
1032 3610 1183 3666 hanc
1214 3613 1389 3669 vitam
1424 3616 1595 3672 beata
1629 3622 1924 3677 aeternitas

278 3695 745 3776 promittebatur.
809 3703 882 3753 At
931 3700 1023 3754 cui
1074 3718 1336 3772 unquam
1399 3706 1752 3780 Christiano,
1826 3714 1927 3766 aut

275 3784 607 3841 Christiana
624 3787 901 3858 religione
923 3789 1233 3858 initiando,
1256 3797 1591 3863 persuaderi
1613 3797 1924 3869 aliquando

279 3874 466 3945 potuit
496 3878 583 3930 tot
606 3878 907 3948 tantisque
938 3878 1258 3935 sceleribus
1291 3900 1416 3938 eam
1470 3903 1641 3955 posse
1688 3904 1925 3961 compa-

278 3964 434 4018 rari?
465 3964 762 4034 Numquid
791 3964 889 4018 ulli
924 3968 1103 4021 etiam
1136 3986 1382 4024 summae
1414 3975 1779 4032 auctoritatis
1802 3978 1924 4035 viro

280 4052 400 4106 haec
432 4052 667 4122 dicenti,
701 4052 788 4107 vel
838 4054 886 4108 si
936 4056 1022 4109 vis
1063 4057 1311 4128 juranti,
1365 4078 1432 4115 ne
1481 4080 1634 4119 unus
1685 4068 1923 4136 quidem

282 4139 544 4211 gentilis,
564 4157 677 4195 non
701 4141 939 4197 omnino
964 4143 1421 4212 insanus,lidem
1445 4158 1642 4220 posset
1663 4171 1924 4225 unquam

277 4229 510 4299 habere,
571 4246 636 4284 ac
680 4234 800 4284 tam
852 4231 1006 4285 facili
1055 4236 1418 4307 credulitate,
1462 4244 1578 4295 tam
1630 4245 1927 4300 atrocibus

278 4318 644 4389 coinquinari
671 4319 909 4391 ﬂagitiis
936 4320 963 4374 ?
991 4323 1166 4392 Atqui
1202 4324 1251 4379 si
1282 4326 1496 4383 ethnici
1532 4329 1653 4385 haec
1677 4349 1781 4387 nec
1804 4350 1925 4388 cre-

194 4431 197 4434 ⁴
274 4408 411 4462 dere
444 4424 546 4463 nec
577 4413 911 4479 perpetrare
941 4418 1209 4480 possunt,
1256 4422 1473 4485 quanto
1523 4421 1711 4491 magis
1770 4420 1929 4476 Chri-

275 4496 476 4566 stiani,
510 4514 760 4568 quorum
796 4514 910 4552 non
942 4497 1057 4554 alia
1084 4506 1189 4569 est,
1228 4520 1407 4574 quam
1439 4513 1780 4565 casterorum
1823 4511 1926 4565 h0-

278 4588 503 4641 minum
544 4591 753 4641 natura
811 4587 1072 4658 (Tertull.
1120 4593 1396 4663 Apologet.
1445 4613 1570 4668 cap.
1605 4598 1658 4668 8,
1694 4616 1749 4670 p.
1800 4601 1926 4669 312,

2099 1995 2245 2061 Quid
2279 2010 2433 2065 ergo,
2466 1994 2693 2065 inquiet
2722 1990 2958 2062 aliquis,
2993 1987 3278 2059 numquid
3312 1990 3369 2042 et
3398 1985 3490 2041 his
3514 1984 3673 2040 simi-

2026 2084 2106 2141 lia
2137 2090 2400 2139 monstra
2430 2083 2655 2156 putavit
2683 2082 2990 2153 antipodas
3011 2080 3039 2133 ?
3067 2081 3139 2134 At
3168 2077 3391 2133 nullam
3436 2074 3673 2130 illorum

2028 2175 2091 2230 in
2123 2175 2478 2245 Apologetico,
2514 2173 2612 2228 sed
2643 2171 2701 2225 in
2733 2170 2881 2225 libro
2913 2172 3141 2224 tantum
3180 2167 3250 2221 ad
3280 2168 3536 2222 Nationes
3592 2162 3675 2218 le-

2028 2265 2183 2336 gitur
2213 2264 2417 2319 fecisse
2448 2262 2825 2317 mentionem.
2859 2260 3061 2314 Nonne
3088 2262 3285 2313 autem
3318 2256 3397 2310 ibi
3448 2271 3547 2310 eos
3574 2269 3677 2307 no-

2035 2354 2297 2420 minavit,
2331 2352 2468 2423 quia
2500 2352 2644 2422 ipse,
2678 2352 2833 2406 sicut
2862 2349 2961 2404 alii
2996 2348 3213 2420 plures,
3274 2344 3412 2400 alibi
3446 2362 3479 2399 a
3509 2342 3680 2398 nobis

2033 2442 2307 2516 appellati
2338 2443 2650 2512 (Dissertat.
2686 2442 2743 2495 in
2776 2442 3023 2494 Lactant.
3060 2454 3185 2508 cap.
3217 2436 3308 2503 21,
3340 2438 3450 2489 art.
3480 2432 3558 2504 6),
3619 2431 3679 2485 in

2034 2533 2298 2587 animum
2332 2531 2684 2585 induxerant
2716 2528 2907 2583 nullos
2948 2543 3075 2582 esse
3137 2542 3306 2597 posse
3349 2521 3677 2592 antipodes,

2033 2620 2147 2674 nisi
2181 2617 2462 2683 adversis,
2520 2617 2604 2672 uti
2652 2616 2906 2683 aiebant,
2956 2613 3218 2685 vestigiis
3259 2607 3682 2666 ambularent?

2033 2710 2230 2780 Neque
2262 2712 2415 2763 certe
2446 2706 2613 2761 aliter
2643 2723 2816 2778 quam
2850 2709 3114 2761 monstra
3162 2707 3217 2757 et
3265 2700 3393 2755 falsi
3445 2698 3683 2769 fictique

2034 2798 2301 2853 homines
2334 2800 2405 2852 ab
2439 2796 2537 2851 illo
2570 2796 2731 2851 hisce
2762 2796 2948 2851 verbis
2981 2792 3373 2865 exploduntur
3401 2806 3414 2843 ε
3446 2789 3530 2844 vel
3562 2786 3682 2842 ali-

2034 2890 2129 2960 qui
2158 2887 2223 2941 de
2250 2888 2608 2942 subterranea
2638 2889 2811 2941 terra.
2872 2884 3064 2939 lnstar
3108 2883 3423 2953 fungorum
3473 2876 3679 2946 exorti,

2033 2977 2131 3047 qui
2166 2975 2362 3045 aliam,
2395 2992 2561 3047 quam
2594 2981 2756 3029 terra:
2803 2977 3013 3027 nostrae
3062 2968 3352 3038 homines,
3404 2969 3677 3021 naturam

2033 3065 2345 3119 habebant.
2381 3068 2596 3118 Verum
2630 3064 2701 3118 ab
2724 3063 2933 3117 horum
2968 3060 3334 3128 aliorumque
3383 3057 3678 3110 monstro-

2033 3170 2163 3208 rum
2223 3152 2448 3208 feritate
2496 3152 2667 3223 longe
2719 3152 2962 3206 aberant
3007 3146 3343 3210 Christiani,
3390 3143 3491 3215 qui
3545 3141 3678 3197 aliis

2031 3242 2372 3297 hominibus
2396 3242 2611 3297 nostris
2633 3258 2697 3297 eo
2716 3246 2945 3295 tantum
2968 3235 3285 3292 dissimiles
3314 3237 3498 3303 erant,
3522 3231 3679 3303 quod

2036 3332 2168 3388 illos
2226 3332 2590 3386 humanitate
2638 3334 2696 3385 et
2742 3330 3024 3384 charitate
3074 3326 3441 3396 superarent.
3512 3321 3677 3375 Nun-

2034 3438 2210 3493 quam
2243 3438 2380 3493 ergo
2412 3420 2535 3491 cogi
2573 3422 2911 3491 potuerunt,
2946 3420 3009 3471 ut
3039 3414 3299 3487 qualibet
3330 3410 3567 3484 pietatis
3625 3412 3684 3463 et

2034 3510 2335 3584 religionis
2380 3510 2571 3583 specie
2630 3507 2874 3563 infantis
2923 3523 2956 3561 a
3003 3522 3066 3560 se
3112 3503 3286 3559 occisi
3337 3500 3684 3556 manderent

2034 3617 2263 3667 carnes,
2296 3618 2361 3655 ac
2395 3604 2597 3672 postea
2654 3599 2898 3669 stupris,
2958 3593 3266 3651 adulteriis
3323 3595 3382 3647 et
3440 3586 3681 3644 incestis

2034 3691 2601 3746 contaminarentur.

2105 3798 2265 3852 Caeca
2296 3801 2489 3851 tamen
2523 3794 2911 3850 obstinatione
2945 3789 3196 3865 perculsi
3229 3787 3475 3861 gentiles
3508 3800 3682 3857 urge-

2034 3887 2175 3942 bant
2210 3886 2453 3941 nimium
2488 3883 2744 3939 credulis
2771 3888 2871 3938 aut
2907 3880 3280 3945 Christianis,
3328 3881 3428 3932 aut
3471 3875 3681 3930 saltem

2034 3974 2092 4029 in
2118 3992 2317 4031 eorum
2346 3974 2628 4046 religione
2647 3970 3311 4045 tyronibusimpositum
3340 3971 3396 4021 et
3416 3965 3680 4019 illusum.

2034 4066 2138 4120 Sed
2174 4064 2317 4118 nihil
2350 4063 2606 4135 ineptius
2635 4063 3068 4131 absurdiusque
3092 4059 3230 4129 tingi
3257 4058 3500 4129 poterat.
3527 4051 3688 4108 Chri-

2036 4154 2245 4208 stianis
2277 4154 2566 4224 siquidem
2604 4168 2729 4205 mos
2760 4155 2904 4218 erat,
2938 4154 3003 4203 ut
3048 4145 3315 4202 initiandi
3348 4161 3378 4198 α
3410 4145 3566 4214 patre
3593 4156 3683 4196 sa-

2035 4259 2274 4311 crorum,
2307 4242 2363 4295 id
2397 4246 2483 4296 est
2524 4241 2817 4312 episcopo,
2871 4242 2971 4293 aut
3017 4237 3215 4307 aliquo
3266 4235 3394 4305 ejus
3444 4230 3680 4297 vicario,

2038 4348 2104 4386 ea
2134 4332 2502 4399 docerentur,
2536 4330 2753 4400 quibus
2785 4328 2854 4382 ad
2889 4327 3089 4381 eadem
3124 4340 3290 4379 sacra
3348 4319 3681 4392 praeparari,

2036 4420 2123 4475 vel
2159 4436 2287 4492 quae
2318 4420 2375 4474 in
2416 4419 2534 4474 illis
2584 4417 2675 4489 agi
2730 4418 3025 4472 deberent.
3077 4416 3199 4478 Qua
3248 4417 3441 4467 autem
3495 4410 3683 4463 fronte

2037 4507 2371 4580 episcopus,
2404 4511 2507 4561 aut
2536 4504 2730 4576 quivis
2778 4503 2930 4558 alius
2980 4501 3168 4574 tyroni
3216 4498 3303 4555 vel
3346 4496 3680 4553 Christiano

2038 4597 2313 4653 dixisset:
2347 4596 2492 4649 Cum
2527 4596 2595 4649 ad
2644 4610 2841 4649 saeras
2889 4608 3137 4663 synaxes
3184 4587 3436 4651 veneris,
3487 4586 3681 4655 infans

275 4681 332 4732 et
364 4678 466 4733 lib-
504 4695 542 4746 Ι,
576 4678 653 4731 ad
702 4678 929 4733 Nation.
983 4695 1110 4750 cap.
1159 4682 1212 4751 7,
1264 4701 1320 4754 p.
1370 4686 1500 4753 569)
1520 4688 1548 4741 ’ἲ
1596 4688 1720 4743 Non
1769 4690 1924 4745 enim
1959 4676 2006 4738 Ι)
2036 4688 2138 4742 tibi
2172 4685 2560 4751 necessarius,
2594 4684 2771 4739 adhuc
2800 4691 2969 4747 tener,
3029 4683 3125 4751 qui
3170 4680 3376 4735 nesciat
3426 4680 3678 4745 mortem,

275 4775 412 4823 sunt
444 4768 782 4839 Cycopennae
802 4776 898 4822 aut
937 4768 1243 4840 Sciapodes,
1282 4773 1469 4845 inquit
1502 4778 1920 4847 Tertullianus,

276 4856 418 4923 sive,
442 4862 504 4912 ut
526 4857 584 4910 in
604 4857 717 4911 alio
739 4855 910 4926 libro,
937 4858 1272 4930 Cycopennw
1292 4864 1470 4936 aliqui
1499 4869 1581 4921 vel
1609 4870 1922 4940 Sciapodes,

275 4945 365 4999 vel
393 4948 575 5018 aliqui
602 4946 667 5001 ile
695 4948 1052 5002 subterranea
1083 4951 1373 5021 Aniiporles
1406 4954 1607 5025 (Idem.
1660 4958 1769 5013 loc.
1823 4960 1920 5014 cit.

276 5052 332 5106 p.
365 5036 470 5089 312
500 5041 555 5089 et
583 5036 729 5106 569).
762 5035 939 5090 Primi
973 5042 1190 5106 autem,
1224 5042 1271 5095 si
1304 5046 1526 5115 Ctesizs,
1586 5063 1760 5117 quem
1816 5048 1924 5102 Pli-

278 5123 412 5179 nius
442 5124 601 5188 citat,
655 5126 801 5180 lides
844 5126 940 5193 sit,
975 5150 1000 5174 «
1036 5127 1342 5200 Monocoli,
1394 5133 1588 5205 inquit
1635 5138 1923 5192 vocaban-

274 5221 389 5283 tur,
426 5215 679 5287 singulis
709 5214 982 5268 cruribus
1014 5215 1173 5270 mirae
1195 5220 1555 5289 pernicitatis
1577 5225 1647 5280 ad
1672 5225 1920 5295 saltum;

274 5305 627 5375 eosdemque
657 5302 966 5373 Sciapodes
1006 5306 1195 5358 vocari
1230 5311 1383 5377 quod
1419 5311 1474 5365 in
1513 5314 1721 5384 majori
1781 5322 1923 5371 mstu

274 5394 437 5449 humi
463 5396 731 5465 jacentes
768 5392 1047 5461 resupini,
1092 5396 1301 5451 umbra
1334 5416 1393 5454 se
1428 5403 1695 5472 pedum»
1730 5411 1921 5476 ρι-οιθ-

274 5491 415 5557 gant
445 5484 615 5554 (Plin.
651 5481 749 5536 lib.
801 5498 878 5535 vu
927 5483 1118 5537 Natur.
1169 5488 1305 5542 Ilist.
1359 5507 1485 5561 cap.
1540 5493 1593 5562 2,
1647 5510 1776 5564 pag.
1814 5495 1919 5564 11).

277 5580 352 5628 De
406 5574 499 5627 his
561 5578 755 5627 autem
810 5571 1043 5625 Solinus
1108 5574 1400 5647 (Polyhist.
1456 5597 1580 5651 cap.
1641 5584 1733 5651 52,
1790 5600 1920 5655 pag.

275 5662 387 5730 80),
420 5662 783 5731 Augustinus
816 5660 941 5732 (lib.
974 5679 1089 5729 XVI,
1121 5664 1185 5719 de
1216 5667 1377 5722 Civil.
1412 5687 1538 5741 cap.
1571 5674 1625 5738 8,
1660 5690 1715 5744 p.
1775 5674 1922 5744 422),

276 5751 488 5807 Suidas
522 5753 615 5823 (ad
648 5768 700 5823 ν,
736 5746 1083 5824 Σκιάποδες),
1128 5758 1184 5808 et
1231 5760 1383 5828 apud
1436 5761 1695 5819 Tzetsem
1745 5763 1923 5835 Apol—

2033 4779 2129 4850 qui
2155 4777 2254 4831 sub
2284 4776 2460 4830 cultro
2493 4778 2604 4840 tuo,
2639 4790 2752 4843 quo
2783 4771 2946 4825 illum
2967 4769 3289 4842 jugulabis,
3312 4767 3528 4822 rideat:
3552 4766 3681 4819 item

2030 4870 2211 4939 panis,
2238 4882 2341 4937 quo
2362 4865 2652 4934 sanguinis
2674 4862 3092 4933 jurenlentiam,
3130 4858 3215 4913 vel
3240 4857 3449 4913 melius
3482 4854 3595 4910 alio
3618 4854 3678 4909 in

2034 4958 2203 5025 libro,
2235 4956 2429 5009 rudem
2458 4954 2786 5021 sanguinem
2817 4952 3041 5021 colligas
3087 4948 3353 5020 (Tertull.
3404 4946 3677 5016 Apologct.

2034 5062 2161 5116 cap.
2196 5046 2250 5110 8,
2285 5059 2414 5115 pag.
2449 5041 2574 5110 313,
2627 5045 2682 5095 et
2738 5040 2839 5094 lib.
2892 5056 2909 5093 ι
2954 5039 3031 5094 ad
3069 5040 3322 5103 Nation.,
3374 5051 3498 5104 cap.
3531 5033 3588 5101 7,
3621 5048 3676 5102 p.

2031 5136 2179 5205 569).
2213 5131 2538 5188 Necessarii
2570 5146 2803 5201 quoque
2829 5144 3023 5193 canes,
3056 5128 3157 5199 qui
3210 5129 3342 5197 post
3387 5122 3677 5193 objectam

2034 5225 2272 5281 offulam
2306 5223 2531 5278 lumina
2558 5222 2917 5292 extinguant,
2961 5236 3027 5274 ac
3056 5218 3291 5273 tandem
3350 5209 3680 5269 necessaria

2035 5332 2198 5371 soror
2223 5318 2278 5369 et
2311 5318 2497 5368 mater
2526 5317 2649 5377 tua,
2676 5310 2891 5381 quibus
2924 5308 3134 5363 mediis
3160 5308 3218 5360 in
3265 5301 3521 5360 tenebris
3551 5304 3677 5354 stu-
3746 5348 3769 5361 ,,

2034 5424 2203 5478 prum
2240 5406 2449 5458 afferas
2476 5405 2497 5455 Ρ
2521 5402 2629 5456 Sed
2662 5401 2754 5454 dic
2788 5399 2978 5466 nobis,
3009 5414 3225 5467 quaeso,
3259 5394 3474 5467 quibus
3516 5389 3676 5445 auri-

2036 5497 2145 5550 bus
2169 5490 3049 5565 quilibctChristianus,auttyro
3066 5488 3182 5541 hinc
3196 5487 3399 5541 audire
3416 5480 3675 5555 poterat?

2034 5583 2327 5654 Numquid
2364 5583 2489 5636 sine
2522 5578 2804 5633 horrore?
2830 5578 3032 5632 Nonne
3064 5576 3265 5632 saltem
3296 5575 3455 5646 leges
3490 5570 3676 5627 vereri

2035 5676 2305 5741 debebat,
2338 5673 2575 5742 quibus,
2609 5673 2673 5723 ut
2714 5672 2911 5722 monet
2960 5669 3175 5738 Cicero,
3227 5669 3465 5720 cantum
3510 5665 3671 5717 erat:

2037 5785 2065 5813 ‹‹
2098 5766 2392 5819 Incestum
2426 5760 2727 5833 pontiﬁces
2759 5774 3033 5829 supremo
3065 5755 3352 5829 supplicio
3396 5751 3676 5810 sanciun-
