4162 6410
456 394 614 458 illa

981 397 1504 458 TERTULLIANI
1548 366 1872 460 OPEltUM
1917 399 2117 458 pass
2162 395 2312 456 1.-
2339 395 2612 456 SERIES
2657 395 2707 467 1,
2755 394 3323 456 APOLOGETICA.

3700 394 3874 454 Hi6

457 536 514 588 to
547 554 575 582 n
606 533 810 598 (Cicer.
843 531 942 588 lib.
976 547 1017 587 ιι
1064 531 1128 587 de
1175 533 1355 602 Legib.
1411 547 1466 604 p.
1514 532 1642 597 335,
1696 531 1801 587 lin.
1858 531 1992 604 15)?
2033 531 2093 588 Si
2123 531 2176 598 Α
2277 529 2756 601 proconsulatum
2785 527 3020 595 Tiberii,
3041 527 3431 604 immolabant,
3455 527 3712 604 hancque
3729 545 3867 584 mo-

453 636 585 674 vero
618 619 768 674 hanc
798 635 1026 692 prunam
1060 619 1261 675 fraude
1289 619 1374 676 vel
1407 621 1752 676 auctoritate
1784 620 2093 692 (Christia-

455 724 661 762 norum
681 707 845 763 vitari
875 724 1046 778 posse
1067 708 1484 777 arbitrabatur,
1504 710 1796 780 quomodo
1818 711 1889 765 ab
1910 709 2098 765 ethni-

456 796 540 851 cis
559 797 862 868 judicibus
893 797 1310 868 interrogatus,
1342 797 1765 854 crudelioribus
1786 798 2094 854 tormentis

453 885 699 940 cruciari
730 889 787 940 et
817 884 999 940 occidi
1036 885 1311 954 malebat,
1347 901 1522 957 quam
1555 887 1692 952 haec,
1720 887 1934 958 quibus
1956 903 2094 943 con-

454 973 698 1029 scientia
729 973 959 1044 penitus
993 979 1298 1046 repugnat,
1333 974 1576 1030 crimina
1609 976 1772 1031 fateri
1802 994 1815 1042 ;
1867 975 2094 1030 Nemini

456 1061 628 1133 plane
660 1062 787 1117 sani
819 1062 1026 1133 capitis
1057 1062 1279 1118 homini
1310 1062 1428 1118 haec
1457 1063 1760 1120 credibilia
1789 1068 1949 1130 sunt,
1993 1069 2096 1120 aut

455 1150 576 1205 ﬁeri
610 1167 870 1222 unquam
906 1151 1167 1222 potuisse
1195 1152 1664 1222 persuadebitur.

525 1241 832 1295 lnstabant
860 1239 1107 1311 gentiles
1139 1256 1200 1295 se
1233 1240 1385 1296 fama
1413 1241 1688 1296 didicisse
1735 1241 2091 1298 Christianos

455 1344 584 1384 esse
614 1344 812 1384 revera
844 1329 1212 1401 praefatorum
1245 1329 1529 1385 scelerum
1559 1331 1842 1386 conscios.
1888 1334 1961 1385 At
2005 1331 2094 1385 in-

456 1417 619 1472 sulsa
649 1434 909 1488 prorsus,
943 1419 1254 1490 respondet
1281 1417 1700 1487 Tertullianus,
1726 1424 1783 1474 et
1808 1419 1988 1475 futilis
2009 1424 2098 1476 est

456 1507 662 1562 1020
704 1507 825 1562 haec
873 1507 1175 1578 responsio
1225 1507 1486 1575 (Tertull.
1539 1509 1810 1580 Apologet.
1863 1526 1990 1580 cap.
2039 1512 2093 1577 7,

454 1611 510 1667 p.
545 1595 668 1662 309,
701 1599 758 1650 et
785 1594 888 1650 lib.
921 1597 1041 1651 Iad
1090 1597 1312 1651 Nalion.
1345 1610 1472 1667 cap.
1500 1597 1558 1662 7,
1610 1614 1740 1669 pag.
1789 1598 1937 1668 566).
1987 1602 2097 1654 Ne-

454 1700 590 1756 gare
619 1684 915 1764 enim'non
949 1688 1219 1754 poterant
1249 1700 1449 1739 verum
1481 1701 1630 1752 esse,
1663 1686 1816 1757 quod
1841 1686 2096 1743 celeber—

456 1772 643 1827 rimus
677 1775 844 1844 poeta
875 1772 1089 1828 cecinit
1120 1791 1132 1827 :

581 1871 743 1920 Fama
771 1871 969 1920 malum
999 1883 1104 1933 quo
1127 1883 1235 1920 non
1260 1871 1404 1920 aliud
1436 1871 1672 1921 velocius
1691 1872 1879 1922 ullum.

1078 1941 1275 2004 (Virgil.
1309 1943 1402 1991 lib.
1432 1957 1482 1992 1v
1510 1942 1713 1994 rEneid.
1744 1945 1946 2006 v.17i.)

460 2042 635 2094 Fama
664 2038 818 2093 enim
851 2039 931 2094 rei
961 2043 1188 2095 tantum
1222 2041 1449 2095 incerta:
1494 2057 1706 2096 nomen
1755 2046 1864 2109 est,
1913 2058 2098 2115 eaque

459 2126 780 2197 saepissime
810 2129 1016 2195 oritur,
1048 2133 1146 2184 aut
1178 2129 1403 2199 ingenio
1423 2130 1833 2199 minutationis,
1865 2131 1984 2186 sive
2005 2133 2094 2187 in-

458 2215 633 2283 vidia,
665 2219 763 2270 aut
794 2216 1028 2272 arbitrio
1057 2219 1409 2289 suspicionis,
1445 2234 1545 2274 seu
1581 2219 1915 2290 suspicione
1962 2237 2097 2293 gra-

457 2303 535 2358 tis
564 2305 830 2371 conﬁcta,
863 2308 961 2360 aut
988 2305 1295 2361 mentiendi
1313 2307 1608 2377 voluptate.
1639 2307 1779 2362 Tam
1814 2308 1966 2364 malo
1991 2309 2097 2379 igi-

459 2396 560 2448 tur
605 2410 672 2448 ex
728 2393 1034 2466 principio,
1086 2399 1258 2466 atque
1301 2412 1368 2450 ex
1417 2397 1594 2451 unius
1666 2397 1949 2453 duntaxat
2003 2415 2101 2454 ore

463 2487 682 2550 exorta,
716 2482 1060 2554 plerumque
1091 2485 1393 2551 mentitur,
1427 2488 1528 2539 aut
1557 2485 1605 2539 si
1645 2485 1785 2556 quid
1832 2486 1951 2541 veri
2002 2503 2104 2542 un-

465 2587 641 2642 quam
675 2571 985 2642 renuntiat,
1019 2571 1105 2628 vel
1154 2577 1278 2627 tum
1328 2572 1544 2643 aliquid
1603 2573 1823 2644 adjicit,
1872 2573 1956 2628 vel
2008 2576 2102 2630 de-

467 2659 670 2724 trahit,
700 2659 786 2714 vel
818 2659 1112 2716 immutat.
1144 2661 1388 2716 Tamdiu
1436 2677 1570 2716 vero
1614 2662 1787 2734 viget,
1837 2665 2100 2734 quandiu

467 2746 612 2802 nihil
645 2748 872 2819 probat.
907 2748 1013 2803 Ubi
1055 2749 1210 2805 enim
1261 2765 1351 2805 res
1401 2750 1644 2820 probata
1691 2756 1799 2821 est,
1849 2757 1989 2807 tunc
2035 2770 2101 2809 eo

467 2836 594 2906 ipso
625 2835 725 2890 illa
774 2841 963 2892 cessat
1007 2841 1063 2892 et
1111 2837 1344 2893 excidit.
1395 2837 1599 2893 Merito
1650 2839 1829 2911 igitur
1873 2841 1963 2895 vir
2008 2858 2101 2898 sa-

466 2924 630 2996 piens
662 2923 882 2980 nullam
915 2924 1002 2981 illi
1037 2926 1208 2981 ﬁdem
1251 2925 1444 2995 habet,
1498 2926 1682 2982 multo
1732 2929 1920 3000 magis
1968 2946 2101 2984 cum

464 3013 594 3086 ipsa
623 3014 747 3070 sola
777 3013 950 3070 index
980 3019 1038 3071 et
1067 3015 1274 3072 nuntia
1305 3020 1395 3072 est
1425 3016 1708 3072 scelerum
1741 3035 1981 3090 prorsus
2001 3036 2102 3074 oc-

465 3102 780 3174 cultorum,
813 3119 940 3175 quae
970 3120 1138 3160 nemo
1173 3105 1384 3159 mentis
1407 3121 1523 3160 suae
1545 3122 1783 3178 compos
1805 3107 1980 3163 homo
2003 3114 2105 3164 aut

462 3195 799 3265 perpetrare
828 3192 1022 3259 audet,
1055 3197 1157 3247 aut
1195 3197 1408 3264 potest.
1456 3199 1572 3250 Nos
1614 3211 1747 3250 vero
1776 3196 1923 3264 {alibi
1978 3197 2102 3251 ani-

2276 599 2391 657 rem
2418 606 2627 658 secreto
2663 617 3071 673 perseverasse;
3119 603 3339 656 tametsi
3369 599 3631 673 ,Saturni
3664 617 3868 656 sam-

2274 673 2420 728 dotes
2450 675 2511 730 in
2568 672 2857 728 arboribus
2913 673 3108 744 ternpli
3161 673 3278 742 ejus
3327 672 3867 738 obumbratricibus,

2273 750 2419 872 zezte
2451 744 2662 869 mtilitia
2694 744 2890 817 patriis
2920 750 3153 809 nostras,
3184 746 3452 815 suspensi,
3468 761 3659 816 pinnas
3678 750 3870 800 morte

2309 834 2338 872 e
2375 833 2498 872 erin
2527 858 2540 870 .

2273 975 2427 1031 Nihil
2459 990 2600 1030 sane
2625 973 3033 1046 impudentius
3063 973 3378 1045 excogitari
3410 975 3620 1045 potest,
3670 989 3864 1045 quam

2203 1063 2386 1120 alium
2445 1063 2777 1136 gravissimi
2829 1062 3094 1118 criminis
3139 1062 3284 1118 falso
3335 1078 3628 1131 accusare,
3678 1063 3866 1132 cujus

2205 1153 2456 1225 ipsemet
2483 1157 2788 1210 accusator
2807 1169 2942 1208 reus
2979 1169 3108 1208 esse
3138 1151 3328 1223 palam
3361 1151 3745 1207 convincitur.
3779 1157 3868 1205 At

2205 1242 2352 1300 tales
2383 1247 2580 1298 tamen
2613 1246 2779 1298 erant
2807 1241 3049 1307 ethnici,
3080 1241 3179 1312 qui
3212 1241 3574 1296 Christianos
3603 1240 3864 1296 infanti-

2204 1333 2340 1390 cidii
2397 1337 2454 1388 et
2509 1333 2768 1388 incestus
2827 1330 3338 1403 impudentissime
3405 1330 3864 1402 redarguebant.

2204 1424 2350 1478 Nam
2380 1422 2488 1478 hoc
2523 1422 2714 1493 ipsum
2747 1424 2854 1489 est,
2889 1420 3059 1476 sicuti
3092 1421 3326 1476 eosdem
3346 1419 3754 1491 compellando
3775 1419 3866 1473 ait

2203 1511 2622 1582 Tertullianus,
2683 1513 2879 1568 1021
2939 1527 3042 1582 per
3088 1511 3241 1581 quod
3302 1512 3540 1581 forsitan
3589 1509 3654 1565 de
3698 1511 3868 1564 nobis

2204 1602 2522 1657 credidistis
2569 1601 2684 1657 alia
2722 1599 2988 1668 (Tertull.
3036 1600 3251 1670 Apolog.
3305 1615 3434 1670 cap.
3485 1597 3540 1667 9,
3595 1615 3654 1668 p.
3700 1598 3861 1668 314),

2207 1708 2333 1762 quae
2362 1689 2788 1758 recensuimus,
2831 1688 3003 1761 longe
3058 1687 3326 1760 graviora
3371 1686 3589 1743 scelera
3617 1703 3652 1742 a
3683 1686 3865 1742 nobis

2207 1779 2546 1850 perpetrari.
2577 1778 2682 1833 Sed
2716 1776 2984 1832 consulto
3016 1777 3094 1832 ibi
3127 1777 3342 1846 adjecit
3390 1777 3663 1846 forsitan:
3716 1775 3865 1846 quia

2129 1899 2176 1964 B
2208 1865 2380 1936 paulo
2413 1870 2547 1920 ante
2594 1865 2818 1920 dixerat
2863 1865 3006 1919 adeo
3037 1863 3256 1919 atrocia
3287 1878 3416 1963 esse
3459 1862 3562 1964 illa
3607 1861 3859 1964 scelera,

2207 1971 2457 2025 quorum
2489 1953 2854 2009 Christianos
2879 1953 3223 2023 arguebant,
3256 1956 3322 2006 ut
3347 1951 3440 2006 vix
3471 1952 3544 2006 ab
3574 1951 3694 2006 ullo
3747 1951 3857 2006 ho-

2208 2044 2365 2099 mine
2393 2043 2548 2098 credi
2580 2043 2897 2114 potuerint,
2928 2041 3037 2096 nisi
3090 2042 3360 2113 quendam
3410 2040 3630 2096 similia
3675 2040 3858 2095 fecis-

2207 2137 2356 2189 sent.
2390 2133 2648 2188 Primum
2683 2135 2880 2187 autem
2928 2130 3061 2186 illos
3105 2132 3260 2187 vario
3306 2131 3480 2187 modo
3526 2130 3862 2186 homicidas

2209 2223 2389 2279 fuisse
2445 2221 2722 2291 ostendit,
2782 2220 2921 2292 quia
2974 2223 3238 2291 infantes,
3317 2219 3491 2276 sicuti
3568 2219 3858 2290 loquitur,

2210 2335 2237 2362 «
2296 2326 2474 2383 penes
2529 2311 2786 2365 Africam
2835 2310 3087 2366 Saturno
3143 2308 3600 2365 immolabantur
3659 2307 3861 2379 palam

2209 2416 2397 2472 usque
2427 2399 2497 2454 ad
2532 2396 3012 2469 proconsulatum
3041 2398 3277 2464 Tiberii,
3307 2398 3404 2467 qui
3445 2397 3606 2469 ipsos
3662 2413 3863 2452 sacer-

2209 2488 2374 2544 dotes
2401 2486 2459 2541 in
2491 2485 2711 2541 eisdem
2742 2485 3052 2542 arboribus
3083 2485 3287 2558 templi
3320 2487 3413 2543 sui
3453 2485 3865 2541 obumbratri-

2211 2575 2377 2630 cibus
2410 2574 2694 2630 scelerum
2728 2590 2970 2630 suorum
3001 2575 3210 2630 votivis
3251 2575 3525 2630 crucibus
3565 2573 3864 2644 exposuit,

2209 2668 2357 2720 teste
2391 2662 2600 2718 militia
2629 2663 2826 2734 patria;
2859 2669 3091 2732 nostrae,
3133 2680 3258 2734 quin
3289 2663 3347 2718 id
3379 2663 3575 2734 ipsum
3634 2678 3866 2716 munus

2212 2752 2293 2808 illi
2328 2749 2663 2824 proconsuli
2698 2752 2900 2808 functa
2928 2758 3020 2808 est
3049 2774 3075 2802 »
3110 2753 3272 2821 (Ibid.
3315 2762 3369 2808 et
3414 2752 3572 2823 seq.).
3613 2751 3694 2806 De
3743 2749 3866 2804 hac

2211 2846 2406 2898 autem
2438 2839 2790 2911 detestabili,
2822 2845 2880 2896 et
2909 2845 3110 2896 contra
3141 2841 3340 2896 omnia
3395 2845 3618 2896 naturae
3665 2837 3866 2910 ipsius

2204 2933 2362 3003 jura,
2389 2929 2790 2986 immolatione
2820 2929 3133 2985 infantium
3176 2929 3236 2984 in
3295 2928 3701 3002 superioribus
3748 2943 3866 2982 no-

2211 3020 2352 3077 stris
2381 3019 2894 3076 dissertationibus
2923 3019 3090 3090 plura
3120 3019 3559 3076 observavimus
3616 3019 3865 3089 (Disser-

2212 3118 2310 3166 tat.
2344 3111 2403 3163 in
2433 3108 2626 3163 Minui.
2659 3107 2837 3162 Octav.
2873 3123 2999 3178 cap.
3031 3107 3087 3161 9.
3138 3111 3247 3163 art.
3298 3107 3354 3173 2,
3404 3115 3455 3162 et
3500 3106 3738 3161 Dissert.
3800 3107 3864 3160 in

2211 3201 2457 3254 Lactant.
2498 3213 2625 3267 cap.
2674 3197 2762 3262 34,
2819 3199 2927 3251 art.
2977 3196 3052 3267 3).
3103 3195 3381 3267 Superest
3428 3195 3605 3266 igitur
3652 3197 3720 3248 ut
3765 3209 3864 3262 ea,

463 3279 881 3336 madvertimus
949 3280 1098 3336 hanc
1162 3281 1504 3338 Tertulliani
1581 3285 2019 3356 responsionem
2069 3304 2104 3342 a
2132 3266 2175 3333 Ο
2212 3303 2342 3361 quae
2367 3266 2726 3342 Tertulliano
2751 3289 2950 3341 nostro
2981 3266 3296 3358 peculiaria
3328 3289 3486 3350 sunt,
3510 3299 3671 3338 nunc
3694 3282 3864 3354 sigil-

465 3367 708 3425 Minulio
739 3367 924 3425 Felice
954 3369 1327 3441 paucioribus
1359 3371 1615 3442 quidem.
1640 3373 1740 3428 sed
1766 3390 1879 3429 non
1904 3373 2101 3437 minus

463 3456 802 3513 efﬁcacibus
858 3457 1050 3514 verbis
1109 3457 1279 3529 plane
1334 3460 1668 3515 conﬁrmari
1728 3461 1971 3530 (Dissert.
2041 3464 2102 3517 in

465 3547 658 3602 Minut.
684 3549 878 3602 Octav.
915 3562 1040 3616 cap.
1071 3547 1125 3614 8,
1151 3552 1258 3602 art.
1290 3549 1366 3617 2).
1398 3548 1656 3620 Denique
1700 3550 2102 3607 Tertullianus

467 3635 697 3690 addidit
729 3634 896 3689 fama;
926 3639 1044 3689 tam
1077 3635 1276 3705 veloci,
1310 3653 1481 3704 quam
1516 3639 1802 3710 mendaci,
1839 3657 1954 3694 non
1981 3657 2102 3696 cre-

469 3723 746 3788 dendum,
778 3723 877 3778 sed
904 3723 1204 3779 veritatem
1237 3725 1698 3797 investigandam
1725 3743 1738 3793 ;
1800 3728 2101 3799 quoniam,

469 3811 551 3867 uti
589 3811 808 3867 ferebat
834 3812 1137 3883 vulgatum
1172 3813 1242 3867 ab
1275 3813 1525 3868 ethnicis
1557 3816 1950 3886 proverbium,
1975 3817 2102 3872 0m-

468 3902 563 3956 nia
594 3910 806 3973 tempus
838 3901 1044 3956 revelat
1101 3901 1362 3969 (Tertull.
1424 3903 1562 3969 ibid,
1620 3921 1674 3975 p.
1733 3905 1879 3977 310).
1941 3907 2102 3972 Quod

469 3989 704 4062 quidem
737 3989 1009 4061 adagium
1042 3989 1226 4046 Aulus
1257 3990 1476 4046 Gellius
1511 3991 1670 4061 (Gell.
1704 3992 1802 4048 lib.
1827 4011 1927 4062 x11,
1953 3997 2102 4051 Noct.

469 4081 628 4135 Attic.
661 4095 786 4150 cap.
821 4080 906 4146 11)
939 4078 1031 4134 his
1079 4079 1378 4150 Sophoclis
1425 4081 1690 4140 versibus
1737 4084 2105 4142 decantatum

472 4165 672 4222 citavit
695 4183 707 4221 :

578 4253 723 4332 ξξρρς
752 4258 938 4332 caiisa,
963 4254 1164 4332 κρύπτε
1197 4251 1386 4332 (indixi,
1419 4256 1492 4317 ὡς
1523 4257 1711 4332 ᾅπανθ’
1742 4258 1883 4332 ὁρῶν

581 4324 682 4382 Kal
713 4326 860 4380 πάντ’
893 4324 1124 4397 ἀκοῦων,
1156 4324 1311 4380 πάντ’
1341 4327 1662 4382 ἀναπτύσσει
1692 4324 1910 4404 χρὸνος.

565 4415 642 4482 Ad
677 4416 798 4482 haec
818 4417 1201 4482 nihilocculta,
1230 4417 1666 4482 quandoquidem
1690 4422 1872 4471 omnia
1901 4422 2108 4482 videns,

568 4478 631 4527 Et
657 4479 839 4528 omnia
867 4479 1106 4539 audiens,
1143 4478 1332 4528 cuncta
1353 4478 1555 4530 revelat
1574 4487 1801 4546 tempus.

2208 3377 2373 3434 latim
2413 3375 2832 3447 expendamus.

2279 3484 2490 3539 Narrat
2519 3482 2715 3553 itaque
2743 3481 2932 3553 primo
2953 3480 3112 3536 hunc
3131 3495 3351 3536 morem
3375 3478 3862 3535 crudelissimum

2213 3586 2607 3646 perseverasse
2636 3585 2807 3641 usque
2835 3569 2912 3625 ad
2938 3569 3391 3641 proconsulatum
3421 3569 3646 3624 Tiberii.
3713 3569 3865 3632 Qui-

2211 3663 2344 3718 dam
2377 3663 2572 3716 autem
2603 3659 2887 3731 suspicati
2920 3663 3060 3714 sunt
3088 3659 3167 3714 ibi
3200 3659 3534 3730 legendum,
3565 3673 3736 3728 usque
3787 3657 3866 3712 ad

2207 3749 2588 3824 proconsulem
2611 3749 2832 3816 Tiberii,
2850 3748 2907 3803 id
2927 3753 3035 3816 est,
3061 3747 3469 3820 proconsulem
3489 3746 3865 3818 quempiam,

2213 3847 2312 3896 aut
2344 3856 2377 3893 a
2403 3838 2630 3896 Tiberio
2659 3837 3009 3909 imperatore
3039 3837 3312 3906 missum,
3344 3842 3449 3893 aut
3478 3837 3572 3892 cui
3621 3835 3864 3892 Tiberio

2214 3945 2558 4002 cognomen,
2591 3932 2648 3983 et
2669 3926 2820 3983 alius
2843 3927 3083 3984 omnino
3106 3932 3248 3993 erat,
3273 3943 3452 3998 quam
3476 3927 3568 3982 bic
3585 3926 3866 3981 Tiberius

2217 4019 2552 4090 imperator,
2583 4015 2800 4088 illoque
2832 4016 3134 4088 posterior.
3167 4017 3275 4071 Sed
3309 4016 3448 4087 quia
3478 4015 3600 4071 haec
3630 4015 3866 4086 qualis-

2215 4121 2448 4178 cunque
2469 4103 2798 4160 emendatio
2831 4121 2946 4159 non
3001 4104 3349 4174 sufﬁciebat,
3399 4104 3636 4159 alteram
3688 4103 3869 4158 addi-

2218 4196 2376 4264 dere,
2403 4209 2469 4248 ac
2500 4198 2704 4265 postea
2732 4191 3042 4266 legendum
3075 4197 3444 4265 putaverunt,
3475 4195 3607 4248 teste
3653 4191 3870 4247 militia

2216 4283 2393 4354 patris
2448 4283 2643 4352 nostri,
2701 4281 2811 4336 hoc
2865 4285 2973 4352 est,
3041 4281 3198 4336 sicut
3268 4279 3353 4335 illi
3417 4280 3867 4346 ominabantur,

2219 4371 2398 4442 patris
2427 4370 2794 4441 Tertulliani,
2827 4371 2928 4443 qui
2960 4371 3270 4442 proconsul
3302 4370 3414 4424 fuit
3463 4373 3595 4441 post
3643 4364 3872 4424 Tiberii

2223 4460 2465 4517 Caesaris
2521 4464 2787 4516 mortem.
2852 4463 2918 4515 At
3000 4459 3248 4532 probare
3323 4459 3485 4530 prius
3567 4457 3872 4514 debebant

471 4567 685 4621 Seneca
714 4582 882 4622 vero:
912 4590 938 4616 «
973 4567 1270 4638 Quaedam,
1304 4568 1514 4640 inquit,
1547 4570 1695 4627 falsa
1715 4572 1834 4628 veri
1855 4573 2101 4644 speciem

2220 4555 2444 4622 patrem
2482 4549 2824 4605 Tertulliani
2873 4551 3106 4621 proprio
3154 4548 3366 4604 Tiberii
3420 4547 3657 4603 nomine
3715 4546 3868 4602 fuis-

472 4653 706 4710 habent.
742 4654 1005 4710 Dandum
1062 4672 1294 4728 semper
1349 4637 1436 4713 eg,
1490 4637 1762 4730 tempus;
1813 4637 2110 4716 νθξίιαίθηι
2141 4640 2187 4705 D
2219 4656 2280 4730 se
2309 4637 2688 4711 appellatum.
2747 4637 2966 4694 Deinde
3013 4654 3146 4730 vero
3181 4637 3334 4730 huic
3383 4637 3869 4730 conjectureref

472 4743 598 4797 dies
628 4743 832 4814 aperit.
870 4766 892 4796 ι
932 4745 1151 4815 (Senec.
1185 4745 1286 4801 lib.
1324 4763 1360 4800 ιι
1389 4746 1454 4802 de
1483 4749 1594 4817 Ira,
1628 4765 1756 4820 cap.
1789 4751 1938 4820 540).
1999 4751 2110 4807 Sed

474 4829 644 4901 plura
672 4831 743 4886 de
776 4831 879 4886 hoc
929 4833 1229 4902 proverbio
1279 4834 1540 4906 congerit
1592 4837 1892 4906 Erasmus,
1937 4852 2113 4910 quem

475 4918 779 4975 consulere
810 4921 1026 4991 poteris
1055 4922 1304 4993 (Erasm.
1336 4923 1502 4995 Adag.
1535 4923 1672 4980 chil.
1704 4928 1758 4996 2,
1791 4936 2014 4983 cantur.
2057 4929 2110 4998 4,

475 5007 644 5081 adag.
669 5009 775 5080 17).
801 5009 942 5076 Quis
958 5013 1153 5065 autem
1175 5011 1319 5066 falsa
1342 5012 1451 5066 sub
1475 5014 1591 5070 veri
1616 5015 1808 5085 specie
1830 5017 2110 5087 crebrius,

472 5113 645 5170 quam
680 5099 836 5154 fama
879 5100 1236 5156 adnuntiat?
1283 5100 1412 5157 Solo
1461 5102 1660 5174 igitur,
1701 5106 1748 5159 si
1782 5123 1895 5161 non
1945 5106 2111 5171 falso,

468 5186 677 5243 saltem
707 5187 928 5244 incerto
957 5189 1087 5259 cjus
1107 5190 1442 5246 testimonio
1462 5191 1706 5262 gentiles
1728 5194 1798 5248 ad
1821 5195 2113 5251 vexandos

373 5314 397 5330 ι
465 5276 826 5333 Christianos
858 5277 966 5332 niti
1002 5295 1114 5333 non
1142 5279 1452 5349 debebant,
1486 5281 1585 5334 sed
1619 5298 1826 5353 capere
1855 5288 2110 5354 tempus,

467 5381 605 5437 quo,
629 5366 960 5422 examinata
980 5382 1180 5422 eorum
1207 5369 1619 5432 causa,veritas
1643 5376 2108 5441 cognosceretur.

1086 5509 1402 5550 ARTICULUS
1435 5511 1494 5548 ῙῙ.

474 5581 646 5648 Quam
679 5582 880 5636 invicte
906 5581 1270 5654 Tertullianus
1327 5583 1578 5638 ostendat
1605 5585 1839 5654 gentiles
1877 5585 2108 5640 homici-

541 5653 644 5716 dii,
676 5655 834 5724 cujus
865 5653 1205 5725 Christianos
1232 5657 1372 5723 falso
1413 5653 1760 5720 accusabant,
1809 5672 1921 5712 esse
1969 5673 2107 5725 reos,

547 5726 726 5791 utpote
754 5725 850 5794 qui
878 5724 938 5778 in
965 5725 1160 5793 Africa
1196 5725 1435 5794 infantes
1491 5726 1744 5795 Saturno,
1797 5745 1984 5803 usque
2036 5731 2107 5788 ad

2219 4729 2523 4802 fragantur
2578 4745 2804 4796 omnes,
2859 4742 2993 4784 cum
3053 4727 3216 4798 editi,
3271 4731 3399 4783 tum
3468 4726 3865 4797 manuscripti

2219 4818 2464 4874 codices.

2289 4924 2436 4989 Quid
2468 4941 2599 4981 vero
2629 4925 2875 4998 impedit
2905 4925 3222 4996 quominus
3243 4923 3510 4980 Tiberius
3541 4923 3873 4994 imperator

2219 5014 2583 5070 dirissimum
2615 5013 2757 5070 illud
2789 5013 3105 5072 infantium
3142 5012 3498 5069 sacriﬁcium
3555 5013 3614 5067 in
3665 5013 3872 5069 Africa

2219 5102 2627 5174 prohibuerit?
2681 5103 2882 5158 Nonne
2940 5099 3164 5156 Plinius
3226 5101 3522 5156 memoria
3603 5099 3874 5171 prodidit

2219 5211 2372 5250 anno
2419 5195 2524 5247 647
2571 5194 2740 5250 Urbis
2788 5193 3053 5264 condita),
3106 5209 3172 5247 ac
3219 5193 3320 5247 Ch.
3376 5191 3618 5247 Lentulo
3685 5195 3747 5246 et
3799 5194 3866 5245 Ρ.

2218 5281 2441 5338 Licinio
2470 5281 2678 5337 Crasso
2709 5281 3074 5349 consulibus,
3114 5280 3492 5335 interdictum
3544 5279 3729 5334 fuisse
3768 5293 3866 5333 se-

2219 5371 2685 5442 natusconsulto,
2735 5389 2808 5427 ne
2855 5371 3030 5427 homo
3079 5367 3526 5426 immolaretur?
3579 5368 3680 5424 sed
3727 5366 3874 5438 quia

2217 5462 2337 5518 haec
2367 5461 2800 5517 immanissima
2829 5460 3189 5516 consuetudo
3221 5466 3420 5531 postea
3464 5457 3657 5513 adhuc
3705 5457 3870 5527 apud

2218 5551 2414 5608 Gallos
2456 5551 2896 5623 perseverabat:
2966 5573 2986 5600 α
3055 5549 3269 5606 Tiberii
3325 5547 3588 5618 Cesaris,
3646 5546 3871 5617 inquit,

2219 5640 2580 5712 principatus
2610 5640 2854 5696 sustulit
2885 5638 3133 5696 Druides
3163 5654 3386 5694 eorum.
3471 5678 3484 5692 .
3562 5679 3576 5693 .
3659 5679 3674 5692 .
3753 5650 3871 5692 nec

2220 5729 2364 5786 satis
2401 5729 2677 5787 aestimari
2710 5734 2901 5802 potest
2931 5732 3220 5802 quantum
3252 5725 3531 5786 Romanis
3551 5727 3869 5798 debeatur,
