4162 6366
273 398 425 456 1117

1178 398 1246 457 D.
1296 401 1389 460 LE
1434 402 1758 463 NOURRY
1804 400 2454 464 OBSERVATIONES
2499 406 2754 469 NOV/E.

3526 423 3678 485 1118

272 530 375 603 qui
405 530 696 587 sustulere
726 536 1011 597 monstra,
1044 532 1104 587 in
1152 532 1369 604 quibus
1418 532 1715 588 hominem
1766 534 1914 589 occi-
1943 536 1999 602 Α
2101 533 2181 589 Ne
2210 536 2343 607 quis
2376 554 2549 609 porro
2579 541 2876 600 dubitaret
2904 546 2974 601 de
3005 552 3243 622 sumpta
3280 552 3353 608 ab
3400 553 3520 611 illis
3569 559 3673 613 Sa-

274 619 408 674 dere
440 620 949 691 religiosissimum
982 621 1308 691 videbatur,
1342 623 1546 677 mundi
1577 640 1708 679 vero
1740 623 1916 679 etiam

273 708 728 764 saluberrimum
768 732 793 759 ››
828 710 999 779 (Plin.
1033 710 1137 766 lib.
1171 728 1281 766 xxx
1310 712 1503 767 Natur.
1539 714 1673 768 Hist.
1703 730 1826 785 cap.
1865 714 1913 779 1,

276 814 406 869 pag.
430 799 843 869 728).Audisne
878 799 1231 871 impiissimo
1263 802 1555 856 sucriiicio
1577 819 1693 856 non
1724 802 1916 858 solum

277 888 500 942 cecisos
533 903 565 942 a
591 888 908 957 gentilibus
950 889 1240 957 homines,
1283 891 1381 945 sed
1431 906 1692 945 comesas
1738 891 1918 945 etiam

277 974 510 1029 illorum
551 978 798 1032 carnes?
843 982 914 1031 At
947 977 1214 1033 Tiberius
1264 978 1456 1033 Czesar
1504 980 1642 1034 illud
1690 979 1750 1034 in
1785 979 1915 1035 Gal-

273 1065 349 1119 lia
400 1070 457 1119 et
506 1066 643 1119 alibi
700 1066 1014 1121 sustulisse
1072 1068 1429 1138 perhibetur.
1491 1068 1701 1134 Quidni
1751 1072 1807 1123 et
1857 1067 1918 1123 in

272 1153 460 1208 Africa
490 1153 664 1209 sicuti
696 1155 1093 1211 Tertullianus
1124 1160 1238 1211 tam
1282 1158 1492 1213 diserte
1541 1159 1918 1229 pronuntiat?

269 1242 323 1296 Si
357 1243 495 1313 quid
530 1248 727 1298 autem
765 1245 821 1298 in
854 1244 1035 1315 hujus
1067 1246 1359 1317 opinionis
1407 1247 1914 1302 confirmationem

270 1332 603 1404 exemplum
642 1332 834 1389 simile
866 1335 1128 1389 conferre
1166 1335 1376 1400 valeat,
1426 1336 1571 1391 illud
1623 1336 1916 1409 Joscpbus

271 1421 441 1476 nobis
496 1428 771 1494 suggeret
818 1424 1077 1495 (Joseph.
1128 1426 1314 1497 Anliq.
1367 1426 1491 1481 Iud.
1526 1426 1563 1480 l.
1596 1444 1752 1493 xvm,
1788 1444 1914 1498 cap.

271 1511 322 1579 4,
373 1527 503 1582 pag.
554 1512 702 1581 622).
750 1514 1051 1567 Testatum
1114 1513 1329 1585 quippe
1389 1516 1524 1570 facit
1582 1516 1651 1571 ab
1713 1518 1917 1571 eodem

272 1598 509 1655 Tiberio
550 1600 813 1655 dirutum
848 1601 1021 1657 Isidis
1052 1603 1361 1674 templum,
1394 1605 1829 1676 projectamque
1860 1604 1919 1659 in

270 1687 525 1743 Tiberim
578 1689 706 1760 ejus
752 1694 1035 1760 statuam,
1088 1708 1153 1747 eo
1203 1694 1357 1763 quod
1412 1693 1656 1747 Paulina
1705 1693 1920 1748 nobilis

276 1776 488 1832 mulier
517 1796 550 1833 a
583 1778 749 1835 Decio
780 1780 999 1835 Mundo
1043 1780 1277 1850 juvene,
1332 1784 1506 1837 deum
1560 1782 1787 1837 Anubin
1838 1781 1919 1837 si-

269 1866 551 1936 mulante,
608 1867 665 1922 in
700 1867 798 1924 illo
828 1870 1033 1925 1022
1073 1870 1240 1924 Isidis
1276 1870 1490 1942 templo
1524 1870 1696 1926 malis
1730 1888 1920 1927 sacer-

265 1956 469 2011 dotum
504 1957 733 2011 artibus
764 1963 1148 2029 constuprata
1180 1959 1531 2015 fuisset.Cur
1561 1976 1698 2032 ergo
1730 1959 1919 2031 magis

263 2043 539 2098 horribili
572 2045 913 2115 infantium,
946 2047 1197 2102 Saturno
1229 2048 1689 2116 immolatorum,
1738 2049 1917 2104 sacri-

266 2132 395 2187 ficio
428 2134 623 2204 potius
652 2134 709 2188 in
741 2134 957 2205 Africa,
991 2152 1168 2208 quam
1200 2137 1255 2191 in
1290 2137 1497 2206 Gallia,
1524 2138 1608 2194 uti
1638 2138 1915 2203 diximus,

264 2226 323 2276 et
357 2222 486 2277 aliis
518 2222 575 2277 in
608 2222 947 2295 regionibus
980 2227 1376 2297 pepercisset?

333 2312 438 2366 Sed
472 2330 609 2383 qua,
637 2313 893 2385 inquies,
928 2315 1152 2369 ratione
1184 2316 1406 2371 dictum
1453 2334 1486 2372 a
1533 2316 1923 2378 Tertulliann,

266 2416 434 2471 usque
462 2403 530 2455 ab
559 2404 1003 2472 proconsulatum
1040 2406 1277 2459 Tiberii?
1296 2404 1593 2477 Numquid
1624 2406 1873 2461 Tiberiu.

266 2496 580 2562 antequam
612 2491 857 2546 Romani
892 2492 1123 2564 imperii
1164 2494 1626 2563 gubernaculum
1675 2499 1915 2565 teneret,

266 2580 581 2651 proconsul
634 2581 691 2634 in
744 2581 931 2636 Africa
982 2582 1210 2636 fuerat?
1260 2583 1369 2638 Sed
1406 2583 1569 2655 quid,
1603 2585 1808 2640 amabo
1841 2590 1916 2656 te,

266 2672 420 2723 vetat
452 2668 767 2740 quominus
800 2669 940 2724 illuc
972 2672 1043 2725 ab
1073 2674 1339 2742 Augusto
1370 2673 1613 2740 Censura,
1667 2678 1766 2728 aut
1816 2691 1915 2729 an-

265 2760 359 2812 tea
386 2758 761 2813 renuntiatus
780 2760 1077 2815 sitAfricze
1109 2760 1453 2832 proconsul?
1470 2763 1525 2816 Si
1556 2763 1690 2835 quis
1724 2768 1916 2819 tamen

268 2852 423 2902 recte
451 2848 777 2918 probaverit
821 2849 1246 2905 Tertullianum
1298 2852 1369 2905 de
1421 2851 1534 2906 alio
1581 2852 1913 2926 intelligen-

261 2937 402 2992 dum
454 2953 583 2992 esse
634 2938 867 2993 Tiberio
920 2939 1120 2994 Africae
1174 2941 1540 3011 proconsule,
1576 2941 1713 2998 huic
1746 2943 1913 2999 facile

263 3026 676 3082 assentiamur.

336 3116 651 3185 Subjunxit
682 3120 875 3173 autem
911 3117 1009 3174 ille
1041 3118 1483 3175 crudelissimos
1533 3121 1767 3177 Saturni
1814 3140 1909 3177 sa-

260 3205 526 3261 cerdotes
547 3207 721 3277 jussa
753 3209 1017 3278 ejusdem
1049 3208 1259 3263 Tiberii
1296 3210 1589 3281 expositos
1620 3211 1803 3266 fuisse
1848 3212 1904 3266 in

2032 624 2187 721 turni
2218 628 2621 721 sacerdotibus
2656 648 2844 703 pcena,
2868 639 3073 692 testem
3104 640 3319 696 Auctor
3348 647 3546 701 noster
3573 664 3674 721 ap-

2030 712 2207 783 pellat
2239 715 2511 807 militiam
2572 722 2771 790 patrize
2802 740 2942 793 sua},
2975 742 3102 797 quis
3153 729 3413 802 idipsum,
3460 712 3683 807 inquit,

2028 818 2232 858 munus
2280 806 2370 859 illi
2422 811 2736 877 proconsuli
2782 812 3009 871 Tiberio
3058 819 3255 887 functa
3304 824 3381 877 est
3430 806 3672 883 Tertull.

2027 892 2305 963 Apologet.
2359 912 2482 967 cap.
2534 899 2587 968 9,
2640 917 2771 973 pag.
2827 904 2973 975 315),
3025 907 3241 977 quibus
3300 910 3455 968 haud
3510 916 3688 972 dubie

2026 983 2218 1037 verbis
2270 984 2560 1055 signiﬁcat
2606 988 2821 1045 milites
2870 993 3097 1065 Africae,
3149 998 3248 1068 qui
3274 1003 3413 1057 tunc
3447 1004 3555 1058 sub
3590 1006 3686 1061 Ti-

2027 1069 2187 1125 berio
2218 1076 2565 1143 proconsule
2599 1080 2920 1150 merebant,
2955 1084 3094 1140 dum
3130 1103 3236 1142 suo
3271 1106 3513 1147 munere
3547 1094 3681 1151 fun-

2026 1165 2320 1227 gerentur,
2381 1163 2597 1220 vidisse
2662 1171 2996 1229 sacerdotes
3067 1174 3126 1229 in
3192 1176 3310 1233 illis
3374 1181 3681 1240 arboribus

2027 1252 2307 1320 suspendi
2360 1257 2417 1307 et
2464 1257 2839 1327 strangulari.
2893 1263 3109 1318 Verum
3170 1267 3420 1338 gentiles
3473 1288 3677 1329 eorum

2027 1339 2291 1411 exemplo
2334 1342 2529 1432 territi
2583 1345 2823 1417 quidem
2871 1350 3127 1421 fuerunt,
3160 1357 3262 1412 sed
3296 1374 3410 1414 non
3442 1362 3678 1432 penitus

2028 1430 2366 1499 expugnati.
2401 1436 2525 1486 Non
2571 1435 2728 1489 enim
2780 1439 3034 1511 amplius
3088 1445 3381 1501 audebant
3426 1430 3679 1509 infantes

2028 1520 2276 1573 Saturno
2309 1520 2499 1591 palam
2536 1523 2878 1594 immolare;
2930 1545 3132 1587 verum
3193 1556 3214 1583 ι
3268 1552 3424 1593 nunc
3477 1540 3533 1595 in
3584 1556 3677 1598 oo-

2030 1606 2207 1677 culto,
2241 1609 2322 1663 ait
2369 1611 2787 1685 Tertullianus,
2842 1627 3243 1688 perseveratur
3293 1626 3399 1683 hoc
3447 1646 3679 1688 sacrum

2031 1696 2260 1791 facinus
2295 1720 2323 1748 »
2344 1700 2548 1791 (Idem,
2580 1702 2766 1771 ibid.)
2806 1706 2967 1763 False
2996 1710 3175 1781 igitur
3205 1713 3440 1784 pietatis
3491 1720 3685 1791 specie

2030 1786 2309 1843 adversus
2340 1789 2679 1848 innocentes
2703 1793 2857 1851 filios
2888 1814 3029 1854 suos
3060 1803 3429 1869 armati,illos
3462 1786 3683 1866 secreto

2029 1879 2087 1931 et
2136 1876 2378 1948 occulte,
2432 1896 2496 1934 ac
2553 1882 3245 1957 spretisﬁimperatorum
3304 1911 3545 1951 suorum
3600 1898 3679 1953 le-

2027 1965 2223 2057 gibus,
2256 1973 2513 2024 mactare
2539 1987 2656 2027 non
2690 1972 3062 2032 destiterunt.
3094 1980 3283 2053 Atque
3314 1983 3397 2040 ita
3440 1986 3679 2057 quidem

2027 2053 2337 2145 Saturnus,
2372 2058 2472 2129 qui
2507 2059 2641 2114 {iliis
2696 2061 2841 2130 suis,
2876 2068 2942 2120 ut
2972 2067 3055 2121 ait
3095 2073 3311 2138 Auctor
3356 2053 3574 2145 noster,
3624 2082 3684 2133 et

2029 2159 2136 2199 nos
2168 2144 2307 2199 alibi
2340 2146 2596 2203 vidimus
2629 2150 2787 2219 (Ibid.
2823 2157 2879 2207 et
2909 2156 3132 2212 Dissert.
3168 2160 3228 2214 in
3265 2162 3460 2219 Μίηνιι.
3496 2144 3684 2223 om...

2029 2248 2156 2323 cap.
2189 2233 2245 2299 9,
2266 2240 2388 2323 art.
2422 2238 2500 2302 2),
2535 2240 2739 2295 I023
2770 2258 2884 2298 non
2918 2248 3196 2317 pepercit,
3220 2251 3531 2323 pristinam
3564 2272 3681 2312 non

2029 2322 2303 2393 deposuit
2351 2325 2783 2400 crudelitatem,
2833 2331 3134 2406 voluitque
3183 2322 3434 2397 aliorum
3485 2342 3678 2401 homi-

2031 2428 2173 2466 num
2206 2419 2415 2485 gnatos
2448 2415 2557 2471 sibi
2591 2418 2782 2474 adhuc
2814 2420 3127 2480 immolari.

2101 2502 2375 2566 Quamvis
2405 2519 2538 2575 ergo
2569 2506 2886 2565 Christiani
2918 2512 3201 2572 infantem
3236 2518 3671 2595 aliquem,quod

2034 2590 2413 2648 falsissimum
2447 2598 2640 2651 tamen
2673 2604 2815 2664 erat,
2867 2601 2924 2656 in
2977 2607 3297 2675 synaxibus
3345 2611 3469 2666 suis
3522 2590 3675 2669 occi-

2029 2679 2276 2751 dissent,
2309 2699 2425 2737 non
2453 2684 2744 2741 debebant
2773 2688 2843 2743 ab
2875 2690 3125 2750 ethnicis
3158 2695 3373 2753 idcirco
3404 2702 3571 2773 argui
3616 2707 3673 2758 et

2027 2771 2426 2842 condemnari,
2460 2773 2554 2844 qui
2590 2777 2856 2848 proprios
2890 2780 3038 2837 filios
3070 2800 3210 2840 suos
3242 2771 3678 2847 immanissima

2024 2857 2455 2916 inhumanitate
2516 2862 2740 2921 hostias
2795 2872 3067 2941 Saturno,
3120 2874 3204 2928 uti
3257 2876 3672 2950 epinabantur,

2022 2949 2394 3020 gratissimas
2428 2953 2863 3011 sacrificabant.

2632 3113 2945 3157 ARTICULUS
2987 3121 3068 3160 III.

2025 3201 2353 3287 Ostenditur
2382 3201 2668 3287 homicidii
2695 3222 3065 3287 quoqug_reos
3110 3215 3282 3287 [uisse
3331 3217 3531 3287 Gallos,
3583 3225 3677 3287 qu!

262 3293 422 3349 illius
454 3295 658 3367 tempii
691 3297 1020 3367 arboribus,
1046 3301 1343 3353 tantorum
1383 3298 1669 3354 scelerum
1702 3300 1913 3356 obum-
1945 3288 1987 3355 α
2099 3272 2701 3367 l’fff"_”2i--_T“.Z‘.’79ir
2727 3294 2821 3367 qui
2870 3281 3064 3365 Di-mi‘?
3112 3285 3363 3367 hami?“
3416 3272 3672 3367 immOI-a'

265 3383 610 3440 braticibus.
643 3385 806 3441 Circa
835 3386 1143 3458 gentilium
1176 3387 1331 3442 enim
1366 3388 1587 3460 templa
1644 3390 1917 3461 plantataz

263 3477 430 3529 erant
460 3474 721 3544 arbores,
756 3475 1043 3548 singulari
1070 3477 1362 3549 cujusque
1392 3478 1593 3549 templi
1626 3479 1732 3534 deo
1776 3496 1916 3535 con-

261 3567 517 3627 secratae,
552 3572 623 3618 de
654 3565 965 3636 quibus,ut
996 3564 1140 3621 alios
1168 3566 1532 3634 omittamus,
1563 3568 1683 3623 haec
1712 3568 1916 3639 Apule-

258 3652 349 3706 ius
399 3652 468 3707 de
516 3653 775 3724 quodam
835 3655 968 3710 fano
1020 3654 1232 3711 litteris
1283 3658 1628 3712 mandavit:
1666 3680 1693 3709 α
1746 3658 1917 3714 Videt

258 3742 412 3796 dona
443 3742 729 3813 speciosa,
784 3748 841 3799 et
890 3744 1135 3800 facinias
1185 3763 1326 3801 auro
1372 3746 1678 3818 luteratas,
1733 3748 1913 3803 ramis

261 3831 538 3885 arborum
593 3833 980 3905 postibusque
1033 3835 1294 3905 sufﬁxas,
1348 3852 1477 3906 quae
1526 3852 1658 3891 cum
1724 3837 1914 3908 gratia

259 3919 392 3974 facti
442 3937 651 3976 nomen
703 3923 821 3976 deae
859 3923 951 3977 cui
987 3924 1215 3977 fuerant
1249 3924 1448 3979 dicatre
1480 3925 1849 3981 testabantur
1879 3948 1907 3976 »

256 4008 478 4079 (Apulei
512 4009 860 4080 Melumerph.
911 4010 1013 4064 lib.
1060 4030 1135 4079 v1,
1188 4013 1361 4083 paulo
1413 4018 1544 4085 post
1590 4014 1721 4069 init.
1775 4031 1905 4087 pag.

252 4096 364 4168 92).
400 4097 573 4151 Vides
606 4097 787 4169 igitur
817 4099 873 4153 in
916 4098 1010 4154 his
1058 4100 1367 4156 arboribus
1417 4117 1679 4173 appensa
1729 4103 1908 4159 fuisse

253 4185 427 4253 dona,
485 4184 676 4257 iisque
728 4186 1024 4259 prmﬁxum
1076 4205 1290 4245 nomen
1340 4191 1430 4246 dei
1480 4191 1572 4246 cui
1619 4192 1904 4265 templum

257 4273 400 4329 illud
436 4280 844 4348 nuncupatum
876 4281 1019 4332 erat.
1051 4280 1123 4333 At
1152 4295 1222 4333 ex
1251 4279 1344 4334 his
1376 4280 1707 4347 arboribus,
1756 4287 1903 4337 tem-

256 4365 419 4436 plum
452 4365 712 4433 Saturni,
747 4366 827 4421 ait
856 4369 1071 4422 Auctor
1119 4373 1336 4435 noster,
1389 4370 1902 4441 obumbrantibus,

254 4454 416 4509 factae
448 4458 586 4510 sunt
617 4455 817 4510 votisz
848 4473 913 4511 ac
945 4458 1147 4515 dicatae
1191 4475 1412 4527 cruces,
1466 4458 1680 4531 quibus
1727 4460 1900 4516 inhu-

250 4542 582 4599 manissimi
616 4544 700 4599 illi
734 4547 1066 4601 sacerdotes
1112 4550 1404 4620 suspensi,
1458 4549 1671 4622 inqueo
1720 4550 1898 4605 vitam

250 4633 416 4688 finire
449 4633 631 4689 coacti
667 4640 825 4690 sunt.
852 4634 1059 4690 Utrum
1092 4641 1287 4693 autem
1312 4638 1521 4694 horum
1555 4638 1899 4695 Tertulliani

246 4723 577 4793 verborum,
612 4739 736 4793 qum
769 4724 1131 4781 eruditorum
1164 4727 1467 4799 ingenium
1504 4728 1659 4784 haud
1693 4745 1898 4801 parum

245 4815 655 4877 exercuerunt,
701 4830 867 4868 verus
927 4814 1005 4869 sit
1063 4830 1294 4883 sensus,
1356 4818 1646 4889 expendas
1703 4818 1896 4888 velim,

245 4900 329 4955 vel
364 4900 544 4956 alium
578 4902 747 4958 nobis
788 4903 1049 4975 proferas
1096 4905 1417 4963 meliorem.
1468 4909 1539 4961 At
1589 4908 1896 4964 nobiscum

247 4989 448 5059 procul
499 4990 676 5046 dubio
734 4992 1006 5049 fateberis
1057 4994 1192 5050 huic
1242 4996 1364 5052 loco
1416 4996 1673 5069 aliquam
1707 4996 1894 5053 lucem

244 5077 437 5133 afferri
470 5096 641 5150 posse
672 5080 763 5137 his
793 5082 1063 5137 versibus
1098 5084 1586 5156 Ausonii,quibus
1619 5093 1892 5145 Amorem

243 5167 425 5238 stipiti
459 5169 633 5241 myrti
672 5186 1023 5241 suspensum
1052 5172 1262 5227 cecinit
1296 5189 1309 5226 :

449 5320 655 5377 Eligitur
681 5325 857 5365 mmsto
888 5326 1075 5378 myrtus
1103 5322 1351 5368 notissima
1376 5323 1497 5375 luco,

454 5383 697 5428 Invidiosa
727 5383 867 5427 deum
895 5384 1066 5440 poenis.
1099 5386 1405 5431 Cruciaverat
1431 5387 1528 5431 illic

452 5448 622 5503 Spreta
648 5446 764 5491 olim
794 5458 1057 5492 memorem
1091 5449 1293 5494 Veneris
1325 5452 1609 5507 Proserpina
1638 5453 1861 5501 Adonim.

449 5509 606 5566 Hujus
635 5522 688 5554 nl
721 5510 919 5555 excelso
946 5524 1235 5569 suspensum
1265 5513 1422 5570 stipite
1452 5516 1700 5570 Amorem,

453 5572 733 5617 Devinctum
766 5579 874 5629 post
902 5578 1038 5629 terga
1070 5587 1256 5623 manus.
1286 5576 1636 5635 substrictaque
1668 5580 1838 5637 plantis

460 5636 660 5699 Vincula
690 5642 986 5689 maerentem,
1013 5638 1144 5683 nullo
1176 5639 1500 5685 moderamine
1530 5636 1685 5699 paena:

456 5698 697 5745 Ameiunt.

753 5762 960 5817 (Auson.
996 5763 1119 5819 idyll.
1152 5765 1191 5816 2,
1218 5776 1263 5817 ν,
1288 5765 1341 5811 55
1366 5769 1413 5811 et
1440 5769 1595 5824 seqq.)

2101 3344 2229 3421 ῥαπί
2266 3362 2285 3398 .·
2327 3348 2454 3421 iter];
2505 3344 2789 3412 Romanos,
2839 3353 2939 3421 qui
2985 3354 3045 3407 in
3090 3356 3477 3417 [Eneadarum
3530 3344 3673 3419 urbe

2097 3416 2281 3504 Jovem
2327 3417 2473 3504 ludis
2512 3416 2943 3504 suishliumdno
2987 3426 3320 3496 proluebanl
3368 3416 3673 3504 sanguine}

2100 3496 2261 3559 atque
2320 3489 2457 3543 alios
2505 3494 2601 3562 qui
2647 3492 2942 3551 liberorum
2987 3489 3220 3556 suorum
3276 3489 3493 3560 recens"
3513 3489 3677 3562 natio:

2098 3576 2229 3650 runt
2257 3563 2519 3650 spiritum
2550 3566 2606 3650 in
2637 3581 2785 3636 aqua
2813 3572 3207 3650 emtorquebant
3234 3575 3318 3630 vel
3337 3592 3425 3632 eos
3447 3593 3679 3650 expone-

2099 3633 2227 3716 bant
2240 3635 2405 3716 morti
2418 3633 3363 3716 haudpro'rsuainceilaewuanlum
3382 3665 3508 3705 vero
3518 3633 3680 3707 'Chri-

2096 3706 2271 3791 stiani
2299 3706 2366 3760 ab
2397 3709 2549 3763 omni
2570 3709 2862 3791 homicidio
2892 3706 3273 3791 aehorrerent,
3323 3706 3541 3791 quibus?
3571 3739 3676 3779 nec

2095 3776 2153 3831 in
2188 3782 2351 3861 utero
2375 3785 2732 3861 conceptum
2765 3784 3083 3861 dissolvere
3117 3776 3437 3861 licél,’dum
3482 3776 3675 3851 adhuc

2096 3850 2338 3922 sanguis
2370 3851 2429 3905 in
2463 3851 2760 3910 hominem
2794 3856 3104 3916 delibatur.

2093 3973 2472 4047 Prosequitur
2503 3977 2919 4051 Tertullianus,
2952 4000 3018 4039 ac
3070 3986 3321 4056 gentiles
3368 3988 3671 4060 parricidii

2020 4067 2076 4117 et
2122 4062 2426 4120 homicidii
2478 4083 2607 4122 reos
2638 4085 2766 4125 esse
2798 4071 3181 4129 demonstrat.
3214 4076 3357 4131 Nam
3391 4099 3419 4127 ‹‹
3453 4079 3664 4150 major,

2016 4153 2217 4223 [quam
2252 4153 2588 4228 infantium]
2619 4162 2778 4225 aetas,
2807 4159 3018 4233 inquit,
3039 4164 3192 4235 apud
3223 4165 3419 4223 Gallos
3449 4168 3506 4225 in
3540 4170 3667 4228 suis

2018 4257 2250 4314 quoque
2307 4244 2491 4299 sacris
2550 4246 2837 4303 Mercurto
2896 4253 3344 4323 prosecabatur;
3404 4279 3431 4308 η
3494 4264 3553 4315 et
3605 4260 3662 4318 id

2016 4331 2252 4423 quidem
2274 4330 2387 4387 alio
2420 4333 2478 4388 in
2512 4333 2659 4390 libro
2694 4338 2905 4409 repetit
2934 4340 3198 4411 (Tertull.
3232 4344 3512 4419 Apologet.
3537 4366 3666 4423 cap.

2012 4420 2064 4488 9,
2101 4436 2226 4492 pag.
2263 4422 2387 4487 416,
2420 4427 2476 4477 et
2504 4424 2776 4497 Scorpiac.
2806 4444 2932 4502 cap.
2968 4432 3042 4500 7).
3089 4436 3205 4489 Nos
3253 4451 3386 4491 vero
3433 4438 3505 4493 de
3555 4420 3664 4495 hoc

2012 4524 2252 4579 prorsus
2283 4515 2637 4570 exsecrando
2669 4516 2953 4573 sacriﬁcio
2985 4519 3154 4592 plura
3186 4522 3323 4578 alibi
3355 4528 3659 4584 annotavi-

2012 4614 2144 4653 mus
2204 4601 2503 4669 (Disserlul.
2566 4606 2623 4659 in
2682 4606 2880 4662 Minui.
2934 4609 3116 4665 Octav.
3173 4628 3298 4683 cap.
3350 4615 3403 4682 9,
3438 4620 3546 4670 art.
3578 4619 3659 4690 2),

2011 4687 2109 4741 ubi
2140 4704 2370 4760 quoque
2418 4693 2728 4749 enodatius
2782 4711 2848 4750 ea
2892 4698 3332 4772 explicavimus,
3384 4719 3511 4774 qua:
3562 4687 3662 4763 ille

2006 4777 2283 4833 continuo
2342 4780 2679 4836 subnectit:
2716 4805 2743 4833 ‹‹
2792 4786 3045 4842 Remitto
3097 4790 3377 4847 Tauricas
3430 4793 3661 4853 fabulas

2005 4864 2251 4955 theatris
2297 4868 2421 4923 suis
2476 4892 2496 4916 υ
2548 4871 2766 4942 (ibid);
2815 4874 2935 4931 sive
2980 4880 3483 4947 quemadmodum
3535 4885 3661 4955 ipse

2005 4954 2065 5009 in
2118 4956 2230 5010 alio
2289 4955 2438 5013 libro
2496 4958 2762 5030 loquitur
2823 4978 2835 5016 :
2898 4964 3054 5021 Nihil
3115 4967 3237 5023 illic
3289 4970 3403 5025 nisi
3462 4954 3663 5029 feritas

2005 5043 2175 5111 calet,
2212 5044 2311 5101 illa
2341 5046 2582 5117 seillcet,
2617 5066 2742 5121 qua:
2777 5052 3007 5110 fabulas
3038 5056 3196 5112 dedit
3228 5059 3298 5114 de
3352 5060 3663 5116 sacrificiis

2004 5134 2329 5191 Taurorum
2383 5159 2410 5186 »
2463 5138 2834 5209 (Tertullian.
2889 5143 2989 5200 loc.
3041 5148 3137 5200 cit.
3172 5151 3230 5202 et
3256 5146 3356 5203 lib.
3392 5148 3655 5205 radvers.

2004 5224 2260 5280 Marcion.
2297 5242 2423 5298 cap.
2460 5228 2531 5298 1),
2566 5228 2665 5299 qui
2697 5230 2963 5288 videlicet
2991 5233 3188 5289 Dianae
3220 5235 3483 5309 hospites
3516 5254 3656 5294 suos

2006 5313 2412 5370 immolabant.

2076 5403 2265 5475 Pergit
2295 5409 2493 5460 autem
2529 5423 2542 5461 :
2578 5429 2605 5457 «
2638 5408 2782 5464 Ecce
2813 5409 2871 5465 in
2906 5411 3006 5467 illa
3037 5412 3485 5485 religiosissima
3515 5416 3660 5473 urbe

2001 5493 2391 5548 fEneadarum
2426 5494 2656 5565 piorum
2688 5500 2776 5552 est
2805 5498 3033 5570 Jupiter
3065 5502 3298 5573 quidem
3349 5505 3657 5577 [nimirum

2002 5582 2273 5653 Latiaris]
2307 5599 2477 5652 quem
2512 5583 2666 5640 ludis
2698 5586 2822 5641 suis
2857 5589 3262 5659 [circensibus,
3285 5598 3340 5649 et
3371 5593 3658 5666 gladiato-

1998 5669 2125 5741 riis]
2160 5671 2418 5729 bumano
2450 5672 2729 5743 proluunt
2760 5677 3066 5750 sanguine.
3104 5703 3125 5733 ι
3163 5681 3311 5739 Alibi
3343 5700 3474 5741 vero
3507 5686 3649 5743 scri-

1998 5764 2164 5831 ptum
2199 5760 2271 5816 ab
2301 5778 2366 5819 eo
2399 5761 2653 5835 legimus
2687 5783 2699 5822 :
2740 5788 2767 5817 «
2802 5767 2964 5825 Latio
2996 5770 3067 5827 ad
3120 5770 3470 5832 hodiernum
3517 5775 3647 5836 Jovi
