4162 6378
514 397 668 456 1119

1038 394 1555 454 TERTULLIANI
1601 395 1924 456 OPERUM
1971 393 2165 454 PARS
2211 393 2260 456 Ι.
2289 426 2363 437 --
2404 391 2676 454 SERIES
2719 391 2769 465 Ι,
2809 391 3378 453 APOLOGETICA.

3779 389 3962 448 1120

514 525 707 580 media
737 524 794 580 in
827 525 977 582 Urbe
1011 525 1306 581 humanus
1336 526 1578 597 sanguis
1625 526 1994 596 ingustatur;
2046 541 2153 580 nec
2181 527 2234 592 Α
2262 540 2390 580 esse
2421 527 2668 580 mortem
2699 523 2930 595 probari
2964 539 3135 594 posse
3167 525 3378 595 putant
3410 521 3506 578 bis
3547 520 3750 578 Ovidii
3803 537 3958 576 car-

513 615 820 685 quisquam
886 619 1178 681 retractat,
1229 618 1330 669 aut
1377 631 1491 670 non
1542 615 1822 670 rationem
1856 614 2158 686 praesumit

513 703 795 774 aliquam,
827 708 927 757 aut
958 702 1426 758 inaestimabilem
1459 704 1547 758 dei
1581 702 1673 758 sui
1723 702 2074 758 voluntatem
2126 723 2154 751 »

512 792 1016 862 (Idem,.4pologet.
1067 807 1190 862 cap.
1241 791 1295 856 9,
1342 808 1472 862 pag.
1520 793 1657 857 317;
1705 791 2153 862 Scorpiac..cap.

512 881 588 951 7).
643 881 782 947 Quis
833 884 1026 934 autem
1081 897 1193 934 non
1247 879 1400 934 videt
1447 881 1519 935 ab
1572 879 1672 934 illo
1721 881 2157 949 religiosissimi?

514 971 666 1024 urbis
696 973 748 1024 et
778 968 1145 1023 ineadarum
1194 970 1412 1038 piorum
1469 968 1726 1035 nomine,
1778 986 1890 1023 non
1943 985 2156 1039 magna

513 1058 641 1113 sine
701 1057 888 1112 ironia
944 1055 1224 1128 appellari
1284 1057 1612 1126 Romanos,
1672 1057 1768 1127 qui
1827 1057 1899 1110 ab
1955 1058 2152 1126 zEnea,

513 1162 686 1218 quem
720 1148 936 1216 ubique
970 1147 1187 1217 passim
1221 1145 1500 1216 Virgilius
1529 1146 1689 1216 pium
1715 1152 1937 1216 patrem
1968 1150 2152 1215 vocat,

515 1253 685 1291 suam
719 1253 780 1290 se
811 1235 1094 1306 originem
1128 1235 1364 1289 duxisse
1395 1233 1836 1305 gloriabantur?
1889 1235 1994 1299 Qui
2045 1251 2152 1288 au-

513 1331 632 1380 tem
684 1323 872 1394 magis
910 1323 1075 1394 impii
1106 1327 1161 1378 et
1192 1323 1388 1378 minus
1421 1321 1678 1394 celigiosi
1709 1339 1835 1378 esse
1867 1327 2152 1392 poterant,

510 1430 684 1484 quam
744 1412 801 1467 hi
863 1411 1151 1478 Romani,
1213 1412 1307 1482 qui
1371 1411 1426 1464 in
1481 1411 1637 1465 ludis
1695 1416 1750 1466 et
1811 1411 2152 1466 muneribus

509 1501 636 1557 Jovi
671 1501 905 1565 Latiari,
939 1501 1044 1555 deo
1076 1517 1182 1554 suo
1213 1499 1432 1571 optimo
1463 1503 1520 1555 et
1550 1499 1804 1554 maximo
1847 1515 2150 1555 consecra-

514 1591 610 1658 tis,
660 1587 1013 1661 gladiatares
1063 1604 1192 1644 sese
1244 1593 1447 1642 mutuo
1495 1588 1935 1653 interﬁcientes,
1986 1592 2087 1642 aut
2120 1605 2153 1642 a

515 1678 720 1734 bestiis
746 1677 1101 1748 quibuscum
1134 1677 1490 1748 pugnabant,
1531 1677 1885 1732 horrendum
1940 1677 1997 1731 in
2023 1693 2151 1731 mo-

513 1767 653 1821 dum
709 1765 990 1820 laceratos
1049 1771 1106 1820 et
1162 1766 1424 1832 occisos,
1483 1783 1597 1821 non
1651 1765 1823 1821 siccis
1886 1771 2148 1836 tantum,

515 1854 615 1908 sed
665 1853 832 1955 laetis.
863 1853 1048 1955 oculis
1089 1853 1512 1955 intuebantur?‘
1555 1855 2149 1955 Sed.de.hoc.crudeli
2180 1891 2228 1955 Β

516 1959 648 1996 cum
681 1942 1014 2012 homicidio,
1043 1947 1168 1996 tum
1220 1943 1554 2014 spectaculo
1603 1943 1718 1998 alia
1766 1945 1826 1998 in
1875 1944 2151 1999 disserta-

517 2031 674 2086 tione
722 2031 950 2102 egimus
973 2032 1296 2102 {(Dissertat.
1339 2033 1397 2086 in
1441 2031 1633 2086 Minut.
1685 2033 1865 2088 Octav.
1917 2048 2040 2104 cap.
2093 2033 2146 2100 8,

517 2125 626 2175 art.
659 2120 735 2190 2),

589 2243 1040 2314 Respondebant
1066 2243 1281 2299 ethnici
1314 2248 1438 2298 tum
1471 2245 1706 2315 quidem
1742 2245 1958 2299 effundi
2015 2262 2152 2300 san-

514 2331 988 2403 guinem,lo24
1017 2333 1117 2388 sed
1145 2333 1450 2388 hominum
1484 2339 1584 2387 aut
1611 2334 2044 2401 bestiariorum,
2063 2341 2159 2388 aut

520 2423 814 2475 noxiorum
858 2422 1228 2490 iugulatorum
1257 2421 1539 2492 (Tertull.
1590 2422 1871 2493 Apologet.
1923 2439 2050 2492 cap.
2098 2423 2154 2492 9,

522 2525 656 2581 pag.
690 2510 837 2577 321).
889 2510 1065 2580 Atqui
1120 2510 1314 2581 primi,
1367 2511 1540 2564 sicuti
1590 2511 1843 2574 aiebant,
1888 2510 2157 2566 vilissimi

523 2600 690 2652 erant
722 2597 1005 2666 homines,
1039 2598 1138 2667 qui
1169 2597 1330 2652 lucro
1361 2599 1656 2664 conducti,
1689 2615 1924 2669 operam
1957 2597 2159 2654 bestiis

525 2685 890 2741 trucidandis
923 2686 1072 2740 ultro
1102 2685 1388 2742 locabant.
1423 2686 1670 2741 Secundi
1713 2704 1847 2743 vero
1887 2705 1992 2742 sua
2035 2704 2157 2759 pro-

527 2778 655 2844 pter
703 2773 944 2840 scelera,
975 2774 1148 2829 ‘sicut
1195 2775 1346 2829 intra
1385 2775 1718 2838 dicendum,
1749 2777 2030 2831 adversus
2063 2779 2160 2831 be-

525 2862 690 2926 stias,
723 2861 840 2916 lata
859 2863 1128 2933 judicum
1158 2863 1465 2932 sententia,
1495 2879 1754 2934 pugnare
1784 2866 2156 2936 cogebantur.

525 2949 681 3003 Nihil
712 2965 868 3022 ergo,
901 2951 1242 3022 inquiebant
1272 2951 1511 3018 ethnici,
1547 2951 1822 3008 horumce
1860 2953 2159 3008 hominum

525 3039 707 3094 caedes
739 3038 877 3094 mali
909 3039 1178 3096 habebat.

592 3173 700 3227 Sed
726 3173 1118 3229 Tertullianus
1147 3191 1359 3229 vanum
1389 3174 1532 3228 illud
1565 3174 1842 3246 effugium
1877 3173 2042 3230 facile
2082 3174 2160 3229 ci~

521 3266 696 3332 teque
721 3261 921 3318 evertit
949 3262 1484 3334 (lbid.).Bestiarius
1515 3263 1692 3334 enim,
1726 3263 2159 3336 quantumlibet

521 3348 898 3422 vilis,faaxque
928 3351 1131 3406 inﬁma
1160 3352 1552 3419 civitatis,non
1583 3351 1798 3408 idcirco
1832 3357 2023 3407 tamen
2057 3352 2160 3406 mi-

525 3455 638 3493 nus
667 3437 843 3494 homo
873 3443 981 3510 est,
1034 3440 1275 3511 parique
1319 3440 1634 3502 homicidio
1684 3440 1803 3495 vita
1851 3439 1952 3506 illi,
2005 3440 2161 3496 sicut

527 3525 744 3594 ditiori,
765 3527 1094 3598 eripitur.Si
1123 3545 1254 3584 vero
1280 3529 1597 3585 sceleratus
1629 3534 1813 3585 morte
1843 3529 2160 3584 damnatus

527 3614 624 3682 sit,
656 3614 706 3670 is
737 3620 890 3671 certe
921 3633 1035 3688 quo
1083 3617 1356 3689 iniquior,
1409 3635 1475 3674 eo
1521 3618 1838 3691 indignior,
1889 3618 1987 3690 qui
2032 3618 2161 3674 Jovi

526 3703 952 3775 immolaretur,
985 3705 1102 3762 sive
1133 3712 1196 3761 ut
1223 3707 1534 3778 ipsiusmet
1576 3707 1919 3763 Tertulliani
1969 3707 2160 3762 verbis

530 3797 768 3847 utamur
798 3809 812 3848 :
841 3815 864 3845 α
900 3794 1015 3849 Ηοο
1044 3795 1275 3867 turpius
1304 3797 1456 3866 quod
1490 3796 1628 3850 mali
1660 3796 2159 3867 hominis»(lbid.)

527 3883 766 3954 sanguis
814 3883 870 3938 in
922 3885 1162 3951 summi,
1213 3885 1386 3940 veluti
1439 3885 1694 3955 aiebant,
1743 3886 1834 3940 dei
1883 3886 2159 3940 honorem

529 3970 812 4026 funditur.
844 3973 1229 4035 Quamobrem
1267 3973 1342 4027 ibi
1375 3973 1471 4028 ille
1502 3974 1571 4027 de
1602 3973 1929 4039 ethnicis,et
1961 3991 2160 4029 eorum

527 4059 666 4115 Jove
713 4061 868 4116 haud
921 4061 1151 4133 illepide
1189 4062 1442 4128 jocando
1473 4061 1834 4118 exclamabat
1867 4080 1879 4118 :
1915 4064 1954 4118 0
1982 4065 2164 4119 Jovem

531 4148 910 4204 Christianum
968 4151 1178 4222 (Ibid)!
1239 4151 1343 4217 Qui
1395 4151 1715 4217 homicidii,
1776 4154 1946 4223 cujus
1999 4152 2162 4208 Chri-

530 4237 703 4293 stiani
733 4239 873 4295 falso
906 4239 1420 4306 insimulabantur,
1453 4257 1629 4295 causa
1672 4245 1987 4312 auctorque
2035 4240 2162 4307 fuit,

530 4332 588 4382 et
617 4344 682 4383 eo
714 4329 879 4384 titulo
909 4330 1085 4383 solum
1109 4331 1286 4400 patris
1312 4331 1400 4384 sui
1427 4330 1686 4399 Saturni,
1711 4331 1812 4401 qui
1846 4329 1995 4385 ﬁlios
2025 4346 2164 4385 suos

529 4421 848 4486 voraverat,
898 4419 1078 4484 ﬁlium
1125 4418 1198 4473 de
1241 4417 1586 4483 crudelitate,
1618 4420 1755 4488 tqua
1783 4416 2050 4473 videlicet
2079 4416 2163 4472 illi

530 4503 641 4560 fuit
669 4505 898 4561 similis.

2267 614 2530 669 minibus
2563 631 2576 668 :

2369 711 2476 756 Non
2507 710 2685 755 lethum
2711 709 2872 759 timeo.
2905 721 3058 766 genus
3084 715 3160 754 est
3188 709 3463 754 miserabile
3487 709 3667 753 mortis
3693 725 3705 750 :

2423 773 2603 818 Demite
2632 773 2946 829 naufragium.
2980 785 3118 817 mors
3146 772 3263 815 mihi
3294 784 3464 816 munus
3491 772 3598 815 erit.

2703 833 2860 885 (Ovid.
2894 834 2973 878 lib.
3004 845 3023 878 ι
3049 835 3185 878 Trist.
3214 832 3337 889 eleg.
3366 833 3410 880 2,
3438 846 3485 878 ν.
3513 833 3568 877 57
3596 838 3647 879 et
3678 835 3860 890 seqq.)

2258 917 2473 971 Verum
2522 916 2642 972 hac
2701 917 2949 972 canebat
3000 921 3170 988 poeta
3218 932 3415 971 amore
3464 914 3754 987 sepulcri,
3816 932 3954 985 quo

2262 1007 2582 1077 naufragus
2610 1005 2915 1061 caruisset.
2952 1007 3035 1058 Ad
3069 1004 3449 1076 philosophos
3501 1011 3705 1058 autem
3765 1004 3951 1074 quod

2262 1093 2491 1163 attinet,
2525 1094 2574 1148 si
2606 1093 2786 1163 aliqui
2819 1093 3078 1146 animam
3113 1092 3370 1146 hominis
3402 1089 3736 1162 ignem,alli
3771 1097 3954 1145 certe

2261 1198 2494 1253 aquam,
2527 1183 2625 1236 alii
2656 1198 2890 1253 corpus,
2925 1179 3025 1234 alii
3059 1180 3354 1251 spiritum,
3389 1180 3486 1233 alii
3519 1179 3711 1240 aliud,
3771 1180 3954 1233 sicut

2261 1270 2401 1324 alibi
2453 1271 2822 1326 ostendimus
2855 1270 3105 1339 (Dissert.
3141 1272 3200 1323 in
3230 1271 3476 1322 Lactant.
3512 1284 3643 1338 cap.
3675 1270 3780 1333 23,
3819 1273 3950 1321 art.

2259 1360 2337 1426 2),
2382 1375 2511 1414 esse
2563 1359 3060 1414 existimaverunt.
3115 1356 3518 1412 Tertullianus
3569 1374 3753 1427 porro
3809 1375 3950 1411 non

2261 1448 2438 1502 unius
2470 1445 2802 1519 philosophi
2840 1447 3054 1517 potius,
3090 1462 3263 1517 quam
3298 1445 3539 1500 alterius
3569 1445 3943 1516 opinionem

2262 1536 2506 1590 notavit.

2330 1624 2506 1679 Nobis
2564 1624 2761 1694 itaque
2793 1639 2998 1694 parum
3034 1621 3348 1677 soliditatis
3405 1621 3645 1676 videtur
3696 1621 3944 1676 habere

2259 1714 2491 1768 illorum
2524 1712 2844 1784 responsio,
2879 1712 2979 1783 qui
3031 1712 3173 1766 dum
3218 1711 3530 1776 curiosius,
3581 1727 3774 1780 quam
3825 1728 3945 1782 per

2257 1810 2400 1870 erat,
2459 1804 2768 1859 verborum
2821 1801 3166 1857 Tertulliani
3215 1801 3499 1857 rationem
3556 1803 3940 1872 perscrutati

2258 1900 2418 1958 sunt,
2451 1895 2508 1946 in
2543 1892 2735 1963 scirpo
2793 1892 3011 1946 nodum
3061 1890 3362 1961 quaesiere.
3413 1890 3536 1944 Non
3588 1890 3709 1944 alio
3764 1891 3937 1944 enim

2258 1981 2358 2036 ille
2391 1982 2561 2036 modo
2593 1979 2855 2050 loquitur
2884 1980 2954 2034 de
2986 1979 3333 2045 infantibus,
3366 1994 3623 2048 quorum
3665 1979 3940 2049 spiritus

2258 2071 2318 2125 in
2351 2086 2504 2141 aqua
2533 2069 2948 2140 exstinguitur,
2983 2084 3158 2139 quam
3193 2068 3263 2122 de
3311 2066 3461 2135 aliis,
3507 2067 3608 2138 qui
3662 2083 3937 2137 expone-

2259 2159 2475 2214 bantur
2523 2157 2742 2228 frigori,
2789 2156 2926 2210 fami
2977 2161 3034 2210 et
3082 2156 3351 2210 canibus.
3406 2159 3472 2210 At
3518 2155 3740 2210 horum
3793 2173 3934 2210 om-

2262 2247 2426 2302 nium
2453 2246 2767 2300 infantium
2798 2243 3405 2315 crudeliorum,quam
3437 2243 3690 2299 eliorum
3727 2243 3930 2299 homi-

2264 2352 2404 2391 num
2454 2350 2652 2389 necem
2701 2349 2830 2388 esse
2875 2337 3203 2394 asseverat;
3258 2332 3396 2403 quia
3443 2332 3702 2388 infantes
3749 2343 3930 2387 certis

2265 2423 2438 2479 morti
2485 2422 2764 2494 expositi,
2813 2421 2972 2476 omni
3023 2437 3296 2492 prorsus,
3346 2437 3461 2491 quo
3509 2420 3607 2476 alii
3659 2438 3723 2476 se
3767 2422 3930 2476 tueri

2266 2518 2552 2584 poterant,
2604 2511 2871 2565 destituti
2911 2515 3078 2565 erant
3142 2509 3382 2579 auxilio,
3451 2515 3628 2580 atque
3695 2510 3926 2565 idcirco

2267 2599 2562 2655 crudelius
2615 2615 2792 2670 quam
2842 2603 2984 2652 natu
3033 2598 3380 2669 grandiores
3429 2598 3817 2653 necabantur.
3851 2607 3931 2653 At

2267 2689 2425 2743 hunc
2459 2703 2587 2743 esse
2614 2685 2957 2742 Tertulliani
2988 2701 3252 2751 sensum,
3287 2702 3400 2741 non
3441 2686 3644 2742 1025
3699 2688 3928 2741 obscu-

2269 2791 2329 2831 re
2377 2776 2713 2847 signiﬁcant
2769 2774 3188 2845 subsequentia
3241 2775 3368 2844 ejus
3406 2775 3625 2830 verba:
3662 2797 3689 2823 «
3745 2775 3930 2828 Ferro

2267 2865 2423 2922 enim
2455 2865 2602 2919 mori
2633 2869 2772 2919 aetas
2805 2879 3038 2935 quoque
3071 2863 3259 2933 major
3287 2863 3572 2935 Optaverit
3601 2885 3622 2911 ο
3651 2863 3929 2934 (Tertull.

2270 2956 2542 3026 Apologet.
2582 2971 2708 3026 cap.
2740 2956 2796 3022 9,
2852 2971 2983 3026 pag.
3033 2954 3182 3023 319).
3235 2954 3485 3009 Malebat
3534 2953 3754 3025 quippe
3806 2971 3931 3010 uno

2267 3043 2446 3116 gladii
2477 3045 2616 3110 ictu,
2649 3060 2823 3113 quam
2855 3043 3134 3098 diuturno
3179 3059 3245 3098 ac
3303 3042 3583 3115 languido
3631 3043 3932 3099 miseran-

2269 3133 2476 3188 dorum
2526 3131 2843 3187 infantium
2888 3131 3062 3187 modo
3115 3131 3408 3186 interﬁci.
3460 3131 3540 3186 De
3590 3130 3698 3186 hac
3751 3148 3931 3202 porro

2189 3251 2232 3318 Ο
2268 3220 2580 3276 infantium
2618 3220 3002 3292 expositione,
3051 3219 3344 3289 hujusque
3392 3221 3934 3291 argumentationis

2267 3308 2512 3376 viribus,
2547 3325 2580 3364 a
2611 3308 2779 3364 nobis
2809 3307 2868 3362 in
2903 3312 3102 3363 nostra
3151 3308 3221 3363 de
3272 3307 3501 3362 Minutii
3552 3307 3763 3364 Felicis
3815 3311 3930 3365 Oc-

2265 3398 2419 3453 tavio
2466 3396 2895 3467 dissertatione,
2944 3400 3000 3451 et
3048 3394 3195 3451 locis
3232 3395 3451 3451 ibidem
3482 3397 3676 3452 citatis
3707 3397 3926 3470 dispu-

2264 3489 2455 3542 tatum
2489 3489 2578 3542 est
2607 3487 2920 3556 (Disseruit.
2954 3487 3013 3540 in
3043 3485 3234 3539 Minui.
3284 3485 3471 3540 Octav.
3522 3501 3652 3556 cap.
3699 3487 3756 3552 9,
3810 3493 3922 3542 art.

2269 3575 2380 3646 {2).

2339 3665 2522 3719 Omne
2553 3680 2725 3735 porro
2759 3663 3062 3719 homicidii
3094 3679 3281 3736 genus
3313 3662 3396 3718 sic
3433 3661 3786 3720 Christianis
3839 3667 3929 3720 in-

2266 3752 2678 3820 terdicebatur,
2734 3775 2753 3799 «
2810 3757 2873 3807 ut
2923 3752 3068 3824 ipsis
3119 3751 3294 3807 etiam
3350 3757 3701 3824 conceptum
3732 3760 3931 3821 utero,

2266 3841 2605 3898 Tertulliani
2636 3843 2811 3896 verba
2845 3846 3005 3908 sunt,
3036 3841 3177 3895 dum
3209 3841 3401 3895 adhuc
3432 3843 3676 3914 sanguis
3707 3844 3765 3897 in
3822 3845 3931 3900 ho-

2273 3931 2486 3988 minem
2536 3929 3202 4000 delibatur,,’dissolvere
3233 3946 3348 3984 non
3382 3928 3584 3984 liceret
3615 3954 3642 3980 «
3676 3932 3930 3988 Tertull.

2269 4021 2377 4076 loc.
2413 4021 2558 4088 cit.),
2593 4019 2649 4072 id
2683 4024 2792 4086 est,
2825 4020 2966 4073 dum
3000 4019 3173 4072 fmtus
3204 4019 3261 4072 in
3295 4017 3503 4073 matris
3556 4025 3722 4075 utero
3776 4039 3931 4076 non-

2269 4111 2410 4164 dum
2443 4107 2762 4162 humanam
2795 4108 3041 4176 ﬁguram
3065 4110 3520 4178 acceperat.Non
3544 4108 3701 4164 enim
3726 4111 3934 4167 omnia

2269 4197 2525 4254 hominis
2559 4195 2822 4250 membra
2853 4195 3028 4250 simul
3063 4196 3410 4264 formantur,
3444 4211 3548 4250 nec
3573 4197 3776 4251 anima
3809 4205 3932 4254 sta-

2270 4287 2377 4342 tim
2429 4285 2588 4341 ἴωῑυί
2635 4283 2982 4355 infunditur,
3032 4284 3132 4339 sed
3166 4288 3298 4354 post
3329 4282 3544 4338 multos
3575 4301 3609 4338 a
3638 4294 3928 4358 conceptu

2271 4375 2416 4446 dies,
2449 4379 2515 4428 ut
2545 4378 2754 4444 putant
2779 4371 3134 4444 phi1080phi,
3189 4387 3414 4444 nosque
3465 4371 3603 4428 alibi
3654 4377 3930 4430 ostendi-

2271 4480 2408 4519 mus
2447 4464 2775 4533 (Dissertat.
2810 4463 2869 4515 in
2903 4463 3153 4515 Lactant.
3186 4477 3313 4531 cap.
3363 4461 3454 4527 27,
3486 4465 3594 4515 art.
3628 4462 3686 4526 2,
3730 4467 3789 4518 et
3839 4466 3928 4531 40,

2271 4556 2378 4606 art.
2428 4551 2503 4621 6).
2558 4549 2736 4620 Atqui
2785 4549 2836 4604 si
2883 4549 3176 4620 ejusmodi
3227 4549 3565 4605 abortiones
3611 4567 3930 4621 provocare

598 4636 776 4709 Urget
803 4637 1218 4706 Tertullianus,
1243 4655 1310 4694 ac
1343 4639 1535 4709 majus
1567 4637 1665 4694 illo
1697 4639 2011 4694 homicidio
2050 4637 2160 4694 cri-
2193 4619 2237 4684 Ῑ)
2269 4619 2618 4696 Christianis
2649 4619 2811 4693 nefas
2841 4619 2987 4705 erat,
3019 4640 3240 4708 quanto
3273 4637 3464 4709 magis
3495 4619 3795 4709 quoslibet
3827 4659 3926 4697 oc-

532 4741 663 4780 men
719 4743 919 4781 eorum
979 4743 1106 4782 esse
1163 4727 1394 4798 asserit,
1442 4729 1538 4799 qui
1593 4731 1754 4783 natos
1809 4729 1918 4783 sibi
1967 4728 2164 4782 liberos

528 4815 866 4869 enecabant.
899 4814 1075 4870 Visne
1107 4815 1272 4870 illum
1303 4815 1568 4871 ethnicos
1597 4820 1898 4888 urgentem
1930 4821 1988 4871 et
2018 4815 2162 4870 allo-

529 4906 804 4971 quentem
848 4903 1090 4960 audire?
1118 4905 1262 4959 Ecce
1293 4903 1543 4976 ipsamet
1571 4905 1699 4974 ejus
1729 4905 1900 4960 verba
1934 4921 1946 4959 :
1979 4928 2005 4954 «
2040 4904 2161 4960 Uti-

527 5006 641 5061 que
690 4991 984 5047 crudelius
1033 4992 1090 5047 in
1141 5009 1294 5064 aqua
1341 4992 1611 5063 spiritum
1659 4994 2012 5065 extorquetis
2063 4997 2166 5048 aut

528 5080 727 5152 frigori
759 5085 815 5137 et
842 5081 1006 5152 fami,
1039 5086 1096 5137 et
1123 5083 1369 5137 canibus
1398 5081 1707 5154 exponitis.
1745 5107 1764 5132 -
1815 5084 1926 5139 Sed
1972 5081 2164 5154 inqui-

526 5186 619 5226 res
659 5187 762 5226 cur
807 5170 1103 5226 crudelius
1155 5171 1359 5226 mortis
1407 5187 1592 5242 genus
1648 5173 1722 5227 ab
1782 5171 1879 5227 illo
1937 5171 2166 5228 dicatur

526 5258 839 5315 infantium
871 5259 1145 5331 spiritum
1183 5260 1236 5313 in
1267 5277 1413 5330 aqua
1443 5261 1756 5331 exstingui.
1791 5261 2166 5332 Respondent

529 5348 799 5407 nonnulli
857 5349 1256 5422 philosophos,
1317 5349 1531 5420 quibus
1590 5351 1834 5405 accessit
1907 5348 2161 5418 Servius,

529 5440 797 5496 docuisse
844 5442 1100 5496 animam
1154 5440 1408 5495 hominis
1452 5441 1682 5513 igneam
1725 5456 1874 5507 esse,
1919 5455 2045 5509 quae
2076 5438 2163 5493 id-

525 5529 680 5584 circo
714 5529 770 5583 in
805 5547 955 5600 aqua
985 5529 1282 5584 difﬁcilius
1313 5529 1730 5600 exstinguitur,
1751 5534 1851 5583 aut
1882 5529 2166 5598 redigitur

526 5617 586 5670 in
649 5617 900 5672 nihilum
956 5619 1138 5689 (Serv.
1209 5619 1267 5672 in
1333 5617 1432 5672 lib.
1491 5636 1508 5671 1
1575 5619 1767 5672 ΑΞηίτΙ.
1839 5617 2039 5689 Virgil.
2106 5633 2163 5683 ν,

525 5701 635 5774 Ωὕ).
691 5705 966 5761 Omnium
1015 5711 1211 5762 autem
1259 5706 1409 5762 hanc
1451 5723 1649 5764 revera
1696 5705 2164 5764 crudelissimam

2271 4729 2463 4784 cidere
2513 4727 2818 4782 homines!
2867 4726 3007 4793 Quis
3058 4726 3238 4798 igitur
3284 4742 3400 4780 non
3466 4726 3707 4799 indigne
3777 4730 3928 4786 ferat

2270 4816 2404 4872 illos
2440 4814 2735 4872 homicidii
2767 4818 2886 4870 tam
2917 4820 3135 4869 temere
3185 4812 3474 4886 postulari
3522 4815 3592 4870 ab
3648 4816 3924 4884 ethnicis,

2271 4905 2371 4978 qui
2403 4909 2518 4960 tam
2553 4905 2885 4974 frequenter
2913 4903 3057 4959 alios
3085 4902 3353 4958 homines
3385 4904 3794 4962 crudelissime
3829 4926 3927 4964 oc-

2271 4995 2562 5062 cidebant,
2593 4999 2659 5049 ut
2680 4994 2806 5064 jam
2841 4993 3062 5048 dictum
3091 4996 3150 5047 et
3179 4992 3372 5047 adhuc
3421 4992 3739 5050 dicendum
3790 4999 3926 5053 est?

2872 5115 3190 5155 ARTICULUS
3240 5115 3313 5154 IV.

2273 5191 2448 5259 Quam
2477 5197 2620 5244 certo
2657 5189 3029 5244 Tertullianus
3058 5191 3274 5243 asserat
3301 5197 3516 5258 epotum
3565 5188 3638 5242 ab
3684 5191 3924 5249 ethnicis

2341 5261 2645 5315 humanum
2671 5263 3004 5331 sanguinem
3032 5261 3266 5330 publicis
3289 5261 3343 5312 in
3368 5259 3513 5314 ludis
3543 5262 3664 5316 Jovi
3684 5262 3918 5331 dicatis,

2343 5337 2392 5387 et
2422 5333 2488 5387 ab
2519 5332 2604 5387 his
2634 5335 2731 5402 qui
2774 5333 3044 5387 comitiali
3093 5331 3277 5386 morbo
3329 5331 3636 5405 remedium
3687 5351 3922 5405 quaere-

2345 5407 2492 5473 bant,
2537 5413 2700 5474 atque
2741 5405 2807 5457 ab
2837 5405 2996 5471 aliis,
3027 5404 3124 5473 qui
3151 5405 3295 5474 sicut
3321 5403 3559 5457 Catilina
3587 5403 3771 5473 fadus
3798 5424 3930 5465 cum

2343 5473 2618 5547 aliquibui
2647 5475 2865 5529 inibant
2893 5492 2914 5528 :
2947 5477 3076 5529 item
3108 5476 3166 5529 in
3193 5473 3387 5544 Africa
3435 5475 3677 5532 Bellona:
3723 5494 3926 5537 sacra-

2344 5546 2648 5602 tos’hausto
2677 5548 2917 5616 signatos
2943 5547 3117 5617 fuisse
3143 5546 3434 5614 sanguine,
3462 5554 3628 5617 atque
3672 5549 3742 5602 ab
3793 5553 3930 5610 aliis

2341 5621 2550 5674 crimen
2577 5619 2660 5673 his
2692 5621 2874 5688 magis
2911 5617 3306 5674 exsecrandum
3335 5620 3675 5688 perpetrari.

2345 5710 2468 5775 Qua
2515 5705 2909 5765 Tertullianus
2966 5706 3256 5765 evidentia
3301 5707 3725 5766 demonstravit
3775 5711 3930 5772 nihil
