4162 6406
292 380 442 441 1121

1206 380 1278 439 D.
1329 379 1422 441 LE
1468 378 1792 442 NOURRY
1839 376 2487 441 OBSERVATIONES
2530 376 2786 441 NOVAE.

3474 434 3481 441 .
3548 385 3705 447 ωε

287 528 418 569 esse
448 513 671 582 falsius,
705 528 881 584 quam
917 513 1156 567 infantis
1190 530 1222 569 a
1252 513 1602 570 Christianis
1641 530 1807 570 sacra
1831 531 1939 569 sua

2050 532 2204 580 σωσι,
2265 512 2621 586 κατεύχονται
2694 512 2897 582 πολλὰ,
2946 516 3035 569 καὶ
3112 508 3297 570 ἔπειτα
3369 515 3696 571 ἀποπίνουσι

291 602 570 675 mysteria
610 601 1039 657 celebrantibus
1094 602 1272 658 occisi
1323 603 1673 673 sanguinem
1727 602 1935 673 potari,

287 692 487 746 eadem
522 690 869 746 certitudine
900 691 1157 746 ostendit
1213 690 1359 746 tanti
1417 690 1621 764 ﬂagitii
1672 692 1939 747 conscios

290 781 485 852 reipsa
514 797 642 835 esse
687 779 963 851 gentiles.
1008 782 1067 836 In
1131 780 1288 837 ludis
1335 782 1549 837 etenim
1586 782 1935 847 Latiaribus,

289 870 359 925 de
392 870 605 941 quibus
636 870 692 924 in
727 869 1014 941 superiori
1060 868 1303 925 articulo
1364 869 1612 941 egimus,
1673 870 1933 937 humano,

290 959 372 1015 ait
400 958 816 1027 Tertullianus,
839 959 1105 1030 proluunt
1150 961 1426 1027 sanguine
1474 959 1739 1029 (Tertull.
1792 960 1936 1030 Apo-

293 1051 443 1120 logit.
477 1067 607 1122 cap.
637 1051 692 1118 9,
730 1066 859 1122 pag.
890 1052 1058 1120 517);
1094 1050 1203 1117 vel,
1238 1051 1392 1105 sicut
1450 1052 1506 1105 in
1570 1050 1682 1105 alio
1737 1050 1886 1105 libro
1922 1066 1932 1105 :

290 1161 319 1190 ‹‹
353 1140 513 1196 Latio
545 1140 617 1195 ad
664 1140 1013 1196 hodiernum
1066 1140 1193 1196 Jovi
1248 1140 1441 1195 media
1489 1140 1546 1194 in
1584 1142 1723 1195 urbe
1754 1146 1937 1196 Roma

288 1229 590 1285 humanus
623 1229 868 1301 sanguis
909 1229 1245 1301 ingustatur
1278 1251 1305 1278 ››
1356 1228 1637 1301 (Scorpio.
1698 1245 1823 1299 cap.
1856 1229 1933 1299 7).

293 1321 531 1392 Ignotus
562 1336 697 1375 vero
739 1318 874 1373 libri
932 1318 997 1375 de
1050 1318 1413 1390 Spectaculis,
1472 1324 1603 1390 post
1660 1317 1933 1390 Cypriani

287 1426 463 1481 opera
493 1408 864 1479 editi,auctor
893 1409 1171 1464 describit
1199 1409 1491 1480 quomodo
1520 1407 1765 1478 impium
1788 1406 1935 1462 illud

287 1497 642 1552 sacrificium
676 1496 797 1552 ﬁeri
831 1496 1057 1552 solebat
1086 1514 1098 1550 :
1129 1519 1156 1545 ‹‹
1192 1496 1388 1566 Plura,
1414 1495 1626 1567 inquit,
1664 1494 1935 1565 prosequi

291 1586 433 1658 quid
465 1590 554 1641 est
583 1602 844 1656 necesse,
873 1585 959 1640 vel
988 1586 1412 1640 sacrificiorum
1447 1585 1502 1638 in
1538 1582 1693 1639 ludis
1723 1599 1937 1655 genera

290 1678 625 1731 monstrosa
655 1673 984 1730 describere
1005 1673 1033 1728 ?
1063 1675 1218 1729 Inter
1249 1690 1378 1745 quae
1423 1688 1849 1743 nonnunquam
1881 1675 1938 1727 et

292 1764 466 1820 homo
522 1764 586 1819 fit
616 1762 812 1820 hostia
840 1762 1146 1819 latrocinio
1206 1761 1548 1829 sacerdotis,
1595 1761 1733 1816 dum
1766 1777 1939 1816 cruor

288 1854 467 1909 etiam
532 1854 603 1908 de
648 1852 863 1925 jugulo
890 1853 1120 1908 calidus
1178 1857 1451 1922 acceptus
1510 1855 1728 1922 patera,
1792 1851 1933 1905 dum

291 1943 485 1997 adhuc
516 1942 716 2007 fervet,
738 1946 797 1997 et
818 1941 987 2012 quasi
1011 1941 1229 1997 sitienti
1253 1940 1408 1996 idolo
1441 1941 1500 1995 in
1524 1940 1730 1995 faciem
1748 1941 1937 2009 jacta-

294 2037 415 2099 tus,
448 2031 765 2086 crudeliter
804 2031 1151 2102 propinatur
1182 2052 1209 2079 »
1240 2030 1428 2101 (Auct.
1465 2028 1564 2083 lib.
1592 2033 1660 2084 de
1688 2030 1938 2099 Spectac-

290 2120 404 2175 Nos
434 2133 566 2175 vero
595 2120 666 2174 de
697 2119 805 2175 hoc
834 2123 955 2174 tam
988 2120 1266 2188 absurdo,
1300 2136 1476 2190 quam
1501 2117 1718 2174 crudeli
1753 2118 1937 2172 sacri-

290 2208 419 2263 ficio
463 2208 898 2279 disputavimus
955 2207 1012 2261 in
1044 2213 1244 2263 nostra
1302 2210 1372 2263 de
1422 2206 1652 2262 Minutii
1701 2206 1935 2261 Octavio

286 2297 697 2351 dissertatione
731 2297 1035 2365 (Dissertat.
1098 2298 1157 2350 in
1210 2299 1416 2352 Minut.
1478 2313 1605 2366 cap.
1660 2294 1714 2362 9,
1759 2299 1866 2349 art.
1902 2294 1935 2348 3

287 2390 342 2438 et
373 2385 445 2454 4),
479 2386 578 2438 ubi
611 2384 787 2439 etiam
820 2384 1050 2455 egimus
1082 2385 1152 2439 de
1182 2384 1256 2438 iis
1287 2386 1383 2455 qui
1417 2384 1696 2438 comitiali
1728 2383 1933 2437 morbo

285 2472 640 2538 laborantes,
674 2477 869 2542 potato
896 2472 1300 2544 jugulatorum
1334 2473 1392 2527 in
1443 2472 1534 2528 his
1585 2472 1936 2544 spectaculis

289 2561 597 2617 hominum
620 2562 909 2633 sanguine
928 2562 1277 2618 medicinam
1315 2561 1826 2632 quaarebant.Nam
1851 2562 1933 2632 hi,

292 2650 373 2704 uti
405 2650 485 2704 ait
528 2650 950 2717 Tertullianus,
984 2674 1012 2701 «
1048 2667 1289 2707 munere
1318 2651 1377 2706 in
1419 2668 1598 2706 arena
1628 2652 1930 2707 noxiorum

291 2739 917 2809 1026jugulatorum
943 2741 1287 2811 sanguinem
1322 2745 1612 2796 recentem
1646 2740 1815 2795 avida
1836 2741 1932 2796 siti

291 2827 599 2897 comitiali,
634 2828 838 2883 morbo
897 2830 1194 2884 medentes
1255 2830 1529 2885 auferunt
1579 2853 1600 2882 ι»
1664 2829 1929 2901 (Tertull.

289 2917 550 2985 Apologet
579 2932 629 2970 c.
663 2916 717 2978 9,
758 2932 815 2986 p.
851 2914 998 2984 321).
1032 2916 1170 2979 Quis
1220 2922 1437 2984 autem,
1493 2917 1605 2970 nim
1655 2916 1932 2971 immanis

290 3021 354 3058 ac
387 3006 610 3059 ferreus
637 3003 835 3071 homo,
869 3003 970 3057 tali
1012 3005 1291 3069 remedio,
1344 3022 1411 3059 ac
1460 3004 1705 3060 aliorum
1739 3005 1932 3059 homi-

288 3110 427 3148 num
463 3092 683 3149 crudeli
716 3092 980 3159 interitu,
1012 3094 1137 3148 vita;
1170 3111 1287 3149 suae
1321 3094 1625 3150 consulere
1657 3110 1771 3149 non
1804 3094 1933 3149 hor-

287 3186 406 3237 reat
426 3183 452 3235 ‘t

2048 600 2200 656 αὐτοί
2230 622 2285 655 τε
2338 600 2393 655 οἷ’
2448 602 2510 655 τὸ
2563 601 2749 678 ὅρκιον
2809 602 3149 675 ποιεύμενοι,
3188 604 3277 659 καὶ
3335 606 3443 659 τῶν
3494 604 3696 677 ἐπομε-

2046 711 2150 744 νιυν
2185 691 2235 744 o't
2293 689 2549 745 πλείστου
2608 690 2767 762 ἄξιοι.
2826 696 3055 751 Fiedera
3109 713 3233 751 cum
3284 696 3697 769 quibuscunque

2046 781 2264 852 Scytha"
2292 783 2389 836 hoc
2416 783 2575 839 modo
2604 784 2797 839 ineunt
2827 805 2846 851 ,-
2878 786 3062 855 infuso
3093 787 3151 840 in
3173 785 3441 854 grandem
3467 787 3694 842 calicem

2047 869 2271 938 ﬁctilem
2306 872 2453 938 vino,
2477 874 2831 927 commiscent
2864 888 3055 928 eorum
3102 876 3440 946 sanguinem
3495 877 3593 946 qui
3620 878 3699 945 fe-

2047 960 2201 1014 riunt
2250 962 2461 1030 faedus,
2519 964 2892 1032 percutientes
2947 963 3188 1033 cultello,
3247 968 3340 1017 aut
3391 964 3696 1020 incidentes

2045 1047 2233 1117 gladio
2262 1050 2681 1119 aliquantulum
2724 1053 2985 1122 corporis.
3026 1052 3233 1107 Deinde
3282 1055 3339 1107 in
3372 1052 3549 1108 calice
3576 1056 3698 1108 tin-

2045 1139 2180 1207 gunt
2209 1140 2509 1204 acinacem,
2544 1142 2802 1212 sagittas,
2852 1142 3112 1207 securim,
3128 1142 3405 1212 jaeulnm.
3442 1143 3568 1199 Haec
3598 1142 3699 1197 ubi

2042 1225 2313 1298 fecerunt,
2346 1244 2462 1283 sese
2491 1230 2685 1284 multis
2726 1231 2905 1284 verbis
2950 1230 3226 1295 devovent,
3272 1240 3455 1301 postea
3500 1232 3692 1286 vinum

2046 1320 2267 1387 epotant
2296 1332 2403 1372 non
2438 1318 2594 1373 modo
2627 1320 2671 1373 ii
2698 1320 2795 1389 qui
2832 1320 3008 1391 foedus
3057 1323 3326 1391 fecerunt,
3375 1320 3467 1376 sed
3524 1322 3692 1377 etiam

2045 1406 2271 1460 comites
2300 1408 2345 1460 ii
2373 1407 2469 1478 qui
2494 1416 2621 1462 sunt
2652 1410 2922 1464 maxima?
2950 1408 3244 1480 dignitatis
3267 1410 3472 1481 (Idem,
3506 1408 3695 1480 lib.1v,

2044 1492 2075 1565 §
2104 1495 2217 1563 70).

2117 1587 2350 1638 Poterat
2378 1601 2514 1656 ergo
2552 1586 2953 1642 Tertullianus
2998 1586 3154 1642 hunc
3205 1588 3516 1659 antiquum
3550 1589 3694 1644 scri-

2045 1675 2268 1742 ptorem
2305 1672 2460 1729 haud
2492 1675 2834 1731 dubitanter
2861 1675 3156 1748 opinionis
3189 1693 3311 1732 suis
3337 1681 3689 1733 assertorem

2046 1760 2347 1829 advocare,
2392 1767 2567 1835 atque
2597 1780 2662 1819 eo
2696 1764 2902 1836 potiori
2944 1766 3098 1837 jure,
3135 1767 3289 1837 quod
3342 1768 3694 1839 suffragato-

2047 1865 2167 1903 rem
2201 1850 2413 1907 habeat
2444 1852 2765 1908 Lucianum
2799 1854 3035 1925 (Dialog.
3071 1855 3263 1910 Toxar.
3311 1871 3411 1910 seu
3445 1854 3511 1910 de
3539 1855 3694 1910 Ami-

2048 1939 2141 1992 cil.
2177 1955 2309 2011 pag.
2342 1941 2489 2009 630).
2524 1942 2667 1997 Nam
2703 1947 2979 1999 testatum
3032 1944 3128 1999 hic
3176 1944 3314 1998 facit
3361 1943 3603 2015 Scythas
3634 1944 3693 1998 in

2049 2026 2286 2082 calicem
2322 2045 2388 2083 ex
2418 2029 2623 2085 incisis
2654 2031 2853 2103 digitis
2886 2032 3235 2104 sanguinem
3268 2031 3605 2100 distillasse,
3633 2049 3698 2087 ac

2047 2114 2301 2172 intincta
2327 2117 2652 2189 gladiorum
2687 2137 2931 2175 suorum
2966 2121 3423 2192 cuspide,simul
3457 2121 3698 2190 bibisse,

2048 2208 2224 2275 atque
2255 2206 2337 2261 ita
2387 2209 2680 2279 pepigisse
2726 2210 2939 2279 fmdus,
2972 2210 3125 2281 quod
3173 2214 3375 2280 postea
3417 2210 3696 2265 dirimere

2046 2293 2265 2348 nemini
2297 2294 2527 2353 licebat.
2579 2298 2657 2351 De
2690 2299 3041 2369 quibusdam
3071 2314 3205 2353 vero
3238 2297 3494 2369 populis,
3529 2298 3698 2353 Axia‘

2045 2397 2245 2437 carum
2278 2384 2507 2449 vicinis,
2533 2386 2654 2441 ἱ)ωο
2687 2386 3044 2459 Pomponius
3067 2386 3215 2441 Mela
3246 2386 3540 2441 memorias
3562 2403 3695 2458 pro-

2046 2469 2192 2524 didit
2226 2487 2237 2525 :
2279 2495 2298 2520 α
2337 2472 2493 2528 Bella
2524 2476 2823 2545 caedesque
2874 2480 3111 2543 amant;
3147 2491 3391 2545 mosque
3434 2479 3522 2530 est
3570 2474 3694 2531 bel-

2047 2557 2304 2615 lantibus
2336 2576 2600 2617 cruorem
2651 2564 2805 2631 ejus,
2837 2580 3007 2633 quem
3061 2565 3316 2633 primum
3376 2564 3690 2619 intereme-

2046 2652 2203 2715 runt,
2238 2648 2383 2719 ipsis
2414 2667 2443 2705 e
2473 2650 2815 2707 vulneribus
2850 2648 3267 2707 ebibere...'Ne
3316 2652 3532 2707 fcedera
3562 2652 3693 2723 qui-

2045 2735 2175 2790 dem
2210 2736 2517 2794 incruenta
2548 2745 2709 2794 sunt.
2744 2741 3023 2796 Sauciant
3054 2741 3253 2811 se,qui
3289 2740 3693 2812 paciscuntur,

2043 2831 2496 2898 exemptumque
2528 2829 2874 2899 sanguinem
2908 2829 3006 2884 ubi
3040 2833 3451 2900 permiscuere,
3484 2829 3695 2901 degus-

2043 2915 2190 2968 tant.
2208 2914 2266 2967 Id
2294 2921 2502 2986 putant
2525 2933 2815 2972 mansurae
2841 2917 2973 2971 fidei
2998 2917 3213 2988 pignus
3236 2917 3631 2972 certissimum
3660 2938 3687 2966 »

2043 3005 2345 3072 (Pompon.
2380 3004 2507 3058 Mel.
2544 3004 2644 3060 lib.
2680 3023 2720 3059 ιι
2749 3005 2814 3059 de
2843 3005 2965 3059 Situ
2992 3006 3111 3060 arb.
3147 3021 3198 3061 c.
3234 3006 3309 3076 1).

2116 3110 2313 3165 1027
2350 3111 2432 3165 Ad
2474 3111 2593 3166 haec
2642 3128 2771 3167 vero
2819 3111 3121 3167 Cornelius
3169 3111 3428 3181 Tacitus,
3484 3111 3583 3165 ubi
3617 3112 3687 3167 de

2041 3197 2253 3253 foedere
2274 3199 2428 3253 inter
2458 3200 2903 3255 Rhadamistum
2934 3205 2993 3255 et
3022 3199 3411 3254 Mithridatem
3447 3217 3460 3255 :
3494 3221 3522 3249 «
3558 3199 3683 3256 Mos

356 3307 439 3361 Ab
480 3305 691 3361 horum
742 3322 873 3362 vero
918 3305 1345 3361 inhumanitate
1386 3323 1498 3361 non
1554 3306 1754 3378 procul
1787 3306 1926 3361 ἃδε,
1958 3259 2000 3326 C
2039 3291 2149 3378 est,
2184 3287 2397 3378 inquit,
2429 3290 2686 3360 regibus,
2721 3289 2949 3378 quoties
2982 3289 3047 3378 in
3074 3288 3412 3344 societatem
3447 3295 3681 3357 coeunt,

285 3395 589 3472 rantferae
622 3394 732 3449 illae
764 3400 988 3466 gentes,
1024 3412 1149 3466 quae
1183 3395 1510 3467 sanguinis,
1544 3412 1613 3451 ex
1646 3395 1928 3451 membris

284 3484 409 3541 suis
440 3484 639 3551 eliciti,
674 3490 813 3556 potu
848 3485 1065 3540 foedera
1096 3486 1250 3539 inter
1279 3501 1340 3540 se
1374 3485 1658 3541 feriebant
1687 3490 1743 3541 et
1792 3501 1927 3540 con-

285 3562 618 3639 firmabant,
654 3578 727 3627 At
778 3573 959 3645 hujus
1010 3573 1181 3645 plane
1219 3574 1455 3629 barbari
1504 3574 1685 3630 moris
1717 3578 1926 3630 testem

286 3664 637 3718 Herodotum
675 3662 766 3718 his
796 3663 1193 3719 Tertullianus
1240 3663 1380 3719 citat
1426 3664 1620 3719 verbis
1652 3687 1681 3714 «
1734 3664 1930 3736 Legite

286 3752 494 3807 necubi
528 3752 774 3807 relatum
809 3753 885 3808 sit
916 3754 1027 3825 (est
1064 3754 1219 3825 apud
1270 3753 1652 3819 Herodotum,
1702 3754 1927 3825 opinor)

286 3842 557 3896 defusum
590 3841 848 3897 brachiis
880 3843 1227 3914 sanguinem
1260 3859 1329 3898 ex
1358 3842 1638 3898 alterutro
1661 3843 1930 3915 degusta-

284 3935 411 3984 tum
439 3930 705 3985 nationes
738 3930 1023 4000 quasdam
1057 3930 1259 3985 foederi
1300 3947 1673 4002 comparasse
1704 3952 1731 3979 »
1764 3931 1926 4003 (Ibid.

285 4022 340 4073 et
368 4020 579 4090 seqq).
612 4020 683 4072 At
712 4018 805 4073 his
838 4018 935 4073 ille
966 4019 1178 4087 verbis,
1212 4021 1361 4090 apud
1401 4021 1766 4087 Herodotum,
1813 4024 1929 4092 opi-

250 4123 403 4175 .nor,
439 4107 585 4163 satis
616 4111 813 4178 aperte
859 4106 1153 4178 significat
1182 4125 1244 4163 se
1284 4108 1485 4164 isthasc
1531 4126 1599 4165 ex
1649 4110 1931 4166 memoria

284 4199 364 4252 ita
398 4197 710 4263 recitasse;
745 4200 808 4250 ut
839 4196 1077 4251 omnino
1109 4213 1351 4253 securus
1383 4216 1497 4254 non
1524 4199 1696 4254 fuerit
1726 4216 1798 4254 an
1831 4198 1931 4254 illa

283 4288 355 4341 ab
388 4287 513 4357 ipso
564 4285 849 4339 Herodoto
897 4284 985 4339 vel
1019 4284 1133 4340 alio
1190 4286 1473 4357 scriptore
1517 4287 1729 4342 litteris
1762 4304 1930 4342 man-

282 4378 420 4431 data
451 4375 590 4430 sint.
628 4374 1042 4429 Verumtamen
1077 4376 1348 4431 eumdem
1383 4376 1739 4432 Herodotum
1773 4381 1929 4432 certo

281 4467 459 4521 citare
490 4468 754 4535 pateret;
790 4480 923 4518 nam
960 4463 1018 4517 in
1054 4464 1242 4534 primo
1267 4482 1373 4520 suo
1406 4466 1554 4520 libro
1577 4466 1699 4521 haec
1731 4470 1931 4522 narrat

280 4556 349 4608 de
397 4552 569 4624 Lydis
611 4568 624 4608 :
661 4553 855 4623 Ὅρκια
899 4547 956 4604 δὲ
1020 4549 1259 4605 ποιέεται
1307 4557 1475 4607 ταῦτα
1519 4554 1587 4607 τὰ
1629 4547 1800 4625 ἔθνεα,
1864 4555 1931 4607 τά

2036 3375 2338 3447 implicare
2363 3377 2618 3445 dextras,
2653 3377 3008 3450 pollicesque
3036 3377 3191 3433 inter
3220 3393 3281 3433 se
3310 3378 3547 3442 vincire,
3579 3396 3681 3433 no-

2038 3467 2228 3536 doque
2256 3466 2676 3539 praastringere.
2710 3467 2835 3522 Mox
2870 3467 2969 3522 ubi
3016 3466 3264 3539 sanguis
3295 3467 3351 3520 in
3386 3472 3548 3522 artus
3580 3485 3683 3522 ex-

2036 3560 2253 3610 tremos
2305 3572 2367 3611 se
2402 3556 2695 3626 effuderit,
2755 3556 2859 3612 levi
2916 3557 3033 3612 ictu
3104 3573 3364 3612 cruorem
3416 3556 3682 3627 eliciunt,

2040 3649 2213 3714 atque
2245 3644 2489 3699 invicem
2524 3643 2814 3700 lambunt.
2867 3646 2928 3699 Id
2963 3645 3149 3699 foedus
3182 3662 3462 3700 arcanum
3507 3645 3686 3701 habe-

2044 3742 2156 3798 tur,
2184 3732 2351 3803 quasi
2382 3738 2587 3787 mutuo
2620 3750 2823 3789 cruore
2856 3738 3150 3789 sacratum
3190 3755 3216 3783 »
3272 3733 3464 3804 (Corn.
3496 3733 3682 3789 Tacit.

2041 3821 2141 3876 lib.
2177 3840 2255 3876 xu
2285 3823 2483 3877 Annal.
2517 3828 2650 3894 post
2684 3824 2885 3894 med.).

2112 3929 2259 3994 Quid
2293 3928 2463 4001 plura
2488 3928 2515 3983 ‘?
2544 3928 2810 3986 Valerius
2842 3931 3133 3986 Maximus
3168 3930 3237 3986 de
3276 3928 3551 3999 Sariaste,
3585 3945 3688 3985 seu

2038 4018 2285 4088 Tigrane
2316 4017 2559 4086 Minore,
2611 4018 2734 4088 qui,
2789 4018 2989 4074 relicto
3038 4024 3202 4090 patre
3247 4034 3375 4084 suo,
3407 4017 3478 4072 ad
3514 4014 3692 4072 Pum-

2040 4106 2238 4178 peium
2271 4107 2567 4179 Magnum,
2603 4124 2667 4162 ac
2698 4108 2907 4163 deinde
2956 4109 3028 4163 ab
3059 4108 3261 4163 eodem
3316 4105 3584 4177 Pompeio
3618 4107 3688 4162 ad

2040 4200 2266 4267 patrem
2300 4213 2469 4252 suum
2522 4196 2830 4265 defecerat,
2883 4197 3004 4253 haec
3045 4196 3252 4252 scribit
3288 4212 3301 4251 :
3341 4217 3361 4245 ι
3398 4195 3688 4253 Sariaster

2040 4285 2318 4340 adversus
2350 4291 2572 4357 patrem
2598 4302 2772 4341 suum
2806 4285 3434 4357 Tigranem,Armeniae
3468 4300 3686 4357 regem,

2038 4373 2120 4428 ita
2149 4390 2280 4429 cum
2314 4375 2520 4429 amicis
2562 4375 2873 4446 consentit,
2908 4378 2969 4430 ut
3001 4391 3207 4430 omnes
3240 4375 3460 4430 dextris
3492 4374 3683 4429 mani-

2037 4462 2149 4518 bus
2180 4463 2527 4535 sanguinem
2562 4462 2879 4530 mitterent,
2914 4467 3088 4535 atque
3118 4480 3252 4518 eum
3283 4463 3531 4518 invicem
3564 4479 3683 4518 sor-

2038 4553 2241 4607 berent
2273 4573 2299 4601 »
2331 4552 2481 4623 (Val.
2515 4552 2664 4607 Max.
2699 4552 2800 4608 lib.
2836 4568 2913 4620 ix,
2948 4569 3075 4624 cap.
3112 4554 3168 4607 11
3208 4555 3388 4608 exter.
3420 4555 3448 4621 §
3478 4554 3556 4624 3).

279 4641 378 4716 πέρ
430 4661 485 4695 τε
542 4637 841 4707 Ἕλληνες,
902 4639 990 4693 καὶ
1050 4641 1185 4715 πρὸς
1257 4642 1497 4696 τούτοισι
1574 4642 1759 4697 ἐπεὰν
1797 4641 1926 4704 τοὺς

2108 4641 2306 4713 Neque
2338 4641 2715 4697 humaniores
2747 4641 2990 4697 Romani
3026 4641 3099 4697 ab
3141 4640 3250 4696 hac
3300 4640 3567 4696 barbarie
3603 4640 3689 4697 fe-

282 4731 576 4805 βραχίονας
623 4727 987 4802 ἐπιτάμωνται
1046 4729 1097 4791 ἐς
1141 4731 1235 4798 τὴν
1292 4730 1645 4807 αἱμορῤοίην,
1693 4732 1919 4809 τὸοαῖμα

276 4819 625 4894 ἀναλείχουσι
659 4816 922 4888 ἀλλήλων
953 4823 1153 4876 Ineunt
1182 4826 1367 4877 autem
1396 4824 1480 4879 hae
1506 4829 1691 4894 gentes
1719 4823 1923 4892 hedera

274 4928 399 4966 cum
429 4918 646 4978 caetera,
700 4911 817 4964 ritu
866 4910 1195 4977 Graecorum,
1251 4918 1373 4967 tum
1420 4912 1767 4968 cruentando
1798 4913 1924 4967 bra-

276 5001 400 5055 chia
429 4999 747 5054 vulneribus
776 5004 968 5067 sponte
995 5001 1280 5071 susceptis,
1312 5010 1364 5056 et
1416 5012 1671 5057 mutuum
1701 5003 1925 5072 sangui-

275 5106 397 5145 nem
430 5089 755 5158 detingendo
791 5090 1079 5159 (Herodot.
1132 5089 1233 5145 lib.
1270 5108 1308 5160 1,
1341 5094 1369 5159 §
1398 5093 1512 5163 74).
1572 5097 1651 5148 De
1696 5091 1924 5164 Scythis

277 5184 469 5234 autem
499 5178 611 5234 alio
644 5178 703 5233 in
732 5178 882 5233 libro
913 5179 1128 5252 Ὅρκια,
1183 5179 1398 5251 inquit,
1448 5185 1729 5235 ποιοῦνται
1782 5179 1922 5234 Σκύ-

274 5268 357 5321 θαι
391 5263 496 5321 ὧδε
520 5267 655 5341 πρὸς
710 5266 816 5319 τῶν
879 5262 937 5319 ἂν
992 5267 1306 5321 ποιέωνται·
1367 5266 1419 5332 ἐς
1447 5267 1647 5325 κύλικα
1680 5269 1919 5346 μεγάλην

273 5356 562 5433 κεραμίνην
614 5356 753 5409 οἶνον
815 5352 1122 5429 ἐγχέαντες,
1185 5358 1321 5430 αἷμα
1389 5358 1756 5433 συμμίσγουσι
1812 5363 1919 5413 τῶν

270 5447 337 5499 τὰ
390 5447 547 5520 ὅρκια
596 5444 976 5517 ταμνομένων,
1025 5444 1286 5518 τύψαντες
1363 5446 1571 5519 ὀπέατι,
1738 5448 1921 5503 ἰπιτα-

275 5534 463 5607 μόντες
511 5533 757 5609 μαχαίρῃ
806 5535 1035 5606 σμικρὸν
1092 5534 1187 5589 τοῦ
1238 5538 1527 5610 σώματος’
1587 5538 1674 5592 καὶ
1737 5537 1923 5592 ἔπειτα

272 5619 646 5700 αποϐἁψαντες
697 5623 751 5686 ἐς
787 5624 885 5693 τήν
944 5622 1144 5680 κύλικα
1199 5625 1471 5701 ἀκινάκεα,
1530 5628 1620 5682 καὶ
1682 5625 1920 5698 οἰστοὺς,

271 5712 360 5770 καὶ
419 5714 662 5793 σαγάριν,
716 5713 803 5768 καὶ
865 5712 1111 5771 ἀκόντιον
1142 5735 1157 5752 ο
1208 5715 1362 5773 ἐπεὰν
1419 5715 1477 5773 δί
1532 5722 1698 5774 ταῦτα
1749 5718 1914 5791 ποιή-

2036 4730 2230 4800 risque
2264 4730 2524 4786 moribus
2581 4730 2751 4803 longe
2792 4731 3054 4787 aberant.
3117 4729 3340 4787 Etenim
3402 4753 3430 4781 «
3488 4729 3686 4785 nescio

2036 4821 2199 4891 quid,
2233 4821 2313 4876 ait
2342 4820 2759 4891 Tertullianus,
2811 4825 2868 4875 et
2915 4821 3025 4875 sub
3075 4819 3322 4876 Catilina
3354 4818 3468 4875 tale
3499 4819 3687 4891 degu-

2035 4915 2253 4966 statum
2278 4916 2366 4966 est
2398 4932 2423 4959 »
2457 4910 2716 4981 (Tertull.
2772 4910 3042 4981 Apologet.
3095 4926 3222 4981 cap.
3256 4911 3312 4978 9,
3365 4925 3495 4982 pag.
3529 4907 3682 4979 321),

2034 5000 2315 5055 nimirum
2352 5000 2586 5071 quando
2618 5003 2822 5055 contra
2854 4998 3277 5072 rempublicam
3332 4996 3686 5068 conjuravit,

2036 5095 2099 5144 ut
2147 5089 2285 5145 alibi
2334 5089 2703 5145 ostendimus
2773 5089 3075 5161 (Dissertat.
3129 5091 3185 5144 in
3241 5091 3445 5147 Minut.
3493 5089 3683 5145 Octav.

2034 5196 2160 5251 cap.
2194 5179 2249 5247 9,
2284 5184 2391 5233 art.
2428 5178 2501 5249 4).

2106 5268 2232 5323 Mos
2262 5284 2433 5339 porro
2466 5267 2585 5333 ille,
2618 5266 3003 5322 humanitatis
3036 5267 3208 5338 plane
3237 5281 3469 5337 expers,
3500 5262 3687 5333 viguit

2034 5376 2148 5413 non
2184 5360 2356 5413 modo
2390 5358 2447 5411 in
2481 5357 2764 5428 profanis,
2794 5357 2893 5412 sed
2929 5357 3112 5411 sacris
3142 5355 3316 5411 etiam
3368 5352 3679 5426 gentilium

2034 5447 2300 5514 cmtibus,
2334 5461 2438 5501 nec
2468 5450 2701 5501 tantum
2727 5445 2785 5498 in
2818 5445 3056 5500 remotis
3095 5460 3128 5498 a
3158 5443 3525 5499 Tertulliano
3552 5442 3684 5497 bar-

2032 5537 2192 5593 baris
2221 5537 2516 5609 gentibus,
2549 5537 2646 5591 sed
2684 5534 2738 5588 in
2774 5533 2900 5604 ipsa
2948 5549 3184 5604 quoque
3232 5532 3447 5597 Africa,
3498 5546 3683 5603 eoque

2032 5627 2155 5698 ipso
2188 5630 2470 5697 tempore,
2503 5641 2620 5695 quo
2677 5622 2833 5677 hunc
2894 5622 3307 5694 Apotogeticum
3367 5620 3684 5677 scribebat.

2030 5718 2111 5776 De
2144 5716 2216 5772 iis
2251 5714 2569 5781 enimvero,
2602 5710 2701 5784 qui
2734 5709 2984 5768 Bellonae
3026 5712 3325 5787 mysteriis
3368 5709 3683 5767 initiabun-
