4162 6426
458 362 612 426 1123
685 411 706 436 ,

969 348 1493 417 TERTULLIANI
1540 345 1859 408 OPERUM
1903 315 2106 404 PARS
2151 343 2198 404 Ι.
2227 375 2306 391 --
2335 344 2608 407 SERIES
2652 348 2698 418 ἰ,
2745 347 3302 410 APOLOGETICA.

3680 348 3850 408 1124

451 500 568 562 tur,
600 493 758 548 hunc
787 487 1047 560 loquitur
1073 487 1132 541 in
1173 484 1412 540 modum
1450 499 1462 537 :
1497 503 1526 530 «
1561 479 1738 535 llodie
1785 476 1917 532 istic
1955 474 2086 532 Bel-
2116 479 2166 543 Α
2197 493 2264 533 ac
2285 478 2483 533 mandi
2510 495 2713 535 carnes
2741 481 3138 552 ursorum,qui
3163 480 3336 552 paulo
3359 484 3492 537 ante
3511 479 3838 537 hominum

450 584 593 640 lenae
650 583 907 638 sacratos
966 573 1207 646 sanguis
1265 573 1335 626 de
1393 571 1608 625 femore
1675 566 1968 638 proscisso
2025 566 2082 620 in
2191 567 2416 622 viscera
2443 571 2500 622 et
2529 585 2730 623 carnes
2761 568 3257 637 devoraverant,et
3286 569 3502 626 idcirco
3533 569 3594 625 in
3625 585 3841 626 eorum

448 668 771 745 palmulam
797 672 1095 737 exceptus,
1127 661 1253 717 esui
1300 661 1474 715 datus
1525 658 1720 728 signat
1748 677 1775 705 η
1825 653 2082 724 (Tertull.

447 760 629 831 ibid.).
663 761 734 814 At
763 757 821 811 in
855 753 1121 811 omnibus
1152 749 1368 806 nostris
1417 745 1850 817 exemplaribus
1879 760 2088 798 manu-

452 847 687 920 scriptis
710 863 812 918 pro
829 837 1524 908 sacratos...esuilegimus
1554 838 1873 890 sacratus...
1907 841 1962 888 et
1979 833 2086 901 sui,

451 938 564 995 Sed
621 935 822 992 nullus
880 934 1084 988 borum
1143 928 1449 984 verborum
1510 940 1742 979 sensus.
1788 924 1849 976 In
1881 921 2090 976 editio-

452 1027 630 1083 nibus
689 1021 944 1095 Rigaltio
1000 1016 1440 1084 vetustioribus,
1496 1017 1813 1068 sacratus...
1873 1019 1922 1066 et
1977 1010 2092 1064 suis

448 1115 606 1171 datus
635 1113 889 1182 signatis.
921 1109 1032 1165 Sed
1064 1107 1157 1162 vix
1188 1103 1488 1160 meliorem
1536 1102 1671 1155 inde
1695 1115 1933 1155 sensum
1967 1098 2090 1152 effi-

449 1203 592 1260 cias.
626 1203 948 1270 Corruptus
976 1197 1159 1268 igitur
1191 1192 1301 1247 fuit
1329 1190 1423 1244 hic
1454 1187 1792 1244 Tertulliani
1822 1186 2006 1251 locus,
2038 1189 2096 1240 et

454 1292 525 1348 ad
557 1290 726 1345 illum
760 1285 1089 1344 sanandum
1121 1281 1360 1353 quidam
1394 1295 1497 1349 pro
1528 1286 1578 1333 et
1607 1278 1719 1342 sui,
1759 1275 1847 1330 vel
1875 1281 1929 1330 et
1957 1275 2091 1340 suis,

449 1381 567 1436 sive
597 1378 739 1444 esui,
773 1374 887 1447 legi
916 1372 1147 1428 ‘volunt
1202 1369 1445 1424 haustui.
1487 1367 1557 1421 Et
1611 1366 1668 1420 id
1730 1363 1966 1436 quidem
2024 1362 2094 1417 de

449 1468 736 1541 sanguine
764 1464 823 1519 in
856 1461 1179 1534 palmulam
1211 1461 1472 1528 excepto,
1504 1454 1714 1509 melius
1747 1469 1923 1524 quam
1978 1453 2096 1506 esui

451 1558 822 1628 dicilpotest.
871 1551 1068 1622 Neque
1120 1565 1227 1603 nos
1274 1544 1509 1618 quidem
1564 1542 1700 1598 huic
1747 1541 2092 1612 conjectura:

335 1645 343 1652 ’
455 1645 706 1702 multum
737 1638 1221 1714 repugnabimus,
1254 1635 1301 1691 si
1352 1633 1543 1689 adhuc
1591 1639 1831 1686 sacratos
1880 1646 1983 1701 pro
2011 1645 2096 1684 sa-

452 1738 638 1792 cratus
667 1729 1101 1790 emendandum
1134 1741 1262 1781 esse
1293 1723 1590 1779 ostendas.
1628 1720 1773 1778 Nam
1807 1717 2096 1773 Minutius

453 1823 610 1880 Felix
639 1820 870 1892 (Minut.
898 1815 1143 1886 Octav.).
1176 1813 1274 1884 qui
1309 1811 1478 1884 plura
1506 1827 1575 1866 ex
1627 1808 1735 1864 hoc
1776 1807 1923 1862 libro
1954 1805 2096 1862 deli-

457 1911 636 1979 bavit,
669 1905 1014 1966 Tertulliani
1049 1919 1289 1960 sensum
1321 1900 1414 1956 his
1444 1896 1732 1970 expressit
1755 1895 1970 1964 verbis,
2001 1893 2102 1950 ubi

465 1999 621 2056 sicut
650 1997 747 2054 ille
790 1994 1039 2052 ethnicis
1095 1992 1349 2061 objectat
1382 2007 1394 2044 :
1427 2011 1455 2039 «
1510 1986 1806 2044 Bellonam
1868 1999 2101 2040 sacrum

461 2103 636 2143 suum
666 2085 882 2140 haustu
913 2080 1158 2138 humani
1191 2078 1416 2135 cruoris
1470 2077 1752 2132 imbuere.
1790 2097 1816 2123 »
1875 2072 2102 2128 Videsis

463 2192 592 2247 quae
623 2174 682 2228 in
715 2176 916 2228 nostra
946 2171 1016 2225 de
1045 2169 1223 2238 hujus
1253 2166 1403 2221 libro
1432 2165 1839 2221 dissertatione
1869 2162 2106 2218 adnota-

463 2265 656 2319 vimus
689 2262 988 2334 (Dissertat.
1038 2260 1096 2313 in
1130 2256 1322 2311 Minut.
1357 2254 1542 2310 Octav.
1576 2269 1702 2325 cap.
1734 2253 1787 2321 9,
1821 2255 1931 2306 art.
1965 2251 2018 2316 4,
2050 2254 2108 2305 et

467 2370 594 2424 cap.
623 2352 714 2420 20,
746 2355 856 2406 art.
889 2349 965 2417 3).

537 2439 812 2495 Ethnicos
843 2452 1038 2508 porro,
1067 2443 1127 2489 ut
1165 2433 1296 2488 falsi
1325 2430 1591 2488 criminis
1638 2445 1912 2485 accusare
1943 2426 2107 2482 Chri-

470 2529 692 2584 stianos
728 2527 936 2598 magis,
968 2525 1018 2581 si
1051 2539 1306 2594 unquam
1356 2521 1476 2576 ﬁeri
1526 2525 1769 2591 poterat,
1804 2519 2110 2589 magisque

471 2619 738 2690 puderet,
785 2617 858 2670 iis
902 2613 1258 2670 horrendum
1321 2610 1482 2665 aliud
1540 2609 1760 2664 crimen
1826 2608 2108 2672 honestis,

470 2710 643 2778 prout
672 2721 763 2760 res
794 2703 1145 2775 postulabat,
1176 2699 1370 2756 verbis
1403 2698 1792 2769 exprobravit.
1826 2697 1936 2751 Sed
1962 2694 2107 2750 illud

474 2812 579 2851 nec
609 2811 643 2850 a
673 2793 841 2848 nobis
873 2790 1314 2856 nominandum,
1347 2788 1528 2842 multo
1570 2786 1767 2840 minus
1813 2784 2111 2856 explican-

474 2885 638 2952 dum,
670 2882 822 2954 quod
854 2879 1088 2952 satyrici
1121 2882 1317 2932 tamen
1348 2881 1528 2947 poetae
1562 2875 1936 2930 manifestum
1967 2873 2110 2927 satis

471 2972 715 3039 faciunt,
746 2975 802 3025 et
849 2969 1063 3042 passim
1115 2968 1479 3022 insectantur
1525 2963 1786 3035 (Tertull.
1839 2962 2108 3032 Apologet.

472 3078 598 3132 cap.
631 3061 686 3130 9,
743 3075 874 3131 pag.
922 3058 1025 3112 323
1094 3060 1150 3111 et
1205 3054 1305 3110 lib.
1361 3071 1378 3107 1
1435 3053 1505 3108 ad
1562 3055 1779 3108 Nation.
1838 3069 1965 3122 cap.
2023 3051 2108 3119 15,

474 3166 608 3223 pag.
637 3148 786 3221 580).

968 3279 1173 3336 1028
1207 3293 1522 3334 armemus
1552 3293 1606 3332 v.

474 3390 792 3447 Ostenditur
828 3385 1096 3459 quomodo
1154 3385 1411 3459 humanis
1459 3382 1736 3459 carnibus_
1769 3385 2112 3459 vescerentur

540 3453 1184 3533 gladiatore-sLScythzg’,
1235 3455 1556 3533 Massagetae
1598 3453 1969 3533 c_t_Dc_r_biccs,
2016 3453 2114 3533 qui

542 3524 788 3674 sfuscepta
819 3524 1094 3655 regigione
1124 3527 1458 3596 Christiana,
1502 3526 1568 3580 ab
1618 3524 1703 3579 his
1751 3525 2113 3580 discesserunt

572 3619 685 3658 eris
712 3619 855 3656 mori
899 3617 979 3655 us.

541 3717 732 3789 Pergit
763 3715 1184 3778 Tertullianus,
1226 3711 1584 3782 planumque
1637 3711 1913 3766 omnibus
1973 3709 2112 3764 facit

474 3805 738 3861 ethnicos
769 3822 883 3859 non
916 3801 1106 3858 solum
1139 3801 1355 3855 bibisse
1384 3800 1692 3855 hominum
1738 3799 2110 3870 sanguinem,

473 3893 572 3949 sed
602 3891 835 3946 illorum
882 3889 1060 3944 etiam
1090 3895 1286 3959 pastos
1334 3903 1462 3942 esse
1493 3887 1788 3941 carnibus.
1850 3885 2108 3940 Primum

472 3981 628 4035 enim
661 3979 1040 4052 gladiatores,
1075 3981 1208 4048 post
1243 3975 1405 4030 ﬁnita
1435 3975 1789 4047 spectacula,
1820 3974 1884 4030 de
1910 3992 2111 4042 arena,

474 4070 689 4141 inquit,
737 4069 932 4140 ferinis
974 4067 1213 4122 obsoniis
1255 4069 1466 4119 manant
1514 4063 1778 4135 (Tertull.
1829 4065 2110 4135 Apologet.

473 4175 601 4229 cap.
633 4159 688 4226 9,
722 4175 854 4230 pag.
889 4158 1036 4226 332),
1067 4157 1121 4211 id
1157 4161 1266 4224 est,
1300 4160 1597 4210 comantes
1639 4159 1954 4208 vescuntur
1983 4170 2114 4208 car-

475 4247 650 4302 nibus
681 4248 956 4313 l‘crarum,
991 4262 1139 4316 quas
1169 4243 1340 4316 paulo
1373 4249 1506 4299 ante
1538 4242 1596 4296 in
1629 4241 1780 4297 circo
1812 4242 2114 4298 interfece-

473 4341 623 4391 rant.
655 4335 826 4406 Atqui
858 4335 990 4389 ferae
1040 4333 1150 4388 illa:
1182 4333 1394 4388 crudae
1454 4331 1782 4400 hominum,
1846 4348 1879 4386 a
1936 4347 1994 4386 se
2051 4330 2112 4386 in

473 4423 683 4480 iisdem
717 4421 1071 4496 spectaculis
1118 4422 1570 4486 trucidatorum,
1622 4437 1826 4475 carnes
1853 4419 2114 4491 proxime

473 4514 797 4580 devoratas,
852 4511 1115 4568 nondum
1172 4511 1431 4582 digerere
1489 4512 1820 4580 potuerant.
1874 4509 1962 4564 Ab
2019 4508 2114 4565 his

2194 655 2496 711 stomacho
2526 660 2692 711 erant
2721 656 2913 712 adhuc
2943 657 3253 730 indigesta.

2266 763 2334 816 At
2361 778 2576 830 nonne,
2609 763 3211 834 inquies,corruptum
3244 779 3477 835 quoque
3508 768 3598 819 est
3618 779 3843 819 nomen

2197 851 2359 916 alvei,
2392 867 2459 906 ac
2489 850 2866 906 scribendum
2896 851 3091 923 potius
3119 853 3252 920 alvi,
3283 853 3384 925 qui
3410 853 3676 908 ciborum
3699 856 3850 908 sunt

2200 940 2604 1010 receptacula?
2631 941 2755 996 Non
2783 941 3034 996 absurde
3065 942 3381 1013 quidem,si
3404 941 3620 997 dixeris
3641 941 3856 996 melio-

2201 1045 2322 1084 rem
2355 1035 2580 1100 partem
2618 1047 2717 1100 pro
2747 1034 2870 1085 toto
2915 1047 2949 1084 a
2995 1031 3350 1087 'l‘ertulliano
3401 1031 3607 1103 accipi,
3656 1028 3851 1085 hanc—

2202 1133 2315 1190 que
2344 1119 2812 1174 emendationem
2846 1121 3099 1189 quodam
3131 1119 3337 1176 saltem
3368 1119 3568 1175 codice
3626 1119 3852 1192 proba-

2200 1206 2375 1262 veris.
2408 1211 2533 1262 Non
2563 1207 2716 1264 enim
2747 1225 3019 1264 ursorum
3078 1211 3359 1264 duntaxat
3389 1209 3528 1274 alvi,
3578 1209 3678 1264 sed
3712 1209 3848 1264 alia,

2203 1296 2378 1351 etiam
2408 1295 2643 1351 illorum
2673 1313 2876 1353 carnes
2905 1298 3129 1353 comedi
3163 1297 3853 1369 solebant,quemadmo-

2203 1386 2343 1440 dum
2375 1384 2570 1457 colligi
2601 1390 2792 1456 potest
2819 1403 2887 1442 ex
2922 1386 3146 1458 Apuleii
3195 1386 3410 1453 verbis,
3445 1386 3662 1457 quibus
3719 1401 3852 1440 ma-

2203 1473 2756 1544 gnificentissimum
2781 1475 3105 1546 gladiatorii
3122 1474 3244 1530 ludi
3268 1479 3615 1547 apparatum
3633 1473 3856 1530 descri-

2203 1563 2292 1618 bit
2323 1580 2336 1616 :
2377 1583 2398 1610 α
2431 1562 2658 1633 Ursam,
2694 1564 2908 1635 inquit,
2931 1581 3056 1635 quas
3079 1565 3301 1620 caeteris
3324 1564 3553 1620 sarcina
3578 1563 3846 1635 corporis

2204 1651 2570 1725 praevalebat,
2619 1653 2786 1723 quasi
2836 1654 2963 1708 cibo
3017 1654 3359 1725 parandam,
3409 1657 3716 1725 portamus
3767 1653 3846 1707 ad

2206 1746 2472 1798 nostrum
2504 1741 2934 1813 receptaculum
2967 1764 2995 1792 »
3026 1742 3275 1814 (Apuleii
3306 1741 3408 1798 lib.
3440 1759 3498 1798 1v
3547 1746 3850 1798 Metamor.

2132 1845 2178 1910 Β
2209 1847 2342 1903 pag.
2372 1832 2484 1904 59).
2526 1831 2672 1896 Quid
2715 1847 2854 1902 ergo
2883 1835 3038 1886 vetat
3093 1831 3411 1902 quominus
3469 1846 3852 1887 communem

2211 1921 2470 1975 omnium
2502 1921 2767 1975 codicum
2819 1919 3175 1975 retineamus
3232 1936 3431 1976 vocem
3491 1918 3668 1990 alvei,
3731 1935 3856 1990 qua

2212 2009 2621 2081 significentur
2656 2025 2813 2077 vasa,
2864 2009 2923 2062 in
2974 2009 3190 2080 quibus
3243 2007 3569 2064 semicoctae
3619 2013 3858 2062 tantum

2212 2103 2378 2153 erant
2407 2114 2680 2153 ursorum
2712 2114 2934 2164 carnes,
2969 2113 3116 2168 quas
3145 2097 3499 2168 gladiatores
3529 2099 3693 2152 tanta
3733 2097 3859 2151 avi-

2215 2187 2394 2242 ditate
2422 2187 2711 2258 appetitas
2741 2186 3168 2241 comedebant?
3200 2186 3591 2250 Quamobrem
3622 2183 3860 2239 Tertul-

2213 2274 2408 2330 lianus
2463 2275 2600 2329 inde
2655 2273 2997 2342 concludit,
3061 2296 3088 2324 ι‹
3149 2274 3433 2329 Ructatur
3481 2273 3724 2345 proinde
3781 2275 3860 2328 ab

2215 2363 2451 2418 homine
2481 2379 2612 2418 caro
2646 2363 2786 2430 ursi,
2819 2369 2986 2434 pasta
3015 2363 3086 2417 de
3116 2363 3352 2418 homine
3379 2385 3406 2411 »
3440 2361 3866 2434 (Tertull.!Apo-

2218 2453 2354 2522 loget
2383 2468 2508 2523 cap.
2536 2453 2591 2518 9,
2625 2468 2757 2522 pag.
2805 2452 2951 2522 323),
2986 2469 3020 2506 a
3049 2468 3162 2523 quo
3212 2451 3386 2523 paulo
3441 2455 3577 2507 ante
3631 2450 3870 2506 occisus

2218 2542 2423 2596 fuerat.

2287 2646 2502 2700 Verum
2517 2646 2677 2701 hisce
2703 2645 3126 2718 gladiatoribus
3159 2645 3727 2717 longeimmaniores
3760 2643 3866 2699 alii

2220 2734 2421 2806 procul
2453 2733 2629 2789 dubio
2659 2739 2848 2801 erant,
2875 2735 2945 2788 de
2976 2733 3190 2804 quibus
3221 2733 3318 2788 ille
3349 2750 3465 2788 non
3499 2735 3579 2788 ita
3617 2732 3859 2805 quidem

2220 2825 2526 2893 afﬁrmate,
2562 2824 2662 2878 sed
2694 2823 2848 2877 hunc
2876 2823 3159 2877 duntaxat
3189 2822 3245 2876 in
3279 2823 3519 2877 modum
3554 2821 3820 2892 loquitur
3847 2839 3862 2878 :

2221 2936 2247 2962 «
2281 2913 2460 2967 Aiunt
2489 2917 2546 2966 et
2575 2913 2728 2982 aqud
2774 2913 3047 2982 quosdam
3095 2910 3340 2982 gentiles
3391 2910 3736 2981 Scytharum
3785 2911 3862 2965 de

2221 3003 2484 3057 functum
2519 3017 2811 3072 quemque
2842 3019 2875 3055 a
2904 3001 3027 3055 suis
3059 2999 3282 3055 comedi
3317 3022 3344 3049 »
3374 3000 3581 3071 (Ibid.).
3615 3003 3683 3053 At
3715 3015 3862 3054 sane

2218 3090 2376 3146 istud
2437 3090 2590 3145 haud
2651 3090 2989 3144 dubitanter
3046 3089 3425 3161 pronuntiare
3483 3093 3725 3159 poterat.
3779 3088 3862 3143 Ex

2218 3180 2499 3234 Strabone
2539 3179 2830 3234 enimvero
2879 3178 3162 3233 discimus
3210 3177 3470 3250 hOSpites
3518 3177 3862 3233 immolatos

2219 3268 2401 3324 fuisse
2429 3286 2461 3322 a
2488 3266 2740 3338 Scythis,
2769 3265 2869 3336 qui
2899 3265 3135 3321 illorum
3170 3282 3373 3322 earnes
3405 3265 3863 3334 mandebant,ac

2219 3356 2557 3428 poculorum
2591 3355 2716 3410 loco
2744 3356 2955 3410 1029
2987 3355 3304 3410 utebantur
3351 3370 3553 3409 eorum
3586 3353 3861 3409 calvariis

2219 3446 2430 3514 (Strab.
2463 3443 2564 3500 lib.
2598 3461 2675 3498 v11
2721 3443 2909 3511 Geogr.
2946 3460 3076 3516 pag.
3127 3445 3274 3514 298).
3307 3443 3454 3498 Tum
3505 3441 3679 3515 paulo
3728 3450 3866 3514 post

2221 3535 2291 3589 de
2314 3533 2681 3604 Massagetis,
2710 3533 3055 3604 Scytharum
3087 3538 3188 3588 aut
3227 3531 3486 3603 populis,
3520 3520 3860 3587 aut.vicinis

2219 3622 2341 3676 hmo
2384 3627 2713 3676 memorat:
2757 3617 2991 3680 Θάνατος
3051 3616 3108 3674 δὲ
3159 3619 3435 3691 νομίζεται
3488 3620 3615 3692 παρ’
3673 3619 3864 3682 αὐτοῖς

2221 3708 2460 3783 ἄριστος,
2530 3709 2654 3762 ὅταν
2723 3707 3045 3782 γεράσαντες
3123 3712 3470 3762 κατακοπῶσι
3562 3707 3695 3780 μετὰ
3751 3711 3864 3761 τῶν

2220 3793 2556 3873 προϐατείων
2589 3801 2757 3872 κρεῶν
2793 3797 2881 3852 καὶ
2936 3798 3129 3870 ἅναμιξ
3195 3798 3472 3872 βρωθῶσι’
3537 3799 3720 3854 Mortis
3769 3815 3860 3868 ge-

2221 3905 2326 3943 nus
2356 3890 2621 3959 optimum
2654 3897 2889 3958 censent,
2917 3890 2966 3943 si
2987 3889 3137 3943 senio
3165 3890 3398 3958 confecti
3441 3904 3568 3942 cum
3609 3888 3870 3943 carnibus

2222 3981 2452 4035 ovilibus
2485 3978 3094 4049 concidanlur,unaque
3122 3978 3454 4034 decorentur
3484 3977 3865 4049 (Ibid.p.513).

2223 4069 2567 4124 Strabonem
2600 4085 2731 4123 vero
2778 4067 3044 4138 sequitur
3089 4067 3392 4131 Eusebius,
3443 4067 3541 4137 qui
3575 4071 3864 4138 Massage-

2225 4157 2302 4212 tis
2337 4158 2604 4228 adjunxit
2636 4157 2923 4226 Derbices,
2955 4156 3312 4228 tradiditque
3344 4155 3416 4211 ab
3457 4155 3718 4226 utrisque
3750 4155 3866 4208 im-

2223 4246 2492 4313 molatos,
2517 4264 2665 4318 quos
2691 4247 2983 4302 chariores
3019 4245 3333 4311 habebant,
3365 4248 3534 4299 astate
3552 4245 3676 4314 jam
3707 4243 3867 4298 effas-

2223 4342 2314 4392 tos
2346 4342 2641 4408 parentes,
2693 4351 3014 4406 eorumque
3061 4351 3200 4389 usos
3250 4334 3550 4402 carnibus,
3583 4337 3867 4402 tanquam

2222 4423 2410 4496 epulis
2438 4423 2786 4480 lautissimis
2821 4423 3055 4493 (Euseb.
3114 4422 3216 4478 lib.
3251 4439 3315 4477 111
3359 4423 3617 4493 Praepar.
3651 4422 3864 4490 Evang.

2223 4530 2349 4586 cap.
2403 4513 2456 4580 4,
2497 4529 2626 4585 pag.
2681 4512 2790 4582 11).
2831 4512 2892 4567 Si
2941 4512 3082 4582 quid
3148 4527 3284 4566 vero
3346 4509 3559 4566 clarius
3624 4525 3866 4581 expres-

473 4619 587 4674 que
617 4600 1040 4658 crudelissimis
1085 4579 1508 4670 gladiatoribus
1557 4614 1804 4669 Ipsorum
1832 4614 2109 4668 ursorum,
2141 4579 2188 4644 D
2219 4579 2351 4658 sum
2402 4579 2723 4669 desideras,
2750 4579 2870 4655 ‘adi
2908 4579 3163 4655 Plinium
3213 4599 3339 4669 (lib.
3371 4617 3426 4654 v1
3473 4598 3674 4654 Natur.
3699 4579 3864 4652 VHist.

475 4691 627 4746 sicut
656 4694 874 4746 Auctor
901 4693 1100 4745 noster
1129 4687 1412 4760 loquitur,
1442 4687 1584 4742 alvei
1612 4690 1960 4758 appetuntur,
1991 4704 2116 4744 cru-

477 4779 720 4834 ditantes
748 4777 924 4834 adhuc
952 4777 1016 4832 de
1045 4781 1340 4833 visceribus
1387 4778 1644 4831 humanis
1695 4776 1908 4844 (Ibid.).
1940 4776 2010 4831 Et
2035 4776 2116 4832 ita

477 4867 716 4938 quidem
747 4866 806 4922 in
839 4865 1070 4938 Rigaltii
1102 4867 1355 4922 editione
1388 4881 1402 4920 :
1437 4866 1535 4920 sed
1570 4865 1628 4918 in
1681 4865 2112 4936 antiquioribus

477 4973 580 5028 pro
608 4958 781 5011 verbo
811 4955 1164 5021 cruditantes,
1196 4955 1448 5025 legimus
1478 4954 1875 5009 truczdantibus
1900 4972 1914 5021 ;
1950 4971 2114 5010 men-

477 5045 619 5101 dose
647 5043 884 5100 omnino
919 5061 931 5098 :
967 5045 1020 5098 in
1050 5043 1464 5113 manuscriptis
1495 5060 1627 5097 vero
1653 5044 1868 5097 nostris
1897 5049 1954 5098 et
1983 5044 2114 5098 aliis

478 5133 776 5190 codicibus
807 5137 1145 5188 constanter
1175 5131 1443 5197 habetur,
1489 5130 1894 5187 cruditantibus
1928 5132 2114 5188 adhuc

476 5223 542 5279 de
572 5223 868 5279 visceribus
898 5221 1178 5288 humanis,
1212 5220 1332 5275 sive
1363 5219 1553 5275 adhuc
1584 5221 2112 5288 crudis,nondum-

480 5328 593 5384 que
619 5312 678 5368 in
711 5327 1007 5377 ursorum,
1039 5309 1139 5381 qui
1169 5326 1235 5365 ea
1265 5313 1620 5378 voraverant,
1657 5307 1781 5365 alvo
1829 5317 1886 5366 et
1914 5316 2113 5366 ventre

479 5401 739 5474 digestis.
772 5401 976 5457 Utrum
1007 5403 1202 5454 autem
1233 5397 1354 5453 haec
1410 5413 1546 5453 vera
1604 5398 1679 5452 sit
1731 5397 1921 5468 lectio,
1981 5399 2112 5470 quis

479 5494 634 5546 certo
663 5491 790 5546 sine
819 5487 1182 5545 correctioris
1213 5483 1464 5557 alienius
1492 5485 1710 5541 codicis
1733 5503 1840 5558 ope
1869 5487 2112 5546 delinire

479 5579 736 5636 audeat?
757 5581 828 5634 At
848 5594 1209 5650 quaecunque
1233 5576 1479 5644 sit,satis
1505 5578 1664 5644 patet
1683 5575 2111 5634 Tertullianum

479 5666 629 5722 nihil
648 5666 808 5724 aliud
839 5667 1226 5739 signiﬁcasse,
1259 5664 1372 5721 nisi
1401 5680 1438 5719 ι
1465 5661 1890 5736 gladiatoribus
1918 5669 2111 5740 appeti

2222 4707 2347 4763 cap.
2381 4690 2492 4760 l7),
2527 4695 2583 4746 et
2635 4690 2737 4760 qui
2795 4707 2929 4745 eum
2990 4689 3274 4760 sequitur,
3331 4686 3598 4743 Solinum
3655 4685 3862 4755 (Solin.

2222 4795 2349 4850 cap.
2386 4779 2470 4847 15,
2505 4795 2636 4850 pag.
2669 4780 2785 4846 34),
2817 4779 2920 4850 qui
2950 4779 3168 4833 diserte
3214 4777 3514 4832 afﬁrmant
3543 4775 3864 4847 antbropo-

2222 4869 2446 4939 phagos
2477 4884 2604 4923 esse
2633 4867 2893 4939 Scythas,
2925 4867 3185 4922 humanis
3222 4866 3537 4937 corporibus
3570 4874 3864 4920 vescentes.

2220 4956 2303 5011 Ab
2332 4955 2618 5012 Herodoto
2651 4972 2884 5026 quoque
2913 4956 3102 5012 disces
3134 4954 3599 5024 Melanchlaenos,
3631 4971 3666 5008 a
3694 4953 3869 5024 nigra

2219 5050 2379 5100 veste
2410 5044 2491 5100 sic
2522 5043 2730 5109 dictos,
2781 5044 3067 5114 Scythicis
3116 5044 3331 5100 vixisse
3379 5042 3689 5109 institutis,
3722 5041 3868 5098 soli-

2220 5139 2428 5204 tesque
2491 5150 2664 5189 carne
2718 5136 2871 5189 vesci
2943 5133 3201 5189 humana
3266 5133 3558 5204 (Herodot.
3616 5131 3714 5186 lib.
3789 5146 3870 5199 1v,

2220 5226 2248 5290 §
2300 5223 2443 5294 107).
2497 5223 2616 5277 lluc
2667 5223 2890 5278 accedit
2936 5222 3106 5287 Mela,
3156 5239 3330 5294 quem
3393 5221 3597 5276 audire
3645 5221 3868 5293 poteris

2219 5313 2341 5367 haec
2369 5316 2705 5368 narrantem
2752 5328 2766 5368 :
2817 5334 2844 5362 «
2893 5311 3102 5368 Pocula
3149 5316 3214 5366 ut
3277 5311 3599 5366 Es'sedones
3649 5326 3868 5380 paren-

2219 5400 2454 5466 tum,ita
2481 5399 3028 5457 inimicissimorum
3052 5400 3348 5472 capitibus
3365 5398 3867 5470 expoliunt.Apud

2222 5507 2292 5545 an
2302 5489 2734 5562 thrapophagos
2757 5490 2895 5562 ipsa:
2911 5490 3089 5546 etiam
3113 5489 3295 5561 epulae
3311 5487 3632 5544 visceribus
3653 5487 3866 5543 huma-

2219 5579 2312 5635 nis
2342 5583 2702 5650 apparantur
2732 5601 2760 5630 »
2789 5579 2944 5651 (Mel.
3001 5579 3104 5636 lib.
3138 5596 3180 5637 ιι
3208 5579 3272 5635 de
3299 5580 3407 5636 Sit.
3461 5578 3592 5637 Orb.
3638 5593 3770 5648 cap.
3806 5579 3862 5646 1,

2219 5683 2351 5742 pag.
2381 5667 2493 5737 27).
