4162 6374
320 352 474 416 1125

1231 350 1299 415 Ι).
1349 353 1445 415 LE
1492 351 1816 415 NOURllY
1863 350 2512 417 OBSERVATIONES
2563 354 2820 416 ΝονλΕ.

3572 354 3730 420 1126

388 487 675 544 Eusebius
734 504 907 559 porro
950 488 1071 558 jam
1122 505 1155 543 a
1217 488 1386 543 nobis
1434 486 1709 542 laudatus
1752 487 1969 543 ibidem
2001 497 2055 563 Α
2087 488 2337 544 nefando
2368 488 2467 543 illo
2495 493 2802 544 Persarum
2835 488 3051 545 scelere
3083 491 3140 545 in
3173 491 3305 547 aliis
3337 492 3557 549 nostris
3609 495 3732 549 dis-

318 576 572 633 asseruit
600 579 955 647 Massagetas
998 592 1062 632 ac
1084 576 1488 642 Derbices,ubi
1522 577 1775 648 primum
1807 576 1971 632 Chri-

320 667 527 723 stianae
557 666 821 739 religioni
858 682 1066 721 nomen
1092 667 1481 733 dederunt,ab
1507 665 1600 720 his
1622 665 1975 722 discessisse

322 757 459 813 feris
490 755 949 826 inhumanisque
980 755 1242 810 moribus
1274 756 1511 825 (Euseb.
1546 756 1645 809 Ioc.
1678 756 1818 826 cit.).
1854 758 1972 809 Cae-

326 854 513 903 terum
546 845 603 900 in
636 850 836 900 nostra
862 846 931 899 de
961 844 1193 899 Minutii
1240 843 1445 900 Felicis
1494 844 1641 899 libro
1692 844 1974 899 disserta-

320 936 478 991 tione
526 938 839 1005 (Dtssertat.
903 936 961 989 in
1009 934 1206 989 Minut.
1257 940 1436 989 Octav.
1491 950 1619 1005 cap.
1671 936 1727 1001 9,
1756 937 1862 987 art.
1896 932 1974 1002 2),

321 1030 378 1080 et
424 1024 558 1080 aliis
606 1024 750 1079 locis
802 1023 881 1076 ibi
932 1022 1143 1088 citatis,
1195 1023 1564 1077 ostendimus
1612 1022 1977 1077 Christianos

327 1130 632 1185 nunquam
678 1112 858 1183 hujus
906 1112 1443 1184 anthropophagize,
1491 1112 1591 1167 sed
1640 1112 1796 1167 solos
1836 1127 1977 1183 gen-

325 1203 457 1259 tiles
488 1204 682 1275 reipsa
711 1201 975 1258 conscios
1006 1201 1186 1257 fuisse
1216 1207 1274 1256 et
1303 1217 1452 1257 reos.

925 1351 1129 1391 ARTICU
1138 1352 1243 1391 LUS
1294 1352 1349 1390 νῐ
1359 1377 1370 1389 .

323 1444 495 1512 Quam
546 1444 834 1515 perspicue
890 1442 1253 1498 Tertullianus
1282 1514 1287 1515 ί
1314 1443 1582 1498 ostendat
1634 1442 1978 1497 Christianos

389 1516 582 1571 secreti
613 1514 681 1569 in’
702 1515 881 1570 sacris
910 1516 1033 1569 suis
1062 1514 1367 1585 synoxibus
1390 1516 1585 1569 incesti
1603 1517 1755 1583 falso
1773 1515 1976 1585 falsius

394 1589 686 1656 accusari,
745 1603 850 1657 quo
905 1588 1132 1657 gentiles
1176 1587 1320 1642 Iovis
1368 1586 1624 1658 exemplo
1676 1588 1866 1659 palam
1911 1601 1978 1641 ac

393 1661 598 1731 saepius
622 1660 1177 1715 contaminabantur.

393 1775 770 1831 Manifestum
806 1775 1126 1847 unicuique
1148 1776 1271 1847 jam
1322 1776 1568 1831 fecimus
1620 1774 1859 1846 quibus,
1910 1789 1975 1829 ac

320 1883 500 1939 quam
555 1866 768 1923 validis
831 1867 1126 1922 rationum
1201 1868 1516 1923 momentis
1572 1865 2052 1936 TertullianusB

322 1960 522 2011 noster
551 1956 786 2027 penitus
817 1956 1121 2012 obtriverit
1156 1955 1442 2012 insulsam
1493 1955 1665 2027 plane
1708 1954 1971 2011 ethnico-

320 2062 454 2101 rum
512 2044 892 2112 calumniam,
945 2062 1061 2118 qua
1104 2046 1322 2101 ethnici
1374 2046 1736 2121 Qhristianos
1767 2042 1973 2099 infami

324 2137 451 2191 suis
477 2135 537 2191 in
571 2136 890 2208 synaxibus
941 2136 1169 2192 incestu
1221 2135 1607 2191 contaminari
1658 2133 1971 2205 impuden-

322 2224 550 2280 tissime
582 2224 1039 2281 mentiebantur.
1075 2226 1198 2289 Quo
1248 2225 1404 2279 enim
1452 2229 1619 2295 pacto
1674 2223 1758 2277 illi
1808 2239 1976 2278 sacra

326 2331 434 2370 sua
482 2314 763 2385 mysteria
790 2314 1037 2383 (incestu
1088 2318 1206 2369 tam
1248 2331 1400 2386 saepe
1432 2314 1673 2385 repetito
1702 2312 1974 2383 coinqui—

326 2418 465 2457 nare
522 2400 869 2465 voluissent,
928 2401 1026 2471 qui
1086 2406 1435 2472 praaceptam
1494 2400 1605 2455 sibi
1666 2417 1697 2454 a
1746 2399 1975 2454 Christo

326 2490 643 2561 conjugum
675 2491 1024 2559 castitatem,
1053 2494 1153 2544 aut
1184 2494 1524 2560 perpetuam
1558 2488 1972 2559 virginitatem,

325 2578 561 2633 tametsi
593 2595 705 2633 non
741 2579 1108 2649 imperatam,
1141 2578 1558 2642 summo,sicut
1586 2577 1725 2633 alibi
1758 2578 1974 2648 patefe-

327 2668 543 2733 cimus,
588 2668 784 2723 studio
835 2668 1192 2723 servabant?
1240 2667 1456 2723 Verum
1510 2684 1578 2723 ea
1624 2672 1819 2722 tamen
1867 2667 1977 2721 fuit

329 2756 695 2812 ethnicorum
728 2756 1113 2829 impudentis,
1148 2762 1213 2811 ut
1243 2757 1326 2811 eis
1358 2755 1675 2811 falsissime
1717 2756 1974 2825 objecta-

329 2851 459 2901 rent
506 2845 709 2901 secreti
758 2846 1018 2901 incestus
1067 2848 1312 2912 crimen,
1346 2848 1501 2917 quod
1535 2847 1729 2917 reipsa
1757 2846 1827 2899 ab
1860 2844 1977 2899 illis

330 2935 476 3007 ipsis
503 2951 618 2989 non
652 2934 841 2990 solum
875 2935 1117 3002 occulte,
1145 2936 1245 2991 sed
1280 2936 1401 2990 luce
1429 2938 1597 3003 omni,
1632 2941 1697 2989 ut
1726 2935 1807 2989 ait
1838 2936 1975 2990 Ter-

331 3023 637 3091 tullianus,
670 3028 719 3078 et
748 3027 906 3078 nocte
935 3026 1110 3089 omni,
1142 3040 1205 3079 ac
1234 3027 1341 3080 toto
1388 3026 1601 3080 conscio
1632 3025 1767 3079 caelo
1816 3024 1977 3095 (Ter-

332 3112 461 3168 tull.
495 3112 596 3169 lib.
629 3130 648 3168 1
678 3113 747 3168 ad
774 3115 996 3170 Nation.
1032 3130 1158 3184 cap.
1194 3114 1279 3184 16,
1315 3131 1370 3185 p.
1402 3114 1550 3184 581),
1583 3113 1978 3184 tamimpune

334 3220 509 3273 quam
542 3204 820 3258 audacter
849 3203 1316 3274 perpetrabatur.
1342 3202 1556 3269 Quidni
1585 3219 1716 3257 vero
1748 3206 1976 3256 tantum

334 3291 526 3347 scelus
580 3296 1036 3363 perpetrassent,
1083 3307 1252 3362 quos,
1303 3296 1367 3346 ut
1410 3290 1509 3346 ille
1551 3293 1686 3361 jure
1737 3306 1978 3362 prorsus

338 3382 546 3436 merito
578 3387 767 3452 urget,
818 3382 1033 3451 Jupiter
1075 3382 1191 3450 ipse
1239 3380 1419 3435 docuit
1471 3381 1655 3451 (Idem
1697 3379 1976 3452 Apologet.

336 3486 467 3541 cap.
506 3471 557 3524 9.
596 3487 727 3541 pag.
758 3471 907 3541 3'25),
942 3486 1047 3525 suo
1078 3469 1347 3525 videlicet
1384 3470 1670 3542 exemplo,
1719 3470 1981 3525 incestus

338 3560 567 3614 facere?
596 3559 737 3623 Quis
767 3558 923 3614 enim
957 3559 1144 3614 nescit
1186 3576 1362 3630 quam
1412 3576 1541 3615 vere
1582 3559 1983 3633 Athenagoras

337 3650 544 3704 1030
592 3648 903 3721 (Athenag.
953 3649 1076 3719 Leg.
1124 3666 1223 3720 pro
1267 3648 1590 3720 Christian.)
1623 3649 1837 3720 aliique
1876 3649 1982 3703 Ec-

336 3738 525 3794 clesiae
557 3743 756 3793 Patres
787 3739 997 3792 iisdem
1031 3738 1285 3793 ethnicis
1316 3739 1656 3809 objecerint,
1709 3739 1863 3809 quod
1912 3738 1984 3793 ab

335 3829 568 3883 illorum
621 3826 1007 3899 scriptoribus
1078 3826 1270 3897 palam
1340 3827 1785 3898 praedicabatur,
1832 3826 1985 3881 hunc

335 3918 537 3972 Jovem
571 3933 639 3972 ex
669 3920 855 3971 matre
885 3933 1012 3983 sua,
1046 3920 1103 3970 et
1138 3916 1257 3971 ﬁlia
1284 3915 1445 3983 Core,
1489 3933 1593 3972 seu
1643 3915 1989 3986 Proserpina

338 4005 679 4077 suscepisse
708 4005 969 4060 liberos?
999 4004 1140 4071 Quis
1171 4004 1346 4059 etiam
1376 4004 1464 4058 vel
1497 4003 1851 4076 primoribus
1902 4004 1991 4059 la-

342 4097 463 4151 bris
493 4096 683 4150 editos
716 4114 745 4149 a
774 4096 1033 4167 profanis
1064 4097 1247 4167 poetis
1283 4096 1458 4150 libros
1481 4096 1806 4168 attigit,nec
1836 4095 1991 4151 illico

344 4186 646 4242 exhorruit
676 4185 747 4239 ab
778 4184 895 4239 illis
924 4185 1216 4239 Junonem
1248 4184 1601 4256 induci,quzs
1634 4202 1695 4240 se
1725 4185 1989 4255 ejusdem

341 4276 499 4332 Jovis
524 4290 783 4330 sororem
807 4280 863 4329 et
884 4290 1120 4329 uxorem
1144 4274 1806 4345 essejactitabat?Atqui
1824 4294 1994 4345 μιμη-

338 4365 431 4425 τὰς
463 4368 618 4431 θεῶν,
671 4366 753 4419 ait
796 4364 1069 4419 Justinus
1114 4364 1351 4433 Martyr,
1400 4359 1566 4415 καλὸν
1620 4362 1750 4416 εἶναι
1800 4362 1994 4423 πάντες

2085 578 2503 633 sertationibus
2532 578 2762 649 egimus
2791 578 2977 646 (Tom.
3029 580 3338 651 IApparat.
3390 598 3518 654 pag.
3573 582 3732 654 1359,

2086 669 2143 721 et
2172 667 2397 722 Dissert.
2430 668 2633 722 Arnob.
2671 683 2799 739 cap.
2833 668 2923 733 24,
2958 673 3066 723 art.
3100 670 3169 737 2;
3204 674 3347 725 tom.
3402 672 3419 724 Ι
3467 673 3732 743 Apparet.

2084 773 2217 829 pag.
2255 758 2415 823 1239,
2447 763 2504 812 et
2532 758 2814 812 Dissertat.
2861 760 2919 813 in
2949 760 3141 814 Minut.
3178 776 3305 832 cap.
3337 761 3427 831 20,
3449 767 3556 816 art.
3587 763 3661 832 2).

2157 864 2308 918 Tum
2341 864 2550 919 dehinc
2574 864 2975 920 Tertullianus
2997 866 3339 922 Macedones
3369 868 3425 922 in
3459 884 3733 941 magnam

2087 951 2352 1007 incestus
2377 952 2796 1025 suspicionem,
2848 960 2950 1009 aut
2996 961 3148 1011 certe
3197 958 3732 1029 comprobationem

2089 1041 2318 1096 venisse
2351 1042 2484 1096 hinc
2516 1041 2758 1114 colligit,
2793 1066 2821 1092 «
2856 1044 2999 1109 Quia
3033 1061 3165 1100 cum
3198 1046 3476 1117 primum,
3518 1048 3735 1120 inquit,

2088 1130 2372 1202 OEdipum
2421 1133 2766 1203 tragoediam
2820 1133 3151 1205 audissent,
3202 1136 3467 1192 videntes
3530 1136 3735 1194 incesti

2090 1219 2372 1286 dolorem,
2424 1214 2614 1273 ἔλαυνε
2644 1222 2919 1278 dicebant
2950 1221 3025 1283 εἰς
3055 1224 3152 1291 τήν
3186 1223 3393 1299 μητέρα
3428 1248 3455 1275 ››
3485 1227 3727 1283 Tertull.

2086 1311 2359 1383 Apologet.
2393 1326 2517 1382 cap.
2549 1310 2605 1376 9,
2659 1328 2791 1383 pag.
2843 1313 2991 1383 325).
3045 1313 3259 1369 Mirum
3311 1320 3507 1371 autem
3557 1333 3733 1388 quam

2086 1401 2357 1468 corrupte
2408 1402 2463 1452 et
2493 1397 2662 1453 varia)
2694 1407 2813 1453 nam
2847 1398 3045 1455 Graeca
3075 1402 3249 1456 verba
3299 1402 3357 1457 in
3408 1406 3733 1459 manuscri-

2087 1486 2200 1556 ptis
2233 1487 2450 1541 nostris
2482 1487 2803 1555 codicibus,
2842 1493 2900 1543 et
2946 1489 3055 1544 alis
3106 1491 3277 1545 editis
3327 1492 3543 1563 scripta
3592 1494 3733 1549 sint.

2086 1576 2147 1630 1n
2182 1576 2372 1630 tribus
2419 1575 2573 1631 enim
2626 1577 3049 1633 vetustioribus
3098 1577 3311 1651 legitur
3339 1586 3597 1638 eAAl‘Ne
3633 1583 3734 1638 elC

2085 1668 2223 1719 ΤΗΝ
2254 1666 2594 1731 aAll‘EePA,
2630 1666 2719 1721 vel
2748 1666 2890 1722 THN
2921 1668 3207 1724 AAll‘ePA
3239 1670 3297 1724 in
3331 1670 3463 1726 aliis
3504 1672 3734 1728 duobus

2084 1754 2252 1808 elline
2301 1756 2471 1809 ez'sten
2525 1756 2735 1825 aligera
2783 1771 2802 1809 :
2853 1756 2912 1811 in
2962 1756 3149 1828 prima
3197 1759 3449 1815 editione
3497 1760 3734 1817 Basilees

2084 1859 2237 1897 anno
2274 1843 2430 1909 1512,
2464 1837 2614 1914 ἔμιεν
2650 1841 2725 1903 εἷς
2759 1843 2860 1911 τήν
2896 1841 3122 1917 μητέρα.
3155 1851 3219 1901 ln
3270 1850 3531 1904 secunda
3578 1866 3732 1906 anno

2082 1932 2241 1999 4528,
2276 1930 2490 2003 legitur
2520 1933 2856 1989 charactere
2890 1934 3097 1991 Latino
3137 1940 3367 1992 tantum
3416 1954 3626 2007 emene,
3679 1945 3737 1995 et

2083 2019 2199 2075 alia
2242 2021 2417 2076 verba
2468 2022 2689 2077 omissa
2739 2027 2898 2078 sunt.
2949 2023 3210 2095 Denique
3249 2028 3307 2080 in
3345 2025 3490 2083 libro
3520 2028 3593 2083 ad
3620 2029 3729 2085 Na-

2085 2111 2257 2165 tiones
2290 2110 2513 2166 Latinis
2546 2112 2718 2166 etiam
2755 2112 2968 2167 litteris
3016 2114 3270 2170 habetur
3318 2132 3331 2169 :
3385 2117 3599 2173 Elaune
3643 2122 3734 2174 ten

2085 2207 2312 2255 metera.
2364 2205 2410 2253 A
2455 2199 2713 2255 librariis
2745 2201 2923 2272 igitur
2952 2205 3145 2258 Graece
3175 2207 3573 2262 nescientibus
3603 2224 3735 2263 cor-

2086 2292 2258 2360 rupta
2288 2289 2523 2343 fuerunt
2551 2293 2745 2343 Graeca
2778 2290 2876 2344 illa
2905 2291 3099 2357 verba,
3151 2308 3257 2347 nec
3305 2293 3472 2349 facile
3522 2295 3736 2352 dixeris

2086 2393 2213 2448 quae
2244 2394 2443 2448 reapse
2476 2395 2507 2430 a
2537 2377 2895 2433 Tertulliano
2927 2379 3144 2450 scripta
3173 2381 3313 2437 sint.

2133 2484 2546 2539 Gothofredus
2596 2490 2833 2551 tamen,
2889 2487 2985 2557 qui
3036 2489 3261 2558 primus
3308 2490 3485 2546 hosce
3552 2490 3733 2549 libros

2086 2573 2239 2646 typis
2272 2574 2529 2629 edendos
2567 2575 2809 2643 curavit,
2843 2576 3041 2632 nullus
3065 2577 3232 2648 plane
3263 2579 3491 2635 dubitat
3537 2598 3728 2637 veram

2086 2680 2214 2718 esse
2264 2663 2413 2717 hanc
2464 2664 2845 2734 posteriorem
2918 2666 3268 2736 Agobardini
3330 2670 3547 2726 codicis
3613 2671 3733 2727 lec-

2088 2750 2324 2818 tionem,
2346 2756 2518 2822 atque
2551 2754 2622 2807 ab
2654 2754 2856 2808 eodem
2888 2755 3245 2812 Tertulliano
3276 2757 3489 2815 Graacis
3521 2762 3733 2817 litteris

2088 2842 2395 2912 scriptum,
2431 2836 2623 2893 ἔλαυνε
2650 2839 2726 2902 εἷς
2752 2842 2851 2908 τήν
2888 2844 3112 2916 ματέρα·
3150 2845 3439 2918 Rigaltius
3490 2866 3625 2905 vero
3674 2851 3732 2906 in

2089 2928 2348 2999 antiquis
2400 2929 2702 2985 codicibus
2733 2931 3014 3001 scriptum
3047 2935 3278 2999 asserit,
3311 2931 3499 2989 ἔλαυνε
3531 2935 3605 2999 εἰς
3634 2939 3734 3006 τήν

2092 3017 2320 3090 μητέρα.
2374 3020 2478 3072 Sed
2523 3020 2619 3087 qui
2673 3018 2728 3072 hi
2781 3020 3032 3089 codices,
3082 3027 3138 3076 et
3189 3029 3384 3079 utrum
3435 3044 3468 3081 a
3515 3027 3733 3084 nostris

2089 3106 2300 3162 diversi
2342 3107 2479 3175 sint,
2531 3109 2789 3162 indicare
2842 3109 3110 3166 debebat.
3163 3111 3307 3168 Nam
3358 3120 3567 3184 praeter
3604 3117 3732 3188 jam

2091 3200 2344 3259 notatos,
2396 3202 2452 3250 et
2506 3215 2539 3250 a
2587 3196 2754 3250 nobis
2802 3196 2980 3253 lectos
3023 3200 3252 3256 codices
3284 3202 3515 3259 nullum
3549 3204 3732 3261 alium

2087 3284 2312 3353 habuit,
2343 3285 2441 3340 sed
2476 3285 2762 3355 quasdam
2812 3291 3039 3342 tantum
3092 3306 3207 3344 non
3255 3292 3496 3348 omnino
3545 3300 3732 3352 certas

2088 3373 2406 3429 Fuldenses
2455 3372 2754 3430 lectiones.
2805 3377 2911 3431 Sed
2962 3378 3101 3448 quid
3142 3380 3211 3433 de
3243 3379 3573 3437 Graecorum
3606 3401 3733 3439 ver-

2091 3463 2331 3531 borum,
2392 3480 2425 3518 a
2484 3462 2740 3518 librariis
2799 3470 3239 3536 corruptorum,
3300 3486 3433 3525 vera
3487 3471 3736 3529 lectione

2093 3557 2344 3607 statuere
2372 3552 2609 3623 poteris,
2647 3553 2758 3607 nisi
2793 3542 2967 3609 sanos
2997 3555 3224 3612 codices
3253 3559 3321 3613 ad
3357 3575 3594 3617 manum
3634 3563 3736 3619 ha-

2095 3642 2275 3696 beas?
2324 3642 2595 3713 Expende
2649 3648 2844 3697 tamen
2899 3650 3096 3699 utrum
3150 3646 3493 3704 Tertulliani
3543 3669 3754 3713 sensus

2093 3731 2456 3802 exprimatur
2480 3732 2573 3786 his
2608 3733 2837 3787 Latinis
2868 3734 3061 3789 verbis
3097 3751 3109 3788 :
3144 3738 3250 3806 Age
3270 3736 3375 3792 duc
3406 3740 3462 3793 in
3492 3747 3749 3815 matrem,

2096 3821 2242 3875 Nam
2281 3821 2650 3877 introductus
2682 3822 2737 3876 in
2774 3838 3007 3877 scenam
3058 3825 3312 3896 OEdipus
3358 3845 3455 3883 rex
3507 3830 3756 3891 bellator

2100 3914 2299 3967 1031
2354 3930 2488 3968 cum
2547 3914 2868 3984 ﬁngeretur
2914 3913 3051 3970 ﬂere
3094 3916 3382 3974 incestum
3417 3937 3587 3991 quem
3622 3939 3754 3978 cum

2105 4008 2291 4057 matre
2324 4003 2549 4058 inscius
2581 4006 2814 4071 fecerat,
2846 4010 2970 4059 tum
3007 4005 3375 4076 Macedones,
3404 4010 3560 4066 hunc
3589 4011 3755 4067 belli-

2101 4092 2220 4146 cosi
2254 4093 2406 4163 regis
2443 4093 2643 4148 fletum
2678 4094 3034 4165 deridentes,
3069 4095 3175 4150 hoc
3207 4098 3448 4153 dicterio
3494 4116 3755 4173 pupuge-

2102 4188 2241 4237 runt
2273 4199 2285 4236 :
2320 4184 2427 4252 Age
2458 4182 2562 4237 duc
2590 4185 2655 4238 in
2682 4186 3115 4254 matrem,quasi
3148 4188 3519 4258 metropolim
3552 4206 3757 4261 quam-

2105 4273 2237 4326 dam
2272 4272 2644 4327 subacturus.
2679 4272 2844 4327 Hunc
2876 4278 3069 4328 autem
3101 4290 3229 4329 esse
3258 4278 3528 4333 Auctoris
3569 4278 3756 4336 nostri

2105 4377 2342 4416 sensum
2376 4361 2533 4416 haud
2566 4362 2759 4432 inepte
2795 4364 2988 4417 forsan
3022 4363 3213 4436 colligi
3248 4371 3437 4437 potest
3480 4385 3548 4424 ex
3592 4369 3753 4425 illius

340 4457 621 4529 ἡγοῦνται·
695 4454 890 4509 Omnes
957 4452 1253 4525 pulchrum
1314 4458 1604 4508 autumant
1668 4469 1725 4507 se
1770 4452 1997 4508 deorum
2105 4454 2177 4505 att
2207 4449 2464 4504 Nationes
2495 4449 2666 4521 libro,
2700 4450 2799 4506 ubi
2846 4450 2967 4506 hinc
3022 4452 3259 4509 uberius
3304 4455 3515 4527 hisque
3560 4458 3754 4514 verbis

338 4561 452 4600 esse
479 4545 785 4599 imitatores
833 4542 1071 4613 (Justin.
1125 4541 1407 4614 Apologet.
1462 4544 1519 4612 1).
1568 4542 1842 4606 Quamvis
1891 4559 1998 4598 au-

2108 4540 2560 4610 explicathum
2587 4542 2814 4612 primus
2838 4558 3071 4598 scenam
3096 4562 3296 4601 eorum
3321 4547 3752 4622 (Macedonum)

341 4640 459 4689 tem
492 4632 707 4687 ethnici
740 4650 802 4687 se
831 4631 999 4686 illum
1033 4649 1231 4687 revera
1261 4632 1518 4687 imitatos
1552 4632 1729 4687 fuisse
1780 4648 1991 4704 negas-
2025 4618 2070 4682 D
2103 4630 2359 4701 OEdipus
2390 4629 2651 4699 intravit,
2682 4631 3014 4687 trucidatus
3048 4633 3272 4700 oculos,
3305 4636 3423 4691 risu
3457 4654 3523 4693 ac
3555 4618 3750 4693 derisu

341 4720 631 4788 sent,vitio
653 4726 846 4776 tamen
869 4720 1218 4774 Christianis
1243 4720 1380 4774 dare
1402 4736 1515 4774 non
1538 4721 1991 4790 poterant,quod

343 4830 375 4867 a
403 4814 556 4881 Jove,
574 4828 831 4878 summo,
863 4816 927 4865 ut
958 4811 1213 4874 aiebant,
1246 4810 1373 4879 deo,
1409 4813 1604 4864 actum
1638 4810 1988 4864 fatebantur.

342 4901 421 4956 De
470 4900 562 4955 his
611 4918 782 4972 porro
833 4900 991 4955 illius
1042 4899 1361 4955 sceleribus
1411 4916 1517 4954 nos
1578 4898 1720 4954 satis
1787 4916 1990 4970 super-

345 5006 457 5060 que
488 4990 547 5043 in
578 4990 979 5059 superioribus
1013 4990 1231 5045 nostris
1262 4988 1777 5045 dissertationibus
1797 4989 1993 5060 dispu-

345 5078 625 5132 tavimus.

415 5167 724 5221 Summum
757 5164 1045 5235 porro,vel
1078 5165 1275 5235 potius
1296 5181 1527 5220 summe
1549 5148 1799 5237 impium
1821 5165 1989 5221 illum

343 5256 543 5311 Jovem
579 5254 966 5309 imitabantur
994 5254 1205 5320 Persae,
1236 5269 1384 5323 quos
1415 5269 1541 5307 cum
1569 5255 1707 5321 suis,
1753 5254 1837 5309 ait
1873 5256 1986 5310 Au-

344 5350 469 5401 ctor
518 5350 745 5415 noster,
796 5343 1070 5398 matribus
1116 5344 1340 5397 misceri
1391 5342 1601 5398 Ctesias
1636 5345 1990 5401 testiﬁcatur

341 5434 609 5505 (Tertull.
644 5434 921 5506 Apologet.
956 5449 1083 5505 cap.
1126 5432 1183 5501 9,
1232 5449 1366 5505 pag.
1413 5433 1563 5502 325).
1614 5432 1988 5504 Antiquiores

346 5524 729 5597 manuscripti
759 5524 971 5579 onostri
1021 5523 1250 5578 codices
1303 5521 1574 5589 Chteseas,
1621 5522 1681 5576 in
1731 5521 1879 5578 libro
1918 5522 1989 5578 ad

341 5618 600 5671 Nationes
649 5615 749 5670 lib.
803 5631 843 5682 1,
894 5630 1021 5685 cap.
1074 5614 1161 5682 16,
1218 5628 1348 5684 pag.
1402 5612 1529 5683 581)
1575 5612 1793 5667 Thasius
1839 5613 1985 5668 scri-

337 5709 503 5780 ptum
535 5703 827 5763 exhibent.
858 5703 939 5761 De
970 5703 1080 5762 hoc
1112 5708 1310 5762 autem
1360 5702 1598 5761 nomine
1645 5701 1889 5775 Ctesias,
1931 5707 1987 5760 et

2103 4724 2466 4790 exceperant.
2503 4721 2823 4791 Tragmdus
2856 4726 3287 4795 consternatus,
3330 4730 3578 4784 retracta
3621 4745 3750 4800 per-

2103 4826 2267 4876 sona,
2316 4808 2638 4879 Numquid,
2690 4811 2793 4881 ait,
2820 4811 3065 4882 domini,
3100 4813 3377 4886 displicui
3410 4817 3608 4873 vocis?
3640 4817 3751 4873 Re-

2102 4899 2467 4968 sponderunt
2516 4898 2907 4953 Macedones:
2944 4900 3064 4955 [mo
3114 4906 3174 4955 tu
3228 4903 3466 4973 quidem
3513 4903 3752 4977 pulchre

2101 4987 2564 5059 (manuscriptus
2614 4988 2793 5042 codex
2837 4989 3105 5061 pulcher).
3150 5013 3177 5040 ››
3231 4993 3368 5047 Inde
3420 5000 3614 5048 autem
3667 4985 3792 5048 sic'

2101 5082 2579 5147 argumentatur:
2602 5100 2627 5125 «
2654 5079 2771 5130 Aut
2797 5077 3047 5149 scriptor
3078 5081 3513 5150 vanissimus,si
3548 5083 3747 5148 finxit;

2101 5172 2201 5220 aut
2257 5167 2511 5237 OEdipus
2564 5166 3059 5235 dementissimus,
3111 5170 3159 5223 si
3209 5170 3289 5224 ita
3326 5172 3460 5226 fecit
3509 5188 3523 5227 :
3574 5177 3750 5243 atque

2100 5255 2305 5310 exinde
2337 5255 2481 5310 alter
2507 5256 2574 5309 ad
2610 5255 3098 5327 alterum,elaune
3128 5264 3224 5314 ten
3260 5266 3482 5316 matera
3512 5261 3745 5316 diceba-

2100 5344 2175 5398 tis
2212 5367 2231 5393 ι»
2268 5344 2533 5415 (Tertull.
2571 5345 2673 5400 lib.
2707 5362 2725 5399 ι
2757 5346 2825 5400 ad
2855 5349 3082 5401 Nation.
3113 5364 3239 5421 cap.
3278 5350 3363 5415 16,
3416 5367 3547 5422 pag.
3598 5351 3744 5421 58l).

2099 5435 2281 5489 Audis
2315 5452 2453 5489 sane
2482 5434 2913 5489 'l‘ertullianum
2958 5444 3288 5492 narrantem
3339 5456 3371 5493 a
3416 5440 3748 5495 Macedoni-

2098 5524 2208 5578 bus
2240 5524 2431 5595 primo
2464 5524 2699 5594 quidem
2734 5524 2856 5579 risu
2883 5542 2948 5579 ac
2980 5526 3177 5580 derisu
3210 5533 3514 5600 exceptum
3564 5530 3745 5583 fuisse

2096 5620 2477 5684 personatum
2511 5613 3001 5685 OEdipum,quem
3033 5620 3228 5671 tamen
3263 5617 3374 5672 sibi
3407 5635 3521 5674 non
3546 5617 3746 5690 displi-

2097 5719 2226 5760 cere
2250 5708 2453 5776 postea
2484 5703 2737 5761 confessi
2766 5707 2907 5760 sunt
2939 5720 2951 5761 :
2984 5708 3112 5785 tum
3142 5705 3352 5764 deinde
3381 5724 3581 5765 secum
3626 5707 3741 5765 col-
