4162 6416
549 330 701 390 1127

1033 299 1592 384 ’τΕΗΤυιιιΑΝι
1639 317 1959 378 OPERUM
2009 313 2202 374 rans

2331 344 2408 355 —
2438 311 2711 373 SERIES
2757 312 2804 384 Ι,
2850 308 3409 372 APOLOGETIGA.

3783 307 3954 367 112:3

549 461 854 533 loquentes
885 459 1006 514 htec
1037 455 1290 512 vicissim
1322 451 1636 524 protulisse
1651 448 2078 504 verbazEtau-ne
2099 451 2187 500 ten
2218 447 2271 511 Α
2301 443 2571 499 Auctoris
2603 443 2785 500 nostri
2815 448 2971 498 textu
3005 444 3239 533 penitus
3264 441 3572 533 abstulerit
3591 442 3723 533 hate
3742 440 3954 506 verba,

549 555 774 606 metera.
808 552 942 615 Quae
971 545 1206 617 quidem
1241 543 1288 598 si
1321 541 1574 614 genuina
1601 540 1744 606 sint,
1778 538 1871 592 his
1904 535 2199 606 significa-

548 657 666 709 tur,
726 637 975 692 alterum
1032 633 1405 688 Macedonem
1463 630 1680 684 dixisse
1730 626 1896 682 alteri
1945 643 1958 680 :
2008 621 2198 694 Agita,

555 727 794 799 instiga,
827 722 1090 790 stimula,
1125 719 1358 792 impelle
1389 722 1729 782 matrem,et
1759 714 1990 769 imitare
2025 711 2197 768 (Edi-

555 832 718 887 pum.
753 815 830 869 Eo
880 813 1036 868 enim
1085 826 1263 866 sensu
1313 808 1550 863 verbum
1598 803 1810 858 ἐλαύνω
1859 802 1930 856 ab
1977 801 2198 854 Aristo-

554 904 746 976 phane
795 899 1110 972 (AristOph.
1162 899 1356 953 Electr.
1412 913 1463 948 ν.
1513 896 1618 947 755
1665 898 1722 948 et
1745 892 1894 961 740).
1932 891 2194 954 Homero,

555 997 613 1048 et
642 990 774 1048 aliis
805 989 1018 1046 Graecis
1050 985 1436 1058 scriptoribus
1468 983 1770 1053 accipitur.
1807 982 2046 1048 Quoquo
2095 993 2196 1030 au-

555 1085 672 1136 tem
705 1079 879 1134 verbo
915 1093 1056 1132 usus
1087 1077 1164 1130 sit
1193 1073 1610 1136 Tertullianus,
1654 1087 1721 1125 eo
1775 1067 1944 1139 plane
1993 1062 2196 1119 incesti

558 1169 712 1224 haud
747 1164 1038 1221 immerito
1069 1163 1262 1234 arguit
1295 1161 1653 1223 Mscedones,
1687 1157 1786 1228 qui
1821 1155 1964 1209 illud
1997 1158 2097 1208 aut
2139 1153 2196 1205 in

559 1257 776 1327 ΟΕᾰὶρο
827 1254 1234 1316 laudaverunt,
1269 1255 1369 1305 aut
1413 1249 1541 1319 ejus
1572 1245 1834 1316 exemplo
1866 1244 1936 1299 ad
1990 1256 2195 1314 perpe-

555 1345 832 1402 trandum
865 1358 993 1398 sese
1024 1340 1270 1395 invicem
1304 1336 1708 1410 promeabant.

631 1449 889 1521 Denique
946 1464 1061 1502 non
1117 1447 1272 1501 solos
1321 1444 1688 1509 Macedones,
1748 1440 1848 1495 sed
1906 1436 2198 1509 quoslibet

561 1539 707 1594 alios
739 1538 913 1594 etiam
964 1535 1229 1590 ethnicos
1278 1531 1456 1602 hujus
1503 1529 1705 1600 ﬂagitii
1753 1527 2018 1583 conscios
2069 1542 2198 1580 esse

561 1628 698 1684 inde
749 1625 1058 1692 convincit,
1108 1622 1263 1694 quod
1314 1620 1486 1687 filios,
1537 1620 1619 1674 uti
1669 1618 1945 1686 diximus,
1995 1631 2198 1670 recens

561 1721 732 1772 natos
762 1717 1134 1785 exponerent.
1167 1715 1440 1765 Parentes
1470 1708 1760 1778 siquidem
1815 1706 1947 1760 illos
1995 1703 2195 1759 alienae

560 1803 970 1861 misericordias
1001 1805 1171 1855 antea
1197 1798 1511 1869 expositos,
1545 1801 1743 1869 postea
1772 1811 1886 1850 non
1919 1808 2192 1864 agnosce-
2229 1833 2276 1898 Β

560 1893 724 1960 bant,
759 1907 862 1946 nec
893 1890 964 1944 ab
994 1888 1111 1943 illis
1164 1887 1646 1959 agnoscebantur.
1700 1883 2049 1952 Plerumque
2098 1880 2200 1949 igi-

560 1985 662 2035 tur
708 1978 1102 2049 contingebat,
1154 1981 1216 2030 ut
1261 1977 1366 2030 hac
1397 1974 1756 2045 ignoratione
1786 1971 2080 2026 libidinosi
2115 1969 2197 2022 illi

561 2073 835 2141 parentes
865 2073 1132 2138 stuprum
1167 2066 1574 2134 incestumque
1609 2062 1744 2116 [iliis
1775 2061 1902 2115 suis
1923 2060 2202 2113 inferrent

561 2156 828 2229 (Tertull.
871 2156 1144 2225 Apologet.
1203 2170 1329 2224 cap.
1379 2153 1433 2216 9,
1488 2168 1618 2222 pag.
1667 2151 1792 2216 526,
1843 2155 1900 2204 et
1948 2148 2046 2202 lib.
2083 2165 2098 2201 1
2129 2147 2199 2202 ad

560 2248 789 2302 Nation.
824 2262 948 2316 cap.
986 2247 1071 2313 16,
1105 2259 1236 2315 pag.
1266 2244 1414 2306 582).
1447 2241 1882 2296 lnfaustissimo
1915 2243 2109 2292 autem
2140 2236 2196 2290 id

560 2333 954 2390 Tertullianus
979 2332 1182 2403 probat
1211 2329 1652 2401 exemplo,quod
1686 2327 1858 2399 paulo
1889 2331 2197 2394 antequam

559 2423 744 2478 libros
775 2423 844 2476 ad
895 2423 1147 2476 Nationes
1195 2418 1608 2482 conscriberet,
1660 2423 1854 2486 atque,
1905 2416 1988 2470 uti
2037 2415 2199 2468 vide-

561 2517 679 2578 tur,
729 2511 1055 2582 imperante
1103 2509 1437 2573 Commodo,
1490 2509 1675 2561 Romae
1709 2507 2016 2560 acciderat.
2047 2504 2197 2558 Tum

563 2601 719 2655 enim
750 2599 1090 2663 Fuscianus,
1124 2597 1275 2652 sicut
1306 2596 1400 2650 ille
1431 2595 1682 2660 ait,Urbi
1719 2596 2022 2665 praefectus
2054 2597 2201 2658 erat,

563 2705 696 2742 cum
727 2703 870 2759 puer
897 2686 1135 2756 quidam
1167 2702 1233 2740 ex
1266 2688 1515 2755 paternae
1547 2686 1756 2738 domus
1786 2682 1987 2736 limine
2016 2697 2202 2751 egres-

564 2793 687 2842 sus,
722 2775 948 2846 rapitur
977 2791 1010 2828 a
1039 2773 1297 2828 Griecqu
1330 2773 1602 2843 quodam,
1635 2777 1690 2826 et
1721 2772 1777 2825 in
1813 2771 2002 2825 Asiam
2034 2770 2200 2824 duci-

562 2870 679 2920 tur.
713 2868 864 2918 Puer
893 2871 1085 2917 autem
1117 2861 1393 2933 grandior
1425 2861 1634 2928 factus,
1683 2861 1923 2914 Romam
1970 2859 2198 2913 reduci-

561 2951 783 3020 tur,ubi
815 2969 848 3006 a
880 2956 1040 3022 patre
1071 2950 1368 3020 suo,illum
1396 2949 1648 3021 amplius
1681 2965 1793 3002 non
1825 2955 2194 3019 agnoscente,

561 3046 976 3112 constupratus
1007 3040 1326 3094 est.Postea
1357 3038 1518 3092 illum
1552 3044 1820 3109 parentes
1844 3037 2196 3107 quibusdam

560 3131 820 3201 corporis
855 3127 1100 3183 maculis
1132 3131 1612 3200 recognoverunt,
1645 3143 1708 3181 ac
1742 3125 1956 3198 laqueo,
2007 3124 2198 3196 inquit

559 3217 974 3285 Tertullianus,
1001 3218 1111 3272 sibi
1137 3217 1440 3272 medentur.
1470 3215 1791 3271 Fuscianus
1823 3232 1955 3270 vero
1986 3215 2196 3269 horum
2229 3189 2271 3256 θ

563 3308 714 3362 bona
742 3323 920 3378 puero
953 3304 1245 3376 ascripsit,
1287 3321 1392 3359 non
1437 3305 1507 3358 ad
1553 3304 1949 3370 hmrciitatem,
2004 3303 2084 3356 uti
2119 3302 2200 3356 ait

561 3395 677 3464 ille,
729 3394 818 3449 sed
847 3395 915 3449 ad
942 3395 1275 3466 stipendium
1305 3395 1487 3465 stupri
1515 3396 1564 3448 et
1591 3395 1783 3449 incesti
1812 3393 2015 3463 (idem,
2050 3390 2149 3445 lib.
2180 3408 2197 3444 1

562 3483 631 3539 ad
659 3485 880 3539 Nalion.
916 3500 1042 3554 cap.
1079 3484 1162 3552 16,
1199 3500 1327 3554 pag.
1359 3484 1506 3554 582).

635 3588 945 3644 Dubitandi
980 3606 1148 3660 porro
1180 3588 1341 3645 locus
1371 3589 1495 3644 dari
1517 3589 1746 3643 videtur
1770 3592 1963 3642 utrum
1988 3587 2200 3657 impro-

561 3681 673 3735 bus
723 3678 818 3734 ille
867 3683 1030 3750 pater
1063 3696 1173 3732 non
1208 3679 1396 3732 solum
1429 3696 1462 3733 a
1492 3678 1794 3743 Fusciano,
1828 3677 1927 3731 sed
1959 3676 2135 3730 etiam
2168 3694 2198 3731 a

563 3773 764 3823 senatu
798 3769 1110 3822 damnatus
1144 3767 1331 3821 fuerit.
1367 3771 1510 3821 Nam
1561 3767 1814 3821 historiae
1864 3766 2040 3835 hujus
2089 3765 2198 3818 ini-

562 3859 710 3913 tium
764 3859 822 3914 in
872 3857 1158 3928 Agobardi
1207 3858 1405 3914 codice
1435 3858 1518 3912 sic
1551 3856 1765 3927 legitur
1799 3873 1811 3908 :
1851 3877 1876 3907 α
1905 3855 2058 3909 Talis
2084 3862 2199 3910 tra-

565 3948 756 4020 goedia
803 3947 1017 4018 erupit,
1069 3946 1352 4001 Fusciano
1407 3946 1674 4016 praefecto
1737 3945 1896 4009 Urbi,
1939 3945 2204 4014 judicata

565 4037 868 4108 punitione
898 4041 1159 4092 senatus.
1215 4034 1472 4090 Fortuita
1521 4034 1874 4105 negligentia
1921 4033 2200 4088 comitum

565 4126 720 4182 ultra
742 4128 985 4197 januam
1021 4140 1360 4196 progressus
1391 4123 1519 4189 iter,
1552 4123 1756 4178 I032
1806 4123 2204 4194 praetereunti-

564 4215 673 4270 bus
739 4220 985 4280 tractus,
1044 4214 1214 4269 domo
1272 4213 1502 4268 excidit.
1562 4212 1669 4276 Qui
1728 4229 1862 4268 eum
1922 4215 2206 4267 nutrierat

581 4301 901 4369 Graeculus,
932 4304 1020 4358 vel
1051 4319 1085 4357 a
1113 4302 1335 4367 limine,
1377 4301 1632 4357 GPiBCUlO
1683 4317 1837 4356 more
1879 4306 2209 4372 captaverat

563 4393 814 4449 intrans.
852 4393 990 4448 inde
1023 4395 1280 4446 mutatus
1311 4410 1336 4440 ιο
1373 4391 1532 4462 (Ibid.
1566 4391 1719 4461 etc.).
1753 4391 1858 4444 Sed
1914 4389 2080 4459 plura
2127 4389 2206 4445 ibi

565 4483 1002 4553 redarguuntur
1032 4479 1251 4536 librarii
1286 4484 1494 4535 errata.
1531 4479 1791 4533 Primum
1823 4477 1978 4533 enim
2010 4477 2208 4551 Rigal-

2311 535 2416 601 Qui
2444 550 2570 588 eum
2596 533 3184 602 nutrierat.Numquid
3209 532 3286 586 ibi
3307 535 3424 586 tam
3453 530 3690 586 inutilia
3710 533 3961 596 sunt,ut

2309 623 2542 678 nemine
2575 621 3117 693 monito,amputari
3150 620 3484 676 debuerint?
3512 620 3714 675 Nonne
3743 623 3963 691 postea

2309 711 2453 766 dixit
2503 727 2516 765 :
2572 712 2836 766 Alumnus
2869 712 2925 764 in
2955 711 3246 782 pueritia?
3297 709 3551 780 Denique
3595 709 3729 775 ista,
3779 708 3872 762 vel
3933 723 3962 761 α

2310 800 2540 866 lumine,
2571 805 2626 854 et
2659 803 2891 865 intrans,
2924 797 3284 854 detrahenda
3313 796 3824 868 suspicatur,quia
3853 811 3924 867 pc
3945 824 3959 835 -

2309 888 2522 944 sterius
2555 890 2764 960 prioris
2813 887 3210 959 interpretatio
3255 891 3368 943 est.
3427 887 3535 942 Sed
3587 887 3657 940 de
3704 885 3801 940 his
3857 884 3961 938 alni

2299 977 2773 1047 judicent.Nobis
2805 983 2997 1032 autem
3031 979 3079 1032 si
3112 975 3455 1046 conjiciendi
3488 975 3651 1031 locus
3681 976 3957 1039 daretur,

2307 1082 2409 1136 pro
2442 1067 2533 1121 his
2563 1067 2753 1122 verbis
2782 1082 3102 1137 pregressus
3134 1069 3256 1132 iter,
3280 1065 3591 1136 legendum
3624 1063 3962 1136 suspicare-

2307 1171 2461 1222 mur,
2489 1173 2806 1227 progressus
2833 1173 2991 1226 puer,
3024 1156 3094 1210 de
3125 1172 3239 1225 quo
3272 1155 3548 1209 nimirum
3600 1153 3678 1207 ibi
3728 1154 3956 1224 agitur,

2306 1249 2362 1298 et
2393 1245 2562 1315 cujus
2593 1245 2835 1316 pueritia
2866 1245 3038 1316 paulo
3071 1249 3201 1316 post
3232 1248 3608 1299 memoratur.

2378 1335 2758 1398 Quantumvis
2785 1339 2976 1389 autem
3009 1334 3358 1405 dcpravatus
3389 1331 3466 1388 sit
3495 1332 3588 1387 hic
3618 1331 3806 1398 locus,
3835 1348 3955 1386 non

2305 1425 2503 1477 tamen
2561 1423 2760 1478 minus
2817 1428 2976 1478 certa
3031 1426 3120 1478 est
3174 1422 3351 1492 hujus
3412 1421 3614 1476 nefarii
3682 1419 3957 1475 incestus

2307 1509 2572 1568 historia.
2627 1512 2799 1567 Recte
2840 1528 2973 1583 ergo
3023 1510 3320 1567 concludit
3366 1509 3500 1565 inde
3548 1509 3956 1565 Tertullianus

2306 1597 2501 1670 plures
2533 1600 2678 1656 alios
2711 1601 2892 1657 fuisse
2923 1607 3191 1674 parentes
3219 1600 3481 1670 ejusdem
3506 1615 3634 1655 reos
3658 1599 3956 1668 criminis,

2307 1690 2461 1758 quod
2496 1690 2730 1760 quidem
2775 1690 2915 1760 quia
2963 1689 3256 1745 occultum
3306 1688 3434 1756 fuit,
3486 1687 3715 1744 debitas
3763 1687 3956 1759 culpis

2305 1777 2660 1848 gravissima:
2693 1796 2891 1850 poenas
2922 1780 3270 1850 effugerunt.
3300 1779 3440 1844 Quis
3471 1793 3640 1850 porro
3671 1777 3954 1832 difﬁtebi-

2307 1870 2403 1920 tur
2434 1883 2544 1920 non
2579 1884 2644 1922 ex
2676 1867 2782 1923 hac
2816 1872 3040 1922 tantum
3076 1868 3337 1934 historia,
3372 1867 3470 1923 sed
3505 1866 3774 1938 plurimis
3820 1866 3956 1922 aliis

2308 1955 2606 2024 exemplis,
2640 1973 2764 2026 qua)
2799 1955 3106 2010 retulimus
3138 1956 3525 2026 (Dissertnt.in
3558 1954 3950 2009 Minut.Octtw.

2307 2057 2432 2111 cap.
2474 2044 2557 2109 10,
2591 2048 2698 2098 art.
2734 2045 2810 2112 2),
2843 2043 3093 2114 gentiles
3120 2044 3490 2114 apertissime
3538 2042 3805 2098 convinci
3859 2043 3951 2096 in-

2308 2136 2523 2196 cestus,
2557 2134 2725 2201 cujus
2757 2131 3117 2187 Christianos
3150 2133 3660 2204 impudentissimo
3705 2133 3952 2186 menda-

2308 2220 2394 2274 cio
2444 2221 2847 2275 accusabant?
2893 2222 3023 2276 Jam
3074 2224 3270 2292 itaque
3316 2222 3382 2276 ad
3425 2221 3569 2276 alias
3604 2238 3714 2276 non
3747 2221 3953 2275 minus

2309 2307 2486 2364 falsas
2517 2326 2716 2364 eorum
2749 2310 3184 2366 criminationes
3217 2310 3536 2366 veniamus.

2899 2443 3217 2482 ARTICULUS
3250 2443 3347 2481 VH.

2309 2515 2480 2581 Quam
2503 2515 2735 2570 absurde
2763 2517 2970 2571 ethnici
3013 2516 3308 2585 objecerint
3353 2533 3388 2570 a
3437 2515 3768 2570 Christianis
3815 2515 3951 2570 ado-

2379 2588 2497 2658 rari
2543 2595 2705 2658 caput
2758 2589 2905 2642 asini
2946 2607 2967 2642 :
3019 2589 3140 2658 quis
3189 2589 3318 2642 huic
3363 2588 3564 2655 fabulz
3612 2589 3952 2642 occasionem

2377 2656 2646 2730 dederit
2699 2667 2903 2729 quanta
2953 2656 3295 2729 impudentia
3349 2660 3545 2713 nebulo
3594 2659 3821 2730 quidam
3852 2660 3949 2713 Ju-

2378 2728 2525 2782 daaus
2583 2728 2736 2784 illius
2793 2733 2938 2785 asini
2993 2728 3116 2784 cum
3174 2730 3407 2784 ridicula
3459 2728 3690 2800 prorsus
3744 2732 3944 2784 inscri-

2376 2802 2560 2868 ptione
2588 2804 2866 2871 picturam
2895 2803 3317 2861 circumtulerit;
3339 2817 3404 2856 ac
3432 2818 3597 2872 quam
3627 2817 3750 2856 vere
3778 2802 3953 2856 iidem

2377 2872 2579 2926 ethnicz
2627 2876 2809 2926 asinos
2849 2883 2998 2937 totos,
3050 2875 3302 2943 aliasque
3349 2874 3580 2942 belluas,
3629 2877 3723 2927 aut
3770 2875 3949 2938 vivas,

2377 2948 2473 2996 aut
2505 2945 2752 3014 depictas
2780 2945 3153 3000 adorarerint.

2377 3057 2505 3112 Alia
2534 3059 2772 3125 ethnici,
2807 3077 2910 3114 nec
2941 3060 3162 3115 caeteris
3195 3060 3440 3126 minore,
3461 3059 3756 3114 calumnia
3782 3058 3948 3113 Chri-

2309 3146 2529 3202 stianos
2581 3147 2707 3202 ideo
2760 3149 3040 3203 infamare
3090 3153 3308 3203 frustra
3354 3147 3536 3203 moliti
3587 3153 3746 3215 sunt,
3779 3147 3951 3219 quasi

2308 3235 2580 3305 caput,uti
2613 3237 2691 3290 ait
2721 3237 3737 3306 Tertullianus,asininum,tanquam
3769 3237 3948 3291 deum

2309 3324 2640 3378 adorarent.
2676 3325 2784 3378 Sed
2812 3325 2979 3391 illud,
3014 3326 3224 3395 inquit,
3260 3341 3481 3379 merum
3534 3330 3659 3380 erat
3705 3326 3950 3395 vigilan-

2310 3412 2455 3466 tium
2490 3418 2546 3467 et
2576 3413 2905 3468 invidorum
2940 3414 3244 3468 hominum
3277 3415 3598 3480 somnium,
3631 3413 3731 3484 qui
3753 3417 3951 3483 [cona-

2309 3501 2522 3555 bantur
2551 3519 2786 3572 quoquo
2819 3503 2989 3557 modo
3020 3504 3379 3558 Christianos
3411 3503 3776 3558 calumniari.
3824 3503 3945 3557 Non

2309 3590 2593 3644 dit‘ﬁtetur
2644 3597 2837 3645 tamen
2887 3591 3042 3646 taleae
3093 3591 3229 3646 huic
3258 3592 3655 3646 criminationi
3685 3591 3885 3646 datam
3918 3607 3950 3644 a

2309 3679 2568 3733 Cornelio
2618 3679 2813 3733 Tacito
2863 3679 3250 3734 occasionem.
3303 3681 3445 3734 Tam
3495 3685 3712 3735 temere
3761 3680 3946 3734 enim-

2308 3783 2644 3837 vero,quam
2679 3767 2822 3822 falso
2855 3767 2976 3822 suis
3008 3769 3064 3822 in
3092 3767 3349 3823 historiis
3369 3768 3682 3839 scripserat
3707 3768 3944 3834 Judazis,

2311 3857 2410 3926 qui
2445 3857 2500 3909 in
2553 3855 2906 3911 vastissimis
2952 3855 3173 3910 Arabia:
3224 3858 3468 3912 desertis
3516 3863 3796 3923 errantes,
3851 3857 3949 3912 siti

2309 3944 2691 4013 laborabant,
2745 3944 3030 4000 indicatos
3081 3947 3260 4000 fuisse
3305 3947 3657 4017 quibusdam
3713 3946 3950 4018 onagris

2311 4051 2597 4104 aquarum
2632 4035 2840 4098 fontes,
2870 4035 3084 4104 quibus
3115 4051 3242 4090 eam
3277 4036 3660 4103 sedaverunt;
3694 4051 3951 4106 quapro-

2315 4128 2441 4193 pter
2467 4123 2523 4176 in
2557 4121 2706 4193 grati
2737 4121 2917 4177 animi
2957 4123 3450 4193 testificationem,
3505 4124 3676 4179 sicuti
3725 4125 3952 4194 inquie-

2315 4211 2434 4275 bat,
2469 4211 2617 4265 asini
2649 4216 3135 4266 consecraverunt
3184 4213 3499 4283 imaginem
3552 4213 3756 4268 1083
3806 4213 3954 4276 Quia

2316 4305 2509 4355 autem
2563 4299 2762 4371 religio
2812 4300 3143 4356 Christiana
3190 4301 3444 4356 Judaicaa
3493 4309 3618 4358 erat
3667 4302 3951 4373 proxima,

2316 4387 2451 4443 hinc
2484 4389 2774 4443 ﬁnxerunt
2803 4387 3049 4458 gentiles
3079 4405 3113 4444 a
3141 4389 3485 4446 Christianis
3523 4406 3754 4462 quoque
3805 4391 3953 4446 asini

2317 4481 2494 4548 caput
2526 4477 2754 4533 adorari
2787 4478 3044 4547 (Tertull.
3077 4479 3348 4548 Apotoget.
3409 4495 3534 4550 cap.
3572 4481 3660 4545 16,
3683 4497 3738 4550 p.
3771 4481 3879 4535 365
3907 4489 3958 4534 et

564 4571 646 4624 tio
679 4586 1025 4640 persuasum
1056 4571 1196 4624 adeo
1225 4569 1352 4638 fuit,
1385 4585 1488 4640 pro
1516 4571 1764 4632 senatus,
1789 4568 1868 4622 ibi
1900 4568 2206 4638 legendum
2240 4553 2285 4618 D
2319 4583 2520 4637 seqq,;
2554 4571 2610 4621 et
2636 4567 2736 4620 lib.
2773 4585 2787 4620 ι
2816 4566 2886 4620 ad
2915 4568 3131 4622 Nation.
3165 4583 3288 4638 cap.
3326 4569 3414 4634 11,
3464 4584 3596 4639 pag.
3645 4568 3790 4640 577).
3847 4572 3955 4623 Ve-

566 4664 841 4726 reatus,ut
870 4658 1013 4712 illud
1046 4658 1370 4730 reposuerit
1399 4657 1458 4711 in
1488 4657 1614 4728 ipso
1646 4656 1992 4712 Tertulliani
2016 4663 2197 4712 textu.

567 4746 786 4801 Deinde
817 4764 884 4802 ex
916 4763 982 4802 eo
1014 4747 1286 4802 resecavit
1323 4746 1442 4800 haac
1489 4746 1661 4800 verba
1710 4763 1722 4800 ε
1775 4746 1879 4813 Qui
1923 4763 2047 4800 eum
2092 4763 2200 4800 nu-

564 4836 786 4905 trierat,
817 4840 873 4890 et
903 4835 1023 4890 haec
1052 4836 1134 4890 vel
1162 4852 1196 4888 a
1247 4836 1441 4890 limine
1473 4853 1494 4889 .·
1523 4851 1588 4889 ac
1639 4839 1912 4905 praeterea
1963 4835 2201 4890 verbum

522 4943 534 4953 ο
564 4925 802 4992 intrans,
835 4923 1217 4978 auferendum
1250 4924 1440 4978 adhuc
1471 4924 1787 4978 arbitratur
1841 4924 2043 4978 Prima;
2095 4941 2202 4978 au-

564 5016 683 5067 tem
713 5013 1142 5068 emendationis
1173 5013 1322 5067 hanc
1353 5014 1518 5067 atfert
1549 5014 1870 5079 rationem;
1904 5014 2044 5083 quia
2084 5013 2203 5068 haec

567 5117 746 5157 causa
773 5101 822 5158 si
854 5119 888 5158 a
917 5107 1122 5156 senatu
1147 5101 1351 5171 judica
1395 5102 1620 5169 luisset,
1671 5119 1704 5157 a
1757 5101 2037 5157 Fusciano
2087 5119 2201 5158 non

568 5189 773 5245 debuit
802 5190 1056 5262 amplius
1077 5191 1349 5260 judicari.
1399 5192 1598 5245 Potius
1648 5190 1842 5258 itaque
1890 5190 2202 5260 legendum

568 5279 851 5336 Fusciano
898 5280 1151 5352 judicata
1202 5281 1494 5350 punitione
1546 5290 1773 5335 reatus.
1835 5279 1947 5334 Nec
1995 5297 2202 5350 parum

567 5368 804 5439 quidem
837 5367 1159 5440 probabilis
1203 5367 1429 5423 videtur
1477 5367 1596 5422 haec
1645 5369 2002 5437 conjectura.
2053 5369 2202 5431 Quid

566 5463 762 5512 tamen
794 5457 842 5513 si
873 5459 1096 5528 aliquid
1128 5458 1208 5512 ibi
1241 5457 1413 5520 desit,
1446 5467 1502 5511 et
1535 5456 1932 5511 Tertullianus
1981 5456 2204 5528 signiﬁ-

567 5562 696 5600 care
710 5546 958 5601 voluerit
977 5548 1325 5601 sententiam
1345 5546 1607 5601 Fueciani
1628 5564 1660 5600 a
1677 5551 1880 5600 senatu
1901 5547 2203 5615 probatam

569 5632 790 5690 fuisse?
818 5636 891 5690 At
917 5633 1044 5705 ipse
1070 5632 1357 5706 Rigaltius
1392 5633 1556 5690 nobis
1583 5651 1699 5690 non
1728 5633 1933 5705 edixit,
1983 5650 2088 5690 cur

2313 4673 2444 4711 rum
2475 4672 2582 4711 nos
2611 4655 2748 4711 alibi
2781 4657 2930 4710 hanc
2963 4655 3420 4712 insulsissimam
3463 4657 3956 4724 criminationem,

2313 4762 2429 4801 non
2461 4745 2652 4800 solum
2685 4756 2974 4815 quatenus
3003 4745 3363 4813 Judaeos,sed
3400 4746 3574 4802 etiam
3598 4747 3957 4802 Christianos

2315 4839 2558 4905 spectat,
2607 4834 2874 4889 funditus
2923 4836 3244 4892 evertimus
3294 4837 3600 4906 (Dissertat.
3653 4839 3712 4891 in
3761 4838 3955 4893 Minut.

2318 4923 2496 4978 Octav.
2528 4939 2654 4994 cap.
2687 4923 2775 4989 11,
2808 4927 2917 4978 art.
2952 4925 3024 4992 1).

2385 5011 2691 5082 Reliquum
2719 5011 2916 5083 itaque
2944 5019 3124 5077 est,ut
3153 5014 3448 5084 singulare
3470 5013 3704 5086 aliquod
3735 5016 3958 5072 factum

2315 5093 2732 5170 expendamus,
2767 5103 2922 5171 quod
2955 5118 2987 5158 a
3015 5103 3375 5158 Tertulliano
3407 5111 3604 5161 nostro
3637 5105 3872 5161 duobus
3903 5106 3960 5160 in

2315 5189 2480 5245 libris
2511 5190 2595 5244 sic
2623 5191 3004 5246 describitur:
3029 5197 3226 5247 «Nova
3247 5193 3374 5263 jam
3409 5195 3503 5248 Dei
3535 5194 3721 5250 nostri
3752 5195 3811 5248 in
3847 5196 3964 5250 ista

2315 5280 2574 5349 proxime
2601 5279 2831 5335 civitate
2852 5281 3030 5335 editio
3054 5281 3348 5352 publicata
3369 5288 3553 5351 est,ex
3582 5301 3695 5354 quo
3718 5285 3962 5354 quidam

2313 5367 2668 5424 frustrandis
2695 5369 2899 5424 bestiis
2931 5371 3326 5427 mercenarius
3381 5373 3613 5438 noxius,
3664 5373 3963 5443 picturam

2315 5457 2638 5528 proposuit,
2670 5474 2803 5512 cum
2835 5459 3123 5528 ejusmodi
3155 5459 3536 5530 inscriptione
3571 5479 3583 5517 :
3616 5463 3766 5516 Deus
3795 5463 3970 5520 Gnat-

2317 5562 2646 5601 STIANORUM
2676 5548 3064 5602 Onocuos'ras.
3097 5549 3150 5603 Is
3179 5553 3305 5604 erat
3333 5550 3574 5606 auribus
3605 5549 3968 5618 asininis,al-

2485 5635 2631 5708 pede
2662 5635 3000 5711 ungulatus,
3036 5636 3251 5696 librum
3283 5642 3543 5711 gestans,
3575 5643 3632 5696 et
3659 5643 3902 5713 togatus
3932 5665 3964 5697 »
