4162 6366
366 336 521 397 1129

1274 333 1347 392 Ι).
1396 332 1490 392 LE
1537 331 1865 393 NOUthY
1912 329 2561 391 OBSERVATIONES
2610 332 2867 393 NOV/E.

3622 345 3777 404 1130

366 464 639 536 (Tertull.
672 466 897 536 Αροιοο.
929 482 1055 536 cap.
1091 465 1176 532 16,
1211 481 1266 535 p.
1317 463 1461 532 372).
1525 461 1650 516 Alio
1709 466 1902 516 autem
1960 461 2017 515 in
2048 464 2103 528 Α
2135 460 2205 514 ab
2238 460 2466 516 asinino
2497 462 2708 533 capite,
2741 462 2837 516 alii
2872 464 3238 532 0nocoites,id
3262 472 3370 537 est,
3405 470 3787 527 asininaaori-

368 555 524 611 libro
555 555 614 610 id
639 554 812 627 paulo
848 553 1035 609 fusius
1061 552 1346 625 explicat:
1378 576 1397 601 ι
1431 552 1563 607 Jam
1589 552 1659 606 de
1694 554 1893 606 nostro
1916 550 2032 605 Deo

368 648 526 701 fama
561 644 873 717 suggessit.
909 643 1071 698 Adeo
1104 658 1289 713 nuper
1318 641 1557 712 quidam
1595 640 2031 711 perditissimus

371 748 434 800 in
470 736 585 789 ista
616 734 870 799 civitate,
906 732 1081 787 etiam
1112 748 1230 787 suae
1263 729 1563 801 religionis
1593 730 1873 798 desertor,
1908 727 2031 783 solo

368 823 726 879 detrimento
759 822 912 877 cutis
943 822 1202 887 Judaaus,
1240 822 1443 890 utique
1477 819 1688 891 magis,
1723 819 1877 890 quod
1938 819 2031 873 be-

372 913 618 967 stiarum
656 927 909 977 morsus,
944 912 1015 965 ad
1051 926 1198 982 quas
1232 926 1293 965 se
1322 908 1567 963 locando
1600 907 1861 979 quotidie
1909 911 2028 961 toto

364 1002 491 1072 jam
525 1016 764 1071 corpore
794 1000 1035 1067 decutit,
1068 1016 1200 1053 cum
1232 998 1471 1067 incedit,
1509 997 1797 1068 picturam
1830 995 1888 1050 in
1921 1012 2028 1051 nos

373 1089 679 1162 proposuit
708 1091 818 1144 sub
850 1089 963 1143 ista
992 1087 1418 1159 proscriptione
1451 1103 1463 1140 :
1536 1085 1913 1141 Ouocnos'rss.
1974 1085 2027 1140 Is

372 1184 497 1236 erat
527 1179 769 1235 auribus
801 1178 1213 1242 canteriorum,
1247 1181 1304 1231 et
1352 1177 1407 1229 in
1472 1181 1606 1247 toga
1662 1191 1797 1229 cum
1855 1174 2026 1242 libro,

370 1267 554 1323 altero
589 1269 734 1339 pede
764 1266 1044 1339 ungulato
1071 1287 1099 1315 »
1132 1266 1336 1337 (Idem,
1358 1264 1458 1319 lib.
1493 1282 1510 1319 1
1539 1266 1617 1319 ad
1647 1265 1864 1319 Nation.
1898 1279 2023 1334 cap.

378 1358 463 1423 14,
500 1372 631 1427 pag.
668 1356 815 1428 579).

446 1462 703 1518 Primum
737 1478 874 1533 ergo
904 1461 1049 1516 dixit
1079 1462 1187 1518 hoc
1219 1462 1438 1516 factum
1471 1476 1598 1516 esse
1652 1475 1847 1531 nuper,
1906 1460 2028 1514 sive

375 1552 551 1625 paulo
584 1555 754 1606 antea
782 1567 958 1621 quam
992 1555 1305 1621 utrumque
1336 1548 1553 1604 librum
1587 1549 2027 1620 composuit,at-

376 1656 488 1712 que
517 1642 767 1712 proxime
790 1641 849 1694 in
884 1639 997 1695 ista
1028 1638 1349 1705 civitate,in
1383 1654 1500 1709 qua
1531 1640 2024 1693 commorabatur.

376 1731 457 1786 De
484 1730 662 1800 hujus
693 1729 873 1801 igitur
895 1728 1025 1784 facti
1055 1728 1299 1783 veritate
1320 1726 1519 1781 nullus
1537 1727 1843 1781 dubitandi
1866 1727 2028 1782 locus

377 1824 481 1875 est.
510 1818 731 1874 Deinde
761 1817 923 1873 illius
953 1821 1249 1873 auctorem
1283 1816 1463 1871 fuisse
1492 1816 1759 1871 Judaeum
1821 1832 2028 1886 quem-
2058 1828 2106 1892 B

381 1911 702 1975 dam,suaz,
726 1908 781 1961 id
805 1912 894 1961 est
950 1906 1226 1972 Judaicse,
1289 1904 1585 1974 religionis
1644 1906 2025 1975 desertorem,

378 1997 596 2069 quique
627 2001 769 2051 tunc
826 1994 946 2050 solo
1006 1995 1335 2049 detrimento
1372 1996 1532 2063 cutis,
1594 1993 1702 2049 hoc
1759 2000 1848 2049 est
1902 1993 2027 2049 sola

377 2085 844 2155 circumcisione,
872 2085 1132 2154 Judaaus,
1170 2084 1384 2154 impios
1414 2083 1783 2138 ethnicorum
1834 2083 2027 2139 cultus

380 2174 801 2246 profitebatur:
834 2174 935 2228 sed
966 2173 1125 2227 hunc
1158 2172 1339 2227 fuisse
1371 2171 1668 2226 hominem
1700 2172 2023 2243 perditissi-

379 2281 567 2331 mum,
601 2280 668 2318 ac
700 2262 958 2334 plurium
991 2262 1303 2316 criminum
1339 2260 1569 2332 publico
1611 2260 1835 2331 judicio
1890 2278 2026 2316 con-

374 2355 681 2419 victum,et
713 2356 1019 2424 propterea
1049 2352 1119 2405 ad
1154 2350 1371 2406 bestias
1403 2350 1770 2421 damnatum,
1805 2355 1868 2405 ut
1892 2367 2026 2405 cum

376 2443 462 2497 eis
496 2442 778 2496 nimirum
810 2456 917 2496 suo
949 2440 1152 2495 ordine
1190 2443 1495 2511 pugnaret.
1530 2442 1745 2494 Verum
1774 2439 1911 2510 quia
1943 2441 2028 2495 fas

376 2530 460 2585 illi
491 2535 615 2586 erat
646 2531 717 2584 ab
746 2530 855 2584 hac
888 2546 1086 2601 pugna
1116 2527 1434 2599 aliquando
1460 2544 1685 2597 vacare,
1710 2535 1773 2582 ut
1798 2526 2028 2583 lucrum

378 2620 571 2690 majus
597 2620 828 2686 faceret,
860 2633 989 2673 sese
1017 2616 1260 2688 quotidie
1297 2616 1636 2687 frustrandis
1685 2617 1887 2686 bestiis,
1921 2618 2030 2674 hoc

376 2710 563 2775 est,ad
596 2707 830 2763 illarum
853 2706 1109 2778 impetus
1133 2724 1199 2761 ac
1231 2724 1462 2762 morsus
1486 2707 1819 2762 dimicando
1853 2708 2030 2763 decli~

378 2800 601 2852 nandos
627 2795 778 2851 ultro
808 2795 1061 2851 locabat.
1085 2795 1231 2850 Nam
1260 2800 1321 2850 ut
1351 2796 1615 2866 adprime
1648 2796 2030 2853 Cassiodorus

376 2888 647 2943 observat
682 2904 694 2942 :
725 2908 751 2936 «
786 2888 965 2940 Actus
1011 2884 1399 2951 detestabilis,
1455 2889 1749 2941 certamen
1806 2886 2027 2956 infelix,

376 2992 509 3031 cum
542 2975 680 3030 feris
713 2973 858 3030 velle
888 2974 1258 3043 contendere,
1282 2990 1426 3044 quas
1487 2974 1754 3029 fortiores
1800 2991 1861 3030 se
1913 2992 2029 3030 non

376 3064 607 3120 dubitat
635 3062 1061 3119 invenire.Sola
1090 3069 1180 3118 est
1210 3078 1346 3134 ergo
1377 3062 1434 3116 in
1469 3061 1721 3117 fallendo
1744 3080 2029 3134 praesum-

375 3153 516 3225 ptio,
553 3153 789 3208 unicum
824 3153 883 3207 in
916 3151 1255 3224 deceptione
1284 3151 1582 3207 solatium.
1617 3152 1723 3215 Qui
1748 3153 1795 3205 si
1849 3155 2025 3207 l'eram

374 3259 489 3297 non
523 3246 818 3297 mereatur
842 3243 1114 3313 effugere,
1160 3240 1456 3295 interdum
1497 3257 1602 3296 nec
1661 3240 2026 3312 sepulturam

375 3331 588 3402 poterit
615 3332 875 3386 invenire
910 3352 937 3380 ››
970 3329 1258 3401 (Cassiod.
1295 3329 1393 3384 lib.
1430 3346 1464 3384 v
1501 3331 1715 3386 Variar.
1749 3331 2027 3402 epist.42,

375 3436 507 3491 pag.
538 3418 652 3491 94).
687 3419 845 3475 Talis
863 3424 986 3474 erat
1012 3419 1251 3474 Judaeus
1273 3418 1369 3474 ille
1391 3419 1799 3485 recutitus,cui
1824 3425 2031 3491 praeter

374 3508 902 3575 circumcisionem,
934 3508 1196 3580 quotidie,
1230 3508 1314 3563 ait
1344 3508 2027 3581 Tertullianus,tot0jam

374 3614 595 3670 corpore
622 3599 850 3668 decutit,
882 3597 940 3653 id
972 3598 1289 3669 est,plures
1322 3597 1569 3669 singulis
1599 3598 1806 3653 diebus
1828 3598 2029 3669 plagas

377 3688 672 3743 morsibus
706 3688 1026 3743 bestiarum
1054 3687 1394 3758 accipiebat.
1427 3689 1499 3742 At
1529 3687 1585 3742 id
1618 3704 1801 3757 genus
1845 3688 2031 3743 homi-

380 3793 520 3831 num
554 3777 814 3833 bestiarii
847 3776 1438 3849 cognominabantur,
1470 3777 1540 3831 de
1580 3776 1797 3847 quibus
1856 3776 2029 3849 paulo

382 3871 518 3922 ante
548 3866 941 3922 disseruimus
969 3870 1159 3937 (supr.
1194 3865 1343 3937 cap).

442 3972 505 4026 In
529 3972 683 4026 ludis
705 3973 902 4042 itaque
922 3970 1175 4041 publicis
1200 3969 1411 4024 nebulo
1434 3969 1530 4024 ille
1554 3971 2028 4041 pseudo-judtsus

372 4064 435 4115 ut
467 4059 863 4115 Christianam
896 4058 1238 4131 religionem
1264 4058 1690 4127 ludiﬁcaretur,
1723 4059 1886 4115 illam
1914 4061 2026 4115 cir-

371 4148 642 4203 cumtulit
672 4147 1024 4216 descriptam
1057 4165 1090 4202 a
1118 4147 1477 4202 Tertulliano
1501 4148 1806 4202 ridiculam
1857 4150 2029 4219 plane

369 4238 714 4309 imaginem,
747 4239 917 4308 cujus
936 4236 1057 4292 hinc
1088 4241 1213 4291 erat
1255 4236 1558 4307 inscriptio
1592 4253 1604 4291 :
1650 4237 1803 4292 Deus
1856 4237 2026 4293 CHRI-

374 4344 709 4383 STIANORUM
741 4327 1104 4382 ONOCHOETES
1123 4324 1385 4397 (Tertull.
1418 4325 1689 4396 Apologet.
1750 4343 1875 4397 cap.
1938 4328 2025 4394 16,

372 4434 428 4489 ρ.
465 4417 743 4488 372),81ν8
777 4421 840 4472 ut
869 4417 930 4471 in
963 4415 1261 4471 codicibus
1293 4415 1509 4469 nostris
1544 4416 1956 4486 manuscriptis
1973 4420 2030 4470 et

374 4505 584 4560 1034
614 4504 746 4560 aliis
781 4504 1154 4571 Onochitis,in
1188 4501 1319 4558 aliis
1350 4502 1753 4570 Onochorsitis,
1776 4502 1863 4558 vel
1888 4503 2027 4559 Ono-

2141 548 2298 620 ginis
2329 553 2387 604 et
2419 551 2724 621 prosapiae.
2756 551 2861 605 Alii
2906 552 3081 608 etiam
3144 555 3556 625 Onotacoustes,
3591 562 3782 618 Graece

2143 636 2600 707 Ὀνωτακούστης.
2636 642 2742 695 Sed
2776 642 2913 711 quid
2948 642 3005 696 in
3039 660 3154 698 uno
3190 644 3364 715 hujus
3387 648 3789 720 inscriptionis

2142 728 2376 783 nomine
2397 728 2740 783 inveniendo
2764 731 3271 801 laborandum,cui
3290 735 3405 789 haec
3428 737 3541 791 duo
3566 738 3784 807 Latina,

2141 816 2274 871 Deus
2306 816 2744 871 Christianorum
2765 822 3073 889 przeposita
3118 822 3175 875 in
3233 824 3583 896 Apologetico
3638 827 3786 885 libro

2137 904 2474 960 indicantur
2502 910 2526 958 Ρ
2554 906 2699 969 Quid
2725 908 2879 962 enim
2914 911 2961 963 si
2996 911 3286 981 posterius
3316 912 3455 969 illud
3501 931 3711 971 nomen
3750 936 3783 973 a

2138 993 2421 1049 scelerato
2441 1000 2722 1065 nugatore
2753 998 3087 1064 contictum,
3130 1006 3189 1055 et
3218 1018 3251 1055 a
3282 1000 3540 1059 librariis
3570 1005 3779 1063 deinde

2136 1088 2476 1154 corruptum
2502 1085 2673 1139 fuerit
2702 1086 2728 1139 ?
2752 1086 2897 1149 Quid
2931 1088 3133 1158 etiam,
3157 1090 3205 1144 si
3228 1090 3461 1161 vulgare
3484 1096 3779 1163 quoddam

2139 1171 2421 1226 Punicum
2457 1188 2665 1227 nomen
2691 1174 2783 1241 sit,
2824 1176 3066 1244 jamque
3119 1178 3353 1248 penitus
3406 1182 3783 1239 obsoletum?

2136 1260 2339 1315 Nonne
2362 1262 2530 1316 nobis
2556 1262 2823 1318 sufﬁcere
2845 1265 3014 1319 debet
3044 1266 3182 1321 data
3212 1268 3285 1322 ab
3314 1272 3560 1327 Auctore
3582 1278 3782 1328 nostro

2139 1349 2314 1420 hujus
2338 1350 2592 1405 nominis
2610 1357 2665 1406 et
2687 1352 2926 1423 picturae
2945 1356 3253 1427 explicatio
3280 1375 3292 1413 :
3320 1360 3784 1431 «Is,inquit,erat

2135 1437 2377 1493 auribus
2399 1439 2667 1507 asininis,
2693 1440 2871 1496 altero
2904 1444 3048 1513 pede
3074 1445 3416 1518 ungulatus,
3442 1448 3655 1505 librum
3678 1466 3783 1523 ge-

2136 1531 2387 1596 stans,et
2416 1531 2669 1599 togatus.
2688 1531 2879 1593 sQuod
2908 1531 3141 1601 quidem
3174 1533 3306 1591 aliis
3325 1538 3521 1593 verbis
3548 1538 3605 1592 in
3628 1538 3779 1596 libro

2135 1615 2205 1669 ad
2225 1617 2506 1686 Nationes,
2531 1618 2631 1672 sed
2648 1617 2799 1674 idem
2823 1620 3061 1676 omnino
3085 1624 3556 1695 significantibus
3578 1628 3781 1686 edixit.

2207 1704 2402 1760 Pictus
2435 1710 2628 1761 autem
2667 1707 2870 1763 asinus
2899 1708 2996 1765 ille
3052 1716 3177 1767 erat
3233 1722 3459 1784 togatas,
3493 1717 3614 1773 sive
3644 1722 3783 1790 toga

2137 1798 2461 1860 contectus,
2494 1799 2549 1851 et
2583 1794 2789 1852 librum
2818 1804 3059 1870 gestans,
3094 1802 3152 1855 in
3206 1804 3467 1860 derisum
3518 1806 3785 1864 videlicet

2136 1883 2625 1956 Christianorum,
2660 1887 2757 1958 qui
2792 1906 2957 1945 sacra
3006 1891 3315 1963 Evangelia
3345 1912 3577 1950 summo
3602 1896 3782 1953 habe-

2136 1974 2276 2029 bant
2307 1974 2365 2029 in
2390 1973 2629 2046 honore,
2661 1993 2845 2048 eaque
2869 1996 3067 2035 secum
3103 1982 3249 2037 ferre
3280 2000 3345 2037 ac
3378 1984 3502 2040 suis
3534 1986 3592 2039 in
3642 2004 3779 2058 syn-

2134 2063 2341 2119 axibus
2372 2064 2565 2135 palam
2597 2065 2787 2138 legere
2808 2076 3247 2125 consueverant.

2206 2156 2281 2206 At
2309 2152 2625 2208 Christiani
2683 2161 2739 2209 et
2798 2156 3195 2215 Tertullianus
3252 2160 3395 2217 illud
3457 2163 3785 2220 divinitatis

2138 2246 2492 2311 monstrum,
2525 2260 2592 2297 ex
2622 2242 2788 2316 impii
2822 2246 3133 2303 nebulonis
3164 2252 3401 2306 cerebro
3434 2258 3654 2321 ortum,
3713 2271 3780 2309 ac

2138 2346 2349 2384 nomen
2384 2332 2512 2401 ejus
2544 2337 2600 2387 et
2632 2332 2875 2389 formam
2918 2337 3192 2392 riserunt.
3256 2340 3468 2404 Quidni
3514 2340 3786 2397 risissent

2138 2418 2285 2473 illud
2309 2440 2336 2468 ‹‹
2364 2420 2711 2475 auctoritate
2733 2424 3109 2494 temporis,ut
3135 2426 3233 2481 ille
3264 2430 3363 2497 ait,
3412 2429 3784 2498 destitutum,

2138 2513 2196 2562 et
2226 2506 2506 2579 qualitate
2538 2511 2791 2565 auctoris
2822 2511 3122 2568 infirmum
3156 2516 3182 2569 ?
3214 2538 3241 2564 ››
3267 2517 3470 2585 (Idem,
3501 2519 3779 2589 Apologet.

2139 2613 2267 2669 cap.
2295 2597 2381 2668 16,
2414 2614 2471 2669 p.
2504 2598 2627 2666 373,
2661 2604 2717 2654 st
2748 2600 2849 2656 lib.
2883 2618 2901 2655 ι
2932 2602 3002 2657 ad
3026 2603 3246 2659 Nation.
3279 2622 3409 2677 cap.
3443 2607 3531 2673 14,
3564 2608 3787 2679 p.579.)

2210 2704 2326 2759 Nec
2353 2709 2440 2759 est
2469 2722 2610 2760 sane
2634 2708 2785 2777 quod
2816 2709 2985 2763 nobis
3018 2709 3231 2782 aliquis
3261 2713 3497 2782 objiciat
3527 2730 3641 2769 non
3664 2720 3783 2771 tam

2140 2792 2312 2864 longe
2341 2794 2648 2849 Gnosticos
2680 2795 2815 2850 hinc
2854 2798 3189 2867 recessisse,
3224 2801 3323 2872 qui
3357 2802 3545 2858 multo
3595 2808 3783 2871 antea,

2140 2881 2295 2936 sicut
2317 2886 2448 2953 post
2476 2882 2869 2954 Epiphanium
2915 2886 3143 2957 (haeres.
3192 2890 3282 2957 26,
3336 2907 3391 2961 p.
3443 2891 3533 2962 91)
3587 2892 3784 2948 obser-

2138 2970 2402 3025 vavimus
2437 2972 2624 3040 (Tom.
2662 2974 2970 3044 lApparat.
3023 2993 3076 3047 p.
3136 2978 3313 3048 244.;
3379 2979 3664 3036 Disseruit.
3729 2982 3787 3037 in

2138 3058 2333 3113 Minut.
2368 3075 2513 3130 cap.‘
2545 3060 2630 3126 11,
2664 3065 2773 3116 art.
2834 3064 2907 3133 1),
2958 3063 3247 3120 tinxerant
3294 3067 3544 3123 Sabaoth
3605 3069 3786 3140 septi-

2143 3164 2299 3203 mum
2332 3148 2602 3215 onnum,
2625 3150 2751 3205 caali
2784 3156 2841 3206 et
2865 3156 3030 3206 terra:
3062 3170 3191 3209 esse
3221 3156 3785 3228 conditorsm,quem

2143 3237 2239 3292 alii
2267 3237 2439 3305 asini,
2472 3237 2569 3293 alii
2613 3239 2771 3310 porci
2804 3240 3051 3311 ﬁguram
3085 3260 3199 3314 prae
3250 3261 3311 3299 se
3362 3245 3510 3300 ferre
3567 3247 3788 3302 effutie-

2138 3328 2298 3381 bant.
2333 3326 2477 3382 Nam
2512 3327 2631 3382 haec
2663 3329 2910 3384 ridicula
2939 3332 3188 3387 Sabaoth
3214 3334 3407 3406 imago
3429 3336 3669 3390 omnino
3701 3336 3788 3392 di-

2137 3433 2300 3471 versa
2330 3417 2554 3471 eratab
2613 3417 2849 3474 horrida
2903 3420 3005 3475 Dei
3058 3422 3520 3478 Christianorum
3578 3426 3784 3496 figura,

2138 3522 2315 3577 quam
2340 3506 2742 3576 nequissimus
2765 3512 2822 3563 et
2848 3509 3348 3581 ﬂagitiosissimus
3369 3513 3627 3569 Judaicte
3650 3515 3781 3571 reli-

2138 3594 2329 3665 gionis
2362 3595 2623 3666 proditor
2652 3596 3047 3654 insulsissime
3076 3600 3517 3672 excogitaverat.

2208 3702 2291 3756 Ad
2325 3719 2449 3756 eam
2481 3704 2726 3759 fortasse
2750 3705 2989 3776 propius
3013 3709 3329 3764 accedebat
3356 3710 3561 3767 asinus
3590 3711 3781 3779 albus,

2139 3808 2333 3863 quem,
2367 3793 2447 3846 uti
2481 3792 2694 3848 Suidas
2726 3801 2925 3850 narrat
2952 3796 3133 3867 (Suid.
3169 3799 3239 3853 ad
3272 3815 3324 3853 ν.
3360 3801 3650 3870 Ζήνων),81.
3673 3819 3778 3857 nos

2138 3880 2275 3935 alibi
2301 3882 2709 3937 adnotavimus
2740 3884 3050 3953 (Dissertat.
3113 3888 3172 3940 in
3231 3888 3422 3943 Minui.
3471 3889 3577 3944 loc.
3632 3890 3778 3959 cit.).

2136 3969 2286 4025 Zeno
2317 3971 2556 4041 quidam
2588 3971 3035 4041 Alexandrinus,
3066 3975 3323 4030 Judaicee
3356 3976 3652 4047 religionis
3682 3979 3781 4033 de-

2138 4067 2347 4129 sertor,
2383 4077 2483 4131 per
2509 4060 2846 4116 Judaeorum
2873 4062 3237 4135 Synogogam
3261 4065 3354 4120 die
3387 4066 3633 4121 Sabbati‘
3663 4071 3783 4123 tra-

2138 4148 2374 4203 duxisse
2407 4148 2765 4219 perhibetur.
2799 4151 3009 4206 Verum
3043 4153 3276 4207 tametsi
3301 4153 3358 4208 id
3390 4159 3525 4209 ante
3564 4156 3786 4211 Tertul-

2138 4236 2277 4291 liani
2327 4241 2561 4307 tempus
2617 4242 2813 4292 actum
2867 4240 3048 4294 fuisse
3106 4240 3470 4313 probaretur,
3534 4244 3786 4301 multum

2138 4329 2333 4380 tamen
2358 4325 2428 4379 ah
2452 4325 2550 4379 illa
2582 4327 2811 4397 pictura
2841 4328 3418 4402 discrepabat,quam
3441 4334 3789 4404 pseudo-ju-

2138 4414 2299 4468 daeus
2331 4414 2389 4467 in
2439 4414 2903 4470 Christianorum
2966 4416 3065 4472 Dei
3126 4418 3506 4489 derisionem,
3568 4439 3683 4477 non
3729 4423 3788 4478 in

2143 4504 2464 4575 Synagoga,
2498 4505 2598 4558 sed
2632 4505 2835 4560 I035
2871 4505 2929 4559 in
2956 4506 3210 4576 publicis
3233 4507 3541 4579 gentilium
3565 4516 3791 4581 specta-

372 4595 692 4664 chortissis,
725 4599 825 4649 aut
857 4593 1249 4662 Onochotasis;
1284 4592 1340 4646 in
1374 4592 1637 4663 antiquis
1681 4592 2038 4649 editionibus
2068 4570 2112 4635 D
2147 4591 2294 4647 culis
2327 4592 2707 4647 circumtulit.
2732 4596 2802 4648 At
2832 4610 2945 4648 non
2978 4596 3219 4650 omnino
3242 4597 3496 4652 absurde
3527 4570 3639 4653 dici
3662 4616 3794 4670 pos-

387 4683 702 4755 Onychiles,
736 4684 794 4738 in
822 4682 1175 4754 quibusdam
1216 4682 1451 4737 tandem
1497 4677 1827 4755 Ὀνόχηλος.
1864 4683 1926 4736 In
1968 4680 2038 4736 1i-

371 4773 683 4829 briaulem
715 4773 784 4828 ad
826 4773 1083 4828 Nationes
1150 4771 1368 4825 inedito
1423 4770 1737 4842 exemplari
1795 4775 1851 4825 et
1906 4770 2038 4827 aliis

376 4862 561 4917 editis
588 4863 691 4918 hoc
724 4878 935 4917 nomen
970 4862 1252 4917 scribitur
1273 4859 1491 4932 triplici
1526 4860 1723 4925 modo,
1757 4876 1821 4915 ac
1852 4861 2038 4931 primo

376 4950 615 5021 quidem
667 4949 1037 5018 Onocholtes;
1082 4951 1360 5017 secundo,
1420 4949 1786 5019 Onochoites;
1847 4948 2036 5015 tertio,

328 5110 334 5117 .
376 5038 664 5094 Onochcete
692 5038 892 5107 (Idem.
928 5039 1032 5093 lib.
1070 5039 1140 5093 ad
1169 5040 1392 5094 Nation.
1426 5055 1553 5109 cap.
1584 5040 1670 5106 14,
1704 5055 1831 5109 pag.
1889 5039 2037 5110 579).

380 5128 451 5180 At
485 5142 662 5195 quam
696 5126 862 5181 varia
898 5127 1416 5197 discrepantesque
1464 5132 1603 5182 sunt
1633 5127 1808 5197 hujus
1866 5128 2042 5182 unius

381 5215 651 5270 nominis
680 5214 1105 5281 lectiones,tam
1141 5215 1298 5269 clare
1325 5220 1481 5286 patet
1510 5214 1653 5269 illud
1686 5231 1813 5271 esse
1844 5233 2043 5272 curru-

382 5309 574 5377 ptum.
615 5306 1004 5370 Quamobrem
1036 5304 1247 5360 eruditi
1279 5304 1475 5376 plures
1505 5304 1608 5359 viri
1642 5305 1700 5359 in
1734 5320 1799 5360 eo
1830 5322 2043 5361 sanan-

380 5395 451 5449 do
484 5410 599 5449 non
642 5410 850 5465 parum
882 5394 1594 5458 desudaverunt.0uidam
1629 5394 1786 5449 enim
1836 5399 2047 5465 putant

379 5483 703 5555 legendum
730 5482 1070 5550 Onochcetes,
1104 5483 1185 5538 ita
1220 5488 1283 5538 ut
1314 5482 1433 5537 haec
1490 5500 1626 5538 voce
1683 5484 2047 5555 signiﬁcetur

383 5574 585 5629 asinus
616 5588 919 5629 sacrorum
953 5573 1231 5642 magister
1261 5578 1318 5628 et
1350 5574 1645 5643 sacerdos,
1684 5591 1716 5627 a
1775 5590 1890 5644 quo
1945 5573 2048 5641 alii

385 5662 669 5722 initiandi
700 5664 887 5721 erant.
929 5662 1159 5719 Malunt
1186 5663 1287 5720 alii
1320 5663 1607 5736 scriptum
1653 5664 2048 5732 Onochorsites,

704 5795 971 5859 Ρλτιιοι..
1018 5795 1066 5857 Ι.

2147 4686 2236 4736 set
2263 4698 2446 4735 unum
2479 4697 2547 4735 ex
2576 4681 2668 4748 bis
2700 4683 3163 4753 pseudo-judzeis
3215 4686 3602 4743 nebulonibus
3625 4688 3791 4744 alteri

2148 4771 2267 4825 haec
2298 4770 2546 4825 faciendi
2577 4772 2811 4826 dedisse
2841 4773 3227 4829 occasionem.

2219 4860 2495 4925 Quamvis
2518 4865 2713 4914 autem
2734 4861 3073 4916 detestabile
3094 4879 3332 4933 prorsus
3366 4864 3540 4919 fuerit
3571 4869 3792 4921 utrum-

2150 4966 2265 5020 que
2303 4948 2445 5002 illud
2508 4948 2830 5004 divinitatis
2881 4956 3245 5020 portentum,
3299 4954 3540 5024 gentiles
3590 4959 3789 5010 tamen

2153 5044 2426 5093 neutrum
2452 5037 2620 5109 plane
2642 5038 2993 5109 penitusque
3014 5041 3321 5112 reprobare
3353 5045 3788 5115 poterant,quin

2152 5126 2500 5197 semetipsos
2527 5127 2794 5196 nequitiae
2825 5132 2881 5182 et
2911 5130 3179 5183 amentiae
3203 5130 3471 5200 protinus
3515 5132 3791 5187 condem-

2152 5220 2377 5270 narent.
2409 5214 2801 5271 Tertullianus
2834 5216 2987 5271 enim
3018 5217 3073 5271 id
3109 5218 3412 5288 perspicue
3441 5220 3647 5290 probat
3677 5220 3791 5291 his,

2152 5306 2365 5375 quibus
2398 5322 2495 5359 eos
2527 5305 2857 5376 compellat,
2892 5307 3082 5361 verbis
3117 5324 3129 5361 :
3164 5330 3189 5355 ‹‹
3216 5306 3330 5362 Vos
3362 5325 3473 5362 non
3508 5309 3796 5380 negabitis

2152 5395 2498 5465 etjumenta
2528 5397 2748 5461 omnia,
2798 5400 2854 5449 et
2910 5400 3063 5449 totos
3110 5395 3441 5451 cantherios
3496 5413 3627 5453 cum
3689 5416 3798 5456 sua

2154 5485 2352 5555 Epona
2382 5483 2545 5538 colia
2576 5483 2739 5538 vobis
2788 5505 2814 5533 »
2874 5483 3146 5555 (Tertull.
3209 5486 3480 5556 Apologet.
3534 5503 3661 5558 cap.
3710 5490 3795 5557 16,

2156 5591 2213 5644 p.
2246 5575 2392 5644 365).
2430 5574 2653 5628 Rursus
2684 5578 2882 5628 autem
2907 5573 2963 5627 in
2998 5572 3184 5644 primo
3224 5574 3295 5629 ad
3319 5577 3583 5632 Nationes
3617 5576 3795 5635 libro:

2165 5682 2188 5713 ι
2210 5664 2361 5720 Sane
2380 5680 2483 5719 vos
2513 5667 2669 5718 totos
2701 5662 2899 5719 asinos
2929 5661 3141 5732 colitis,
3175 5668 3232 5721 et
3262 5680 3395 5731 cum
3426 5683 3534 5722 sua
3577 5668 3793 5740 Epcua°

3395 5798 3471 5861 36
