4162 6386
479 317 629 376 1131

994 312 1514 375 'l‘ER'l‘ULLlANl
1561 309 1882 372 OPERUM
1929 309 2127 369 PARS
2174 308 2220 368 Ι.
2253 343 2329 352 -
2365 308 2638 370 SEBIES
2684 309 2732 381 Ι,
2779 305 3342 396 APOLOGE’I‘ICA.

3717 307 3870 367 “32

483 451 540 503 et
569 445 766 502 omnia
789 446 1082 516 jumenta,
1112 447 1168 497 et
1200 458 1425 513 pecora,
1487 441 1822 512 bestiasque
1878 438 2114 511 perinde
2142 440 2196 506 Α
2226 438 2492 494 buissent
2521 437 2734 507 aliquid
2769 437 2828 492 in
2863 437 2961 492 illo
2994 437 3106 492 sibi
3140 436 3390 507 praesidii
3422 453 3550 491 esse
3607 452 3674 492 ac
3702 452 3873 493 vene-

483 551 618 592 cum
649 534 772 590 suis
803 533 1160 605 presepibus
1181 528 1605 585 consecratis.»
1638 528 2022 592 Quamobrem
2057 526 2118 580 ili

481 627 567 682 los
597 627 681 682 sic
703 631 904 697 urget:
942 647 968 673 ‹‹
1011 624 1119 678 Sed
1156 621 1236 676 illi
1269 622 1530 693 [ethnici]
1561 622 1851 676 debebant
1881 621 2120 674 adorare

485 715 681 771 statim
717 713 961 768 biforme
994 728 1203 766 nomen
1237 709 1402 781 [illud
1437 726 1468 764 a
1498 709 1698 764 Judazo
1729 709 2062 774 confictum]
2091 729 2118 756 »

483 803 608 873 (lib.
642 818 660 858 ι
691 801 761 858 ad
789 802 1006 858 Nation.
1031 816 1156 871 cap.
1196 799 1280 868 11,
1315 813 1446 870 pag.
1476 798 1599 868 577)
1628 814 1640 851 :
1689 820 1716 846 ‹‹
1759 797 1903 862 Quia
1962 795 2118 850 cani-

485 908 559 948 no
589 896 646 948 et
672 891 903 947 leonino
935 889 1123 961 capite
1153 887 1514 952 commistos,
1549 890 1604 940 et
1634 887 1704 939 de
1735 901 1930 956 capro,
1963 889 2019 939 et
2047 885 2120 940 de
2158 955 2161 958 .

483 981 661 1037 ariete
692 982 986 1043 comatos,
1019 981 1076 1032 et
1105 974 1375 1030 alumbis
1406 973 1617 1043 hircos,
1651 978 1707 1028 et
1758 990 1790 1027 a
1846 973 2117 1028 cruribus

480 1073 778 1141 serpentes
799 1072 856 1122 et
881 1065 1078 1138 planta
1098 1064 1183 1118 vel
1211 1068 1372 1134 tergo
1395 1061 1558 1117 alites
1581 1063 1718 1116 deos
1743 1065 2113 1132 receperunt»

484 1160 687 1230 (Idem,
747 1157 1021 1228 Apologet.
1089 1153 1269 1219 ibid).
1329 1151 1607 1205 Similiter
1662 1151 1720 1204 in
1745 1167 1849 1204 suo
1875 1149 2023 1204 libro
2045 1151 2118 1204 ad

482 1248 743 1304 Nationes
777 1262 792 1302 :
825 1267 853 1295 «
888 1248 1035 1298 Sunt
1065 1258 1243 1315 penes
1277 1257 1377 1295 vos
1407 1245 1464 1295 et
1529 1238 1736 1294 canino
1795 1238 2002 1309 capite,
2061 1241 2118 1293 et

479 1336 734 1405 leonino,
765 1339 822 1390 et
851 1335 920 1388 de
952 1332 1110 1397 bove,
1144 1333 1198 1386 et
1228 1330 1297 1385 de
1328 1328 1527 1397 ariete,
1560 1331 1616 1382 et
1645 1328 1714 1382 de
1771 1326 1930 1381 hirco
1989 1343 2113 1381 cor-

481 1425 606 1480 nuti
639 1423 740 1490 dii,
775 1421 1121 1494 caprigenae,
1153 1419 1238 1474 vel
1267 1416 1528 1490 anguini,
1562 1421 1618 1471 et
1675 1416 1863 1482 alites,
1896 1415 2112 1487 planta,

481 1515 668 1570 fronte
718 1515 775 1567 et
838 1515 998 1581 tergo
1067 1529 1096 1558 ››
1161 1507 1286 1578 (Lib
1376 1505 1493 1560 1ad
1557 1506 1777 1560 Naiton.
1829 1520 1956 1575 cap.
2025 1505 2114 1572 14,

479 1619 536 1674 p.
567 1601 714 1672 579).
746 1599 863 1654 Nos
892 1612 1023 1652 vero
1055 1596 1173 1651 haec
1195 1593 1393 1650 omnia
1423 1593 1481 1647 in
1507 1593 1638 1648 aliis
1687 1592 2113 1647 dissertationi-

477 1691 589 1746 bus
609 1686 1127 1753 enucleavimus,et
1145 1682 1454 1741 Minutium
1478 1681 1808 1736 audivimus
1831 1682 2112 1736 adversus

2231 527 2452 582 ratione
2482 543 2588 582 sua
2613 524 2772 598 digni
2805 525 2829 579 ?
2859 524 3118 594 (Tertull.
3151 525 3216 580 de
3256 526 3457 580 Coron.
3508 541 3638 598 cap.
3698 526 3754 591 3,
3815 531 3872 582 et

2229 615 2332 671 lib.
2365 633 2408 670 ιι
2436 615 2506 670 ad
2538 617 2704 672 Uxor.
2738 631 2866 686 cap.
2898 614 3058 684 5.)At
3089 614 3159 668 de
3191 614 3296 669 hoc
3327 614 3741 685 antiquissimo
3773 631 3867 670 co-

2229 704 2384 758 lendi
2413 719 2643 759 crucem
2663 702 2874 758 Christi
2902 717 3060 757 more
3083 701 3250 772 plura
3269 701 3329 756 in
3354 701 3483 757 aliis
3507 702 3872 759 dissertatio-

2230 794 2404 848 nibus
2443 792 2659 847 nostris
2691 796 2893 846 contra
2925 790 3226 846 haereticos
3257 791 3688 862 disputavimus
3719 793 3864 862 (Dis-

2225 888 2424 937 sertat.
2455 885 2512 937 in
2546 881 2736 935 Minut.
2760 896 2886 951 cap.
2924 880 3008 946 11,
3044 884 3154 935 art.
3182 879 3216 933 3
3250 904 3264 948 ;
3291 884 3345 934 et
3376 881 3434 934 in
3457 881 3700 936 Lactant.
3735 898 3866 953 cap.

2228 971 2314 1035 19,
2349 977 2457 1026 art.
2503 970 2525 1023 1
2552 986 2566 1036 ;
2597 974 2654 1024 et
2682 971 2742 1024 in
2775 969 2944 1023 Lucil.
2975 967 3158 1024 Caecil.
3193 984 3318 1038 cap.
3349 968 3404 1034 5,
3439 974 3547 1023 art.
3579 969 3676 1040 2.).
3738 973 3866 1024 Non

2227 1063 2452 1131 poterat
2480 1075 2616 1131 ergo
2639 1057 3037 1113 Tertullianus
3085 1056 3194 1112 hoc
3252 1073 3484 1128 negare,
3543 1058 3699 1128 quod
3755 1075 3865 1114 suo

2227 1153 2484 1219 tempore
2515 1147 2790 1202 omnibus
2834 1145 3179 1200 Christianis
3238 1145 3494 1215 quotidie
3553 1147 3864 1215 usitatum,

2226 1253 2292 1292 ac
2328 1237 2472 1307 ipsis
2537 1237 2708 1292 etiam
2760 1235 3076 1307 gentilibus
3134 1236 3279 1290 satis
3337 1239 3700 1308 compertum
3743 1242 3870 1293 erat

2219 1325 2581 1397 (Tertullian.
2615 1325 2890 1394 Apologet.
2927 1339 3052 1394 cap.
3086 1324 3172 1390 16,
3208 1341 3263 1394 ρ.
3296 1324 3446 1394 366).

2295 1431 2680 1498 Quamobrem
2712 1430 2826 1494 his,
2859 1429 3048 1485 crucis
3079 1429 3291 1485 Christi
3324 1429 3547 1485 cultum
3581 1431 3861 1501 objicien-

2221 1519 2400 1586 tibus,
2423 1536 2536 1575 non
2570 1519 2730 1574 aliud
2765 1536 2940 1590 quam
2974 1518 3082 1574 hoc
3105 1518 3517 1574 brevissimum
3552 1520 3717 1576 dedit
3774 1538 3862 1576 re-

2221 1625 2541 1682 sponsum:
2578 1631 2604 1657 «
2640 1608 2746 1672 Qui
2793 1607 2985 1663 crucis
3027 1623 3132 1663 nos
3164 1606 3467 1679 religiosos
3496 1613 3683 1678 putat,
3720 1625 3862 1665 con-

2220 1715 2534 1756 secraneus
2563 1697 2672 1754 erit
2694 1702 2890 1753 noster
2920 1715 2933 1764 ;
2967 1718 2995 1746 ››
3037 1696 3122 1751 vel
3179 1695 3332 1751 sicut
3383 1696 3441 1750 in
3491 1696 3606 1752 alio
3659 1696 3815 1754 libro
3846 1715 3861 1754 :

478 1777 743 1834 ethnicos
776 1774 952 1830 simili
1004 1774 1174 1828 modo
1233 1771 1627 1842 disputantem
1687 1771 1990 1841 (Dissertat.
2050 1770 2105 1824 in

2223 1812 2249 1838 ‹‹
2282 1787 2390 1851 Qui
2419 1804 2523 1842 nos
2553 1786 2743 1842 crucis
2774 1785 3065 1841 antistites
3095 1785 3371 1854 afﬁrmat,
3403 1787 3862 1857 {consecraneus

479 1868 675 1922 Minui.
713 1869 901 1921 Octav.
937 1879 1064 1933 cap.
1097 1862 1183 1930 14,
1207 1864 1314 1916 art.
1339 1863 1374 1913 2
1407 1876 1420 1924 ;
1453 1863 1509 1913 et
1539 1861 1883 1914 Dissertat.in
1913 1859 2108 1913 Arnob.

482 1972 608 2027 cap.
647 1955 738 2019 20,
772 1958 880 2008 art.
915 1953 986 2022 1).

567 2047 637 2097 At
675 2040 1070 2097 Tertullianus
1102 2039 1234 2093 illos
1264 2039 1652 2110 ipsorummet
1681 2036 1875 2108 gladio
1908 2037 1991 2091 sic
2015 2037 2116 2106 ju-

483 2131 647 2202 gulat
674 2147 687 2186 :
719 2129 775 2184 Si
806 2129 964 2194 vitio,
989 2128 1199 2199 inquit,
1230 2127 1400 2182 nobis
1451 2125 1692 2194 vertitis,
1753 2125 1905 2196 quod
1963 2124 2112 2180 asini

490 2222 960 2292 caputttanquam
997 2221 1174 2272 Deum
1209 2213 1682 2282 colamus,multo
1713 2219 1866 2268 certe
1894 2230 1992 2268 vos
2012 2229 2110 2268 ne-

483 2309 718 2380 quiores
749 2323 877 2362 esse
906 2304 1270 2360 convincitis.
1306 2303 1428 2359 Non
1460 2303 1615 2356 enim
1677 2304 1825 2356 asini
1881 2307 2111 2357 tantum

477 2401 673 2468 caput,
706 2395 792 2450 vel
824 2395 1108 2466 quasdam
1173 2393 1488 2447 bestiarum
1546 2396 1759 2462 partes,
1811 2391 1910 2445 sed
1963 2396 2112 2445 totos

472 2479 1345 2553 asinos,aliasquequamplures
1365 2483 1517 2533 totas
1535 2477 1749 2532 bestias
1773 2477 1963 2533 dicitis
1983 2493 2111 2534 esse

487 2574 708 2640 deos,et
764 2586 961 2626 revera
1017 2567 1292 2623 adoratis.
1345 2567 1476 2630 Quae
1525 2566 1974 2635 autem,amabo
2030 2571 2107 2637 te,

478 2661 667 2731 major
689 2657 1198 2726 insulsitas,quam
1230 2655 1406 2708 unius
1443 2654 1705 2708 criminis
1736 2653 1987 2725 aliquem
2021 2653 2109 2708 in-

467 2747 731 2804 simulari
765 2747 836 2802 ab
855 2745 1092 2815 alio,qui
1115 2744 1374 2814 ejusdem
1401 2746 1458 2796 et
1486 2743 1740 2813 plurium
1774 2743 2102 2813 graviorum

472 2837 734 2908 seipsum
760 2851 921 2889 reum
958 2849 1085 2888 esse
1119 2833 1331 2886 fatetur
1357 2830 1384 2884 ?
1430 2830 1643 2884 Verum
1689 2830 1828 2899 hmo,
1860 2831 1940 2884 ait
1975 2831 2106 2884 Ter-

466 2925 768 2994 tullianus,
797 2939 867 2978 ea:
895 2921 1224 2977 abundanti.
1267 2921 1447 2984 Quam
1481 2925 1704 2972 certum
1737 2919 1950 2989 quippe
1981 2922 2106 2974 erat

472 3012 691 3070 bestias
722 3013 794 3068 ab
826 3010 1094 3077 ethnicis,
1129 3013 1246 3063 tam
1281 3008 1491 3062 falsum
1525 3011 1648 3060 erat
1673 3023 1730 3075 ἃ,
1758 3006 2102 3062 Christianis

455 3105 646 3173 'caput
665 3100 813 3156 asini
844 3099 927 3155 vel
954 3099 1150 3153 asinos
1182 3096 1426 3152 adorari.
1461 3095 1648 3150 Unum
1701 3095 1990 3166 siquidem
2041 3096 2102 3151 hi

467 3190 787 3247 adorabant
817 3203 1117 3243 summum
1152 3185 1356 3247 Deum,
1390 3183 1489 3254 qui
1517 3183 1713 3238 omnia
1742 3183 1973 3250 creavit,
2000 3201 2104 3240 nec

471 3279 542 3334 ab
574 3277 694 3334 ullo
725 3280 918 3349 potest
947 3281 1050 3330 aut
1080 3273 1283 3339 videri,
1316 3278 1420 3327 aut
1449 3270 1885 3343 comprehendi.

1033 3403 1350 3443 ARTICULUB
1384 3403 1509 3441 Vl'll.

466 3480 648 3548 Quam
678 3477 1070 3534 inconsiderate
1087 3476 1301 3531 ethnici
1327 3473 1817 3548 vitioChristianis
1840 3476 2102 3530 verterint

531 3550 738 3607 cultum
758 3550 935 3604 crucis
956 3548 1309 3615 Christi,cum
1341 3546 1430 3599 illi
1460 3547 1570 3615 ipsi
1597 3546 1862 3616 quaslibet
1891 3551 1946 3600 in
1969 3550 2099 3601 deo-

530 3638 663 3675 rum
689 3635 916 3676 suorum
944 3619 1287 3683 simulacris,
1321 3619 1564 3686 tropaeis,
1589 3618 1812 3671 vexillis
1841 3620 1890 3671 et
1936 3616 2098 3672 mili-

529 3695 748 3748 tarium
777 3695 1062 3759 signorum
1095 3693 1520 3752 ornatu,cruces
1549 3688 1846 3742 adorarent
1868 3705 1886 3741 :
1906 3692 2100 3758 quibus

529 3763 784 3835 partibus
817 3777 1032 3816 crucem
1065 3760 1272 3835 Citriin
1326 3760 1677 3835 compositam
1729 3760 2100 3835 Tertullianus

529 3830 850 3906 putaverit;
880 3849 981 3887 cur
1019 3831 1243 3902 siphara
1299 3831 1660 3906 appellaverit
1710 3830 1892 3906 stolas.
1923 3833 2101 3906 crucis

531 3901 688 3978 cujus
710 3905 867 3976 horno
897 3901 1152 3972 expansis
1181 3902 1435 3955 manibus
1459 3901 1693 3969 ﬁguram
1719 3902 1956 3957 exhibet.

533 4023 830 4095 Urgebant
859 4020 1050 4076 adhuc
1089 4017 1302 4074 ethnici
1368 4018 1559 4071 laesam
1621 4017 2009 4089 violatamque
2067 4037 2101 4076 a

462 4111 809 4167 Christianis
856 4124 1192 4180 supremam
1249 4105 1346 4160 Dei
1411 4106 1768 4176 majestatem
1831 4106 2099 4179 religioso

461 4199 625 4254 cultu
659 4198 868 4264 crucis,
903 4197 996 4252 cui
1029 4195 1297 4251 Christus
1325 4195 1534 4250 afﬁxus
1568 4195 1773 4249 fuerat.
1809 4195 1916 4250 Sed
1959 4214 2098 4268 qua,

460 4293 654 4358 putas,
677 4287 906 4341 ratione
937 4285 1088 4340 hanc
1119 4301 1269 4354 saepe
1299 4282 1513 4354 saepius
1546 4284 1617 4336 ab
1650 4281 1762 4337 illis
1794 4285 2097 4354 repetitam

466 4374 938 4430 criminationem
970 4371 1363 4428 Tertullianus
1395 4371 1606 4424 diluit?
1634 4375 1756 4426 Non
1798 4371 1911 4428 alia
1968 4391 2098 4445 pro-

463 4463 636 4534 fecto,
670 4480 847 4535 quam
883 4462 1089 4517 1036
1123 4461 1400 4514 intortum
1428 4459 1498 4512 ab
1529 4459 1780 4514 ethnicis
1811 4461 1991 4515 telum
2044 4462 2098 4517 in

2222 1878 2330 1932 erit
2357 1880 2557 1932 noster
2590 1894 2614 1926 ι
2650 1875 2852 1944 (Idem,
2887 1873 2987 1929 lib.
3022 1891 3038 1927 ι
3069 1874 3146 1930 ad
3193 1875 3412 1931 Nation.
3458 1891 3564 1946 cap
3647 1876 3738 1943 12,
3803 1893 3858 1947 p.

2255 1967 2365 2036 78).
2401 1965 2619 2020 Nomen
2655 1980 2786 2019 vero
2817 1977 3228 2031 consecraneus,
3262 1964 3767 2034 quemadmodum
3803 1966 3858 2020 in

2219 2055 2508 2110 veteribus
2547 2053 2760 2125 glossis
2783 2058 3118 2118 annotatur,
3148 2052 3303 2108 idem
3334 2058 3524 2120 sonat,
3557 2070 3622 2108 ac
3653 2071 3859 2111 sacro-

2220 2160 2350 2199 rum
2382 2143 2598 2199 socius.
2632 2141 2826 2197 Palam
2858 2157 2993 2213 ergo
3025 2141 3123 2197 ille
3152 2145 3446 2196 asseverat
3474 2157 3718 2213 prorsus
3770 2144 3862 2200 in-

2219 2234 2616 2290 consideratos
2641 2248 2769 2287 esse
2790 2231 3161 2302 gentiles,qul
3193 2249 3326 2286 cum
3351 2231 3634 2302 plurimas
3654 2249 3863 2291 cruces

2220 2323 2546 2390 adorarent,
2581 2320 2941 2376 Christianos
2968 2326 3160 2376 tamen
3194 2321 3322 2375 ideo
3356 2321 3533 2391 hujus
3566 2324 3860 2394 supersti-

2217 2409 2350 2466 tiosi
2383 2415 2440 2465 et
2460 2408 2622 2480 impii
2646 2409 2838 2464 cultus
2859 2425 3103 2480 arguere
3124 2409 3436 2472 audebant,
3464 2409 3602 2480 quia
3620 2426 3856 2466 crucem

2217 2498 2430 2553 Christi
2459 2498 2906 2554 venerabantur.

2285 2607 2611 2674 Antequam
2643 2619 2775 2659 vero
2798 2607 3162 2675 argumenta,
3183 2603 3400 2673 quibus
3430 2601 3574 2658 illud
3606 2604 3858 2674 probare

2213 2691 3550 2757 contendit,examinemus.animadvertendum
3572 2697 3855 2762 estquam

2212 2781 2310 2836 ille
2341 2781 2550 2835 dixerit
2579 2796 2702 2835 esse
2731 2779 2920 2835 crucis
2976 2779 3188 2834 Christi
3247 2780 3515 2851 ﬁguram.
3551 2803 3578 2830 α
3640 2781 3849 2847 Nobis,

2212 2871 2418 2939 inquit,
2452 2874 2572 2924 tota
2601 2885 2740 2924 crux
2769 2867 3111 2939 imputatur,
3137 2884 3269 2924 cum
3317 2874 3574 2925 antenna
3630 2871 3858 2927 scilicet

2212 2976 2339 3024 sua,
2374 2965 2430 3014 et
2459 2975 2590 3013 cum
2623 2957 2722 3012 illo
2755 2957 2954 3013 sedilis
2985 2973 3219 3012 excessu
3258 2978 3282 3008 ο
3315 2957 3475 3029 (Ibid.
3509 2958 3548 3012 l.
3573 2975 3591 3012 ι
3631 2958 3703 3013 ad
3746 2962 3856 3015 Na-

2208 3050 2345 3104 lion.
2370 3048 2458 3103 loc
2499 3047 2643 3119 cit.).
2701 3046 2818 3101 Nos
2875 3045 3074 3117 itaque
3126 3046 3295 3101 docet
3348 3063 3577 3103 crucem
3637 3047 3856 3104 Christi

2135 3163 2177 3229 Ο
2213 3137 2496 3208 integram
2535 3135 2714 3190 fuisse
2744 3151 2810 3190 ac
2843 3135 3157 3229 perlectam
3197 3152 3210 3202 ;
3244 3140 3441 3229 utpote
3472 3152 3600 3207 quas
3661 3138 3857 3193 tribus

2215 3224 2476 3296 partibus
2507 3223 2826 3294 composita
2857 3226 2999 3289 erat,
3042 3222 3197 3294 ligno
3246 3221 3517 3279 videlicet
3567 3229 3745 3292 recto,
3801 3229 3857 3282 et

2209 3317 2481 3378 antenna,
2507 3311 2624 3366 sive
2651 3315 2983 3366 transverso
3011 3309 3190 3366 altero
3238 3310 3600 3384 ligno,atque
3657 3315 3853 3386 sedili,

2208 3403 2329 3458 sive
2361 3398 2697 3464 scabellulo,
2722 3398 2877 3452 cruci
2907 3397 3204 3470 imposito,
3238 3404 3294 3454 et
3323 3417 3450 3455 eam
3509 3403 3847 3459 excedente.

2207 3489 2323 3544 Nos
2354 3503 2485 3542 vero
2517 3485 2656 3541 alibi
2689 3486 3124 3542 observavimus
3181 3487 3369 3558 (Tom.
3406 3488 3423 3542 l
3468 3493 3727 3560 Apparat.
3788 3508 3845 3562 p.

2205 3579 2332 3647 597)
2363 3580 2550 3630 ortam
2610 3575 2762 3628 inter
2816 3574 3074 3630 eruditos
3132 3577 3585 3632 controversiam
3634 3584 3839 3635 utrum

2206 3665 2348 3721 illud
2381 3662 2723 3726 scabellum,
2757 3679 2857 3718 seu
2891 3662 3114 3734 lignum
3146 3665 3562 3733 excedens,toti
3588 3666 3845 3724 hominis

2208 3754 2462 3809 cruciﬁxi
2495 3751 2744 3824 corpori,
2765 3751 2851 3806 vel
2882 3753 3010 3822 ejus
3038 3757 3266 3807 tantum
3288 3754 3535 3824 pedibus
3556 3772 3849 3828 suppone-

2206 3842 2514 3898 retur.Sed
2547 3857 2679 3896 cum
2711 3840 2880 3895 sedile
2911 3857 2944 3895 a
2973 3840 3330 3897 Tertulliano
3361 3847 3563 3898 nostro
3593 3844 3850 3915 appella-

2207 3936 2325 3996 tur,
2357 3929 2464 3985 hoc
2495 3928 2694 4001 procul
2726 3929 2903 3984 dubio
2938 3929 3173 3984 nomine
3205 3932 3350 3985 satis
3397 3937 3596 4003 aperte
3655 3932 3854 3988 innuit

2208 4020 2350 4075 illud
2379 4019 2434 4072 in
2470 4018 2657 4072 crucis
2692 4017 2882 4072 medio
2917 4017 3196 4089 positum,
3226 4034 3292 4073 ac
3325 4018 3383 4073 in
3407 4035 3473 4074 eo
3496 4021 3851 4092 requievisse

2209 4107 2465 4164 cruciﬁxi
2526 4105 2784 4161 hominis
2816 4122 3046 4178 corpus,
3108 4123 3179 4162 ne
3236 4107 3487 4179 graviori
3527 4126 3634 4164 sua
3694 4111 3848 4165 mole

2209 4196 2581 4262 dilaberetur,
2607 4199 2706 4248 aut
2733 4193 2933 4248 fractis
2965 4193 3239 4250 manibus
3266 4195 3516 4251 caderet.
3569 4197 3849 4252 Nonnulli

2209 4290 2399 4340 autem
2437 4287 2643 4355 putant
2663 4283 2769 4337 hoc
2793 4281 2972 4337 sedile
2995 4283 3286 4354 designari
3313 4283 3400 4339 his
3422 4286 3684 4355 ejusdem
3715 4288 3853 4342 Ter-

2208 4372 2436 4427 tulliani
2471 4371 2652 4427 nostri
2685 4370 2795 4425 alio
2827 4371 2885 4425 in
2915 4369 3063 4426 libro
3085 4371 3275 4427 verbis
3308 4388 3321 4425 :
3351 4393 3375 4425 α
3398 4376 3628 4429 Cornua
3657 4376 3850 4430 crucis

2210 4460 2423 4516 extima
2455 4478 2470 4529 ;
2503 4477 2636 4514 nam
2671 4465 2727 4515 et
2753 4461 2809 4514 in
2841 4465 3095 4514 antenna
3129 4460 3446 4532 navis,quaa
3477 4463 3666 4518 crucis
3711 4481 3850 4534 pars

463 4550 746 4622 ipsosmet
769 4549 1359 4621 retorquendo.Tacct
1381 4546 1533 4601 enim
1562 4553 1754 4602 utrum
1789 4549 2099 4604 Christiani
2135 4520 2179 4583 D
2212 4553 2325 4618 est,
2359 4565 2579 4604 cornua
2603 4548 2998 4603 extremitates
3019 4557 3316 4617 vocantur,
3340 4549 3607 4606 unicorni
3639 4553 3842 4608 1037

455 4653 688 4693 crucem
729 4637 890 4692 illam
923 4653 1120 4692 revera
1147 4634 1421 4703 colerent,
1457 4652 1520 4689 ac
1540 4637 1712 4690 variis
1746 4641 2098 4693 tantummo-

463 4725 536 4780 do
569 4726 860 4781 rationum
893 4725 1207 4780 momentis
1239 4724 1495 4778 ostendit
1526 4724 1658 4778 illos
1691 4726 1928 4781 omnino
1987 4727 2095 4780 im-

457 4813 773 4885 prudenter
801 4814 1044 4883 hujusce
1077 4813 1269 4867 cultus
1304 4813 1564 4882 redargui
1601 4813 1670 4868 ab
1718 4814 2095 4886 ethnicis,qui

458 4918 663 4957 cruces
691 4902 985 4974 quaslibet
1010 4901 1228 4973 passim
1261 4903 1702 4957 venerabantur.

527 4991 674 5056 Quid
691 5007 826 5063 ergo
849 4990 872 5044 Ρ
895 4991 1155 5061 inquies;
1177 4989 1460 5058 numquid
1484 4989 1669 5044 fallaci
1703 4991 1894 5059 aliquo
1917 4991 2092 5047 silen-

453 5079 534 5135 tio
551 5079 908 5152 negavit,aut
930 5077 1325 5133 dissimulavit
1341 5093 1568 5130 crucem
1585 5076 1799 5133 Christi
1814 5080 1884 5135 ab
1908 5080 2094 5151 ipsius

453 5167 760 5239 discipulis
793 5165 1112 5224 honorari?
1143 5165 1381 5219 Minime
1414 5165 1889 5236 gentium.Quam
1913 5168 2094 5223 enim-

448 5271 581 5312 vero
610 5257 684 5312 ob
705 5273 945 5312 causam
981 5255 1034 5309 id
1073 5270 1280 5324 negare
1312 5257 1411 5308 aut
1442 5253 1816 5311 dissimulare
1861 5257 2092 5327 potuis-

448 5345 659 5417 set,qui
694 5346 907 5402 fatetur
935 5344 1066 5400 illos
1098 5343 1167 5398 ad
1202 5358 1404 5397 omnes
1438 5341 1554 5397 fere
1585 5343 1713 5397 vitae
1747 5361 1863 5399 sua;
1925 5349 2090 5401 actus

446 5433 696 5490 frontem
731 5452 897 5491 suam
928 5433 1120 5489 crucis
1152 5431 1471 5486 munivisse
1496 5430 1836 5502 signaculo?
1857 5433 1972 5487 Cur
1989 5450 2090 5489 au-

446 5525 1095 5590 tem,obsecro,sacrum
1127 5519 1274 5575 illud
1328 5519 1561 5591 signum
1621 5520 1910 5575 frontibus
1965 5521 2089 5578 suis

446 5613 570 5672 tam
599 5627 749 5685 saepe
779 5611 1179 5688 imponehant,
1214 5607 1326 5664 nisi
1351 5623 1694 5681 persuasum
1729 5609 1968 5666 omnino
1991 5609 2091 5669 ba-

2210 4642 2400 4693 autem
2437 4637 2628 4692 media
2661 4636 2878 4706 stipitis
2902 4636 3070 4708 palus
3096 4657 3122 4688 »
3183 4638 3446 4709 (Tertull.
3507 4640 3578 4694 ad
3627 4641 3850 4698 Iudam:

2207 4743 2331 4798 cap.
2358 4726 2720 4797 2).Fatentur
2742 4729 2936 4780 tamen
2962 4742 3073 4780 non
3100 4725 3269 4797 plane
3287 4726 3690 4799 incorruptum
3718 4747 3849 4786 esse

2204 4814 2359 4869 hunc
2416 4813 2629 4880 locum,
2702 4829 2804 4868 nec
2873 4813 3115 4884 proinde
3173 4818 3326 4869 certo
3383 4815 3618 4871 deﬁniri
3677 4835 3851 4889 posse

2204 4909 2401 4959 utrum
2448 4903 2542 4957 his
2589 4903 3012 4974 posterioribus
3053 4903 3244 4958 verbis
3285 4909 3506 4960 rectum
3541 4905 3731 4960 crucis
3775 4907 3850 4961 li-

2201 5007 2380 5062 gnum
2418 5009 2529 5045 non
2563 4991 2888 5046 denotatur.
2923 4996 2994 5045 At
3025 4995 3186 5046 extra
3217 4992 3462 5047 dubium
3496 5010 3627 5049 esse
3688 4996 3850 5050 vide-

2199 5084 2296 5133 tur
2324 5080 2609 5150 integram
2643 5096 2708 5133 ac
2735 5080 3044 5151 perfectam
3072 5079 3146 5133 ab
3176 5079 3274 5134 illo
3297 5080 3576 5152 appellari
3628 5081 3850 5139 Christi
3877 5091 3885 5098 ‘

2201 5183 2452 5237 crucem,
2487 5173 2732 5240 utroque
2763 5167 2943 5240 ligno,
2977 5171 3033 5223 et
3062 5171 3218 5224 recto
3249 5172 3307 5224 et
3359 5173 3718 5236 transverso,
3781 5189 3849 5227 ac

2200 5256 2367 5311 sedili
2398 5258 2806 5328 compositam.

2268 5344 2669 5416 Ethnicorum,
2701 5350 2894 5402 autem
2923 5344 3272 5402 Christianis
3303 5345 3484 5418 hujus
3513 5348 3706 5404 crucis
3726 5349 3850 5405 cul-

2197 5437 2322 5488 tum
2355 5435 2856 5506 exprobrantium,
2908 5438 2972 5488 ut
3020 5434 3412 5491 temeritatem
3459 5437 3848 5509 comprimat,

2196 5520 2558 5592 conglobatis
2584 5522 2944 5595 argumentis
2967 5522 3224 5578 ostendit
3245 5522 3443 5595 plures
3461 5523 3604 5581 alias
3635 5543 3849 5585 cruces

2194 5625 2310 5666 non
2343 5609 2529 5667 solum
2559 5610 2837 5685 integras,
2870 5611 2970 5667 sed
3002 5613 3233 5687 fearum
3285 5611 3461 5669 etiam
3518 5618 3717 5688 partes
3770 5616 3846 5675 ab
