4162 6368
370 332 523 392 1133

1280 336 1348 394 D.
1400 334 1493 394 LE
1540 337 1862 397 NOUllRY
1910 336 2557 402 OBSEltVATIONES
2607 345 2865 406 NOV/E.

3618 355 3771 414 1134

365 464 483 519 illis
509 464 766 555 adorari.
802 465 931 555 Non
957 466 1136 536 enim,
1173 466 1252 521 uti
1308 466 1408 533 ait,
1471 491 1499 517 ι(
1552 466 1935 539 distinguitur
1980 486 2014 523 a
2041 476 2093 541 Α
2128 470 2225 526 illa
2247 473 2584 530 vexillorum
2619 483 2674 531 et
2707 480 3118 535 cantabrorum
3152 501 3171 528 ι
3196 481 3457 550 (Tertull.
3494 484 3769 555 Apotoget.

365 554 555 609 crucis
586 554 785 626 stipite
816 554 1006 609 Pallas
1036 555 1245 624 Attica,
1281 560 1337 610 et
1379 556 1547 611 Ceres
1604 557 1831 627 Pharia,
1893 576 2015 628 quae

365 644 492 699 sine
514 643 725 713 effigie,
760 644 890 697 rudi
924 643 1053 715 palo
1103 648 1159 699 et
1220 644 1455 699 informi
1512 645 1670 717 ligno
1731 651 1955 717 prostat
1986 671 2005 700 ι

360 731 628 802 (Tertull.
653 732 1107 805 Apologet.lcap.
1171 735 1257 801 16,
1311 752 1366 805 p.
1437 735 1581 805 366).
1647 739 1835 806 Atque
1893 736 2014 791 haec

361 822 569 877 iisdem
604 838 747 893 pene
792 822 991 876 verbis
1042 824 1099 876 in
1165 822 1312 877 libro
1357 826 1428 878 ad
1486 825 1747 878 Nationes
1805 825 2015 896 repetit

363 911 487 983 (lib.
522 928 561 975 ι,
593 927 719 982 cap.
757 911 842 980 11,
876 927 930 982 p.
963 912 1110 983 577).
1149 912 1258 967 Sed
1294 913 1350 966 in
1402 914 1619 967 nostris
1680 914 2011 969 manuscri-

363 1000 476 1072 ptis
506 999 938 1068 exemplaribus
969 1001 1255 1072 scriptum
1290 1006 1379 1057 est
1433 1005 1595 1057 Ceres
1649 1004 1891 1068 Far-iam,
1952 1004 2010 1058 in

360 1089 792 1159 antiquioribus
823 1090 1017 1154 editis,
1052 1091 1209 1145 Ceres
1242 1095 1449 1145 Furrca
1482 1109 1493 1157 ;
1530 1107 1655 1161 qua:
1683 1090 1853 1145 lectio
1877 1090 2009 1162 plu-

361 1180 521 1233 ribus
555 1177 761 1249 placet,
798 1179 937 1249 quia
968 1180 1157 1233 Cereri
1214 1180 1318 1233 hoc
1382 1196 1589 1234 nomen
1649 1181 1778 1234 ideo
1822 1180 2008 1250 impo-

359 1269 536 1323 situm
570 1273 831 1337 censent,
865 1270 1017 1338 quod
1054 1268 1151 1322 illa
1201 1270 1287 1323 far
1346 1271 1659 1340 frugeSque
1720 1269 2009 1324 invenisse

360 1357 754 1429 perhibeatur.
788 1356 899 1412 Alii
931 1373 1062 1412 vero
1110 1356 1425 1429 legendum
1486 1358 1714 1413 malunt
1770 1360 2007 1427 Pharia,

356 1462 459 1500 seu
492 1446 675 1512 Furia,
711 1444 881 1500 sicuti
915 1446 972 1500 in
1034 1446 1185 1502 libro
1244 1448 1317 1503 ad
1374 1448 1651 1502 Nationes.
1712 1448 1789 1503 Eo
1849 1448 2006 1502 enim

355 1534 704 1605 cognomine
735 1540 995 1590 Cererem
1026 1535 1378 1606 appellatam
1413 1540 1745 1607 autumant,
1779 1536 1917 1607 quia
1946 1537 2006 1591 in

356 1624 540 1678 Pharo
570 1623 797 1695 .Egypti
840 1623 1031 1679 insula
1064 1623 1384 1679 colebatur.
1422 1626 1500 1679 De
1542 1641 1609 1679 ea
1670 1642 1839 1695 porro
1899 1624 2002 1681 ali-

356 1713 493 1785 quid
527 1713 585 1767 in
619 1717 820 1768 nostra
852 1714 921 1767 de
954 1713 1187 1770 Minutii
1222 1713 1428 1768 Felicis
1460 1714 1694 1769 Octavio
1726 1714 2003 1769 disserta-

358 1802 516 1857 tione
547 1802 923 1856 observatum
957 1820 990 1855 a
1022 1802 1188 1856 nobis
1223 1802 1334 1856 fuit
1362 1803 1673 1873 (Disseruit.
1708 1804 1767 1857 in
1808 1802 1999 1857 Minut.

355 1906 484 1962 cap.
522 1891 606 1946 14.
642 1894 751 1945 art.
783 1890 859 1961 4).

427 2001 550 2051 Non
576 1996 756 2052 semel
790 2002 985 2052 autem
1009 1997 1064 2052 in
1088 1997 1216 2053 aliis
1249 1998 1761 2053 dissertationibus
1794 1998 1957 2068 (Tom
1985 2015 2004 2053 ι

362 2088 614 2157 Apparet.
671 2088 865 2157 p.755
910 2090 967 2140 et
997 2103 1161 2157 seqq.
1222 2103 1287 2140 ac
1341 2088 1628 2141 Di'sscrtat.
1684 2088 1740 2141 in
1800 2087 2000 2142 Arnob.

358 2192 490 2247 cap.
525 2176 615 2229 20.
667 2180 773 2230 art.
815 2175 865 2247 1)
916 2175 1327 2230 adnotavimus
1386 2181 1700 2247 antequam
1761 2175 2005 2246 gentiles

360 2266 602 2320 deorum
645 2282 887 2320 suorum
939 2264 1253 2319 simulacra
1310 2266 1380 2319 ad
1437 2264 1693 2320 hominis
1749 2264 2001 2335 efﬁgiem

359 2354 725 2423 ﬁnxissent,a
745 2353 1099 2425 quibusdam
1128 2354 1446 2424 acinacem,
1472 2356 1541 2408 ab
1557 2352 1689 2409 aliis
1717 2352 2000 2424 gladium,

355 2459 577 2513 ensem,
612 2442 870 2511 hastam,
902 2460 935 2497 a
960 2442 1261 2496 nonnullis
1294 2441 1568 2514 lapidem,
1602 2444 1674 2498 ab
1698 2441 1828 2497 aliis
1861 2444 2002 2497 rude

356 2532 583 2605 lignum
616 2537 673 2588 et
705 2532 962 2602 stipitem
986 2547 1099 2585 non
1158 2531 1521 2587 elaboratum
1578 2549 1680 2604 pro
1738 2531 1852 2587 diis
1896 2531 2000 2587 ha—

365 2622 489 2677 bita
551 2620 731 2676 fuisse
780 2624 837 2676 et
894 2621 1156 2676 adorata.
1195 2620 1304 2684 Qui
1363 2621 1600 2692 quidem
1655 2637 1783 2677 mos
1846 2622 1998 2692 apud

356 2712 643 2783 quaedam
676 2716 878 2782 gentes
910 2710 1132 2766 diutius
1165 2710 1569 2782 perseveravit.
1604 2709 2001 2765 Tertullianus

355 2805 551 2857 autem
584 2800 915 2871 signiﬁcare
938 2799 1166 2854 videtur
1192 2816 1297 2854 suo
1321 2799 1513 2854 adhuc
1537 2804 1796 2871 tempore
1827 2798 2002 2855 exsti-

356 2891 502 2946 tisse
533 2890 774 2961 aliquod
806 2888 1063 2944 Palladis
1094 2888 1153 2944 in
1184 2889 1372 2943 Attica
1394 2889 1628 2960 regione
1679 2895 1734 2943 et
1783 2888 2005 2944 Cereris

358 2982 417 3037 in
452 2981 635 3035 Pharo
668 2979 865 3033 insula
896 2977 1303 3044 simulacrum,
1338 2979 1492 3049 quod
1519 2978 1684 3033 rudis
1720 2979 2006 3033 duntaxat

360 3069 551 3142 palus,
583 3074 640 3123 et
673 3068 920 3122 informe
961 3084 1028 3122 ac
1059 3067 1184 3122 sine
1219 3066 1339 3121 ulla
1377 3066 1566 3138 efﬁgie
1599 3065 1825 3137 lignum
1856 3070 2001 3121 erat.

360 3162 431 3214 At
459 3159 515 3213 id
542 3158 797 3230 profecto
829 3173 894 3211 ex
929 3156 1042 3227 his,
1078 3173 1205 3228 quas
1231 3155 1289 3210 in
1323 3154 1517 3211 citatis
1549 3155 1766 3210 nostris
1787 3154 2002 3210 disser-

2127 574 2252 630 cap.
2294 562 2376 629 16,
2411 579 2465 632 p.
2498 564 2643 631 569).
2696 566 2768 619 At
2826 566 3153 637 sipharum,
3213 570 3333 624 sive
3400 572 3769 642 sypharium,

2125 664 2419 719 supparus
2451 656 2505 703 et
2534 670 2873 723 supparum,
2934 658 3249 711 vocabatur
3301 660 3525 714 varium
3588 663 3765 717 vesti-

2125 740 2300 792 menti
2335 745 2389 793 et
2416 742 2522 795 veli
2554 760 2756 811 genus,
2795 750 2935 815 puta
2968 746 3199 801 navium
3242 752 3297 801 et
3349 747 3599 803 theatri:
3663 752 3765 806 sed

2122 825 2199 880 ibi
2236 846 2267 880 a
2299 828 2678 890 Tertullinnn,
2717 833 2794 885 uti
2830 834 2971 888 satis
3003 834 3206 905 liquet,
3240 838 3496 892 sumitur
3536 855 3638 909 pro
3672 856 3763 894 ve-

2122 914 2375 971 lamento
2409 919 2711 989 signorum
2744 922 3111 987 militarium,
3161 926 3341 994 cruci,
3392 926 3476 980 vel
3537 926 3762 999 ligneae,

2122 1003 2211 1059 vel
2246 1005 2488 1062 alterius
2523 1010 2775 1063 mater-im
2810 1012 3101 1082 imposito.
3147 1015 3523 1070 Coutinenter
3580 1019 3761 1083 enim,

2121 1093 2239 1149 haec
2269 1096 2527 1165 siphara,
2562 1096 2774 1165 inquit,
2806 1102 2953 1154 stolae
2983 1117 3207 1157 crucum
3255 1111 3382 1158 sunt
3437 1104 3651 1175 (lbid.),
3703 1106 3761 1161 id

2118 1187 2228 1252 est,
2261 1185 2513 1239 amictus
2546 1191 2684 1240 sunt
2724 1193 2779 1240 et
2808 1190 3153 1257 velamenta,
3188 1193 3403 1262 quibus
3435 1211 3574 1248 crux
3607 1197 3763 1251 vela-

2120 1270 2309 1337 batur,
2346 1272 2430 1327 vel
2464 1277 2785 1345 tegebatur.
2849 1279 3078 1349 Siphari
3141 1280 3320 1352 igitur
3370 1284 3605 1337 nomine
3662 1284 3760 1337 de-

2117 1360 2312 1432 signat
2338 1361 2529 1417 velum
2566 1363 2707 1419 illud
2738 1382 2804 1419 ex
2840 1371 3168 1423 transversa
3200 1369 3391 1424 crucis
3433 1376 3595 1441 parte
3653 1388 3759 1442 ap-

2118 1465 2388 1519 pensum.
2432 1468 2545 1523 quo
2604 1453 2812 1509 vexilla
2868 1460 2926 1509 et
2982 1457 3259 1512 cantabra
3309 1459 3757 1516 decorabantur.

2114 1538 2499 1602 Quamobrem
2534 1542 2797 1597 ethnicos
2831 1543 2987 1600 hisce
3016 1547 3207 1601 verbis
3238 1546 3474 1603 irridet:
3514 1569 3539 1601 α
3560 1548 3760 1605 Laudo

2116 1628 2501 1700 diligentiam.
2544 1630 2825 1687 Noluistis
2884 1634 3075 1689 nudas
3135 1639 3191 1689 et
3250 1636 3498 1693 incultas
3556 1654 3761 1693 cruces

2115 1734 2453 1773 consecrare
2492 1742 2516 1767 ››
2552 1721 2755 1791 (Ibz'd.).
2791 1726 2854 1775 In
2889 1721 3066 1778 altero
3124 1723 3300 1779 etiam
3363 1725 3509 1781 libro
3543 1744 3555 1782 :
3621 1750 3647 1775 «
3670 1726 3759 1781 Si-

2115 1806 2297 1878 phara
2328 1808 2426 1864 illa
2456 1814 2647 1865 vestes
2672 1828 2910 1865 crucum
2936 1818 3092 1867 sunt.
3129 1814 3508 1883 Erubescitis,
3532 1815 3757 1887 opinor,

2116 1895 2367 1953 incultas
2389 1901 2443 1953 et
2474 1899 2663 1955 nudas
2696 1917 2897 1957 cruces
2937 1901 3174 1958 colere»
3222 1902 3427 1975 (Idem.
3490 1903 3635 1959 lih.1
3679 1906 3760 1962 ad

2115 1986 2336 2043 Nation.
2366 2004 2493 2057 cap.
2531 1990 2613 2053 12,
2651 2007 2704 2060 p.
2736 1990 2881 2061 579).

2188 2077 2372 2131 Instat
2405 2078 2799 2133 adhucillezu
2843 2080 3122 2136 Victorias
3180 2082 3457 2147 adoratis,
3507 2099 3643 2138 cum
3695 2084 3755 2139 in

2114 2165 2346 2235 tropaeis
2378 2183 2578 2221 cruces
2610 2168 2892 2222 intestina
2919 2176 3060 2223 sunt
3082 2176 3431 2241 tropaeorum
3461 2194 3487 2219 ››
3546 2172 3752 2240 (Idem,

2114 2254 2389 2324 Apologet,
2422 2254 2527 2309 loc.
2566 2255 2706 2325 cit.).
2742 2256 2797 2310 id
2831 2262 2937 2325 est,
2972 2260 3204 2329 tropaeis
3254 2261 3531 2331 subjectae
3590 2266 3748 2315 sunt.

2112 2341 2287 2397 Paulo
2320 2360 2450 2398 vero
2475 2342 2717 2399 aliterin
2742 2344 2853 2399 alio
2875 2344 3059 2401 libro:
3122 2370 3147 2396 ‹‹
3182 2348 3468 2403 Victorias
3519 2354 3584 2403 ut
3641 2366 3750 2404 nu-

2115 2432 2293 2498 mina,
2326 2437 2382 2488 et
2413 2433 2647 2501 quidem
2690 2434 3051 2505 augustiora,
3086 2441 3301 2506 quanto
3331 2437 3552 2492 laetiora
3581 2453 3753 2493 vene-

2113 2522 2323 2576 ramini
2353 2539 2530 2577 con...
2564 2538 2673 2577 one
2723 2523 2859 2594 quid
2922 2524 3134 2580 melius
3191 2525 3490 2594 extollant,
3549 2542 3753 2582 cruces

2112 2616 2283 2668 erunt
2312 2612 2589 2667 intestina
2613 2613 3046 2683 quodammodo
3076 2618 3426 2687 tropaeorum
3460 2640 3480 2665 ι
3543 2616 3750 2687 (Idem,

2111 2702 2423 2756 (utNation.
2459 2700 2567 2756 loc.
2604 2702 2747 2773 cit.).
2808 2704 3047 2758 Constat
3103 2721 3244 2760 sane
3301 2704 3619 2760 Victoriam
3681 2705 3755 2759 ab

2112 2791 2229 2845 illis
2272 2791 2327 2845 in
2368 2791 2609 2845 dearum
2670 2792 2920 2863 positam
2970 2792 3153 2848 fuisse
3229 2806 3510 2849 numero:
3598 2794 3756 2865 quod

2114 2881 2375 2952 quidem,
2408 2879 2499 2934 vix
2531 2879 2633 2934 ulli
2660 2880 3045 2952 incognitum,
3076 2883 3354 2953 probasse
3378 2883 3634 2939 sufﬁciat
3662 2882 3756 2937 his

2113 2968 2285 3025 T'Jllil
2318 2968 2544 3024 verbis:
2580 2992 2605 3017 ‹‹
2658 2969 2803 3034 Quid
2855 2971 3174 3026 concordiae
3205 2972 3515 3044 templum,
3575 2971 3751 3027 liber-

2114 3058 2271 3123 tatis,
2304 3061 2360 3112 et
2390 3056 2663 3122 victoriae,
2713 3072 2962 3127 quarum
3022 3059 3287 3113 omnium
3348 3075 3565 3125 rerum,
3617 3059 3759 3129 quia

2111 3146 2197 3201 vis
2223 3151 2345 3201 erat
2376 3150 2557 3213 tanta,
2594 3150 2658 3200 ut
2688 3145 2815 3201 sine
2866 3146 2972 3201 deo
3040 3146 3159 3218 regi
3216 3164 3332 3203 non
3376 3151 3592 3219 posset,
3628 3147 3759 3218 ipsa

362 3222 683 3304 tationibus
744 3222 1469 3313 retulimuisiconﬁrmari
1529 3245 1727 3316 utique
1790 3250 2001 3317 potest.
2036 3222 2078 3287 Ο
2118 3252 2209 3290 ῐὌε
2263 3236 2506 3290 deorum
2571 3251 2781 3289 nomen
2850 3235 3106 3290 Obtimlit
3156 3258 3182 3285 ”
3243 3236 3377 3303 (Οίοο
3438 3236 3538 3292 libo
3599 3251 3641 3289 ιῐ
3689 3235 3758 3291 άθ

360 3337 591 3393 Ethnici
622 3352 780 3407 ergo,
811 3335 1006 3407 palum
1037 3334 1377 3405 hujusmodi
1410 3339 1571 3389 terrae
1601 3335 1853 3389 deﬁxum
1875 3339 2002 3388 tan-

361 3442 539 3498 quam
561 3441 729 3480 sacra
763 3424 1007 3479 numina
1038 3425 1370 3494 adorantes,
1406 3428 1628 3495 partem
1655 3424 1846 3479 crucis
1879 3440 2005 3495 pro-

360 3516 509 3571 fecto
538 3514 890 3569 adorabant.

432 3607 698 3677 Integras
730 3609 925 3659 autem
960 3619 1162 3658 cruces
1197 3602 1627 3657 venerabantur
1664 3602 1720 3656 in
1763 3603 2005 3657 deorum

358 3713 596 3751 suorum
633 3693 985 3758 simulacris,
1024 3694 1344 3748 humanam
1396 3692 1649 3765 efﬁgiem
1689 3709 2006 3764 repraesen-

361 3785 647 3840 tantibus.
680 3782 971 3838 Fabricari
1004 3783 1294 3853 siquidem
1320 3800 1351 3836 a
1376 3781 1582 3853 plastis
1612 3786 1666 3835 et
1688 3781 2009 3837 artiﬁcibus

367 3891 483 3928 non
520 3875 809 3943 poterant,
844 3870 955 3924 nisi
989 3870 1151 3940 prius
1183 3868 1388 3940 argilla
1420 3873 1519 3922 aut
1569 3868 1682 3921 alia
1741 3869 2007 3939 quaedam

368 3960 633 4028 materia,
667 3957 1087 4013 sustentaculis
1120 3958 1179 4011 in
1229 3956 1420 4011 crucis
1476 3956 1715 4026 integras.
1768 3958 2006 4011 modum

364 4049 671 4120 appositis,
706 4063 903 4102 revera
936 4051 1448 4117 superponeretur.
1474 4045 1837 4117 Quapropter
1858 4050 2010 4100 recte

364 4136 798 4193 Tertullianus:
836 4157 864 4186 ‹‹
897 4134 1178 4199 Diximus,
1210 4133 1425 4204 inquit,
1448 4134 1732 4204 originem
1766 4134 2009 4189 deorum

366 4230 691 4281 vestrorum
723 4240 756 4277 a
806 4222 1011 4294 plastis
1070 4225 1139 4277 de
1198 4238 1369 4277 cruce
1431 4221 1689 4275 induci»
1744 4222 2008 4293 (Tertull.

362 4316 641 4386 Apologat.
675 4330 799 4385 cap.
846 4313 936 4382 16,
996 4328 1052 4383 p.
1112 4312 1265 4381 366).
1326 4315 1507 4367 Antea
1563 4326 1696 4365 vero
1745 4311 2009 4366 dixerat:

365 4426 393 4454 «
442 4402 839 4459 Simulacrum
900 4400 1066 4473 prius
1126 4400 1333 4472 argilla
1400 4400 1685 4454 deformat
1740 4421 1767 4447 »
1850 4400 2012 4469 (Ibid.

364 4509 490 4564 cap.
527 4494 612 4546 12.
644 4490 875 4562 ρ.340),
925 4490 984 4544 id
1041 4494 1129 4544 est
1178 4490 1425 4544 formare
1472 4487 1697 4557 incipit,
1749 4489 1903 4542 cruci
1959 4492 2016 4543 et

2114 3326 2304 3379 Natur.
2337 3324 2493 3379 deor.
2530 3340 2655 3395 pag.
2688 3324 2813 3393 223,
2849 3322 3045 3390 lin.5).
3075 3324 3153 3379 De
3183 3323 3282 3380 illa
3311 3342 3447 3381 vero
3504 3325 3754 3395 ejusque

2114 3413 2305 3485 efﬁgie
2336 3412 2694 3469 Claudianus
2721 3412 2826 3468 hos
2858 3412 2991 3468 fecit
3012 3430 3214 3469 versus
3247 3431 3259 3468 :

2276 3520 2386 3576 Ipsa
2413 3517 2519 3563 duci
2546 3530 2717 3563 sacras
2747 3518 2960 3563 Victoria
2988 3519 3216 3574 panderet
3241 3520 3393 3567 aedes.

2275 3586 2315 3629 Ο
2345 3584 2504 3641 palma
2531 3583 2673 3625 viridi
2703 3582 2930 3639 gaudens,
2962 3588 3009 3628 et
3027 3584 3203 3628 amicta
3230 3586 3442 3641 tropaeis.

2275 3650 2451 3694 Custos
2477 3647 2659 3704 imperii
2684 3649 2837 3703 virgo,
2863 3661 2960 3703 qum
2995 3647 3104 3692 sola
3134 3648 3337 3693 macteris

2276 3711 2581 3761 Vulneribus,
2614 3710 2890 3765 nullumque
2918 3709 3067 3755 doces
3096 3710 3273 3755 sentire
3300 3711 3529 3756 laborem.

2117 3784 2389 3837 (Claudiam.
2407 3782 2489 3827 lib.
2519 3793 2585 3833 ui,
2614 3782 2666 3823 de
2691 3782 2877 3826 Laudib.
2908 3782 3118 3826 Stilicon.
3150 3795 3193 3826 v.
3217 3782 3295 3826 204
3325 3787 3372 3826 et
3410 3784 3561 3839 seqq.)

2190 3884 2425 3955 Efﬁgies
2458 3882 2638 3954 igitur
2690 3880 2851 3937 illius
2902 3880 3162 3951 fulgebat
3211 3881 3268 3936 in
3330 3880 3585 3953 tropaeis,
3645 3881 3767 3935 sive

2120 3975 2305 4047 captis
2337 3974 2594 4029 hostium
2628 3970 2853 4042 spoliis,
2882 3987 3010 4041 qua:
3052 3986 3281 4025 summo
3339 3970 3549 4040 stipiti,
3600 3976 3655 4023 et
3704 3969 3764 4023 in

2120 4063 2310 4121 crucis
2339 4064 2586 4133 figuram
2621 4064 2832 4126 erecto,
2891 4060 3284 4130 superposita,
3347 4057 3613 4113 solebant
3665 4073 3765 4112 so-

2116 4154 2291 4209 lemni
2327 4166 2536 4222 pompa
2566 4148 2796 4203 deferri.
2830 4147 3057 4201 Ethnici
3080 4147 3280 4218 itaque
3306 4146 3618 4203 Victoriam
3648 4162 3765 4201 non

2120 4243 2309 4297 solum
2342 4239 2400 4293 in
2438 4255 2541 4294 suo
2575 4235 2815 4308 templo,
2862 4237 2961 4290 sed
3017 4236 3075 4289 in
3133 4235 3226 4290 his
3283 4236 3456 4290 etiam
3508 4235 3766 4307 tropaeis,

2123 4332 2457 4391 adorantes,
2491 4343 2720 4381 crucem
2756 4342 2987 4395 quoque
3010 4325 3352 4380 adorahant.
3388 4325 3534 4380 Nam
3562 4333 3769 4395 tropaea

2120 4418 2401 4479 victricia,
2437 4417 2625 4486 inquit
2656 4412 2938 4469 Minutius
2987 4413 3142 4468 Felix
3203 4413 3433 4483 (Minut.
3498 4430 3555 4484 p.
3615 4413 3768 4483 287),

2122 4524 2231 4563 non
2264 4510 2481 4561 tantum
2511 4501 2797 4574 simplicis
2828 4501 3039 4569 crucis,
3072 4517 3273 4557 verum
3309 4500 3483 4557 etiam
3518 4499 3677 4555 afﬁxi
3707 4500 3769 4554 in

367 4581 555 4652 stipiti
588 4581 978 4651 superstructa.
1022 4578 1249 4634 Rursus
1299 4582 1493 4632 autem
1543 4576 1655 4632 alio
1713 4577 1770 4631 in
1824 4577 2008 4633 libro:
2043 4590 2088 4653 Ι)
2125 4614 2193 4653 ea
2221 4593 2480 4650 hominis
2502 4590 3097 4664 ﬁguramimitantur,

373 4670 561 4725 «Huic
593 4669 829 4725 exordio
861 4673 917 4723 et
945 4667 1105 4723 velut
1132 4667 1440 4722 statumini
1474 4666 1699 4738 argilla,
1760 4667 2014 4738 desuper

365 4762 612 4825 intexta,
637 4758 919 4830 paulatim
938 4758 1201 4813 membra
1231 4757 1789 4828 complet,etcorpus
1813 4758 2012 4824 struit,

369 4854 425 4904 et
456 4848 747 4918 habitum,
777 4863 951 4917 quem
986 4846 1225 4919 placuit,
1258 4846 1471 4915 argillae
1503 4846 1661 4899 intus
1710 4846 1864 4900 cruci
1927 4846 2012 4900 in-

368 4938 634 5007 gerit.....
670 4936 937 4991 al038
980 4952 1149 4990 cruce
1201 4934 1426 5005 argilla,
1478 4934 1548 4988 ab
1607 4934 1815 5004 argilla
1870 4936 2015 4991 deus

371 5025 806 5094 quodammodo
839 5024 1070 5093 transit,
1103 5040 1244 5078 crux
1274 5025 1332 5077 in
1366 5025 1541 5078 deum
1574 5041 1675 5094 per
1724 5024 2012 5095 argillam.

372 5113 614 5167 Crucem
640 5112 818 5181 igitur
848 5112 1227 5179 consecratis,
1261 5129 1295 5166 a
1326 5128 1441 5182 qua
1474 5112 1752 5183 incipitur
1810 5130 2014 5170 conse—

371 5202 518 5257 crari
560 5224 585 5251 »
610 5200 759 5273 (Lib.
787 5218 805 5254 1
835 5202 903 5255 ad
931 5201 1150 5255 Nation.
1184 5216 1311 5271 cap.
1355 5201 1441 5266 12,
1476 5218 1532 5272 p.
1564 5201 1712 5271 578).

447 5314 520 5364 De
551 5308 645 5363 his
678 5311 873 5362 autem
901 5308 1023 5377 jam
1043 5306 1271 5378 egimus
1304 5306 1361 5360 in
1406 5310 1605 5361 nostra
1659 5308 1729 5362 de
1789 5309 2016 5366 Minutii

372 5398 578 5455 Felicis
668 5397 816 5452 libro
863 5396 1273 5451 dissertatione
1330 5396 1633 5468 (Dissertat.
1711 5398 1770 5451 in.
1824 5400 2015 5456 Minui.

376 5491 557 5546 Octav.
595 5504 721 5558 cap.
758 5486 808 5555 4,
843 5492 951 5541 art.
991 5486 1097 5557 12),
1132 5503 1235 5541 nec
1265 5504 1376 5540 non
1411 5486 1583 5540 etiam
1637 5486 1706 5541 de
1760 5490 2017 5559 tropaeis,

371 5578 667 5635 cantabris
690 5581 747 5632 et
776 5574 1020 5632 vexillis.
1055 5576 1268 5630 Eadem
1304 5592 1436 5630 vero
1488 5575 1710 5631 ratione
1753 5576 1844 5633 his
1894 5596 2021 5635 om-

375 5668 549 5725 nibus
580 5674 651 5724 ab
708 5670 957 5724 Auctore
1017 5670 1214 5723 nostro
1266 5664 1654 5738 adjiciuntur:
1723 5667 2021 5741 «Siphara

2192 4686 2297 4740 Sed
2333 4684 2525 4739 acrius
2544 4681 2734 4735 adhuc
2767 4684 3071 4750 urgentem
3105 4679 3531 4735 Tertullianum
3564 4678 3768 4734 subse-

2125 4789 2413 4847 quamur:
2453 4797 2470 4821 ι
2508 4769 2725 4842 Religio
2782 4770 3205 4836 Romanorum,
3267 4768 3479 4840 inquit,
3523 4772 3645 4823 tota
3675 4784 3769 4822 ca-

2124 4864 2371 4920 strensis
2404 4863 2566 4932 signa
2596 4862 2926 4928 veneratur,
2962 4858 3338 4928 signajurat,
3373 4856 3542 4927 signa
3585 4853 3771 4911 omni.

2126 4955 2233 5008 bus
2266 4953 2377 5006 diis
2414 4950 2707 5023 praeponit
2745 4948 2956 5003 Omnes
2992 4946 3071 4999 illi
3110 4947 3432 5017 imaginum
3455 4947 3769 5017 suggestus

2124 5043 2386 5113 insignes
2420 5040 2660 5095 monilia
2691 5054 2931 5093 crucum
2954 5042 3158 5089 sunt.»
3198 5035 3463 5103 (Tertull.
3492 5034 3767 5105 Apologet.

2127 5149 2251 5203 cap.
2289 5133 2372 5201 16,
2407 5146 2538 5201 pag.
2570 5129 2715 5199 367).
2750 5130 2833 5181 Ita
2863 5125 3095 5196 quidem
3131 5125 3189 5179 in
3222 5125 3439 5180 nostris
3470 5122 3773 5178 codicibus

2129 5238 2303 5277 manu
2339 5218 2609 5285 exaratis,
2644 5226 2701 5272 et
2742 5216 2912 5270 editis
2944 5214 3398 5285 antiquioribus.
3431 5211 3647 5266 Verum
3682 5210 3774 5264 Ri-

2130 5312 2344 5387 galtius
2375 5308 2690 5363 ibinomen
2724 5308 3111 5362 Romanorum.
3157 5302 3360 5357 1039
3422 5300 3583 5355 nulla
3638 5299 3770 5354 red-

2130 5403 2252 5457 dita
2308 5398 2554 5464 ratione,
2614 5393 2875 5450 sustulit.
2947 5391 3333 5463 Suspicamur
3385 5394 3581 5444 tamen
3643 5402 3772 5442 eam

2130 5492 2334 5553 fuisse,
2368 5486 2506 5557 quia
2536 5485 2593 5539 in
2628 5482 2776 5538 libro
2796 5481 2871 5536 ad
2903 5482 3156 5536 Nationes
3184 5481 3410 5547 eadem,
3432 5479 3531 5534 sed
3559 5476 3779 5532 omisso

2131 5581 2231 5636 illo
2266 5582 2637 5634 Romanorum
2669 5571 2927 5638 nomine,
2970 5570 3062 5625 his
3090 5569 3281 5623 verbis
3341 5568 3590 5640 repetit:
3652 5587 3680 5613 ‹‹
3716 5564 3782 5619 In

2132 5668 2391 5729 victoriis
2424 5671 2478 5722 et
2515 5680 2715 5721 cruces
2776 5660 2914 5717 colit
2962 5658 3282 5717 castrensis
3329 5657 3553 5731 religio,
3613 5654 3784 5727 signa
