4162 6430
447 370 599 430 1135

964 368 1481 431 TEIlTULLIANI
1529 367 1845 430 OPERUM
1898 368 2094 429 PARS
2139 365 2185 428 Ι.
2234 401 2292 412 —-
2327 364 2596 427 SElllES
2640 364 2687 436 Ι,
2737 360 3298 425 APOLOGETICA.

3670 361 3839 422 “36

442 504 668 572 adorat,
700 502 870 574 signa
899 502 1137 573 dejeral,
1170 501 1338 573 signa
1359 500 1470 573 ipsi
1496 500 1625 556 Jovi
1655 499 1923 572 praefert:
1967 500 2065 555 sed
2100 506 2152 571 Α
2185 499 2262 554 ibi
2297 499 2532 571 quidam
2567 496 2962 553 monitosesse
2979 494 3288 549 voluerunt
3308 492 3837 551 innonnullisma-

439 589 542 645 ille
570 590 894 662 imaginum
927 593 1263 660 suggestus,
1297 595 1353 643 et
1382 594 1539 643 totus
1571 588 1697 644 auri
1728 587 1919 643 cultus
1950 604 2072 643 mo-

438 678 581 734 nilia
610 694 852 734 crucum
878 683 1017 734 sunt
1048 701 1074 727 ››
1100 679 1298 745 (Idem.
1333 677 1434 732 lib.
1469 695 1485 731 ι
1515 678 1594 732 ad
1643 678 1869 732 Nation.
1928 693 2059 748 cap.

441 767 523 821 12.
556 783 689 839 pag.
719 767 865 838 579).
916 768 987 821 At
1044 766 1333 837 Rigaltius
1386 765 1869 820 animadvertisse
1926 764 2068 819 satis

434 872 550 911 non
573 854 800 911 videtur
828 854 972 910 illud
1012 855 1377 910 Romanorum
1433 870 1644 909 nomen
1695 853 1951 924 potuisse
2008 852 2064 907 in

433 942 541 999 hoc
572 942 742 1011 libro,
776 943 846 998 ad
879 959 1083 998 omnes
1131 942 1446 1015 generatim
1508 942 1769 997 nationes
1825 941 2067 1011 directo,

427 1031 820 1105 prmtermitti,
871 1049 988 1087 non
1031 1036 1227 1087 autem
1293 1030 1352 1086 in
1409 1032 1774 1104 Apologetico,
1828 1029 1925 1102 qui
1994 1030 2063 1085 ad

428 1137 633 1177 omnes
655 1120 947 1177 antistites
969 1137 1035 1176 ac
1064 1120 1355 1192 imprimis
1384 1120 1675 1175 Romanos
1692 1120 1911 1175 missus
1933 1118 2060 1172 fuit.

426 1210 551 1266 Mos
582 1214 777 1265 autem
812 1208 1089 1265 militaria
1118 1210 1283 1281 signa
1314 1209 1594 1264 adorandi
1629 1208 1782 1280 apud
1818 1209 1957 1263 istos
1986 1208 2065 1261 ita

422 1296 768 1367 invaluerat,
803 1302 867 1353 ut
889 1299 1221 1352 Artabanus
1248 1297 1593 1353 Parthorum
1642 1313 1740 1352 rex
1783 1297 1853 1350 ad
1912 1294 2063 1350 Cali-

421 1386 588 1458 gula,
617 1386 811 1460 inquit
841 1386 1177 1449 Suetonius,
1209 1386 1468 1458 legatum
1490 1386 1747 1455 veniens,
1787 1409 1806 1434 σι
1836 1383 2064 1455 aquilas

422 1480 479 1531 et
513 1476 682 1548 signa
748 1476 1010 1531 Romana
1056 1475 1469 1544 Caesarumque
1515 1474 1801 1546 imagines
1860 1474 2063 1528 adora-

422 1564 623 1621 verit»
654 1564 915 1636 (Sucton.
947 1566 989 1619 Ι.
1020 1580 1096 1634 1v,
1129 1566 1189 1618 in
1224 1564 1324 1619 Vit.
1359 1563 1535 1632 Calig.
1570 1565 1597 1632 §
1630 1563 1733 1630 14).

495 1653 610 1710 Cur
641 1656 836 1709 autem
879 1651 1082 1724 religio
1114 1651 1430 1707 castrensis
1487 1656 1741 1719 vocetur,
1787 1667 1854 1706 ac
1897 1649 2065 1722 signa

427 1757 535 1798 sua
558 1742 799 1813 iuraret,
824 1740 919 1795 his
950 1738 1279 1812 intelligere
1309 1744 1398 1795 est
1426 1740 1651 1795 Seneca:
1682 1740 1871 1795 verbis
1916 1737 2062 1793 :Pri-

429 1845 588 1884 mum
623 1850 652 1880 ‹‹
675 1828 895 1883 militia:
926 1826 1222 1884 vinculum
1255 1832 1346 1883 est
1392 1826 1611 1897 religio,
1654 1832 1711 1881 et
1760 1826 2062 1899 signorum

428 1934 615 1985 amor,
646 1922 704 1972 et
724 1916 1029 1972 deserendi
1058 1916 1255 1983 nefas;
1289 1920 1429 1971 tunc
1479 1916 1687 1971 deinde
1735 1914 1901 1971 facile
1958 1931 2063 1970 caa-

427 2010 553 2061 tera
595 2003 927 2077 exiguntur,
980 2004 1452 2076 mandanturque
1503 2005 1573 2059 ad
1647 2003 2062 2074 jusjurandum

433 2093 710 2150 adactis»
750 2093 969 2165 (Senec.
1022 2093 1191 2164 epist.
1248 2093 1338 2160 93,
1399 2109 1532 2165 pag.
1592 2092 1739 2162 305).
1804 2092 2062 2145 Primum

429 2183 629 2255 itaque
660 2180 805 2237 illud
829 2187 952 2237 erat
985 2182 1234 2237 militum
1254 2182 1701 2252 jusjurandum,
1726 2197 1841 2251 quo
1872 2196 1932 2235 se
1959 2180 2064 2234 mi-

422 2271 564 2326 litias
595 2270 963 2336 addicebant,
998 2270 1068 2325 de
1099 2287 1213 2341 quo
1248 2270 1413 2341 plura
1432 2269 1699 2324 Schelins
1732 2269 1788 2322 in
1819 2269 1943 2323 suis
1993 2268 2061 2322 ad

431 2358 733 2431 Polybium
766 2357 920 2415 notis
940 2360 1089 2430 (cap.
1135 2360 1158 2413 1
1216 2359 1281 2414 de
1338 2360 1679 2427 mammam),
1734 2358 2068 2412 Brissonius

434 2448 582 2520 (init.
616 2446 721 2503 lib.
756 2464 813 2503 ιν
844 2447 908 2502 de
948 2446 1233 2519 Formul.).
1290 2447 1496 2502 Justus
1555 2447 1786 2519 Lipsius
1842 2446 1903 2516 (l.
1939 2464 1954 2500 ι
2006 2446 2071 2502 de

437 2538 599 2594 Milit.
630 2538 887 2606 Romam,
919 2538 1202 2609 dialog.6,
1237 2555 1367 2610 pag.
1398 2538 1510 2609 26),
1533 2542 1588 2592 et
1611 2536 1727 2591 alii.
1762 2542 1835 2591 At
1866 2540 2072 2608 praeter

442 2626 552 2682 hoc
582 2632 1011 2682 sacramentum
1044 2626 1259 2682 milites
1280 2626 1453 2681 etiam
1485 2643 1592 2681 sua
1623 2642 1725 2696 per
1761 2625 1930 2697 signa
1968 2626 2069 2697 ju-

438 2715 669 2770 rabant.
700 2719 847 2770 Nam
879 2715 1146 2770 Lucanus
1177 2714 1574 2770 centurionem
1600 2714 1806 2769 Caesari
1866 2731 1968 2785 per
2004 2730 2072 2769 ea

428 2802 730 2875 jurantem
762 2802 847 2859 sic
877 2802 1144 2859 induxit:

594 2967 607 2981 .
663 2967 678 2981 .
735 2966 749 2981 .
805 2937 893 2979 Per
924 2935 1063 2990 signa
1088 2933 1255 2979 decem
1270 2934 1428 2979 felicia
1455 2935 1649 2979 castris.

563 3000 747 3058 Perque
772 3004 882 3044 tuos
905 2999 1017 3057 juro
1045 3012 1340 3057 quocumque
1363 3012 1423 3045 ex
1456 3001 1595 3045 hoste
1623 2999 1906 3056 triumphos,

1167 3070 1368 3119 (Lucan.
1402 3070 1478 3116 :ib.
1500 3081 1611 3115 n.v.
1642 3070 1759 3117 278.)

429 3202 546 3253 Nec
577 3196 793 3253 mirum
824 3212 1002 3264 sane;
1040 3196 1516 3268 quandoquidem
1556 3195 1796 3267 (Lucan.
1838 3194 1939 3249 lib.
2002 3209 2064 3264 η,

424 3304 477 3342 v.
510 3287 631 3351 370)
659 3286 829 3358 signa
857 3301 963 3340 sua
991 3291 1048 3341 et
1075 3283 1299 3355 aquilas
1325 3285 1629 3355 putabant,
1684 3289 1748 3338 ut
1802 3299 1869 3338 ex
1926 3287 2063 3337 Cor-

421 3374 574 3430 nelio
601 3374 806 3429 Tacito
831 3373 1141 3442 discimus,
1168 3374 1399 3444 propria
1454 3371 1733 3441 legionum
1778 3388 1907 3426 esse
1954 3388 2062 3425 nu-

420 3468 578 3518 mina
609 3464 810 3534 (Tacit.
834 3463 935 3517 lib.
971 3479 1011 3517 ιι
1043 3464 1243 3517 Annal.
1277 3466 1396 3531 post
1428 3465 1557 3518 init.
1588 3478 1720 3534 pag.
1746 3463 1859 3529 20).
1910 3460 2061 3515 Alibi

420 3571 555 3609 vero
574 3556 645 3610 de
673 3554 927 3609 Antonio
975 3555 1319 3608 seditionem
1373 3559 1813 3624 compescente:
1850 3575 1877 3601 «
1932 3551 2061 3606 Mox

421 3658 759 3710 conversus,
819 3640 1032 3712 inquit,
1080 3643 1149 3695 ad
1200 3642 1369 3713 signa
1423 3646 1481 3697 et
1560 3640 1843 3695 bellorum
1920 3640 2059 3694 deos

422 3729 752 3801 [hostium],
783 3729 977 3800 potius
1005 3729 1355 3784 exercitibus
1394 3728 1555 3783 illum
1588 3729 1864 3794 furorem,
1895 3728 2055 3783 illam

421 3818 776 3875 discordiam
807 3818 1134 3888 injicerent,
1158 3818 1380 3887 orabat,
1422 3819 1603 3872 donec
1637 3817 1927 3872 fatisceret
1968 3834 2056 3872 se-

419 3907 563 3962 ditio
584 3928 612 3958 »
645 3908 850 3979 (Idem,
889 3906 985 3962 lib.
1003 3924 1065 3962 Ill
1096 3910 1304 3961 Histor.
1345 3912 1477 3977 post
1520 3904 1643 3960 init.
1690 3924 1743 3975 p.
1790 3906 1932 3977 180).
1994 3909 2059 3961 At

415 3996 633 4053 clarius
678 4002 831 4053 certe
885 3996 1195 4065 Dionysius
1245 3995 1722 4063 Halicarnasseus
1776 4011 1787 4047 :
1844 3998 2057 4065 Σημεῖα

413 4083 716 4156 τιμιώτατα
763 4082 1057 4155 Ῥωμαίοις
1106 4086 1273 4137 ταῦτα
1318 4080 1401 4136 ἐπῖ
1455 4082 1728 4157 στρατεέας
1787 4081 1874 4136 καὶ
1948 4081 2052 4136 ὥσ-

412 4191 513 4246 περ
577 4170 847 4245 ἱδρύματα
905 4172 1040 4225 θεῶν
1101 4171 1219 4242 ἰερὰ
1273 4170 1609 4242 νομίζονται.
1658 4173 1811 4230 Nihil
1852 4174 1911 4226 in
1958 4174 2056 4229 Bo-

408 4281 578 4321 mana
613 4266 824 4320 militia
845 4266 1023 4333 signis
1056 4264 1290 4319 habetur
1307 4265 1699 4334 venerabilius,
1720 4281 1818 4320 nec
1870 4265 2054 4321 minus

410 4369 575 4409 sacra
593 4353 940 4425 judicantur,
972 4369 1137 4424 quam
1161 4354 1386 4409 deorum
1451 4354 1755 4407 simulacra
1791 4353 2047 4426 (Dionys.

414 4440 601 4510 Halic,
633 4441 735 4498 lib.
764 4458 842 4496 v1.
874 4441 1143 4513 Antiquit.
1178 4442 1405 4497 Roman.
1441 4458 1569 4512 pag.
1605 4442 1752 4512 315).

481 4531 844 4601 Quapropter
877 4530 1090 4599 adjecit
1116 4529 1537 4599 Tertullianus,
1584 4531 1744 4599 signa
1799 4531 2051 4586 omnibus

2179 587 2497 659 nuscriptis
2527 585 2637 658 legi
2670 588 2732 641 in
2758 585 2935 655 signis
2965 599 3079 638 non
3109 582 3371 653 insignes,
3418 598 3521 638 nec
3577 599 3832 655 prorsus

2178 676 2413 748 quidem
2444 676 2715 731 absurde.
2749 674 2828 729 De
2861 671 3114 727 militum
3138 671 3354 743 quippe
3384 671 3571 744 signis
3600 672 3830 728 ibidem

2177 768 2387 838 agitur.
2417 769 2629 820 Verum
2664 762 2803 835 quia
2832 762 2890 816 in
2921 761 3093 833 longe
3121 760 3393 832 pluribus
3442 760 3830 833 meliorisque

2177 860 2325 911 notae
2356 855 2783 928 exemplaribus
2802 854 3049 908 habetur
3072 851 3492 922 insignes,hanc
3508 850 3826 909 lectionem

2175 944 2482 1017 explodere
2514 962 2625 1001 non
2649 946 2955 999 audemus.
2980 940 3138 995 Nihil
3166 956 3302 997 vero
3350 940 3423 996 ad
3470 939 3649 1012 hujus
3708 958 3823 1014 po-

2173 1032 2313 1100 tius,
2350 1050 2526 1106 quam
2561 1032 2804 1088 alterius
2837 1029 3103 1086 lectionis
3132 1029 3640 1085 conﬁrmationem
3688 1031 3823 1086 erui

2178 1127 2369 1193 potest
2396 1140 2463 1178 ex
2492 1122 2639 1177 libro
2670 1121 2740 1177 ad
2762 1120 3044 1183 Nationes,
3096 1117 3196 1173 ubi
3255 1118 3364 1174 hoc
3421 1135 3629 1174 nomen
3681 1119 3824 1175 Ter-

2174 1210 2457 1267 tullianus
2503 1208 2901 1282 praetermisit,
2961 1208 3197 1278 haecque
3245 1207 3421 1262 verba
3478 1208 3825 1279 subjunxit:

2174 1299 2324 1355 «Ille
2362 1299 2687 1371 imaginum
2747 1300 3061 1370 suggestus
3111 1302 3167 1350 et
3214 1295 3397 1352 totius
3453 1295 3580 1351 auri
3628 1296 3827 1353 cultus

2172 1389 2412 1445 monilia
2450 1404 2689 1445 crucum
2721 1392 2861 1443 sunt
2897 1409 2924 1436 »
2978 1384 3191 1455 (Ibid).
3236 1384 3516 1441 Nonnulli
3574 1385 3816 1457 quidem

2171 1478 2489 1550 opinantur
2516 1493 2726 1533 nomen
2754 1484 3042 1547 suggestus
3070 1473 3150 1528 ibi
3202 1474 3384 1545 accipi
3443 1489 3550 1546 pro
3601 1475 3821 1531 vestitu

2171 1572 2227 1622 et
2258 1566 2771 1635 ornamento;sed
2830 1566 2885 1619 id
2948 1564 3192 1637 probare
3243 1562 3607 1619 debuissent.
3664 1564 3822 1631 Quid

2171 1655 2329 1711 enim
2361 1654 2411 1710 si
2442 1660 2716 1710 sumatur
2771 1670 2877 1726 pro
2909 1653 3036 1725 ipso
3094 1655 3226 1707 actu
3288 1650 3657 1723 suggerendi,
3712 1668 3820 1708 seu

2172 1745 2379 1800 subtus
2408 1744 2643 1815 gerendi
2675 1742 2851 1800 hasce
2884 1741 3194 1812 imagines,
3228 1756 3353 1812 quae
3385 1740 3718 1812 pendebant
3750 1756 3826 1797 ex

2174 1832 2363 1887 altiori
2396 1832 2599 1897 hastae,
2627 1831 2747 1887 sive
2778 1830 2921 1903 ligni
2956 1829 3193 1901 oblongi
3225 1832 3410 1900 parte,
3464 1833 3524 1884 ct
3579 1844 3826 1885 crucum

2174 1920 2417 1976 monilia
2444 1925 2502 1976 et
2532 1925 2879 1976 ornamenta
2907 1922 3095 1988 erant,
3144 1917 3285 1988 quia
3338 1917 3413 1972 ab
3470 1915 3591 1973 illis
3641 1934 3830 1989 supra

2175 2027 2236 2065 se
2264 2009 2468 2081 positis
2490 2008 2840 2065 velabantur
2880 2014 2938 2064 et
2996 2004 3473 2062 decorabantur?
3530 2005 3822 2062 Craterum

2173 2100 2245 2153 de
2279 2099 2368 2153 his
2407 2098 2681 2154 omnibus
2721 2099 2847 2168 jam
2891 2094 3323 2167 disputavimus
3370 2094 3429 2150 in
3489 2101 3690 2150 nostra
3747 2096 3827 2151 de

2175 2186 2409 2242 Minutii
2436 2186 2638 2243 Felicis
2682 2186 2919 2242 Octavio
2975 2184 3392 2239 dissertatione
3457 2184 3701 2250 (Dissert.
3761 2187 3829 2240 in

2177 2278 2382 2332 Minui.
2423 2291 2549 2347 cap.
2602 2276 2689 2341 12,
2742 2279 2851 2330 art.
2905 2275 2979 2342 4),
3042 2272 3139 2327 ubi
3196 2271 3389 2327 adhuc
3445 2271 3826 2330 ostendimus

2177 2364 2471 2430 hominem,
2504 2364 2676 2419 sicuti
2712 2364 2945 2418 tandem
2980 2364 3409 2416 Auctornoster
3437 2361 3827 2427 ait,!manibus

2175 2455 2453 2524 expansis,
2486 2469 2601 2523 prae
2631 2467 2692 2507 se
2742 2452 2887 2506 ferre
2924 2450 3117 2505 crucis
3178 2448 3495 2519 imaginem
3551 2449 3822 2519 (Tertull.

2177 2542 2278 2596 lib.
2314 2559 2330 2595 ι
2387 2541 2463 2596 ad
2494 2541 2699 2595 Nation
2749 2555 2876 2610 cap.
2917 2539 3001 2601 12,
3037 2553 3167 2609 pag.
3198 2537 3349 2607 578).

2250 2630 2359 2686 Sed
2391 2629 2646 2700 aliquem
2679 2627 2883 2683 audire
2913 2627 3083 2682 nobis
3112 2625 3401 2689 videmur,
3432 2625 3533 2697 qui
3579 2626 3827 2696 objiciet

2177 2701 2471 2774 infirmam
2504 2717 2742 2773 omnino
2772 2731 2901 2771 esse
2916 2714 3069 2770 hanc
3097 2711 3439 2769 Tertulliani
3497 2729 3827 2787 argumen-

2178 2807 2475 2862 tationem.
2506 2806 2765 2860 Gentiles
2787 2804 2966 2873 enim,
3000 2802 3246 2874 inquiet,
3278 2802 3522 2858 deorum
3569 2819 3821 2859 suorum

2178 2894 2512 2964 simulacra,
2553 2894 2742 2965 signa,
2799 2896 3037 2963 tropaea,
3090 2889 3368 2946 victorias
3423 2907 3490 2946 ac
3546 2891 3828 2963 qualibet

2177 2984 2467 3055 ejusmodi
2490 2982 2605 3039 alia
2632 2984 2959 3052 adorantes,
2993 2980 3138 3036 nihil
3163 2979 3335 3053 plane
3358 2982 3699 3052 cogitabant
3747 2983 3830 3038 de

2177 3074 2469 3143 crucibus,
2508 3089 2638 3142 quze
2666 3070 2785 3126 illis
2814 3076 2980 3126 erant
3009 3069 3349 3141 suppositas,
3379 3074 3482 3125 aut
3508 3085 3606 3126 eas
3651 3071 3823 3126 vela-

2177 3162 2339 3215 bant.
2370 3161 2583 3215 Verum
2617 3159 3077 3214 animadvertere
3104 3158 3157 3213 is
3186 3159 3361 3215 debat
3389 3157 3547 3213 haud
3590 3159 3829 3216 Tertul-

2096 3238 2138 3304 C
2176 3250 2314 3305 lieni
2347 3250 2711 3320 aliorumque
2741 3248 3042 3319 religionis
3072 3246 3415 3303 Christiane
3436 3247 3820 3305 defensorum

2173 3338 2738 3409 argumentationem
2794 3334 2894 3390 illa
2952 3334 3058 3389 niti
3106 3335 3474 3390 ethnicorum
3538 3336 3828 3406 opinione

2171 3443 2298 3498 qum
2329 3427 2567 3481 deorum
2602 3440 2843 3479 suorum
2878 3422 3198 3479 simulacra
3225 3429 3282 3478 et
3305 3423 3653 3496 signaveros
3673 3426 3826 3483 deos

2168 3529 2297 3569 esse
2337 3513 2792 3568 arbitrabantur.
2826 3515 2906 3566 Ea
2938 3511 3118 3583 igitur
3146 3515 3287 3579 tota,
3320 3515 3375 3566 et
3416 3528 3623 3567 omnes
3680 3512 3823 3570 illo-

2168 3619 2299 3657 rum
2320 3606 2529 3673 partes,
2558 3617 2807 3672 quarum
2844 3600 3145 3671 praecipuas
3178 3615 3384 3655 cruces
3402 3606 3590 3669 erant,
3622 3602 3829 3674 reipsa

2165 3690 2506 3746 adorabant.
2539 3689 2663 3744 Non
2708 3690 2862 3743 enim
2916 3688 3330 3743 existimabant
3380 3704 3451 3743 ex
3506 3688 3825 3746 simulacri

2164 3784 2390 3835 tantum
2427 3777 2840 3846 forma,habitu
2869 3782 2926 3832 et
2940 3776 3247 3848 qualitate,
3264 3777 3362 3832 sed
3386 3793 3455 3832 ex
3481 3779 3610 3848 ejus
3630 3779 3820 3835 etiam

2165 3868 2406 3923 materia
2436 3868 2649 3922 factum
2682 3881 2811 3922 esse
2839 3867 3038 3929 deum,
3070 3880 3246 3937 quem
3295 3866 3562 3921 solebant
3617 3871 3817 3924 totum

2163 3958 2556 4027 omnibusque
2584 3955 2708 4011 suis
2750 3955 3015 4027 partibus
3073 3954 3463 4025 compositum
3521 3957 3817 4012 venerari.

2162 4046 2483 4101 Dicendum
2541 4060 2674 4114 ergo
2724 4047 2846 4099 tam
2906 4058 3108 4098 cruces
3163 4042 3310 4098 velis
3364 4048 3424 4098 et
3485 4042 3821 4100 monilibus

2161 4135 2461 4206 signorum
2498 4132 2843 4187 militarium
2899 4130 3257 4201 suppositas,
3299 4146 3478 4202 quam
3521 4130 3667 4186 alias
3716 4148 3820 4189 co-

2160 4225 2428 4277 rumdem
2460 4222 2763 4293 signorum
2795 4223 3012 4290 partes,
3045 4220 3116 4275 de
3141 4220 3361 4290 quibus
3394 4220 3649 4275 fortasse
3678 4225 3816 4277 tum

2161 4310 2307 4366 nihil
2338 4325 2610 4382 expresse
2642 4308 2999 4380 cogitabant,
3060 4308 3132 4363 ab
3178 4309 3252 4363 iis
3309 4306 3584 4381 religioso
3640 4309 3815 4367 cultu

2160 4399 2495 4454 honoratas.

2775 4511 3004 4568 CAPUT
3041 4512 3187 4569 XXI.

412 4618 523 4673 diis
559 4620 832 4689 praeponit
868 4618 1135 4689 (Tertull.
1166 4620 1437 4690 Apologet.
1463 4635 1588 4690 cap.
1633 4621 1712 4683 16,
1747 4636 1876 4691 pag.
1901 4621 2047 4692 368),
2084 4601 2128 4665 D
2159 4622 2231 4677 De
2281 4621 2429 4676 lazsw
2486 4618 2797 4692 majestatis
2848 4620 3101 4692 humanae
3154 4618 3513 4688 criminibus,
3570 4634 3811 4692 quorum

411 4706 678 4761 videlicet
705 4708 1018 4762 castrensis
1059 4707 1161 4763 illa
1218 4708 1454 4778 religio;
1497 4709 1634 4779 quia
1690 4707 1906 4765 milites
1959 4727 2047 4780 ea,

413 4795 914 4865 quemadmodum
947 4795 1173 4867 vexilla,
1219 4797 1425 4866 majori
1473 4798 1631 4852 cultu
1668 4813 1845 4868 quam
1902 4798 2047 4855 alios

413 4898 619 4939 omnes
648 4884 788 4939 deos
818 4900 956 4940 suos
976 4886 1418 4941 venerabantur.
1451 4886 1575 4941 Non
1592 4886 1775 4941 deerit
1806 4887 2047 4945 fortasse

2231 4708 2344 4746 reos
2364 4706 2523 4763 agere
2555 4691 2899 4746 Christianos
2928 4691 3134 4747 ethnici
3171 4707 3469 4765 perperam
3524 4691 3810 4747 cenaban-

2229 4772 2336 4818 tur.

2667 4886 2977 4926 ARTICULUS
3035 4886 3277 4927 PRIMUS.

411 4973 514 5044 qui
535 4971 829 5028 existimet
854 4972 945 5027 his
992 4973 1185 5029 verbis
1214 4974 1639 5028 Tertullianum
1686 4974 2048 5045 significasse

2178 4961 2331 5045 luam
2384 4959 3065 5045 evidgnfep‘Tertullianus
3128 4958 3379 5045 ostendat
3451 4958 3806 5045 Christianos

410 5062 580 5134 signa
606 5060 883 5117 militaria
913 5062 972 5116 ln
1005 5065 1258 5117 exercitu
1291 5070 1347 5117 et
1385 5065 1650 5118 acieaate
1683 5064 1921 5119 deorum
1964 5066 2044 5120 si-

406 5151 743 5206 mulacraet
772 5149 1057 5222 imagines
1081 5152 1151 5205 ab
1182 5152 1581 5220 antesignanis
1624 5152 1803 5206 fuisse
1840 5171 2043 5223 aspor-

401 5233 556 5299 tata;
588 5232 689 5287 sed
723 5231 881 5302 prior
911 5248 1120 5286 sensus
1155 5232 1324 5285 dictis
1348 5232 1506 5285 illius
1539 5247 1603 5284 ac
1637 5233 1812 5286 menti
1855 5234 2043 5305 magis

401 5334 721 5392 congruere
751 5319 1001 5376 videtur.
1044 5323 1106 5375 In
1141 5320 1254 5375 alio
1287 5322 1442 5375 enim
1468 5319 1616 5374 libro
1649 5320 1825 5376 dixit:
1872 5324 2043 5393 Signa

400 5409 508 5481 ipsi
533 5410 681 5478 ,1ουί,
712 5408 821 5465 etsi
879 5411 1124 5464 deorum
1184 5426 1428 5466 suorum
1479 5409 1755 5480 maximo,
1809 5414 2041 5483 praefert

400 5497 606 5569 (Idem.
629 5496 729 5552 lib.
758 5496 869 5553 rad
890 5499 1010 5554 Nat.
1044 5514 1168 5568 cap.
1202 5499 1288 5567 12,
1325 5515 1455 5571 pag.
1495 5498 1645 5568 579).

476 5585 686 5640 1040
706 5585 1081 5656 Atquiomnes
1106 5587 1200 5642 illi
1250 5589 1577 5657 imaginum,
1639 5586 1850 5658 inquit,
1907 5605 2037 5661 sug-

406 5676 585 5749 gestus
631 5674 877 5746 insignes
920 5675 1153 5731 monilia
1198 5691 1421 5731 crucum
1467 5678 1615 5731 sunt.
1674 5679 1786 5731 Nos
1838 5682 2034 5735 autem

2230 5031 2377 5088 laesae
2406 5032 2706 5101 majestatis
2737 5029 3005 5087 humanae
3035 5033 3319 5104 immerito
3368 5033 3641 5104 accusari,
3704 5037 3808 5104 qui

2226 5107 2334 5157 toto
2367 5105 2570 5157 mentis
2598 5103 2795 5172 aﬂ‘ectu
2823 5118 2933 5158 non
2963 5102 3131 5172 falsos
3162 5104 3317 5168 deos,
3355 5102 3452 5157 sed
3506 5102 3729 5159 verum'
3753 5111 3813 5161 et

2223 5177 2644 5245 omnipotentem
2669 5175 2839 5229 Deum
2890 5174 3127 5230 orabant
3170 5191 3273 5245 pro
3328 5175 3507 5229 salute
3561 5175 3807 5245 impera-

2223 5248 2376 5308 toris,
2408 5246 2678 5317 illiusque
2720 5246 3106 5317 prosperitate,
3162 5254 3215 5302 et
3267 5245 3631 5301 diuturnitate
3690 5247 3801 5302 Ro-

2221 5320 2377 5373 mani
2405 5315 2644 5388 imperii,
2678 5315 2818 5387 quod
2851 5317 3221 5372 Tertullianus
3250 5320 3303 5373 et
3328 5318 3433 5372 alii
3454 5317 3646 5388 plures
3667 5332 3803 5374 cum

2222 5393 2329 5445 toto
2360 5387 2559 5444 mundo
2588 5387 2761 5458 ﬁnem
2790 5393 3143 5460 accepturum
3171 5387 3566 5461 opinabantur.

2218 5505 2427 5561 Omnia
2455 5504 2741 5561 hactenus
2789 5503 3169 5575 exposuimus
3216 5509 3391 5578 atque
3449 5503 3800 5576 explanavi-

2147 5610 2281 5650 mus
2313 5597 2678 5667 argumenta,
2712 5592 2927 5667 quibus
2986 5591 3385 5649 Tertullianus
3444 5590 3799 5651 luculentis-

2146 5681 2291 5739 sime
2323 5683 2687 5740 demonstrat
2722 5674 2924 5738 1041
2958 5678 3320 5741 Christianos
3364 5680 3513 5741 false
3549 5681 3805 5740 omnino
