  <div class='ocr_page' id='page_1' title='image "/cluster/home/n/w/nwhite01/storage/ocr_20150623/1/umn.31951002477295j/572.png"; bbox 0 0 4162 6416; ppageno 0'>
   <div class='ocr_carea' id='block_1_1' title="bbox 398 404 548 464">
    <p class='ocr_par' dir='ltr' id='par_1_1' title="bbox 398 404 548 464">
     <span class='ocr_line' id='line_1_1' title="bbox 398 404 548 464; baseline -0.013 -1"><span class='ocrx_word' id='word_1_1' title='bbox 398 404 548 464; x_wconf 82' lang='grc'><strong>1137</strong></span> 
     </span>
    </p>
   </div>
   <div class='ocr_carea' id='block_1_2' title="bbox 1315 399 2904 464">
    <p class='ocr_par' dir='ltr' id='par_1_2' title="bbox 1315 399 2904 464">
     <span class='ocr_line' id='line_1_2' title="bbox 1315 399 2904 464; baseline 0.001 -5"><span class='ocrx_word' id='word_1_2' title='bbox 1315 400 1386 459; x_wconf 92' lang='lat' dir='ltr'>D.</span> <span class='ocrx_word' id='word_1_3' title='bbox 1436 399 1530 460; x_wconf 84' lang='lat' dir='ltr'>LE</span> <span class='ocrx_word' id='word_1_4' title='bbox 1577 400 1904 461; x_wconf 72' lang='lat' dir='ltr'>NLlURRY</span> <span class='ocrx_word' id='word_1_5' title='bbox 1952 400 2596 464; x_wconf 80' lang='lat' dir='ltr'>OBSERVATIONES</span> <span class='ocrx_word' id='word_1_6' title='bbox 2642 400 2904 462; x_wconf 71' lang='grc' dir='ltr'>ΝονιΕ.</span> 
     </span>
    </p>
   </div>
   <div class='ocr_carea' id='block_1_3' title="bbox 3651 395 3806 458">
    <p class='ocr_par' dir='ltr' id='par_1_3' title="bbox 3651 395 3806 458">
     <span class='ocr_line' id='line_1_3' title="bbox 3651 395 3806 458; baseline -0.019 0"><span class='ocrx_word' id='word_1_7' title='bbox 3651 395 3806 458; x_wconf 79' lang='lat' dir='ltr'>H38</span> 
     </span>
    </p>
   </div>
   <div class='ocr_carea' id='block_1_4' title="bbox 395 529 3802 607">
    <p class='ocr_par' dir='ltr' id='par_1_4' title="bbox 395 529 3802 607">
     <span class='ocr_line' id='line_1_4' title="bbox 395 529 3802 607; baseline -0.002 -16"><span class='ocrx_word' id='word_1_8' title='bbox 395 540 454 591; x_wconf 89' lang='lat' dir='ltr'>et</span> <span class='ocrx_word' id='word_1_9' title='bbox 485 531 995 607; x_wconf 88' lang='lat' dir='ltr'>impudentissime</span> <span class='ocrx_word' id='word_1_10' title='bbox 1018 530 1090 586; x_wconf 89' lang='lat' dir='ltr'>ab</span> <span class='ocrx_word' id='word_1_11' title='bbox 1114 529 1366 586; x_wconf 86' lang='lat' dir='ltr'>ethnicis</span> <span class='ocrx_word' id='word_1_12' title='bbox 1388 529 1537 586; x_wconf 67' lang='lat' dir='ltr'>lisse</span> <span class='ocrx_word' id='word_1_13' title='bbox 1559 530 1816 588; x_wconf 88' lang='lat' dir='ltr'>incusari</span> <span class='ocrx_word' id='word_1_14' title='bbox 1842 531 2049 586; x_wconf 67' lang='lat' dir='ltr'>divinae</span> <span class='ocrx_word' id='word_1_15' title='bbox 2080 532 2132 600; x_wconf 83' lang='grc' dir='ltr'><strong>Α</strong></span> <span class='ocrx_word' id='word_1_16' title='bbox 2159 533 2311 604; x_wconf 85' lang='lat' dir='ltr'>cepit</span> <span class='ocrx_word' id='word_1_17' title='bbox 2341 534 2516 603; x_wconf 83' lang='lat' dir='ltr'>Deus,</span> <span class='ocrx_word' id='word_1_18' title='bbox 2541 551 2686 606; x_wconf 86' lang='lat' dir='ltr'>pura</span> <span class='ocrx_word' id='word_1_19' title='bbox 2715 550 2899 606; x_wconf 82' lang='lat' dir='ltr'>prece.</span> <span class='ocrx_word' id='word_1_20' title='bbox 2918 537 3044 589; x_wconf 90' lang='lat' dir='ltr'>Non</span> <span class='ocrx_word' id='word_1_21' title='bbox 3068 529 3223 587; x_wconf 89' lang='lat' dir='ltr'>enim</span> <span class='ocrx_word' id='word_1_22' title='bbox 3248 533 3374 604; x_wconf 87' lang='lat' dir='ltr'>eget</span> <span class='ocrx_word' id='word_1_23' title='bbox 3399 531 3570 597; x_wconf 86' lang='lat' dir='ltr'>Deus,</span> <span class='ocrx_word' id='word_1_24' title='bbox 3597 529 3802 587; x_wconf 83' lang='lat' dir='ltr'>condi-</span> 
     </span>
    </p>
   </div>
   <div class='ocr_carea' id='block_1_5' title="bbox 395 619 2040 696">
    <p class='ocr_par' dir='ltr' id='par_1_5' title="bbox 395 619 2040 696">
     <span class='ocr_line' id='line_1_5' title="bbox 395 619 2040 696; baseline -0.002 -18"><span class='ocrx_word' id='word_1_25' title='bbox 395 623 746 696; x_wconf 83' lang='lat' dir='ltr'>majestatis,</span> <span class='ocrx_word' id='word_1_26' title='bbox 799 622 966 691; x_wconf 90' lang='lat' dir='ltr'>cujus</span> <span class='ocrx_word' id='word_1_27' title='bbox 1014 619 1097 675; x_wconf 89' lang='lat' dir='ltr'>illi</span> <span class='ocrx_word' id='word_1_28' title='bbox 1148 619 1384 692; x_wconf 88' lang='lat' dir='ltr'>ipsimet</span> <span class='ocrx_word' id='word_1_29' title='bbox 1436 625 1805 677; x_wconf 85' lang='lat' dir='ltr'>accusatores</span> <span class='ocrx_word' id='word_1_30' title='bbox 1840 621 2040 676; x_wconf 91' lang='lat' dir='ltr'>multis</span> 
     </span>
    </p>
   </div>
   <div class='ocr_carea' id='block_1_6' title="bbox 394 709 2038 782">
    <p class='ocr_par' dir='ltr' id='par_1_6' title="bbox 394 709 2038 782">
     <span class='ocr_line' id='line_1_6' title="bbox 394 709 2038 782; baseline -0.003 -13"><span class='ocrx_word' id='word_1_31' title='bbox 394 711 730 769; x_wconf 84' lang='lat' dir='ltr'>nominibus</span> <span class='ocrx_word' id='word_1_32' title='bbox 761 709 841 766; x_wconf 95' lang='lat' dir='ltr'>rei</span> <span class='ocrx_word' id='word_1_33' title='bbox 892 725 1130 782; x_wconf 80' lang='lat' dir='ltr'>prorsus</span> <span class='ocrx_word' id='word_1_34' title='bbox 1182 715 1366 764; x_wconf 86' lang='lat' dir='ltr'>erant.</span> <span class='ocrx_word' id='word_1_35' title='bbox 1417 709 1548 764; x_wconf 87' lang='lat' dir='ltr'>Jam</span> <span class='ocrx_word' id='word_1_36' title='bbox 1589 709 1785 781; x_wconf 82' lang='lat' dir='ltr'>itaque</span> <span class='ocrx_word' id='word_1_37' title='bbox 1815 709 2038 766; x_wconf 87' lang='lat' dir='ltr'>exami-</span> 
     </span>
    </p>
   </div>
   <div class='ocr_carea' id='block_1_7' title="bbox 395 798 2035 870">
    <p class='ocr_par' dir='ltr' id='par_1_7' title="bbox 395 798 2035 870">
     <span class='ocr_line' id='line_1_7' title="bbox 395 798 2035 870; baseline -0.003 -13"><span class='ocrx_word' id='word_1_38' title='bbox 395 802 656 857; x_wconf 88' lang='lat' dir='ltr'>nandum</span> <span class='ocrx_word' id='word_1_39' title='bbox 690 804 780 856; x_wconf 88' lang='lat' dir='ltr'>est</span> <span class='ocrx_word' id='word_1_40' title='bbox 809 799 1025 870; x_wconf 89' lang='lat' dir='ltr'>quibus</span> <span class='ocrx_word' id='word_1_41' title='bbox 1055 798 1149 853; x_wconf 91' lang='lat' dir='ltr'>ille</span> <span class='ocrx_word' id='word_1_42' title='bbox 1180 800 1474 854; x_wconf 84' lang='lat' dir='ltr'>rationum</span> <span class='ocrx_word' id='word_1_43' title='bbox 1508 799 1843 862; x_wconf 90' lang='lat' dir='ltr'>momentis,</span> <span class='ocrx_word' id='word_1_44' title='bbox 1872 798 2035 854; x_wconf 89' lang='lat' dir='ltr'>simi-</span> 
     </span>
    </p>
   </div>
   <div class='ocr_carea' id='block_1_8' title="bbox 388 887 2035 962">
    <p class='ocr_par' dir='ltr' id='par_1_8' title="bbox 388 887 2035 962">
     <span class='ocr_line' id='line_1_8' title="bbox 388 887 2035 962; baseline -0.001 -17"><span class='ocrx_word' id='word_1_45' title='bbox 388 891 552 962; x_wconf 86' lang='lat' dir='ltr'>lique</span> <span class='ocrx_word' id='word_1_46' title='bbox 583 890 755 945; x_wconf 90' lang='lat' dir='ltr'>modo</span> <span class='ocrx_word' id='word_1_47' title='bbox 787 889 1056 944; x_wconf 87' lang='lat' dir='ltr'>ostendat</span> <span class='ocrx_word' id='word_1_48' title='bbox 1095 888 1361 943; x_wconf 73' lang='lat' dir='ltr'>ethnicos</span> <span class='ocrx_word' id='word_1_49' title='bbox 1411 887 1558 943; x_wconf 66' lang='lat' dir='ltr'>laesae</span> <span class='ocrx_word' id='word_1_50' title='bbox 1609 889 1881 942; x_wconf 75' lang='lat' dir='ltr'>humanae</span> <span class='ocrx_word' id='word_1_51' title='bbox 1917 905 2035 943; x_wconf 90' lang='lat' dir='ltr'>ma-</span> 
     </span>
    </p>
   </div>
   <div class='ocr_carea' id='block_1_9' title="bbox 381 977 2034 1050">
    <p class='ocr_par' dir='ltr' id='par_1_9' title="bbox 381 977 2034 1050">
     <span class='ocr_line' id='line_1_9' title="bbox 381 977 2034 1050; baseline -0.001 -16"><span class='ocrx_word' id='word_1_52' title='bbox 381 981 618 1050; x_wconf 84' lang='lat' dir='ltr'>jestatis</span> <span class='ocrx_word' id='word_1_53' title='bbox 639 995 766 1034; x_wconf 89' lang='lat' dir='ltr'>esse</span> <span class='ocrx_word' id='word_1_54' title='bbox 791 995 989 1033; x_wconf 85' lang='lat' dir='ltr'>revera</span> <span class='ocrx_word' id='word_1_55' title='bbox 1017 978 1304 1043; x_wconf 88' lang='lat' dir='ltr'>conscios,</span> <span class='ocrx_word' id='word_1_56' title='bbox 1334 977 1565 1032; x_wconf 77' lang='lat' dir='ltr'>tametsi</span> <span class='ocrx_word' id='word_1_57' title='bbox 1589 995 1820 1032; x_wconf 91' lang='lat' dir='ltr'>summa</span> <span class='ocrx_word' id='word_1_58' title='bbox 1842 977 2034 1033; x_wconf 87' lang='lat' dir='ltr'>adhuc</span> 
     </span>
    </p>
   </div>
   <div class='ocr_carea' id='block_1_10' title="bbox 389 1065 2034 1136">
    <p class='ocr_par' dir='ltr' id='par_1_10' title="bbox 389 1065 2034 1136">
     <span class='ocr_line' id='line_1_10' title="bbox 389 1065 2034 1136; baseline -0.001 -12"><span class='ocrx_word' id='word_1_59' title='bbox 389 1067 714 1124; x_wconf 83' lang='lat' dir='ltr'>temeritate</span> <span class='ocrx_word' id='word_1_60' title='bbox 746 1067 1109 1122; x_wconf 89' lang='lat' dir='ltr'>Christianos</span> <span class='ocrx_word' id='word_1_61' title='bbox 1168 1066 1346 1136; x_wconf 84' lang='lat' dir='ltr'>hujus</span> <span class='ocrx_word' id='word_1_62' title='bbox 1378 1067 1643 1122; x_wconf 89' lang='lat' dir='ltr'>criminis</span> <span class='ocrx_word' id='word_1_63' title='bbox 1690 1065 2034 1123; x_wconf 82' lang='lat' dir='ltr'>insimulare</span> 
     </span>
    </p>
   </div>
   <div class='ocr_carea' id='block_1_11' title="bbox 389 1156 2030 1226">
    <p class='ocr_par' dir='ltr' id='par_1_11' title="bbox 389 1156 2030 1226">
     <span class='ocr_line' id='line_1_11' title="bbox 389 1156 2030 1226; baseline -0.002 -13"><span class='ocrx_word' id='word_1_64' title='bbox 389 1175 500 1215; x_wconf 92' lang='lat' dir='ltr'>non</span> <span class='ocrx_word' id='word_1_65' title='bbox 522 1161 884 1213; x_wconf 84' lang='lat' dir='ltr'>vererentur.</span> <span class='ocrx_word' id='word_1_66' title='bbox 908 1157 1054 1211; x_wconf 89' lang='lat' dir='ltr'>Nam</span> <span class='ocrx_word' id='word_1_67' title='bbox 1082 1160 1148 1211; x_wconf 92' lang='lat' dir='ltr'>ut</span> <span class='ocrx_word' id='word_1_68' title='bbox 1168 1157 1293 1226; x_wconf 87' lang='lat' dir='ltr'>ejus</span> <span class='ocrx_word' id='word_1_69' title='bbox 1316 1156 1508 1212; x_wconf 90' lang='lat' dir='ltr'>verbis</span> <span class='ocrx_word' id='word_1_70' title='bbox 1535 1161 1806 1211; x_wconf 89' lang='lat' dir='ltr'>utamur:</span> <span class='ocrx_word' id='word_1_71' title='bbox 1834 1179 1860 1206; x_wconf 83' lang='lat'><strong>«</strong></span> <span class='ocrx_word' id='word_1_72' title='bbox 1887 1157 2030 1212; x_wconf 88' lang='lat' dir='ltr'>Ven-</span> 
     </span>
    </p>
   </div>
   <div class='ocr_carea' id='block_1_12' title="bbox 384 1245 2028 1317">
    <p class='ocr_par' dir='ltr' id='par_1_12' title="bbox 384 1245 2028 1317">
     <span class='ocr_line' id='line_1_12' title="bbox 384 1245 2028 1317; baseline -0.001 -15"><span class='ocrx_word' id='word_1_73' title='bbox 384 1253 511 1302; x_wconf 91' lang='lat' dir='ltr'>tum</span> <span class='ocrx_word' id='word_1_74' title='bbox 534 1253 621 1302; x_wconf 88' lang='lat' dir='ltr'>est</span> <span class='ocrx_word' id='word_1_75' title='bbox 651 1247 721 1302; x_wconf 87' lang='lat' dir='ltr'>ad</span> <span class='ocrx_word' id='word_1_76' title='bbox 749 1246 1071 1301; x_wconf 89' lang='lat' dir='ltr'>secundum</span> <span class='ocrx_word' id='word_1_77' title='bbox 1097 1245 1333 1300; x_wconf 87' lang='lat' dir='ltr'>titulum</span> <span class='ocrx_word' id='word_1_78' title='bbox 1358 1245 1504 1300; x_wconf 67' lang='lat' dir='ltr'>laesae</span> <span class='ocrx_word' id='word_1_79' title='bbox 1528 1245 1884 1317; x_wconf 69' lang='lat' dir='ltr'>augustioris</span> <span class='ocrx_word' id='word_1_80' title='bbox 1912 1263 2028 1301; x_wconf 84' lang='lat' dir='ltr'>ma-</span> 
     </span>
    </p>
   </div>
   <div class='ocr_carea' id='block_1_13' title="bbox 377 1334 2027 1408">
    <p class='ocr_par' dir='ltr' id='par_1_13' title="bbox 377 1334 2027 1408">
     <span class='ocr_line' id='line_1_13' title="bbox 377 1334 2027 1408; baseline -0.002 -17"><span class='ocrx_word' id='word_1_81' title='bbox 377 1337 613 1408; x_wconf 83' lang='lat' dir='ltr'>jestatis</span> <span class='ocrx_word' id='word_1_82' title='bbox 647 1358 673 1386; x_wconf 72' lang='grc' dir='ltr'>ι)</span> <span class='ocrx_word' id='word_1_83' title='bbox 706 1334 970 1406; x_wconf 89' lang='lat' dir='ltr'>(Tertull.</span> <span class='ocrx_word' id='word_1_84' title='bbox 1023 1335 1306 1405; x_wconf 77' lang='lat' dir='ltr'>Apoloqet.</span> <span class='ocrx_word' id='word_1_85' title='bbox 1360 1351 1486 1406; x_wconf 90' lang='lat' dir='ltr'>cap.</span> <span class='ocrx_word' id='word_1_86' title='bbox 1532 1335 1623 1402; x_wconf 73' lang='lat'>28,</span> <span class='ocrx_word' id='word_1_87' title='bbox 1669 1353 1724 1406; x_wconf 95' lang='lat' dir='ltr'>p.</span> <span class='ocrx_word' id='word_1_88' title='bbox 1770 1335 1914 1406; x_wconf 66' lang='lat'>1436),</span> <span class='ocrx_word' id='word_1_89' title='bbox 1948 1335 2027 1388; x_wconf 88' lang='lat' dir='ltr'>vi-</span> 
     </span>
    </p>
   </div>
   <div class='ocr_carea' id='block_1_14' title="bbox 384 1424 2026 1496">
    <p class='ocr_par' dir='ltr' id='par_1_14' title="bbox 384 1424 2026 1496">
     <span class='ocr_line' id='line_1_14' title="bbox 384 1424 2026 1496; baseline -0.001 -16"><span class='ocrx_word' id='word_1_90' title='bbox 384 1425 592 1480; x_wconf 90' lang='lat' dir='ltr'>delicet</span> <span class='ocrx_word' id='word_1_91' title='bbox 621 1425 1061 1496; x_wconf 80' lang='lat' dir='ltr'>imperatorum.</span> <span class='ocrx_word' id='word_1_92' title='bbox 1099 1424 1418 1495; x_wconf 84' lang='lat' dir='ltr'>Augustior</span> <span class='ocrx_word' id='word_1_93' title='bbox 1446 1429 1640 1478; x_wconf 84' lang='lat' dir='ltr'>autem</span> <span class='ocrx_word' id='word_1_94' title='bbox 1671 1440 1869 1478; x_wconf 85' lang='lat' dir='ltr'>eorum</span> <span class='ocrx_word' id='word_1_95' title='bbox 1907 1442 2026 1478; x_wconf 89' lang='lat' dir='ltr'>ma-</span> 
     </span>
    </p>
   </div>
   <div class='ocr_carea' id='block_1_15' title="bbox 376 1512 2028 1584">
    <p class='ocr_par' dir='ltr' id='par_1_15' title="bbox 376 1512 2028 1584">
     <span class='ocr_line' id='line_1_15' title="bbox 376 1512 2028 1584; baseline -0.002 -14"><span class='ocrx_word' id='word_1_96' title='bbox 376 1516 565 1584; x_wconf 85' lang='lat' dir='ltr'>jestas</span> <span class='ocrx_word' id='word_1_97' title='bbox 597 1513 814 1571; x_wconf 88' lang='lat' dir='ltr'>idcirco</span> <span class='ocrx_word' id='word_1_98' title='bbox 861 1518 1123 1576; x_wconf 88' lang='lat' dir='ltr'>vocatur,</span> <span class='ocrx_word' id='word_1_99' title='bbox 1177 1513 1314 1584; x_wconf 87' lang='lat' dir='ltr'>quia</span> <span class='ocrx_word' id='word_1_100' title='bbox 1363 1512 1608 1584; x_wconf 83' lang='lat' dir='ltr'>gentiles</span> <span class='ocrx_word' id='word_1_101' title='bbox 1659 1513 2028 1584; x_wconf 78' lang='lat' dir='ltr'>imperatoris</span> 
     </span>
    </p>
   </div>
   <div class='ocr_carea' id='block_1_16' title="bbox 383 1601 2027 1676">
    <p class='ocr_par' dir='ltr' id='par_1_16' title="bbox 383 1601 2027 1676">
     <span class='ocr_line' id='line_1_16' title="bbox 383 1601 2027 1676; baseline -0.001 -19"><span class='ocrx_word' id='word_1_102' title='bbox 383 1604 630 1659; x_wconf 86' lang='lat' dir='ltr'>viventis</span> <span class='ocrx_word' id='word_1_103' title='bbox 659 1602 829 1676; x_wconf 89' lang='lat' dir='ltr'>longe</span> <span class='ocrx_word' id='word_1_104' title='bbox 853 1602 1062 1672; x_wconf 87' lang='lat' dir='ltr'>magis,</span> <span class='ocrx_word' id='word_1_105' title='bbox 1093 1618 1266 1672; x_wconf 88' lang='lat' dir='ltr'>quam</span> <span class='ocrx_word' id='word_1_106' title='bbox 1289 1602 1447 1657; x_wconf 89' lang='lat' dir='ltr'>Jovis</span> <span class='ocrx_word' id='word_1_107' title='bbox 1479 1601 1845 1672; x_wconf 90' lang='lat' dir='ltr'>aliorumque</span> <span class='ocrx_word' id='word_1_108' title='bbox 1869 1619 2027 1655; x_wconf 89' lang='lat' dir='ltr'>mor-</span> 
     </span>
    </p>
   </div>
   <div class='ocr_carea' id='block_1_17' title="bbox 381 1689 2025 1762">
    <p class='ocr_par' dir='ltr' id='par_1_17' title="bbox 381 1689 2025 1762">
     <span class='ocr_line' id='line_1_17' title="bbox 381 1689 2025 1762; baseline -0.001 -16"><span class='ocrx_word' id='word_1_109' title='bbox 381 1695 618 1748; x_wconf 89' lang='lat' dir='ltr'>tuorum</span> <span class='ocrx_word' id='word_1_110' title='bbox 653 1693 896 1747; x_wconf 90' lang='lat' dir='ltr'>deorum</span> <span class='ocrx_word' id='word_1_111' title='bbox 945 1691 1332 1760; x_wconf 73' lang='lat' dir='ltr'>maiestatem,</span> <span class='ocrx_word' id='word_1_112' title='bbox 1386 1697 1448 1746; x_wconf 90' lang='lat' dir='ltr'>ut</span> <span class='ocrx_word' id='word_1_113' title='bbox 1488 1689 1658 1762; x_wconf 88' lang='lat' dir='ltr'>paulo</span> <span class='ocrx_word' id='word_1_114' title='bbox 1709 1695 1841 1760; x_wconf 90' lang='lat' dir='ltr'>post</span> <span class='ocrx_word' id='word_1_115' title='bbox 1871 1691 2025 1744; x_wconf 89' lang='lat' dir='ltr'>dice-</span> 
     </span>
    </p>
   </div>
   <div class='ocr_carea' id='block_1_18' title="bbox 382 1778 2026 1850">
    <p class='ocr_par' dir='ltr' id='par_1_18' title="bbox 382 1778 2026 1850">
     <span class='ocr_line' id='line_1_18' title="bbox 382 1778 2026 1850; baseline -0.002 -13"><span class='ocrx_word' id='word_1_116' title='bbox 382 1797 538 1850; x_wconf 89' lang='lat' dir='ltr'>mus,</span> <span class='ocrx_word' id='word_1_117' title='bbox 571 1781 776 1837; x_wconf 67' lang='lat' dir='ltr'>laadere</span> <span class='ocrx_word' id='word_1_118' title='bbox 805 1779 1285 1836; x_wconf 86' lang='lat' dir='ltr'>reformidabant.</span> <span class='ocrx_word' id='word_1_119' title='bbox 1323 1784 1385 1833; x_wconf 78' lang='lat' dir='ltr'>At</span> <span class='ocrx_word' id='word_1_120' title='bbox 1420 1778 1736 1835; x_wconf 81' lang='lat' dir='ltr'>Christiani</span> <span class='ocrx_word' id='word_1_121' title='bbox 1771 1779 2026 1849; x_wconf 87' lang='lat' dir='ltr'>impera-</span> 
     </span>
    </p>
   </div>
   <div class='ocr_carea' id='block_1_19' title="bbox 373 1866 2021 1940">
    <p class='ocr_par' dir='ltr' id='par_1_19' title="bbox 373 1866 2021 1940">
     <span class='ocr_line' id='line_1_19' title="bbox 373 1866 2021 1940; baseline -0.001 -17"><span class='ocrx_word' id='word_1_122' title='bbox 373 1874 558 1926; x_wconf 85' lang='lat' dir='ltr'>torem</span> <span class='ocrx_word' id='word_1_123' title='bbox 592 1870 790 1926; x_wconf 89' lang='lat' dir='ltr'>debita</span> <span class='ocrx_word' id='word_1_124' title='bbox 824 1868 1151 1925; x_wconf 88' lang='lat' dir='ltr'>reverentia</span> <span class='ocrx_word' id='word_1_125' title='bbox 1182 1866 1459 1935; x_wconf 90' lang='lat' dir='ltr'>colentes,</span> <span class='ocrx_word' id='word_1_126' title='bbox 1493 1885 1594 1940; x_wconf 93' lang='lat' dir='ltr'>pro</span> <span class='ocrx_word' id='word_1_127' title='bbox 1624 1867 1782 1922; x_wconf 90' lang='lat' dir='ltr'>illius</span> <span class='ocrx_word' id='word_1_128' title='bbox 1815 1868 2021 1930; x_wconf 82' lang='lat' dir='ltr'>salute,</span> 
     </span>
    </p>
   </div>
   <div class='ocr_carea' id='block_1_20' title="bbox 379 1957 2022 2029">
    <p class='ocr_par' dir='ltr' id='par_1_20' title="bbox 379 1957 2022 2029">
     <span class='ocr_line' id='line_1_20' title="bbox 379 1957 2022 2029; baseline -0.001 -16"><span class='ocrx_word' id='word_1_129' title='bbox 379 1976 495 2015; x_wconf 90' lang='lat' dir='ltr'>non</span> <span class='ocrx_word' id='word_1_130' title='bbox 551 1965 813 2015; x_wconf 89' lang='lat' dir='ltr'>mortuos</span> <span class='ocrx_word' id='word_1_131' title='bbox 869 1957 1223 2028; x_wconf 86' lang='lat' dir='ltr'>fictitiosque</span> <span class='ocrx_word' id='word_1_132' title='bbox 1281 1957 1418 2012; x_wconf 89' lang='lat' dir='ltr'>deos</span> <span class='ocrx_word' id='word_1_133' title='bbox 1479 1957 1886 2029; x_wconf 85' lang='lat' dir='ltr'>precabantur,</span> <span class='ocrx_word' id='word_1_134' title='bbox 1922 1958 2022 2011; x_wconf 85' lang='lat' dir='ltr'>sed</span> 
     </span>
    </p>
   </div>
   <div class='ocr_carea' id='block_1_21' title="bbox 377 2045 2024 2119">
    <p class='ocr_par' dir='ltr' id='par_1_21' title="bbox 377 2045 2024 2119">
     <span class='ocr_line' id='line_1_21' title="bbox 377 2045 2024 2119; baseline 0 -19"><span class='ocrx_word' id='word_1_135' title='bbox 377 2064 576 2102; x_wconf 89' lang='lat' dir='ltr'>verum</span> <span class='ocrx_word' id='word_1_136' title='bbox 609 2047 928 2119; x_wconf 85' lang='lat' dir='ltr'>vivumque</span> <span class='ocrx_word' id='word_1_137' title='bbox 958 2046 1165 2112; x_wconf 90' lang='lat' dir='ltr'>Deum,</span> <span class='ocrx_word' id='word_1_138' title='bbox 1200 2062 1232 2100; x_wconf 88' lang='lat' dir='ltr'>a</span> <span class='ocrx_word' id='word_1_139' title='bbox 1264 2063 1378 2117; x_wconf 92' lang='lat' dir='ltr'>quo</span> <span class='ocrx_word' id='word_1_140' title='bbox 1433 2047 1609 2102; x_wconf 91' lang='lat' dir='ltr'>iidem</span> <span class='ocrx_word' id='word_1_141' title='bbox 1644 2045 2024 2117; x_wconf 84' lang='lat' dir='ltr'>imperatores</span> 
     </span>
    </p>
   </div>
   <div class='ocr_carea' id='block_1_22' title="bbox 376 2135 2024 2207">
    <p class='ocr_par' dir='ltr' id='par_1_22' title="bbox 376 2135 2024 2207">
     <span class='ocr_line' id='line_1_22' title="bbox 376 2135 2024 2207; baseline -0.001 -17"><span class='ocrx_word' id='word_1_142' title='bbox 376 2153 712 2207; x_wconf 85' lang='lat' dir='ltr'>supremam</span> <span class='ocrx_word' id='word_1_143' title='bbox 745 2141 802 2192; x_wconf 91' lang='lat' dir='ltr'>et</span> <span class='ocrx_word' id='word_1_144' title='bbox 851 2137 1170 2192; x_wconf 85' lang='lat' dir='ltr'>secundam</span> <span class='ocrx_word' id='word_1_145' title='bbox 1223 2135 1293 2190; x_wconf 89' lang='lat' dir='ltr'>ab</span> <span class='ocrx_word' id='word_1_146' title='bbox 1327 2135 1421 2190; x_wconf 92' lang='lat' dir='ltr'>illo</span> <span class='ocrx_word' id='word_1_147' title='bbox 1472 2141 1842 2207; x_wconf 87' lang='lat' dir='ltr'>potestatem,</span> <span class='ocrx_word' id='word_1_148' title='bbox 1877 2135 2024 2189; x_wconf 92' lang='lat' dir='ltr'>lucis</span> 
     </span>
    </p>
   </div>
   <div class='ocr_carea' id='block_1_23' title="bbox 373 2222 2024 2297">
    <p class='ocr_par' dir='ltr' id='par_1_23' title="bbox 373 2222 2024 2297">
     <span class='ocr_line' id='line_1_23' title="bbox 373 2222 2024 2297; baseline 0 -18"><span class='ocrx_word' id='word_1_149' title='bbox 373 2241 640 2296; x_wconf 91' lang='lat' dir='ltr'>usuram,</span> <span class='ocrx_word' id='word_1_150' title='bbox 673 2230 730 2281; x_wconf 91' lang='lat' dir='ltr'>et</span> <span class='ocrx_word' id='word_1_151' title='bbox 760 2226 1047 2297; x_wconf 87' lang='lat' dir='ltr'>quidquid</span> <span class='ocrx_word' id='word_1_152' title='bbox 1083 2222 1194 2294; x_wconf 90' lang='lat' dir='ltr'>ipsi</span> <span class='ocrx_word' id='word_1_153' title='bbox 1224 2229 1411 2295; x_wconf 89' lang='lat' dir='ltr'>erant,</span> <span class='ocrx_word' id='word_1_154' title='bbox 1457 2225 1652 2297; x_wconf 88' lang='lat' dir='ltr'>reipsa</span> <span class='ocrx_word' id='word_1_155' title='bbox 1683 2229 2024 2295; x_wconf 89' lang='lat' dir='ltr'>acceperant</span> 
     </span>
    </p>
   </div>
   <div class='ocr_carea' id='block_1_24' title="bbox 367 2314 1093 2386">
    <p class='ocr_par' dir='ltr' id='par_1_24' title="bbox 367 2314 1093 2386">
     <span class='ocr_line' id='line_1_24' title="bbox 367 2314 1093 2386; baseline 0.004 -18"><span class='ocrx_word' id='word_1_156' title='bbox 367 2314 531 2385; x_wconf 90' lang='lat' dir='ltr'>(Ibid.</span> <span class='ocrx_word' id='word_1_157' title='bbox 566 2331 693 2386; x_wconf 89' lang='lat' dir='ltr'>cap.</span> <span class='ocrx_word' id='word_1_158' title='bbox 728 2315 816 2385; x_wconf 88' lang='lat'>30,</span> <span class='ocrx_word' id='word_1_159' title='bbox 858 2332 910 2386; x_wconf 91' lang='lat' dir='ltr'>p.</span> <span class='ocrx_word' id='word_1_160' title='bbox 948 2315 1093 2385; x_wconf 80' lang='grc'><strong>441).</strong></span> 
     </span>
    </p>
   </div>
   <div class='ocr_carea' id='block_1_25' title="bbox 438 2438 2021 2510">
    <p class='ocr_par' dir='ltr' id='par_1_25' title="bbox 438 2438 2021 2510">
     <span class='ocr_line' id='line_1_25' title="bbox 438 2438 2021 2510; baseline 0 -17"><span class='ocrx_word' id='word_1_161' title='bbox 438 2439 523 2493; x_wconf 89' lang='lat' dir='ltr'>Ab</span> <span class='ocrx_word' id='word_1_162' title='bbox 553 2438 663 2494; x_wconf 86' lang='lat' dir='ltr'>hoc</span> <span class='ocrx_word' id='word_1_163' title='bbox 691 2439 848 2494; x_wconf 90' lang='lat' dir='ltr'>enim</span> <span class='ocrx_word' id='word_1_164' title='bbox 883 2438 1006 2494; x_wconf 92' lang='lat' dir='ltr'>solo</span> <span class='ocrx_word' id='word_1_165' title='bbox 1038 2440 1553 2510; x_wconf 88' lang='lat' dir='ltr'>omnipotenteque</span> <span class='ocrx_word' id='word_1_166' title='bbox 1591 2439 1700 2492; x_wconf 91' lang='lat' dir='ltr'>Deo</span> <span class='ocrx_word' id='word_1_167' title='bbox 1732 2438 2021 2508; x_wconf 89' lang='lat' dir='ltr'>quotidia-</span> 
     </span>
    </p>
   </div>
   <div class='ocr_carea' id='block_1_26' title="bbox 370 2527 2022 2599">
    <p class='ocr_par' dir='ltr' id='par_1_26' title="bbox 370 2527 2022 2599">
     <span class='ocr_line' id='line_1_26' title="bbox 370 2527 2022 2599; baseline 0 -17"><span class='ocrx_word' id='word_1_168' title='bbox 370 2527 545 2582; x_wconf 87' lang='lat' dir='ltr'>nisCh</span> <span class='ocrx_word' id='word_1_169' title='bbox 557 2527 780 2582; x_wconf 89' lang='lat' dir='ltr'>ristiani</span> <span class='ocrx_word' id='word_1_170' title='bbox 798 2527 1072 2599; x_wconf 90' lang='lat' dir='ltr'>precibus</span> <span class='ocrx_word' id='word_1_171' title='bbox 1085 2527 1677 2599; x_wconf 78' lang='lat' dir='ltr'>et’ﬂagitabantvitam</span> <span class='ocrx_word' id='word_1_172' title='bbox 1690 2529 2022 2582; x_wconf 85' lang='lat' dir='ltr'>earumdem</span> 
     </span>
    </p>
   </div>
   <div class='ocr_carea' id='block_1_27' title="bbox 371 2615 2019 2687">
    <p class='ocr_par' dir='ltr' id='par_1_27' title="bbox 371 2615 2019 2687">
     <span class='ocr_line' id='line_1_27' title="bbox 371 2615 2019 2687; baseline 0.001 -17"><span class='ocrx_word' id='word_1_173' title='bbox 371 2615 822 2687; x_wconf 84' lang='lat' dir='ltr'>imperatorum,</span> <span class='ocrx_word' id='word_1_174' title='bbox 845 2616 928 2670; x_wconf 91' lang='lat' dir='ltr'>uti</span> <span class='ocrx_word' id='word_1_175' title='bbox 953 2616 1035 2670; x_wconf 89' lang='lat' dir='ltr'>ait</span> <span class='ocrx_word' id='word_1_176' title='bbox 1061 2616 1482 2683; x_wconf 89' lang='lat' dir='ltr'>Tertullianus,</span> <span class='ocrx_word' id='word_1_177' title='bbox 1509 2617 1814 2687; x_wconf 68' lang='lat' dir='ltr'>prolixam,</span> <span class='ocrx_word' id='word_1_178' title='bbox 1847 2618 2019 2687; x_wconf 86' lang='lat' dir='ltr'>impe-</span> 
     </span>
    </p>
   </div>
   <div class='ocr_carea' id='block_1_28' title="bbox 372 2705 2019 2776">
    <p class='ocr_par' dir='ltr' id='par_1_28' title="bbox 372 2705 2019 2776">
     <span class='ocr_line' id='line_1_28' title="bbox 372 2705 2019 2776; baseline 0 -16"><span class='ocrx_word' id='word_1_179' title='bbox 372 2707 526 2760; x_wconf 88' lang='lat' dir='ltr'>rium</span> <span class='ocrx_word' id='word_1_180' title='bbox 551 2721 820 2769; x_wconf 86' lang='lat' dir='ltr'>securum,</span> <span class='ocrx_word' id='word_1_181' title='bbox 873 2705 1097 2760; x_wconf 85' lang='lat' dir='ltr'>domum</span> <span class='ocrx_word' id='word_1_182' title='bbox 1150 2714 1348 2771; x_wconf 86' lang='lat' dir='ltr'>tutam,</span> <span class='ocrx_word' id='word_1_183' title='bbox 1399 2707 1672 2761; x_wconf 78' lang='lat' dir='ltr'>exercitus</span> <span class='ocrx_word' id='word_1_184' title='bbox 1714 2709 1898 2776; x_wconf 81' lang='lat' dir='ltr'>fortes,</span> <span class='ocrx_word' id='word_1_185' title='bbox 1935 2723 2019 2760; x_wconf 83' lang='lat' dir='ltr'>se-</span> 
     </span>
    </p>
   </div>
   <div class='ocr_carea' id='block_1_29' title="bbox 370 2793 2022 2866">
    <p class='ocr_par' dir='ltr' id='par_1_29' title="bbox 370 2793 2022 2866">
     <span class='ocr_line' id='line_1_29' title="bbox 370 2793 2022 2866; baseline 0.001 -17"><span class='ocrx_word' id='word_1_186' title='bbox 370 2802 563 2850; x_wconf 88' lang='lat' dir='ltr'>natum</span> <span class='ocrx_word' id='word_1_187' title='bbox 592 2793 828 2864; x_wconf 82' lang='lat' dir='ltr'>ﬁdelem,</span> <span class='ocrx_word' id='word_1_188' title='bbox 869 2794 1134 2865; x_wconf 83' lang='lat' dir='ltr'>populum</span> <span class='ocrx_word' id='word_1_189' title='bbox 1178 2795 1429 2866; x_wconf 88' lang='lat' dir='ltr'>probum,</span> <span class='ocrx_word' id='word_1_190' title='bbox 1486 2795 1757 2865; x_wconf 85' lang='lat' dir='ltr'>quietum,</span> <span class='ocrx_word' id='word_1_191' title='bbox 1789 2799 1838 2849; x_wconf 91' lang='lat' dir='ltr'>et</span> <span class='ocrx_word' id='word_1_192' title='bbox 1867 2811 2022 2865; x_wconf 76' lang='lat' dir='ltr'>quae-</span> 
     </span>
    </p>
   </div>
   <div class='ocr_carea' id='block_1_30' title="bbox 373 2883 2019 2956">
    <p class='ocr_par' dir='ltr' id='par_1_30' title="bbox 373 2883 2019 2956">
     <span class='ocr_line' id='line_1_30' title="bbox 373 2883 2019 2956; baseline -0.001 -16"><span class='ocrx_word' id='word_1_193' title='bbox 373 2900 601 2956; x_wconf 82' lang='lat' dir='ltr'>cumque</span> <span class='ocrx_word' id='word_1_194' title='bbox 630 2883 871 2939; x_wconf 75' lang='lat' dir='ltr'>hominis</span> <span class='ocrx_word' id='word_1_195' title='bbox 890 2887 940 2938; x_wconf 89' lang='lat' dir='ltr'>et</span> <span class='ocrx_word' id='word_1_196' title='bbox 973 2885 1208 2940; x_wconf 60' lang='lat' dir='ltr'>arsuris</span> <span class='ocrx_word' id='word_1_197' title='bbox 1227 2893 1350 2940; x_wconf 84' lang='lat' dir='ltr'>vota</span> <span class='ocrx_word' id='word_1_198' title='bbox 1370 2893 1499 2938; x_wconf 87' lang='lat' dir='ltr'>sunt</span> <span class='ocrx_word' id='word_1_199' title='bbox 1521 2884 1705 2955; x_wconf 87' lang='lat' dir='ltr'>(Ibid.)</span> <span class='ocrx_word' id='word_1_200' title='bbox 1728 2900 1749 2944; x_wconf 71' lang='grc' dir='ltr'>,ο</span> <span class='ocrx_word' id='word_1_201' title='bbox 1780 2883 1888 2938; x_wconf 92' lang='lat' dir='ltr'>hoc</span> <span class='ocrx_word' id='word_1_202' title='bbox 1911 2889 2019 2952; x_wconf 89' lang='lat' dir='ltr'>est,</span> 
     </span>
    </p>
   </div>
   <div class='ocr_carea' id='block_1_31' title="bbox 375 2971 2024 3044">
    <p class='ocr_par' dir='ltr' id='par_1_31' title="bbox 375 2971 2024 3044">
     <span class='ocr_line' id='line_1_31' title="bbox 375 2971 2024 3044; baseline 0 -17"><span class='ocrx_word' id='word_1_203' title='bbox 375 2988 756 3044; x_wconf 67' lang='lat' dir='ltr'>quascumque</span> <span class='ocrx_word' id='word_1_204' title='bbox 812 2971 1196 3042; x_wconf 88' lang='lat' dir='ltr'>imperatores</span> <span class='ocrx_word' id='word_1_205' title='bbox 1229 2989 1329 3043; x_wconf 89' lang='lat' dir='ltr'>pro</span> <span class='ocrx_word' id='word_1_206' title='bbox 1388 2973 1612 3044; x_wconf 87' lang='lat' dir='ltr'>privata</span> <span class='ocrx_word' id='word_1_207' title='bbox 1660 2989 1768 3026; x_wconf 89' lang='lat' dir='ltr'>sua</span> <span class='ocrx_word' id='word_1_208' title='bbox 1795 2973 1932 3038; x_wconf 87' lang='lat' dir='ltr'>vita,</span> <span class='ocrx_word' id='word_1_209' title='bbox 1967 2977 2024 3027; x_wconf 86' lang='lat' dir='ltr'>et</span> 
     </span>
    </p>
   </div>
   <div class='ocr_carea' id='block_1_32' title="bbox 354 3060 2023 3134">
    <p class='ocr_par' dir='ltr' id='par_1_32' title="bbox 354 3060 2023 3134">
     <span class='ocr_line' id='line_1_32' title="bbox 354 3060 2023 3134; baseline 0 -18"><span class='ocrx_word' id='word_1_210' title='bbox 354 3060 667 3134; x_wconf 89' lang='lat' dir='ltr'>.imperiali</span> <span class='ocrx_word' id='word_1_211' title='bbox 700 3060 988 3132; x_wconf 86' lang='lat' dir='ltr'>dignitate</span> <span class='ocrx_word' id='word_1_212' title='bbox 1018 3065 1286 3131; x_wconf 87' lang='lat' dir='ltr'>poterant</span> <span class='ocrx_word' id='word_1_213' title='bbox 1304 3061 1622 3116; x_wconf 90' lang='lat' dir='ltr'>secundum</span> <span class='ocrx_word' id='word_1_214' title='bbox 1655 3061 1947 3131; x_wconf 78' lang='lat' dir='ltr'>aequitatis</span> <span class='ocrx_word' id='word_1_215' title='bbox 1967 3066 2023 3116; x_wconf 89' lang='lat' dir='ltr'>et</span> 
     </span>
    </p>
   </div>
   <div class='ocr_carea' id='block_1_33' title="bbox 365 3149 2022 3221">
    <p class='ocr_par' dir='ltr' id='par_1_33' title="bbox 365 3149 2022 3221">
     <span class='ocr_line' id='line_1_33' title="bbox 365 3149 2022 3221; baseline 0 -17"><span class='ocrx_word' id='word_1_216' title='bbox 365 3149 620 3221; x_wconf 70' lang='lat' dir='ltr'>justitiaa</span> <span class='ocrx_word' id='word_1_217' title='bbox 647 3149 805 3221; x_wconf 86' lang='lat' dir='ltr'>leges</span> <span class='ocrx_word' id='word_1_218' title='bbox 835 3154 1051 3220; x_wconf 83' lang='lat' dir='ltr'>optare.</span> <span class='ocrx_word' id='word_1_219' title='bbox 1087 3149 1201 3204; x_wconf 89' lang='lat' dir='ltr'>Nec</span> <span class='ocrx_word' id='word_1_220' title='bbox 1241 3150 1438 3203; x_wconf 89' lang='lat' dir='ltr'>minus</span> <span class='ocrx_word' id='word_1_221' title='bbox 1486 3155 1888 3204; x_wconf 88' lang='lat' dir='ltr'>asseveranter</span> <span class='ocrx_word' id='word_1_222' title='bbox 1915 3150 2022 3204; x_wconf 89' lang='lat' dir='ltr'>hoc</span> 
     </span>
    </p>
   </div>
   <div class='ocr_carea' id='block_1_34' title="bbox 374 3237 2018 3310">
    <p class='ocr_par' dir='ltr' id='par_1_34' title="bbox 374 3237 2018 3310">
     <span class='ocr_line' id='line_1_34' title="bbox 374 3237 2018 3310; baseline 0.001 -18"><span class='ocrx_word' id='word_1_223' title='bbox 374 3237 762 3309; x_wconf 64' lang='lat' dir='ltr'>pradicarunt</span> <span class='ocrx_word' id='word_1_224' title='bbox 808 3237 903 3293; x_wconf 88' lang='lat' dir='ltr'>alii</span> <span class='ocrx_word' id='word_1_225' title='bbox 954 3237 1150 3292; x_wconf 90' lang='lat' dir='ltr'>eximii</span> <span class='ocrx_word' id='word_1_226' title='bbox 1200 3237 1540 3294; x_wconf 72' lang='lat' dir='ltr'>Christianae</span> <span class='ocrx_word' id='word_1_227' title='bbox 1590 3237 1888 3310; x_wconf 88' lang='lat' dir='ltr'>religionis</span> <span class='ocrx_word' id='word_1_228' title='bbox 1919 3240 2018 3293; x_wconf 90' lang='lat' dir='ltr'>de-</span> 
     </span>
    </p>
   </div>
   <div class='ocr_carea' id='block_1_35' title="bbox 373 3325 2020 3398">
    <p class='ocr_par' dir='ltr' id='par_1_35' title="bbox 373 3325 2020 3398">
     <span class='ocr_line' id='line_1_35' title="bbox 373 3325 2020 3398; baseline 0.001 -17"><span class='ocrx_word' id='word_1_229' title='bbox 373 3329 652 3384; x_wconf 88' lang='lat' dir='ltr'>fensores.</span> <span class='ocrx_word' id='word_1_230' title='bbox 685 3325 811 3381; x_wconf 84' lang='grc' dir='ltr'>Θεὸν</span> <span class='ocrx_word' id='word_1_231' title='bbox 849 3326 944 3398; x_wconf 69' lang='grc' dir='ltr'>μὲν</span> <span class='ocrx_word' id='word_1_232' title='bbox 981 3325 1167 3398; x_wconf 81' lang='grc' dir='ltr'>μόνον,</span> <span class='ocrx_word' id='word_1_233' title='bbox 1221 3327 1529 3398; x_wconf 90' lang='lat' dir='ltr'>inquiebat</span> <span class='ocrx_word' id='word_1_234' title='bbox 1570 3329 1840 3383; x_wconf 88' lang='lat' dir='ltr'>Justinus</span> <span class='ocrx_word' id='word_1_235' title='bbox 1872 3328 2020 3383; x_wconf 88' lang='lat' dir='ltr'>Mar-</span> 
     </span>
    </p>
   </div>
   <div class='ocr_carea' id='block_1_36' title="bbox 369 3412 2024 3491">
    <p class='ocr_par' dir='ltr' id='par_1_36' title="bbox 369 3412 2024 3491">
     <span class='ocr_line' id='line_1_36' title="bbox 369 3412 2024 3491; baseline -0.002 -20"><span class='ocrx_word' id='word_1_236' title='bbox 369 3422 478 3489; x_wconf 84' lang='lat' dir='ltr'>tyr,</span> <span class='ocrx_word' id='word_1_237' title='bbox 511 3419 945 3490; x_wconf 79' lang='grc' dir='ltr'>προσκυνοῦμεν,</span> <span class='ocrx_word' id='word_1_238' title='bbox 1006 3415 1134 3487; x_wconf 82' lang='grc' dir='ltr'>ὑμῖν</span> <span class='ocrx_word' id='word_1_239' title='bbox 1194 3412 1251 3469; x_wconf 77' lang='grc' dir='ltr'>δὲ</span> <span class='ocrx_word' id='word_1_240' title='bbox 1306 3416 1444 3491; x_wconf 82' lang='grc' dir='ltr'>πρὸς</span> <span class='ocrx_word' id='word_1_241' title='bbox 1491 3416 1560 3468; x_wconf 80' lang='grc' dir='ltr'>τὰ</span> <span class='ocrx_word' id='word_1_242' title='bbox 1617 3412 1763 3470; x_wconf 76' lang='grc' dir='ltr'>ἄλλα</span> <span class='ocrx_word' id='word_1_243' title='bbox 1803 3414 2024 3489; x_wconf 80' lang='grc' dir='ltr'>χαίρον-</span> 
     </span>
    </p>
   </div>
   <div class='ocr_carea' id='block_1_37' title="bbox 366 3501 2017 3579">
    <p class='ocr_par' dir='ltr' id='par_1_37' title="bbox 366 3501 2017 3579">
     <span class='ocr_line' id='line_1_37' title="bbox 366 3501 2017 3579; baseline 0 -20"><span class='ocrx_word' id='word_1_244' title='bbox 366 3525 453 3566; x_wconf 83' lang='grc' dir='ltr'>τες</span> <span class='ocrx_word' id='word_1_245' title='bbox 501 3505 898 3579; x_wconf 78' lang='grc' dir='ltr'>ὑπηρετοῦμεν,</span> <span class='ocrx_word' id='word_1_246' title='bbox 957 3502 1202 3578; x_wconf 80' lang='grc' dir='ltr'>βασιλεῖς</span> <span class='ocrx_word' id='word_1_247' title='bbox 1263 3503 1352 3558; x_wconf 81' lang='grc' dir='ltr'>καὶ</span> <span class='ocrx_word' id='word_1_248' title='bbox 1403 3501 1670 3578; x_wconf 76' lang='grc' dir='ltr'>ἄρχοντας</span> <span class='ocrx_word' id='word_1_249' title='bbox 1719 3505 2017 3577; x_wconf 81' lang='grc' dir='ltr'>ἀνθρώπων</span> 
     </span>
    </p>
   </div>
   <div class='ocr_carea' id='block_1_38' title="bbox 369 3590 2020 3668">
    <p class='ocr_par' dir='ltr' id='par_1_38' title="bbox 369 3590 2020 3668">
     <span class='ocr_line' id='line_1_38' title="bbox 369 3590 2020 3668; baseline 0 -22"><span class='ocrx_word' id='word_1_250' title='bbox 369 3590 789 3668; x_wconf 78' lang='grc' dir='ltr'>ὁμολογοῦντες,</span> <span class='ocrx_word' id='word_1_251' title='bbox 843 3592 932 3646; x_wconf 83' lang='grc' dir='ltr'>καὶ</span> <span class='ocrx_word' id='word_1_252' title='bbox 987 3592 1280 3667; x_wconf 77' lang='grc' dir='ltr'>εὐχόμενοι</span> <span class='ocrx_word' id='word_1_253' title='bbox 1361 3593 1494 3666; x_wconf 80' lang='grc' dir='ltr'>μετά</span> <span class='ocrx_word' id='word_1_254' title='bbox 1560 3599 1659 3662; x_wconf 80' lang='grc' dir='ltr'>τῆς</span> <span class='ocrx_word' id='word_1_255' title='bbox 1734 3592 2020 3668; x_wconf 78' lang='grc' dir='ltr'>βασιλικῆς</span> 
     </span>
    </p>
   </div>
   <div class='ocr_carea' id='block_1_39' title="bbox 373 3677 2016 3758">
    <p class='ocr_par' dir='ltr' id='par_1_39' title="bbox 373 3677 2016 3758">
     <span class='ocr_line' id='line_1_39' title="bbox 373 3677 2016 3758; baseline 0.001 -23"><span class='ocrx_word' id='word_1_256' title='bbox 373 3679 673 3756; x_wconf 81' lang='grc' dir='ltr'>δυνάμεως,</span> <span class='ocrx_word' id='word_1_257' title='bbox 721 3681 811 3737; x_wconf 79' lang='grc' dir='ltr'>καὶ</span> <span class='ocrx_word' id='word_1_258' title='bbox 865 3683 1119 3758; x_wconf 82' lang='grc' dir='ltr'>σώφρονα</span> <span class='ocrx_word' id='word_1_259' title='bbox 1173 3684 1264 3737; x_wconf 88' lang='grc' dir='ltr'>τὸν</span> <span class='ocrx_word' id='word_1_260' title='bbox 1324 3682 1588 3758; x_wconf 85' lang='grc' dir='ltr'>λογισμὸν</span> <span class='ocrx_word' id='word_1_261' title='bbox 1649 3677 1876 3756; x_wconf 79' lang='grc' dir='ltr'>ἔχοντας</span> <span class='ocrx_word' id='word_1_262' title='bbox 1934 3682 2016 3736; x_wconf 81' lang='grc' dir='ltr'>εὐ-</span> 
     </span>
    </p>
   </div>
   <div class='ocr_carea' id='block_1_40' title="bbox 372 3772 2020 3844">
    <p class='ocr_par' dir='ltr' id='par_1_40' title="bbox 372 3772 2020 3844">
     <span class='ocr_line' id='line_1_40' title="bbox 372 3772 2020 3844; baseline 0.001 -18"><span class='ocrx_word' id='word_1_263' title='bbox 372 3772 609 3842; x_wconf 83' lang='grc' dir='ltr'>ρεθῆναι.</span> <span class='ocrx_word' id='word_1_264' title='bbox 642 3772 838 3829; x_wconf 87' lang='lat' dir='ltr'>Solum</span> <span class='ocrx_word' id='word_1_265' title='bbox 869 3774 1039 3828; x_wconf 92' lang='lat' dir='ltr'>Deum</span> <span class='ocrx_word' id='word_1_266' title='bbox 1087 3774 1413 3844; x_wconf 83' lang='lat' dir='ltr'>adoramus,</span> <span class='ocrx_word' id='word_1_267' title='bbox 1455 3782 1507 3828; x_wconf 90' lang='lat' dir='ltr'>et</span> <span class='ocrx_word' id='word_1_268' title='bbox 1555 3775 1708 3828; x_wconf 88' lang='lat' dir='ltr'>vobis</span> <span class='ocrx_word' id='word_1_269' title='bbox 1758 3775 1814 3828; x_wconf 91' lang='lat' dir='ltr'>in</span> <span class='ocrx_word' id='word_1_270' title='bbox 1859 3773 2020 3828; x_wconf 80' lang='lat' dir='ltr'>rebus</span> 
     </span>
    </p>
   </div>
   <div class='ocr_carea' id='block_1_41' title="bbox 373 3861 2022 3932">
    <p class='ocr_par' dir='ltr' id='par_1_41' title="bbox 373 3861 2022 3932">
     <span class='ocr_line' id='line_1_41' title="bbox 373 3861 2022 3932; baseline 0.001 -17"><span class='ocrx_word' id='word_1_271' title='bbox 373 3861 504 3916; x_wconf 84' lang='lat' dir='ltr'>aliis</span> <span class='ocrx_word' id='word_1_272' title='bbox 546 3863 894 3928; x_wconf 83' lang='lat' dir='ltr'>inservimus,</span> <span class='ocrx_word' id='word_1_273' title='bbox 930 3865 1283 3932; x_wconf 76' lang='lat' dir='ltr'>imperatores</span> <span class='ocrx_word' id='word_1_274' title='bbox 1312 3879 1377 3917; x_wconf 90' lang='lat' dir='ltr'>ac</span> <span class='ocrx_word' id='word_1_275' title='bbox 1407 3863 1685 3932; x_wconf 81' lang='lat' dir='ltr'>principes</span> <span class='ocrx_word' id='word_1_276' title='bbox 1733 3863 2022 3917; x_wconf 75' lang='lat' dir='ltr'>hominum</span> 
     </span>
    </p>
   </div>
   <div class='ocr_carea' id='block_1_42' title="bbox 369 3950 2022 4021">
    <p class='ocr_par' dir='ltr' id='par_1_42' title="bbox 369 3950 2022 4021">
     <span class='ocr_line' id='line_1_42' title="bbox 369 3950 2022 4021; baseline 0.001 -18"><span class='ocrx_word' id='word_1_277' title='bbox 369 3965 486 4004; x_wconf 84' lang='lat' dir='ltr'>esse</span> <span class='ocrx_word' id='word_1_278' title='bbox 510 3950 851 4020; x_wconf 82' lang='lat' dir='ltr'>proﬁtentes,</span> <span class='ocrx_word' id='word_1_279' title='bbox 883 3953 936 4004; x_wconf 89' lang='lat' dir='ltr'>et</span> <span class='ocrx_word' id='word_1_280' title='bbox 963 3951 1135 4004; x_wconf 81' lang='lat' dir='ltr'>simul</span> <span class='ocrx_word' id='word_1_281' title='bbox 1159 3956 1467 4020; x_wconf 77' lang='lat' dir='ltr'>precantes,</span> <span class='ocrx_word' id='word_1_282' title='bbox 1493 3959 1552 4005; x_wconf 91' lang='lat' dir='ltr'>ut</span> <span class='ocrx_word' id='word_1_283' title='bbox 1581 3966 1703 4004; x_wconf 89' lang='lat' dir='ltr'>cum</span> <span class='ocrx_word' id='word_1_284' title='bbox 1734 3952 2022 4021; x_wconf 82' lang='lat' dir='ltr'>imperiali</span> 
     </span>
    </p>
   </div>
   <div class='ocr_carea' id='block_1_43' title="bbox 365 4039 2022 4110">
    <p class='ocr_par' dir='ltr' id='par_1_43' title="bbox 365 4039 2022 4110">
     <span class='ocr_line' id='line_1_43' title="bbox 365 4039 2022 4110; baseline 0.001 -17"><span class='ocrx_word' id='word_1_285' title='bbox 365 4041 626 4107; x_wconf 85' lang='lat' dir='ltr'>potestate</span> <span class='ocrx_word' id='word_1_286' title='bbox 695 4055 890 4092; x_wconf 87' lang='lat' dir='ltr'>sanam</span> <span class='ocrx_word' id='word_1_287' title='bbox 964 4048 1207 4093; x_wconf 79' lang='lat' dir='ltr'>mentem</span> <span class='ocrx_word' id='word_1_288' title='bbox 1282 4039 1530 4094; x_wconf 78' lang='lat' dir='ltr'>obtinere</span> <span class='ocrx_word' id='word_1_289' title='bbox 1601 4041 2022 4110; x_wconf 86' lang='lat' dir='ltr'>comperiami-ni</span> 
     </span>
    </p>
   </div>
   <div class='ocr_carea' id='block_1_44' title="bbox 367 4125 2020 4199">
    <p class='ocr_par' dir='ltr' id='par_1_44' title="bbox 367 4125 2020 4199">
     <span class='ocr_line' id='line_1_44' title="bbox 367 4125 2020 4199; baseline 0.001 -19"><span class='ocrx_word' id='word_1_290' title='bbox 367 4126 607 4194; x_wconf 88' lang='lat' dir='ltr'>(Justin.</span> <span class='ocrx_word' id='word_1_291' title='bbox 642 4127 862 4198; x_wconf 81' lang='lat' dir='ltr'>Apolog.</span> <span class='ocrx_word' id='word_1_292' title='bbox 913 4125 983 4180; x_wconf 88' lang='lat' dir='ltr'>ad</span> <span class='ocrx_word' id='word_1_293' title='bbox 1021 4127 1219 4181; x_wconf 86' lang='lat' dir='ltr'>Anton.</span> <span class='ocrx_word' id='word_1_294' title='bbox 1278 4143 1410 4198; x_wconf 86' lang='lat' dir='ltr'>pag.</span> <span class='ocrx_word' id='word_1_295' title='bbox 1469 4127 1581 4196; x_wconf 82' lang='grc'>64).</span> <span class='ocrx_word' id='word_1_296' title='bbox 1616 4127 2020 4199; x_wconf 82' lang='lat' dir='ltr'>Athenagoras</span> 
     </span>
    </p>
   </div>
   <div class='ocr_carea' id='block_1_45' title="bbox 367 4213 2017 4288">
    <p class='ocr_par' dir='ltr' id='par_1_45' title="bbox 367 4213 2017 4288">
     <span class='ocr_line' id='line_1_45' title="bbox 367 4213 2017 4288; baseline 0.001 -20"><span class='ocrx_word' id='word_1_297' title='bbox 367 4231 502 4272; x_wconf 87' lang='lat' dir='ltr'>vero</span> <span class='ocrx_word' id='word_1_298' title='bbox 533 4215 592 4270; x_wconf 90' lang='lat' dir='ltr'>in</span> <span class='ocrx_word' id='word_1_299' title='bbox 625 4216 742 4270; x_wconf 87' lang='lat' dir='ltr'>ﬁne</span> <span class='ocrx_word' id='word_1_300' title='bbox 773 4231 894 4271; x_wconf 67' lang='lat' dir='ltr'>sua:</span> <span class='ocrx_word' id='word_1_301' title='bbox 933 4232 1036 4288; x_wconf 91' lang='lat' dir='ltr'>pro</span> <span class='ocrx_word' id='word_1_302' title='bbox 1087 4213 1436 4271; x_wconf 89' lang='lat' dir='ltr'>Christianis</span> <span class='ocrx_word' id='word_1_303' title='bbox 1484 4215 1792 4287; x_wconf 83' lang='lat' dir='ltr'>legationis</span> <span class='ocrx_word' id='word_1_304' title='bbox 1822 4216 2017 4288; x_wconf 88' lang='lat' dir='ltr'>palam</span> 
     </span>
    </p>
   </div>
   <div class='ocr_carea' id='block_1_46' title="bbox 367 4304 2017 4375">
    <p class='ocr_par' dir='ltr' id='par_1_46' title="bbox 367 4304 2017 4375">
     <span class='ocr_line' id='line_1_46' title="bbox 367 4304 2017 4375; baseline 0 -16"><span class='ocrx_word' id='word_1_305' title='bbox 367 4304 626 4360; x_wconf 88' lang='lat' dir='ltr'>declarat</span> <span class='ocrx_word' id='word_1_306' title='bbox 655 4305 889 4360; x_wconf 91' lang='lat' dir='ltr'>eosdem</span> <span class='ocrx_word' id='word_1_307' title='bbox 946 4304 1310 4360; x_wconf 88' lang='lat' dir='ltr'>Christianos</span> <span class='ocrx_word' id='word_1_308' title='bbox 1362 4305 1543 4360; x_wconf 91' lang='lat' dir='ltr'>Deum</span> <span class='ocrx_word' id='word_1_309' title='bbox 1596 4310 1861 4375; x_wconf 84' lang='lat' dir='ltr'>precatos</span> <span class='ocrx_word' id='word_1_310' title='bbox 1889 4320 2017 4360; x_wconf 90' lang='lat' dir='ltr'>esse</span> 
     </span>
    </p>
   </div>
   <div class='ocr_carea' id='block_1_47' title="bbox 371 4392 2017 4467">
    <p class='ocr_par' dir='ltr' id='par_1_47' title="bbox 371 4392 2017 4467">
     <span class='ocr_line' id='line_1_47' title="bbox 371 4392 2017 4467; baseline -0.001 -17"><span class='ocrx_word' id='word_1_311' title='bbox 371 4411 473 4467; x_wconf 89' lang='lat' dir='ltr'>pro</span> <span class='ocrx_word' id='word_1_312' title='bbox 504 4397 754 4466; x_wconf 88' lang='lat' dir='ltr'>Augusti</span> <span class='ocrx_word' id='word_1_313' title='bbox 785 4393 1049 4464; x_wconf 90' lang='lat' dir='ltr'>imperio,</span> <span class='ocrx_word' id='word_1_314' title='bbox 1085 4398 1265 4464; x_wconf 91' lang='lat' dir='ltr'>utque</span> <span class='ocrx_word' id='word_1_315' title='bbox 1306 4393 1446 4448; x_wconf 87' lang='lat' dir='ltr'>illud</span> <span class='ocrx_word' id='word_1_316' title='bbox 1499 4394 1686 4464; x_wconf 88' lang='lat' dir='ltr'>magis</span> <span class='ocrx_word' id='word_1_317' title='bbox 1737 4411 1802 4449; x_wconf 91' lang='lat' dir='ltr'>ac</span> <span class='ocrx_word' id='word_1_318' title='bbox 1831 4392 2017 4463; x_wconf 83' lang='lat' dir='ltr'>magis</span> 
     </span>
    </p>
   </div>
   <div class='ocr_carea' id='block_1_48' title="bbox 369 4481 2013 4556">
    <p class='ocr_par' dir='ltr' id='par_1_48' title="bbox 369 4481 2013 4556">
     <span class='ocr_line' id='line_1_48' title="bbox 369 4481 2013 4556; baseline -0.002 -17"><span class='ocrx_word' id='word_1_319' title='bbox 369 4487 676 4556; x_wconf 84' lang='lat' dir='ltr'>augeatur,</span> <span class='ocrx_word' id='word_1_320' title='bbox 709 4482 911 4537; x_wconf 89' lang='lat' dir='ltr'>omnia</span> <span class='ocrx_word' id='word_1_321' title='bbox 938 4481 1025 4536; x_wconf 90' lang='lat' dir='ltr'>illi</span> <span class='ocrx_word' id='word_1_322' title='bbox 1055 4482 1326 4537; x_wconf 88' lang='lat' dir='ltr'>eveniant</span> <span class='ocrx_word' id='word_1_323' title='bbox 1372 4498 1440 4536; x_wconf 76' lang='lat' dir='ltr'>ex</span> <span class='ocrx_word' id='word_1_324' title='bbox 1469 4481 1650 4537; x_wconf 89' lang='lat' dir='ltr'>animi</span> <span class='ocrx_word' id='word_1_325' title='bbox 1701 4483 2013 4551; x_wconf 85' lang='lat' dir='ltr'>sententia,</span> 
     </span>
    </p>
   </div>
   <div class='ocr_carea' id='block_1_49' title="bbox 369 4570 2013 4642">
    <p class='ocr_par' dir='ltr' id='par_1_49' title="bbox 369 4570 2013 4642">
     <span class='ocr_line' id='line_1_49' title="bbox 369 4570 2013 4642; baseline -0.002 -14"><span class='ocrx_word' id='word_1_326' title='bbox 369 4590 434 4628; x_wconf 83' lang='lat' dir='ltr'>ac</span> <span class='ocrx_word' id='word_1_327' title='bbox 494 4571 811 4642; x_wconf 74' lang='lat' dir='ltr'>filius&#39;ejus</span> <span class='ocrx_word' id='word_1_328' title='bbox 869 4577 926 4627; x_wconf 88' lang='lat' dir='ltr'>et</span> <span class='ocrx_word' id='word_1_329' title='bbox 977 4571 1162 4625; x_wconf 61' lang='lat' dir='ltr'>haeres</span> <span class='ocrx_word' id='word_1_330' title='bbox 1224 4570 1280 4624; x_wconf 89' lang='lat' dir='ltr'>in</span> <span class='ocrx_word' id='word_1_331' title='bbox 1329 4573 1458 4642; x_wconf 89' lang='lat' dir='ltr'>ejus</span> <span class='ocrx_word' id='word_1_332' title='bbox 1514 4571 1790 4626; x_wconf 89' lang='lat' dir='ltr'>succedat</span> <span class='ocrx_word' id='word_1_333' title='bbox 1819 4570 2013 4625; x_wconf 90' lang='lat' dir='ltr'>locum</span> 
     </span>
    </p>
   </div>
   <div class='ocr_carea' id='block_1_50' title="bbox 2157 619 3799 693">
    <p class='ocr_par' dir='ltr' id='par_1_50' title="bbox 2157 619 3799 693">
     <span class='ocr_line' id='line_1_50' title="bbox 2157 619 3799 693; baseline -0.001 -17"><span class='ocrx_word' id='word_1_334' title='bbox 2157 626 2248 677; x_wconf 91' lang='lat' dir='ltr'>tor</span> <span class='ocrx_word' id='word_1_335' title='bbox 2279 622 2700 687; x_wconf 89' lang='lat' dir='ltr'>universitatis,</span> <span class='ocrx_word' id='word_1_336' title='bbox 2757 622 2952 678; x_wconf 90' lang='lat' dir='ltr'>odoris</span> <span class='ocrx_word' id='word_1_337' title='bbox 3010 626 3112 676; x_wconf 89' lang='lat' dir='ltr'>aut</span> <span class='ocrx_word' id='word_1_338' title='bbox 3169 621 3477 693; x_wconf 88' lang='lat' dir='ltr'>sanguinis</span> <span class='ocrx_word' id='word_1_339' title='bbox 3528 619 3799 689; x_wconf 85' lang='lat' dir='ltr'>alicujus.</span> 
     </span>
    </p>
   </div>
   <div class='ocr_carea' id='block_1_51' title="bbox 2155 709 3804 784">
    <p class='ocr_par' dir='ltr' id='par_1_51' title="bbox 2155 709 3804 784">
     <span class='ocr_line' id='line_1_51' title="bbox 2155 709 3804 784; baseline -0.001 -19"><span class='ocrx_word' id='word_1_340' title='bbox 2155 711 2283 766; x_wconf 72' lang='lat' dir='ltr'>llch</span> <span class='ocrx_word' id='word_1_341' title='bbox 2315 714 2468 766; x_wconf 87' lang='lat' dir='ltr'>enim</span> <span class='ocrx_word' id='word_1_342' title='bbox 2505 712 2924 767; x_wconf 67' lang='grc' dir='ltr'>ὁωιιιυῐιίοΓυῐη</span> <span class='ocrx_word' id='word_1_343' title='bbox 2957 711 3170 784; x_wconf 87' lang='lat' dir='ltr'>pabula</span> <span class='ocrx_word' id='word_1_344' title='bbox 3201 716 3342 766; x_wconf 89' lang='lat' dir='ltr'>sunt</span> <span class='ocrx_word' id='word_1_345' title='bbox 3371 731 3400 760; x_wconf 88' lang='grc'><strong>››</strong></span> <span class='ocrx_word' id='word_1_346' title='bbox 3436 709 3697 782; x_wconf 89' lang='lat' dir='ltr'>(Tertull.</span> <span class='ocrx_word' id='word_1_347' title='bbox 3729 709 3804 764; x_wconf 84' lang='lat' dir='ltr'>ad</span> 
     </span>
    </p>
   </div>
   <div class='ocr_carea' id='block_1_52' title="bbox 2150 801 2654 872">
    <p class='ocr_par' dir='ltr' id='par_1_52' title="bbox 2150 801 2654 872">
     <span class='ocr_line' id='line_1_52' title="bbox 2150 801 2654 872; baseline 0.006 -18"><span class='ocrx_word' id='word_1_348' title='bbox 2150 801 2377 871; x_wconf 84' lang='lat' dir='ltr'>Scapul.</span> <span class='ocrx_word' id='word_1_349' title='bbox 2412 818 2538 872; x_wconf 89' lang='lat' dir='ltr'>cap.</span> <span class='ocrx_word' id='word_1_350' title='bbox 2575 801 2654 871; x_wconf 77' lang='lat'>2).</span> 
     </span>
    </p>
   </div>
   <div class='ocr_carea' id='block_1_53' title="bbox 2229 903 3802 980">
    <p class='ocr_par' dir='ltr' id='par_1_53' title="bbox 2229 903 3802 980">
     <span class='ocr_line' id='line_1_53' title="bbox 2229 903 3802 980; baseline -0.001 -18"><span class='ocrx_word' id='word_1_351' title='bbox 2229 909 2426 964; x_wconf 72' lang='lat'>1042</span> <span class='ocrx_word' id='word_1_352' title='bbox 2487 908 2599 963; x_wconf 81' lang='lat' dir='ltr'>Nec</span> <span class='ocrx_word' id='word_1_353' title='bbox 2656 908 3008 979; x_wconf 77' lang='lat' dir='ltr'>respondere</span> <span class='ocrx_word' id='word_1_354' title='bbox 3066 910 3334 980; x_wconf 83' lang='lat' dir='ltr'>poterant</span> <span class='ocrx_word' id='word_1_355' title='bbox 3391 903 3610 962; x_wconf 88' lang='lat' dir='ltr'>ethnici</span> <span class='ocrx_word' id='word_1_356' title='bbox 3654 903 3802 961; x_wconf 81' lang='lat' dir='ltr'>falsa</span> 
     </span>
    </p>
   </div>
   <div class='ocr_carea' id='block_1_54' title="bbox 2148 993 3798 1068">
    <p class='ocr_par' dir='ltr' id='par_1_54' title="bbox 2148 993 3798 1068">
     <span class='ocr_line' id='line_1_54' title="bbox 2148 993 3798 1068; baseline 0 -17"><span class='ocrx_word' id='word_1_357' title='bbox 2148 1012 2275 1052; x_wconf 74' lang='lat' dir='ltr'>esse</span> <span class='ocrx_word' id='word_1_358' title='bbox 2307 1014 2371 1052; x_wconf 83' lang='lat' dir='ltr'>ac</span> <span class='ocrx_word' id='word_1_359' title='bbox 2429 997 2732 1054; x_wconf 80' lang='lat' dir='ltr'>mendacia</span> <span class='ocrx_word' id='word_1_360' title='bbox 2781 997 2900 1052; x_wconf 72' lang='lat' dir='ltr'>haec</span> <span class='ocrx_word' id='word_1_361' title='bbox 2950 996 3416 1054; x_wconf 83' lang='lat' dir='ltr'>Christianorum</span> <span class='ocrx_word' id='word_1_362' title='bbox 3471 1012 3574 1068; x_wconf 90' lang='lat' dir='ltr'>pro</span> <span class='ocrx_word' id='word_1_363' title='bbox 3608 993 3798 1051; x_wconf 86' lang='lat' dir='ltr'>salute</span> 
     </span>
    </p>
   </div>
   <div class='ocr_carea' id='block_1_55' title="bbox 2148 1084 3794 1157">
    <p class='ocr_par' dir='ltr' id='par_1_55' title="bbox 2148 1084 3794 1157">
     <span class='ocr_line' id='line_1_55' title="bbox 2148 1084 3794 1157; baseline 0 -19"><span class='ocrx_word' id='word_1_364' title='bbox 2148 1085 2516 1156; x_wconf 72' lang='lat' dir='ltr'>imperatoris</span> <span class='ocrx_word' id='word_1_365' title='bbox 2550 1093 2698 1153; x_wconf 87' lang='lat' dir='ltr'>vota,</span> <span class='ocrx_word' id='word_1_366' title='bbox 2733 1090 2832 1140; x_wconf 87' lang='lat' dir='ltr'>aut</span> <span class='ocrx_word' id='word_1_367' title='bbox 2884 1085 3118 1141; x_wconf 78' lang='lat' dir='ltr'>fallaces</span> <span class='ocrx_word' id='word_1_368' title='bbox 3168 1084 3400 1140; x_wconf 91' lang='lat' dir='ltr'>illorum</span> <span class='ocrx_word' id='word_1_369' title='bbox 3445 1100 3664 1157; x_wconf 86' lang='lat' dir='ltr'>preces,</span> <span class='ocrx_word' id='word_1_370' title='bbox 3695 1085 3794 1155; x_wconf 92' lang='lat' dir='ltr'>qui</span> 
     </span>
    </p>
   </div>
   <div class='ocr_carea' id='block_1_56' title="bbox 2146 1175 3793 1245">
    <p class='ocr_par' dir='ltr' id='par_1_56' title="bbox 2146 1175 3793 1245">
     <span class='ocr_line' id='line_1_56' title="bbox 2146 1175 3793 1245; baseline 0 -17"><span class='ocrx_word' id='word_1_371' title='bbox 2146 1191 2216 1229; x_wconf 90' lang='lat' dir='ltr'>ne</span> <span class='ocrx_word' id='word_1_372' title='bbox 2249 1175 2475 1229; x_wconf 86' lang='lat' dir='ltr'>debitos</span> <span class='ocrx_word' id='word_1_373' title='bbox 2505 1178 2799 1229; x_wconf 86' lang='lat' dir='ltr'>cruciatus</span> <span class='ocrx_word' id='word_1_374' title='bbox 2850 1175 3274 1245; x_wconf 85' lang='lat' dir='ltr'>experirentur,</span> <span class='ocrx_word' id='word_1_375' title='bbox 3321 1191 3418 1228; x_wconf 86' lang='lat' dir='ltr'>eas</span> <span class='ocrx_word' id='word_1_376' title='bbox 3469 1190 3566 1229; x_wconf 91' lang='lat' dir='ltr'>ore</span> <span class='ocrx_word' id='word_1_377' title='bbox 3618 1178 3793 1228; x_wconf 88' lang='lat' dir='ltr'>tenus</span> 
     </span>
    </p>
   </div>
   <div class='ocr_carea' id='block_1_57' title="bbox 2143 1261 3789 1335">
    <p class='ocr_par' dir='ltr' id='par_1_57' title="bbox 2143 1261 3789 1335">
     <span class='ocr_line' id='line_1_57' title="bbox 2143 1261 3789 1335; baseline 0.001 -19"><span class='ocrx_word' id='word_1_378' title='bbox 2143 1264 2480 1318; x_wconf 81' lang='lat' dir='ltr'>fundebant.</span> <span class='ocrx_word' id='word_1_379' title='bbox 2519 1269 2655 1318; x_wconf 79' lang='lat' dir='ltr'>Nam</span> <span class='ocrx_word' id='word_1_380' title='bbox 2690 1264 2794 1318; x_wconf 87' lang='lat' dir='ltr'>hac</span> <span class='ocrx_word' id='word_1_381' title='bbox 2829 1263 2979 1317; x_wconf 78' lang='lat' dir='ltr'>futili</span> <span class='ocrx_word' id='word_1_382' title='bbox 3012 1263 3389 1335; x_wconf 81' lang='lat' dir='ltr'>responsione</span> <span class='ocrx_word' id='word_1_383' title='bbox 3421 1261 3665 1327; x_wconf 88' lang='lat' dir='ltr'>ethnici,</span> <span class='ocrx_word' id='word_1_384' title='bbox 3704 1262 3789 1317; x_wconf 90' lang='lat' dir='ltr'>uti</span> 
     </span>
    </p>
   </div>
   <div class='ocr_carea' id='block_1_58' title="bbox 2141 1351 3789 1421">
    <p class='ocr_par' dir='ltr' id='par_1_58' title="bbox 2141 1351 3789 1421">
     <span class='ocr_line' id='line_1_58' title="bbox 2141 1351 3789 1421; baseline 0 -15"><span class='ocrx_word' id='word_1_385' title='bbox 2141 1351 2219 1406; x_wconf 89' lang='lat' dir='ltr'>ait</span> <span class='ocrx_word' id='word_1_386' title='bbox 2250 1352 2667 1421; x_wconf 84' lang='lat' dir='ltr'>&#39;l‘ertnllianns,</span> <span class='ocrx_word' id='word_1_387' title='bbox 2700 1353 3098 1408; x_wconf 87' lang='lat' dir='ltr'>concedebant</span> <span class='ocrx_word' id='word_1_388' title='bbox 3127 1352 3494 1408; x_wconf 88' lang='lat' dir='ltr'>Christianos</span> <span class='ocrx_word' id='word_1_389' title='bbox 3534 1352 3650 1406; x_wconf 91' lang='lat' dir='ltr'>Deo</span> <span class='ocrx_word' id='word_1_390' title='bbox 3681 1367 3789 1406; x_wconf 92' lang='lat' dir='ltr'>suo</span> 
     </span>
    </p>
   </div>
   <div class='ocr_carea' id='block_1_59' title="bbox 2140 1441 3788 1514">
    <p class='ocr_par' dir='ltr' id='par_1_59' title="bbox 2140 1441 3788 1514">
     <span class='ocr_line' id='line_1_59' title="bbox 2140 1441 3788 1514; baseline 0.001 -20"><span class='ocrx_word' id='word_1_391' title='bbox 2140 1458 2242 1513; x_wconf 90' lang='lat' dir='ltr'>pro</span> <span class='ocrx_word' id='word_1_392' title='bbox 2302 1441 2490 1498; x_wconf 86' lang='lat' dir='ltr'>salute</span> <span class='ocrx_word' id='word_1_393' title='bbox 2549 1443 2970 1513; x_wconf 84' lang='lat' dir='ltr'>imperatorum</span> <span class='ocrx_word' id='word_1_394' title='bbox 3049 1459 3249 1514; x_wconf 89' lang='lat' dir='ltr'>preces</span> <span class='ocrx_word' id='word_1_395' title='bbox 3307 1458 3508 1498; x_wconf 85' lang='lat' dir='ltr'>revera</span> <span class='ocrx_word' id='word_1_396' title='bbox 3563 1441 3788 1496; x_wconf 87' lang='lat' dir='ltr'>fudisse</span> 
     </span>
    </p>
   </div>
   <div class='ocr_carea' id='block_1_60' title="bbox 2139 1531 3786 1602">
    <p class='ocr_par' dir='ltr' id='par_1_60' title="bbox 2139 1531 3786 1602">
     <span class='ocr_line' id='line_1_60' title="bbox 2139 1531 3786 1602; baseline -0.001 -18"><span class='ocrx_word' id='word_1_397' title='bbox 2139 1531 2316 1600; x_wconf 85' lang='lat' dir='ltr'>(Idem</span> <span class='ocrx_word' id='word_1_398' title='bbox 2352 1532 2603 1602; x_wconf 78' lang='lat' dir='ltr'>Apolnget</span> <span class='ocrx_word' id='word_1_399' title='bbox 2634 1576 2646 1597; x_wconf 92' lang='lat'>,</span> <span class='ocrx_word' id='word_1_400' title='bbox 2673 1549 2798 1601; x_wconf 86' lang='lat' dir='ltr'>cap.</span> <span class='ocrx_word' id='word_1_401' title='bbox 2833 1533 2921 1594; x_wconf 83' lang='lat' dir='ltr'>3t,</span> <span class='ocrx_word' id='word_1_402' title='bbox 2957 1547 3068 1602; x_wconf 82' lang='lat' dir='ltr'>pag</span> <span class='ocrx_word' id='word_1_403' title='bbox 3119 1532 3262 1599; x_wconf 67' lang='lat' dir='ltr'>M6).</span> <span class='ocrx_word' id='word_1_404' title='bbox 3291 1531 3430 1597; x_wconf 90' lang='lat' dir='ltr'>Quis</span> <span class='ocrx_word' id='word_1_405' title='bbox 3457 1534 3652 1586; x_wconf 88' lang='lat' dir='ltr'>autem</span> <span class='ocrx_word' id='word_1_406' title='bbox 3677 1546 3786 1584; x_wconf 92' lang='lat' dir='ltr'>un-</span> 
     </span>
    </p>
   </div>
   <div class='ocr_carea' id='block_1_61' title="bbox 2138 1620 3782 1691">
    <p class='ocr_par' dir='ltr' id='par_1_61' title="bbox 2138 1620 3782 1691">
     <span class='ocr_line' id='line_1_61' title="bbox 2138 1620 3782 1691; baseline 0.001 -19"><span class='ocrx_word' id='word_1_407' title='bbox 2138 1637 2315 1689; x_wconf 83' lang='lat' dir='ltr'>quam</span> <span class='ocrx_word' id='word_1_408' title='bbox 2350 1621 2678 1691; x_wconf 83' lang='lat' dir='ltr'>probaverit</span> <span class='ocrx_word' id='word_1_409' title='bbox 2712 1620 2842 1676; x_wconf 86' lang='lat' dir='ltr'>illas</span> <span class='ocrx_word' id='word_1_410' title='bbox 2874 1637 2986 1675; x_wconf 91' lang='lat' dir='ltr'>non</span> <span class='ocrx_word' id='word_1_411' title='bbox 3025 1637 3091 1674; x_wconf 87' lang='lat' dir='ltr'>ex</span> <span class='ocrx_word' id='word_1_412' title='bbox 3123 1621 3329 1676; x_wconf 88' lang='lat' dir='ltr'>intimo</span> <span class='ocrx_word' id='word_1_413' title='bbox 3361 1620 3552 1675; x_wconf 84' lang='lat' dir='ltr'>cordis</span> <span class='ocrx_word' id='word_1_414' title='bbox 3582 1635 3782 1688; x_wconf 82' lang='lat' dir='ltr'>sensu,</span> 
     </span>
    </p>
   </div>
   <div class='ocr_carea' id='block_1_62' title="bbox 2137 1707 3782 1780">
    <p class='ocr_par' dir='ltr' id='par_1_62' title="bbox 2137 1707 3782 1780">
     <span class='ocr_line' id='line_1_62' title="bbox 2137 1707 3782 1780; baseline 0 -18"><span class='ocrx_word' id='word_1_415' title='bbox 2137 1710 2233 1763; x_wconf 84' lang='lat' dir='ltr'>sed</span> <span class='ocrx_word' id='word_1_416' title='bbox 2255 1726 2350 1762; x_wconf 84' lang='lat' dir='ltr'>ore</span> <span class='ocrx_word' id='word_1_417' title='bbox 2369 1714 2596 1764; x_wconf 88' lang='lat' dir='ltr'>tantum</span> <span class='ocrx_word' id='word_1_418' title='bbox 2623 1711 2910 1780; x_wconf 86' lang='lat' dir='ltr'>profectas</span> <span class='ocrx_word' id='word_1_419' title='bbox 2927 1709 2953 1763; x_wconf 82' lang='lat'>‘?</span> <span class='ocrx_word' id='word_1_420' title='bbox 2975 1711 3042 1763; x_wconf 87' lang='grc' dir='ltr'>Αι</span> <span class='ocrx_word' id='word_1_421' title='bbox 3062 1710 3320 1764; x_wconf 89' lang='lat' dir='ltr'>sinceras</span> <span class='ocrx_word' id='word_1_422' title='bbox 3339 1708 3578 1764; x_wconf 90' lang='lat' dir='ltr'>omnino</span> <span class='ocrx_word' id='word_1_423' title='bbox 3598 1707 3782 1764; x_wconf 88' lang='lat' dir='ltr'>fuisse</span> 
     </span>
    </p>
   </div>
   <div class='ocr_carea' id='block_1_63' title="bbox 2137 1797 3782 1870">
    <p class='ocr_par' dir='ltr' id='par_1_63' title="bbox 2137 1797 3782 1870">
     <span class='ocr_line' id='line_1_63' title="bbox 2137 1797 3782 1870; baseline 0 -18"><span class='ocrx_word' id='word_1_424' title='bbox 2137 1798 2269 1852; x_wconf 90' lang='lat' dir='ltr'>hinc</span> <span class='ocrx_word' id='word_1_425' title='bbox 2305 1797 2396 1852; x_wconf 90' lang='lat' dir='ltr'>ille</span> <span class='ocrx_word' id='word_1_426' title='bbox 2429 1798 2598 1869; x_wconf 87' lang='lat' dir='ltr'>plane</span> <span class='ocrx_word' id='word_1_427' title='bbox 2625 1799 2938 1869; x_wconf 82' lang='lat' dir='ltr'>convincit,</span> <span class='ocrx_word' id='word_1_428' title='bbox 2973 1799 3126 1870; x_wconf 90' lang='lat' dir='ltr'>quod</span> <span class='ocrx_word' id='word_1_429' title='bbox 3160 1799 3216 1854; x_wconf 93' lang='lat' dir='ltr'>in</span> <span class='ocrx_word' id='word_1_430' title='bbox 3251 1797 3454 1864; x_wconf 89' lang='lat' dir='ltr'>sacris,</span> <span class='ocrx_word' id='word_1_431' title='bbox 3489 1815 3638 1870; x_wconf 83' lang='lat' dir='ltr'>quas</span> <span class='ocrx_word' id='word_1_432' title='bbox 3660 1798 3782 1853; x_wconf 90' lang='lat' dir='ltr'>eth-</span> 
     </span>
    </p>
   </div>
   <div class='ocr_carea' id='block_1_64' title="bbox 2135 1886 3776 1960">
    <p class='ocr_par' dir='ltr' id='par_1_64' title="bbox 2135 1886 3776 1960">
     <span class='ocr_line' id='line_1_64' title="bbox 2135 1886 3776 1960; baseline 0 -20"><span class='ocrx_word' id='word_1_433' title='bbox 2135 1886 2280 1941; x_wconf 65' lang='lat' dir='ltr'>nicis</span> <span class='ocrx_word' id='word_1_434' title='bbox 2329 1888 2472 1958; x_wconf 83' lang='lat' dir='ltr'>ipsis</span> <span class='ocrx_word' id='word_1_435' title='bbox 2526 1905 2636 1941; x_wconf 90' lang='lat' dir='ltr'>non</span> <span class='ocrx_word' id='word_1_436' title='bbox 2693 1905 2820 1942; x_wconf 88' lang='lat' dir='ltr'>esse</span> <span class='ocrx_word' id='word_1_437' title='bbox 2871 1887 3198 1960; x_wconf 84' lang='lat' dir='ltr'>incognitas</span> <span class='ocrx_word' id='word_1_438' title='bbox 3250 1887 3636 1957; x_wconf 88' lang='lat' dir='ltr'>ostendimus,</span> <span class='ocrx_word' id='word_1_439' title='bbox 3669 1903 3776 1940; x_wconf 91' lang='lat' dir='ltr'>no-</span> 
     </span>
    </p>
   </div>
   <div class='ocr_carea' id='block_1_65' title="bbox 2135 1975 3776 2048">
    <p class='ocr_par' dir='ltr' id='par_1_65' title="bbox 2135 1975 3776 2048">
     <span class='ocr_line' id='line_1_65' title="bbox 2135 1975 3776 2048; baseline -0.001 -18"><span class='ocrx_word' id='word_1_440' title='bbox 2135 1976 2273 2030; x_wconf 92' lang='lat' dir='ltr'>stris</span> <span class='ocrx_word' id='word_1_441' title='bbox 2329 1977 2648 2047; x_wconf 78' lang='lat' dir='ltr'>Scripturis</span> <span class='ocrx_word' id='word_1_442' title='bbox 2697 1977 3072 2048; x_wconf 81' lang='lat' dir='ltr'>praecipiatur</span> <span class='ocrx_word' id='word_1_443' title='bbox 3118 1976 3368 2048; x_wconf 87' lang='lat' dir='ltr'>singulis</span> <span class='ocrx_word' id='word_1_444' title='bbox 3399 1981 3455 2031; x_wconf 91' lang='lat' dir='ltr'>et</span> <span class='ocrx_word' id='word_1_445' title='bbox 3503 1975 3776 2031; x_wconf 88' lang='lat' dir='ltr'>omnibus</span> 
     </span>
    </p>
   </div>
   <div class='ocr_carea' id='block_1_66' title="bbox 2133 2065 3774 2137">
    <p class='ocr_par' dir='ltr' id='par_1_66' title="bbox 2133 2065 3774 2137">
     <span class='ocr_line' id='line_1_66' title="bbox 2133 2065 3774 2137; baseline 0.001 -20"><span class='ocrx_word' id='word_1_446' title='bbox 2133 2065 2504 2128; x_wconf 76' lang='lat' dir='ltr'>Christianis,</span> <span class='ocrx_word' id='word_1_447' title='bbox 2538 2089 2564 2114; x_wconf 90' lang='grc'>‹‹</span> <span class='ocrx_word' id='word_1_448' title='bbox 2618 2066 2685 2119; x_wconf 88' lang='lat' dir='ltr'>ad</span> <span class='ocrx_word' id='word_1_449' title='bbox 2734 2065 3177 2121; x_wconf 84' lang='lat' dir='ltr'>redundantiam</span> <span class='ocrx_word' id='word_1_450' title='bbox 3228 2066 3463 2137; x_wconf 89' lang='lat' dir='ltr'>(inquit)</span> <span class='ocrx_word' id='word_1_451' title='bbox 3506 2065 3774 2136; x_wconf 90' lang='lat' dir='ltr'>benigni-</span> 
     </span>
    </p>
   </div>
   <div class='ocr_carea' id='block_1_67' title="bbox 2133 2154 3778 2224">
    <p class='ocr_par' dir='ltr' id='par_1_67' title="bbox 2133 2154 3778 2224">
     <span class='ocr_line' id='line_1_67' title="bbox 2133 2154 3778 2224; baseline -0.001 -16"><span class='ocrx_word' id='word_1_452' title='bbox 2133 2155 2292 2216; x_wconf 80' lang='lat' dir='ltr'>latis,</span> <span class='ocrx_word' id='word_1_453' title='bbox 2326 2155 2499 2208; x_wconf 87' lang='lat' dir='ltr'>etiam</span> <span class='ocrx_word' id='word_1_454' title='bbox 2537 2172 2636 2224; x_wconf 83' lang='lat' dir='ltr'>pro</span> <span class='ocrx_word' id='word_1_455' title='bbox 2668 2154 2924 2210; x_wconf 82' lang='lat' dir='ltr'>inimicis</span> <span class='ocrx_word' id='word_1_456' title='bbox 2968 2155 3148 2209; x_wconf 93' lang='lat' dir='ltr'>Deum</span> <span class='ocrx_word' id='word_1_457' title='bbox 3200 2171 3384 2223; x_wconf 91' lang='lat' dir='ltr'>orare,</span> <span class='ocrx_word' id='word_1_458' title='bbox 3418 2160 3474 2209; x_wconf 90' lang='lat' dir='ltr'>et</span> <span class='ocrx_word' id='word_1_459' title='bbox 3503 2171 3778 2223; x_wconf 88' lang='lat' dir='ltr'>persecu-</span> 
     </span>
    </p>
   </div>
   <div class='ocr_carea' id='block_1_68' title="bbox 2131 2243 3772 2316">
    <p class='ocr_par' dir='ltr' id='par_1_68' title="bbox 2131 2243 3772 2316">
     <span class='ocr_line' id='line_1_68' title="bbox 2131 2243 3772 2316; baseline -0.001 -18"><span class='ocrx_word' id='word_1_460' title='bbox 2131 2244 2358 2298; x_wconf 87' lang='lat' dir='ltr'>toribus</span> <span class='ocrx_word' id='word_1_461' title='bbox 2390 2245 2515 2298; x_wconf 85' lang='lat' dir='ltr'>suis</span> <span class='ocrx_word' id='word_1_462' title='bbox 2574 2243 2724 2297; x_wconf 89' lang='lat' dir='ltr'>bona</span> <span class='ocrx_word' id='word_1_463' title='bbox 2774 2244 2998 2316; x_wconf 87' lang='lat' dir='ltr'>precari</span> <span class='ocrx_word' id='word_1_464' title='bbox 3047 2265 3071 2293; x_wconf 72' lang='grc' dir='ltr'>»ι</span> <span class='ocrx_word' id='word_1_465' title='bbox 3136 2243 3340 2314; x_wconf 67' lang='lat' dir='ltr'>(Ibid)</span> <span class='ocrx_word' id='word_1_466' title='bbox 3401 2243 3540 2308; x_wconf 87' lang='lat' dir='ltr'>Quis</span> <span class='ocrx_word' id='word_1_467' title='bbox 3581 2250 3772 2297; x_wconf 85' lang='lat' dir='ltr'>autem</span> 
     </span>
    </p>
   </div>
   <div class='ocr_carea' id='block_1_69' title="bbox 2132 2331 3779 2402">
    <p class='ocr_par' dir='ltr' id='par_1_69' title="bbox 2132 2331 3779 2402">
     <span class='ocr_line' id='line_1_69' title="bbox 2132 2331 3779 2402; baseline 0.001 -17"><span class='ocrx_word' id='word_1_468' title='bbox 2132 2347 2246 2385; x_wconf 91' lang='lat' dir='ltr'>non</span> <span class='ocrx_word' id='word_1_469' title='bbox 2279 2331 2431 2386; x_wconf 86' lang='lat' dir='ltr'>videt</span> <span class='ocrx_word' id='word_1_470' title='bbox 2462 2331 2555 2384; x_wconf 90' lang='lat' dir='ltr'>bis</span> <span class='ocrx_word' id='word_1_471' title='bbox 2584 2331 2778 2385; x_wconf 87' lang='lat' dir='ltr'>verbis</span> <span class='ocrx_word' id='word_1_472' title='bbox 2808 2332 2880 2386; x_wconf 89' lang='lat' dir='ltr'>ab</span> <span class='ocrx_word' id='word_1_473' title='bbox 2911 2331 3010 2386; x_wconf 90' lang='lat' dir='ltr'>illo</span> <span class='ocrx_word' id='word_1_474' title='bbox 3043 2332 3337 2402; x_wconf 80' lang='lat' dir='ltr'>designari</span> <span class='ocrx_word' id='word_1_475' title='bbox 3386 2331 3530 2386; x_wconf 92' lang='lat' dir='ltr'>illud</span> <span class='ocrx_word' id='word_1_476' title='bbox 3561 2331 3779 2386; x_wconf 88' lang='lat' dir='ltr'>Christi</span> 
     </span>
    </p>
   </div>
   <div class='ocr_carea' id='block_1_70' title="bbox 2133 2421 3780 2492">
    <p class='ocr_par' dir='ltr' id='par_1_70' title="bbox 2133 2421 3780 2492">
     <span class='ocr_line' id='line_1_70' title="bbox 2133 2421 3780 2492; baseline 0.001 -18"><span class='ocrx_word' id='word_1_477' title='bbox 2133 2425 2484 2492; x_wconf 68' lang='lat' dir='ltr'>praeceptum</span> <span class='ocrx_word' id='word_1_478' title='bbox 2541 2436 2554 2474; x_wconf 92' lang='lat'>:</span> <span class='ocrx_word' id='word_1_479' title='bbox 2629 2421 2873 2475; x_wconf 83' lang='lat' dir='ltr'>Audistis</span> <span class='ocrx_word' id='word_1_480' title='bbox 2929 2422 3060 2491; x_wconf 85' lang='lat' dir='ltr'>quia</span> <span class='ocrx_word' id='word_1_481' title='bbox 3115 2421 3322 2476; x_wconf 87' lang='lat' dir='ltr'>dictum</span> <span class='ocrx_word' id='word_1_482' title='bbox 3376 2429 3457 2476; x_wconf 89' lang='lat' dir='ltr'>est</span> <span class='ocrx_word' id='word_1_483' title='bbox 3503 2439 3523 2474; x_wconf 77' lang='grc' dir='ltr'>,ο</span> <span class='ocrx_word' id='word_1_484' title='bbox 3579 2421 3780 2490; x_wconf 79' lang='lat' dir='ltr'>Diliges</span> 
     </span>
    </p>
   </div>
   <div class='ocr_carea' id='block_1_71' title="bbox 2128 2509 3780 2580">
    <p class='ocr_par' dir='ltr' id='par_1_71' title="bbox 2128 2509 3780 2580">
     <span class='ocr_line' id='line_1_71' title="bbox 2128 2509 3780 2580; baseline 0.001 -17"><span class='ocrx_word' id='word_1_485' title='bbox 2128 2509 2448 2580; x_wconf 72' lang='lat' dir='ltr'>proximum</span> <span class='ocrx_word' id='word_1_486' title='bbox 2480 2514 2641 2564; x_wconf 88' lang='lat' dir='ltr'>tuum</span> <span class='ocrx_word' id='word_1_487' title='bbox 2673 2518 2722 2563; x_wconf 86' lang='lat' dir='ltr'>et</span> <span class='ocrx_word' id='word_1_488' title='bbox 2743 2510 2869 2565; x_wconf 87' lang='lat' dir='ltr'>odio</span> <span class='ocrx_word' id='word_1_489' title='bbox 2893 2509 3119 2565; x_wconf 81' lang='lat' dir='ltr'>habebis</span> <span class='ocrx_word' id='word_1_490' title='bbox 3142 2510 3433 2564; x_wconf 85' lang='lat' dir='ltr'>inimicum</span> <span class='ocrx_word' id='word_1_491' title='bbox 3463 2517 3656 2572; x_wconf 84' lang='lat' dir='ltr'>tuum;</span> <span class='ocrx_word' id='word_1_492' title='bbox 3683 2525 3780 2578; x_wconf 86' lang='lat' dir='ltr'>ego</span> 
     </span>
    </p>
   </div>
   <div class='ocr_carea' id='block_1_72' title="bbox 2131 2597 3782 2668">
    <p class='ocr_par' dir='ltr' id='par_1_72' title="bbox 2131 2597 3782 2668">
     <span class='ocr_line' id='line_1_72' title="bbox 2131 2597 3782 2668; baseline 0 -16"><span class='ocrx_word' id='word_1_493' title='bbox 2131 2601 2317 2653; x_wconf 88' lang='lat' dir='ltr'>autem</span> <span class='ocrx_word' id='word_1_494' title='bbox 2342 2599 2466 2653; x_wconf 76' lang='lat' dir='ltr'>dico</span> <span class='ocrx_word' id='word_1_495' title='bbox 2498 2599 2682 2652; x_wconf 85' lang='lat' dir='ltr'>vobis:</span> <span class='ocrx_word' id='word_1_496' title='bbox 2715 2597 2944 2668; x_wconf 79' lang='lat' dir='ltr'>Diligite</span> <span class='ocrx_word' id='word_1_497' title='bbox 2997 2599 3253 2654; x_wconf 86' lang='lat' dir='ltr'>inimicos</span> <span class='ocrx_word' id='word_1_498' title='bbox 3302 2603 3526 2660; x_wconf 84' lang='lat' dir='ltr'>vestros,</span> <span class='ocrx_word' id='word_1_499' title='bbox 3559 2598 3782 2668; x_wconf 81' lang='lat' dir='ltr'>benefa-</span> 
     </span>
    </p>
   </div>
   <div class='ocr_carea' id='block_1_73' title="bbox 2131 2687 3783 2758">
    <p class='ocr_par' dir='ltr' id='par_1_73' title="bbox 2131 2687 3783 2758">
     <span class='ocr_line' id='line_1_73' title="bbox 2131 2687 3783 2758; baseline 0.001 -16"><span class='ocrx_word' id='word_1_500' title='bbox 2131 2692 2235 2743; x_wconf 85' lang='lat' dir='ltr'>cite</span> <span class='ocrx_word' id='word_1_501' title='bbox 2266 2688 2350 2742; x_wconf 88' lang='lat' dir='ltr'>his</span> <span class='ocrx_word' id='word_1_502' title='bbox 2381 2689 2479 2757; x_wconf 85' lang='lat' dir='ltr'>qui</span> <span class='ocrx_word' id='word_1_503' title='bbox 2507 2687 2736 2743; x_wconf 84' lang='lat' dir='ltr'>oderunt</span> <span class='ocrx_word' id='word_1_504' title='bbox 2769 2704 2877 2754; x_wconf 87' lang='lat' dir='ltr'>vos,</span> <span class='ocrx_word' id='word_1_505' title='bbox 2910 2691 2965 2742; x_wconf 89' lang='lat' dir='ltr'>et</span> <span class='ocrx_word' id='word_1_506' title='bbox 3012 2692 3166 2743; x_wconf 87' lang='lat' dir='ltr'>orate</span> <span class='ocrx_word' id='word_1_507' title='bbox 3193 2704 3291 2758; x_wconf 91' lang='lat' dir='ltr'>pro</span> <span class='ocrx_word' id='word_1_508' title='bbox 3338 2687 3783 2758; x_wconf 83' lang='lat' dir='ltr'>persequentibus</span> 
     </span>
    </p>
   </div>
   <div class='ocr_carea' id='block_1_74' title="bbox 2131 2777 3777 2849">
    <p class='ocr_par' dir='ltr' id='par_1_74' title="bbox 2131 2777 3777 2849">
     <span class='ocr_line' id='line_1_74' title="bbox 2131 2777 3777 2849; baseline -0.001 -16"><span class='ocrx_word' id='word_1_509' title='bbox 2131 2787 2181 2833; x_wconf 83' lang='lat' dir='ltr'>et</span> <span class='ocrx_word' id='word_1_510' title='bbox 2211 2777 2688 2832; x_wconf 79' lang='lat' dir='ltr'>calumniantibus</span> <span class='ocrx_word' id='word_1_511' title='bbox 2745 2793 2832 2832; x_wconf 87' lang='lat' dir='ltr'>vos</span> <span class='ocrx_word' id='word_1_512' title='bbox 2889 2777 3097 2848; x_wconf 84' lang='lat' dir='ltr'>(Matth.</span> <span class='ocrx_word' id='word_1_513' title='bbox 3150 2779 3212 2845; x_wconf 85' lang='lat' dir='ltr'>V,</span> <span class='ocrx_word' id='word_1_514' title='bbox 3271 2794 3322 2833; x_wconf 89' lang='lat' dir='ltr'>v.</span> <span class='ocrx_word' id='word_1_515' title='bbox 3381 2778 3450 2831; x_wconf 84' lang='grc'>43</span> <span class='ocrx_word' id='word_1_516' title='bbox 3507 2785 3557 2832; x_wconf 89' lang='lat' dir='ltr'>et</span> <span class='ocrx_word' id='word_1_517' title='bbox 3585 2777 3777 2849; x_wconf 71' lang='lat' dir='ltr'>seqq).</span> 
     </span>
    </p>
   </div>
   <div class='ocr_carea' id='block_1_75' title="bbox 2131 2865 3774 2936">
    <p class='ocr_par' dir='ltr' id='par_1_75' title="bbox 2131 2865 3774 2936">
     <span class='ocr_line' id='line_1_75' title="bbox 2131 2865 3774 2936; baseline -0.002 -15"><span class='ocrx_word' id='word_1_518' title='bbox 2131 2866 2401 2921; x_wconf 89' lang='lat' dir='ltr'>Christus</span> <span class='ocrx_word' id='word_1_519' title='bbox 2433 2866 2585 2921; x_wconf 90' lang='lat' dir='ltr'>enim</span> <span class='ocrx_word' id='word_1_520' title='bbox 2623 2865 2712 2920; x_wconf 90' lang='lat' dir='ltr'>bis</span> <span class='ocrx_word' id='word_1_521' title='bbox 2734 2866 3111 2936; x_wconf 81' lang='lat' dir='ltr'>verbisjubet</span> <span class='ocrx_word' id='word_1_522' title='bbox 3143 2869 3201 2920; x_wconf 92' lang='lat' dir='ltr'>ut</span> <span class='ocrx_word' id='word_1_523' title='bbox 3234 2865 3545 2920; x_wconf 86' lang='lat' dir='ltr'>Christiani</span> <span class='ocrx_word' id='word_1_524' title='bbox 3578 2865 3774 2920; x_wconf 89' lang='lat' dir='ltr'>inimi-</span> 
     </span>
    </p>
   </div>
   <div class='ocr_carea' id='block_1_76' title="bbox 2132 2953 3773 3025">
    <p class='ocr_par' dir='ltr' id='par_1_76' title="bbox 2132 2953 3773 3025">
     <span class='ocr_line' id='line_1_76' title="bbox 2132 2953 3773 3025; baseline -0.001 -16"><span class='ocrx_word' id='word_1_525' title='bbox 2132 2972 2230 3010; x_wconf 92' lang='lat' dir='ltr'>cos</span> <span class='ocrx_word' id='word_1_526' title='bbox 2263 2972 2402 3010; x_wconf 88' lang='lat' dir='ltr'>suos</span> <span class='ocrx_word' id='word_1_527' title='bbox 2437 2972 2548 3009; x_wconf 91' lang='lat' dir='ltr'>non</span> <span class='ocrx_word' id='word_1_528' title='bbox 2584 2953 2862 3025; x_wconf 82' lang='lat' dir='ltr'>amplius,</span> <span class='ocrx_word' id='word_1_529' title='bbox 2896 2954 3048 3008; x_wconf 90' lang='lat' dir='ltr'>sicut</span> <span class='ocrx_word' id='word_1_530' title='bbox 3075 2953 3284 3020; x_wconf 67' lang='lat' dir='ltr'>Judaei,</span> <span class='ocrx_word' id='word_1_531' title='bbox 3332 2954 3464 3008; x_wconf 82' lang='lat' dir='ltr'>odio</span> <span class='ocrx_word' id='word_1_532' title='bbox 3496 2953 3773 3021; x_wconf 84' lang='lat' dir='ltr'>habeant,</span> 
     </span>
    </p>
   </div>
   <div class='ocr_carea' id='block_1_77' title="bbox 2133 3041 3776 3111">
    <p class='ocr_par' dir='ltr' id='par_1_77' title="bbox 2133 3041 3776 3111">
     <span class='ocr_line' id='line_1_77' title="bbox 2133 3041 3776 3111; baseline 0 -12"><span class='ocrx_word' id='word_1_533' title='bbox 2133 3046 2232 3099; x_wconf 90' lang='lat' dir='ltr'>sed</span> <span class='ocrx_word' id='word_1_534' title='bbox 2265 3043 2334 3097; x_wconf 82' lang='lat' dir='ltr'>ad</span> <span class='ocrx_word' id='word_1_535' title='bbox 2379 3044 2812 3097; x_wconf 82' lang='lat' dir='ltr'>redundantiam</span> <span class='ocrx_word' id='word_1_536' title='bbox 2858 3043 3220 3111; x_wconf 84' lang='lat' dir='ltr'>benignitatis</span> <span class='ocrx_word' id='word_1_537' title='bbox 3267 3042 3611 3097; x_wconf 79' lang='lat' dir='ltr'>Christianas</span> <span class='ocrx_word' id='word_1_538' title='bbox 3644 3041 3776 3099; x_wconf 80' lang='lat' dir='ltr'>illos</span> 
     </span>
    </p>
   </div>
   <div class='ocr_carea' id='block_1_78' title="bbox 2133 3131 3778 3202">
    <p class='ocr_par' dir='ltr' id='par_1_78' title="bbox 2133 3131 3778 3202">
     <span class='ocr_line' id='line_1_78' title="bbox 2133 3131 3778 3202; baseline 0 -16"><span class='ocrx_word' id='word_1_539' title='bbox 2133 3133 2401 3202; x_wconf 86' lang='lat' dir='ltr'>diligant,</span> <span class='ocrx_word' id='word_1_540' title='bbox 2454 3133 2570 3188; x_wconf 91' lang='lat' dir='ltr'>illis</span> <span class='ocrx_word' id='word_1_541' title='bbox 2623 3132 2991 3187; x_wconf 87' lang='lat' dir='ltr'>benefaciant</span> <span class='ocrx_word' id='word_1_542' title='bbox 3038 3149 3141 3202; x_wconf 91' lang='lat' dir='ltr'>pro</span> <span class='ocrx_word' id='word_1_543' title='bbox 3198 3131 3687 3202; x_wconf 85' lang='lat' dir='ltr'>persequentibus</span> <span class='ocrx_word' id='word_1_544' title='bbox 3720 3135 3778 3186; x_wconf 86' lang='lat' dir='ltr'>et</span> 
     </span>
    </p>
   </div>
   <div class='ocr_carea' id='block_1_79' title="bbox 2134 3220 3774 3292">
    <p class='ocr_par' dir='ltr' id='par_1_79' title="bbox 2134 3220 3774 3292">
     <span class='ocr_line' id='line_1_79' title="bbox 2134 3220 3774 3292; baseline -0.001 -17"><span class='ocrx_word' id='word_1_545' title='bbox 2134 3221 2635 3276; x_wconf 86' lang='lat' dir='ltr'>calumniantibus</span> <span class='ocrx_word' id='word_1_546' title='bbox 2684 3221 2890 3274; x_wconf 88' lang='lat' dir='ltr'>intimo</span> <span class='ocrx_word' id='word_1_547' title='bbox 2940 3224 3287 3292; x_wconf 86' lang='lat' dir='ltr'>sinceroque</span> <span class='ocrx_word' id='word_1_548' title='bbox 3327 3220 3518 3274; x_wconf 89' lang='lat' dir='ltr'>cordis</span> <span class='ocrx_word' id='word_1_549' title='bbox 3565 3220 3774 3274; x_wconf 74' lang='lat' dir='ltr'>affectu</span> 
     </span>
    </p>
   </div>
   <div class='ocr_carea' id='block_1_80' title="bbox 2051 3276 2681 3382">
    <p class='ocr_par' dir='ltr' id='par_1_80' title="bbox 2051 3276 2681 3382">
     <span class='ocr_line' id='line_1_80' title="bbox 2051 3276 2681 3382; baseline -0.005 -17"><span class='ocrx_word' id='word_1_550' title='bbox 2051 3276 2094 3341; x_wconf 61' lang='grc' dir='ltr'>Ε</span> <span class='ocrx_word' id='word_1_551' title='bbox 2138 3317 2314 3366; x_wconf 90' lang='lat' dir='ltr'>Deum</span> <span class='ocrx_word' id='word_1_552' title='bbox 2350 3316 2681 3382; x_wconf 84' lang='lat' dir='ltr'>precentur.</span> 
     </span>
    </p>
   </div>
   <div class='ocr_carea' id='block_1_81' title="bbox 2205 3397 3777 3470">
    <p class='ocr_par' dir='ltr' id='par_1_81' title="bbox 2205 3397 3777 3470">
     <span class='ocr_line' id='line_1_81' title="bbox 2205 3397 3777 3470; baseline -0.001 -18"><span class='ocrx_word' id='word_1_553' title='bbox 2205 3402 2270 3453; x_wconf 81' lang='lat' dir='ltr'>At</span> <span class='ocrx_word' id='word_1_554' title='bbox 2300 3401 2395 3470; x_wconf 86' lang='lat' dir='ltr'>qui</span> <span class='ocrx_word' id='word_1_555' title='bbox 2423 3401 2596 3466; x_wconf 75' lang='lat' dir='ltr'>magis</span> <span class='ocrx_word' id='word_1_556' title='bbox 2655 3398 2843 3470; x_wconf 85' lang='lat' dir='ltr'>pergit</span> <span class='ocrx_word' id='word_1_557' title='bbox 2873 3397 2992 3462; x_wconf 89' lang='lat' dir='ltr'>ille,</span> <span class='ocrx_word' id='word_1_558' title='bbox 3020 3397 3242 3452; x_wconf 90' lang='lat' dir='ltr'>inimici</span> <span class='ocrx_word' id='word_1_559' title='bbox 3289 3403 3345 3452; x_wconf 90' lang='lat' dir='ltr'>et</span> <span class='ocrx_word' id='word_1_560' title='bbox 3376 3401 3777 3468; x_wconf 85' lang='lat' dir='ltr'>persecutores</span> 
     </span>
    </p>
   </div>
   <div class='ocr_carea' id='block_1_82' title="bbox 2131 3484 3781 3558">
    <p class='ocr_par' dir='ltr' id='par_1_82' title="bbox 2131 3484 3781 3558">
     <span class='ocr_line' id='line_1_82' title="bbox 2131 3484 3781 3558; baseline -0.001 -16"><span class='ocrx_word' id='word_1_561' title='bbox 2131 3489 2619 3550; x_wconf 82' lang='lat' dir='ltr'>Christianorum,</span> <span class='ocrx_word' id='word_1_562' title='bbox 2653 3504 2816 3557; x_wconf 88' lang='lat' dir='ltr'>quam</span> <span class='ocrx_word' id='word_1_563' title='bbox 2847 3487 3253 3558; x_wconf 88' lang='lat' dir='ltr'>imperatores,</span> <span class='ocrx_word' id='word_1_564' title='bbox 3285 3487 3350 3542; x_wconf 90' lang='lat' dir='ltr'>de</span> <span class='ocrx_word' id='word_1_565' title='bbox 3379 3502 3611 3557; x_wconf 89' lang='lat' dir='ltr'>quorum</span> <span class='ocrx_word' id='word_1_566' title='bbox 3641 3484 3781 3540; x_wconf 76' lang='lat' dir='ltr'>ltesa</span> 
     </span>
    </p>
   </div>
   <div class='ocr_carea' id='block_1_83' title="bbox 2131 3576 3781 3644">
    <p class='ocr_par' dir='ltr' id='par_1_83' title="bbox 2131 3576 3781 3644">
     <span class='ocr_line' id='line_1_83' title="bbox 2131 3576 3781 3644; baseline -0.002 -11"><span class='ocrx_word' id='word_1_567' title='bbox 2131 3580 2433 3644; x_wconf 74' lang='lat' dir='ltr'>majestate</span> <span class='ocrx_word' id='word_1_568' title='bbox 2467 3578 2846 3630; x_wconf 77' lang='lat' dir='ltr'>convenimur</span> <span class='ocrx_word' id='word_1_569' title='bbox 2878 3578 2934 3629; x_wconf 88' lang='lat' dir='ltr'>in</span> <span class='ocrx_word' id='word_1_570' title='bbox 2964 3577 3193 3643; x_wconf 86' lang='lat' dir='ltr'>crimen,</span> <span class='ocrx_word' id='word_1_571' title='bbox 3226 3576 3282 3628; x_wconf 91' lang='lat' dir='ltr'>id</span> <span class='ocrx_word' id='word_1_572' title='bbox 3317 3580 3406 3630; x_wconf 89' lang='lat' dir='ltr'>est</span> <span class='ocrx_word' id='word_1_573' title='bbox 3431 3591 3781 3630; x_wconf 83' lang='lat' dir='ltr'>accusamur</span> 
     </span>
    </p>
   </div>
   <div class='ocr_carea' id='block_1_84' title="bbox 2130 3664 3774 3738">
    <p class='ocr_par' dir='ltr' id='par_1_84' title="bbox 2130 3664 3774 3738">
     <span class='ocr_line' id='line_1_84' title="bbox 2130 3664 3774 3738; baseline -0.002 -16"><span class='ocrx_word' id='word_1_574' title='bbox 2130 3666 2391 3738; x_wconf 83' lang='lat' dir='ltr'>(Tertull.</span> <span class='ocrx_word' id='word_1_575' title='bbox 2430 3668 2533 3720; x_wconf 93' lang='lat' dir='ltr'>Ioc.</span> <span class='ocrx_word' id='word_1_576' title='bbox 2569 3665 2734 3734; x_wconf 83' lang='lat' dir='ltr'>cit.)?</span> <span class='ocrx_word' id='word_1_577' title='bbox 2767 3665 2916 3720; x_wconf 83' lang='lat' dir='ltr'>Alibi</span> <span class='ocrx_word' id='word_1_578' title='bbox 2950 3682 3081 3720; x_wconf 90' lang='lat' dir='ltr'>vero</span> <span class='ocrx_word' id='word_1_579' title='bbox 3115 3681 3220 3720; x_wconf 90' lang='lat' dir='ltr'>nec</span> <span class='ocrx_word' id='word_1_580' title='bbox 3251 3664 3431 3720; x_wconf 92' lang='lat' dir='ltr'>semel</span> <span class='ocrx_word' id='word_1_581' title='bbox 3463 3664 3570 3719; x_wconf 92' lang='lat' dir='ltr'>hoc</span> <span class='ocrx_word' id='word_1_582' title='bbox 3600 3665 3774 3719; x_wconf 90' lang='lat' dir='ltr'>verbo</span> 
     </span>
    </p>
   </div>
   <div class='ocr_carea' id='block_1_85' title="bbox 2131 3753 3772 3826">
    <p class='ocr_par' dir='ltr' id='par_1_85' title="bbox 2131 3753 3772 3826">
     <span class='ocr_line' id='line_1_85' title="bbox 2131 3753 3772 3826; baseline -0.002 -15"><span class='ocrx_word' id='word_1_583' title='bbox 2131 3757 2316 3811; x_wconf 86' lang='lat' dir='ltr'>utitur</span> <span class='ocrx_word' id='word_1_584' title='bbox 2347 3755 2502 3826; x_wconf 79' lang='lat' dir='ltr'>(Ibid.</span> <span class='ocrx_word' id='word_1_585' title='bbox 2537 3772 2585 3808; x_wconf 91' lang='lat' dir='ltr'>c.</span> <span class='ocrx_word' id='word_1_586' title='bbox 2619 3756 2708 3814; x_wconf 81' lang='lat'>35,</span> <span class='ocrx_word' id='word_1_587' title='bbox 2741 3771 2797 3824; x_wconf 88' lang='lat' dir='ltr'>p.</span> <span class='ocrx_word' id='word_1_588' title='bbox 2843 3755 2988 3824; x_wconf 76' lang='grc'>454).</span> <span class='ocrx_word' id='word_1_589' title='bbox 3041 3754 3321 3823; x_wconf 89' lang='lat' dir='ltr'>Superius</span> <span class='ocrx_word' id='word_1_590' title='bbox 3369 3753 3585 3824; x_wconf 92' lang='lat' dir='ltr'>quippe</span> <span class='ocrx_word' id='word_1_591' title='bbox 3615 3753 3772 3808; x_wconf 87' lang='lat' dir='ltr'>dixe-</span> 
     </span>
    </p>
   </div>
   <div class='ocr_carea' id='block_1_86' title="bbox 2130 3841 3774 3914">
    <p class='ocr_par' dir='ltr' id='par_1_86' title="bbox 2130 3841 3774 3914">
     <span class='ocr_line' id='line_1_86' title="bbox 2130 3841 3774 3914; baseline -0.001 -14"><span class='ocrx_word' id='word_1_592' title='bbox 2130 3850 2238 3910; x_wconf 84' lang='lat' dir='ltr'>rat,</span> <span class='ocrx_word' id='word_1_593' title='bbox 2274 3845 2564 3914; x_wconf 79' lang='lat' dir='ltr'>Sacrilegii</span> <span class='ocrx_word' id='word_1_594' title='bbox 2620 3848 2670 3897; x_wconf 82' lang='lat' dir='ltr'>et</span> <span class='ocrx_word' id='word_1_595' title='bbox 2724 3844 3029 3912; x_wconf 84' lang='lat' dir='ltr'>majestatis</span> <span class='ocrx_word' id='word_1_596' title='bbox 3072 3845 3155 3898; x_wconf 90' lang='lat' dir='ltr'>rei</span> <span class='ocrx_word' id='word_1_597' title='bbox 3207 3843 3580 3900; x_wconf 82' lang='lat' dir='ltr'>convenimur.</span> <span class='ocrx_word' id='word_1_598' title='bbox 3617 3841 3774 3898; x_wconf 85' lang='lat' dir='ltr'>Infra</span> 
     </span>
    </p>
   </div>
   <div class='ocr_carea' id='block_1_87' title="bbox 2128 3933 3770 4004">
    <p class='ocr_par' dir='ltr' id='par_1_87' title="bbox 2128 3933 3770 4004">
     <span class='ocr_line' id='line_1_87' title="bbox 2128 3933 3770 4004; baseline -0.001 -15"><span class='ocrx_word' id='word_1_599' title='bbox 2128 3941 2324 3989; x_wconf 89' lang='lat' dir='ltr'>autem</span> <span class='ocrx_word' id='word_1_600' title='bbox 2352 3951 2365 3988; x_wconf 91' lang='lat'>:</span> <span class='ocrx_word' id='word_1_601' title='bbox 2402 3940 2476 3987; x_wconf 86' lang='lat' dir='ltr'>De</span> <span class='ocrx_word' id='word_1_602' title='bbox 2507 3935 2786 3999; x_wconf 88' lang='lat' dir='ltr'>secunda,</span> <span class='ocrx_word' id='word_1_603' title='bbox 2819 3938 2950 4004; x_wconf 87' lang='lat' dir='ltr'>post</span> <span class='ocrx_word' id='word_1_604' title='bbox 2975 3940 3152 3989; x_wconf 84' lang='lat' dir='ltr'>Deum</span> <span class='ocrx_word' id='word_1_605' title='bbox 3178 3933 3418 4003; x_wconf 86' lang='lat' dir='ltr'>scilicet,</span> <span class='ocrx_word' id='word_1_606' title='bbox 3447 3933 3770 4001; x_wconf 80' lang='lat' dir='ltr'>majestate,</span> 
     </span>
    </p>
   </div>
   <div class='ocr_carea' id='block_1_88' title="bbox 2128 4021 3772 4092">
    <p class='ocr_par' dir='ltr' id='par_1_88' title="bbox 2128 4021 3772 4092">
     <span class='ocr_line' id='line_1_88' title="bbox 2128 4021 3772 4092; baseline -0.002 -16"><span class='ocrx_word' id='word_1_607' title='bbox 2128 4025 2190 4077; x_wconf 87' lang='lat' dir='ltr'>in</span> <span class='ocrx_word' id='word_1_608' title='bbox 2218 4023 2516 4078; x_wconf 85' lang='lat' dir='ltr'>secundum</span> <span class='ocrx_word' id='word_1_609' title='bbox 2558 4023 2913 4092; x_wconf 81' lang='lat' dir='ltr'>sacrilegium</span> <span class='ocrx_word' id='word_1_610' title='bbox 2959 4026 3336 4078; x_wconf 85' lang='lat' dir='ltr'>convenimur.</span> <span class='ocrx_word' id='word_1_611' title='bbox 3387 4021 3547 4085; x_wconf 89' lang='lat' dir='ltr'>Quod</span> <span class='ocrx_word' id='word_1_612' title='bbox 3582 4021 3772 4090; x_wconf 89' lang='lat' dir='ltr'>juris-</span> 
     </span>
    </p>
   </div>
   <div class='ocr_carea' id='block_1_89' title="bbox 2129 4109 3771 4180">
    <p class='ocr_par' dir='ltr' id='par_1_89' title="bbox 2129 4109 3771 4180">
     <span class='ocr_line' id='line_1_89' title="bbox 2129 4109 3771 4180; baseline -0.003 -13"><span class='ocrx_word' id='word_1_613' title='bbox 2129 4111 2529 4167; x_wconf 85' lang='lat' dir='ltr'>consultorum</span> <span class='ocrx_word' id='word_1_614' title='bbox 2577 4117 2665 4165; x_wconf 88' lang='lat' dir='ltr'>est</span> <span class='ocrx_word' id='word_1_615' title='bbox 2708 4113 2976 4174; x_wconf 87' lang='lat' dir='ltr'>verbum,</span> <span class='ocrx_word' id='word_1_616' title='bbox 3029 4127 3142 4180; x_wconf 86' lang='lat' dir='ltr'>quo</span> <span class='ocrx_word' id='word_1_617' title='bbox 3197 4111 3348 4165; x_wconf 71' lang='lat' dir='ltr'>idem</span> <span class='ocrx_word' id='word_1_618' title='bbox 3383 4109 3771 4180; x_wconf 85' lang='lat' dir='ltr'>signiﬁcatur,</span> 
     </span>
    </p>
   </div>
   <div class='ocr_carea' id='block_1_90' title="bbox 2129 4194 3776 4270">
    <p class='ocr_par' dir='ltr' id='par_1_90' title="bbox 2129 4194 3776 4270">
     <span class='ocr_line' id='line_1_90' title="bbox 2129 4194 3776 4270; baseline -0.002 -16"><span class='ocrx_word' id='word_1_619' title='bbox 2129 4201 2387 4269; x_wconf 87' lang='lat' dir='ltr'>atquein</span> <span class='ocrx_word' id='word_1_620' title='bbox 2437 4202 2539 4270; x_wconf 85' lang='lat' dir='ltr'>jus</span> <span class='ocrx_word' id='word_1_621' title='bbox 2599 4200 2811 4253; x_wconf 76' lang='lat' dir='ltr'>vocari.</span> <span class='ocrx_word' id='word_1_622' title='bbox 2879 4202 3009 4254; x_wconf 83' lang='lat' dir='ltr'>Lata</span> <span class='ocrx_word' id='word_1_623' title='bbox 3069 4199 3311 4268; x_wconf 83' lang='lat' dir='ltr'>igitura</span> <span class='ocrx_word' id='word_1_624' title='bbox 3368 4195 3596 4251; x_wconf 87' lang='lat' dir='ltr'>Christo</span> <span class='ocrx_word' id='word_1_625' title='bbox 3646 4194 3776 4267; x_wconf 86' lang='lat' dir='ltr'>lege</span> 
     </span>
    </p>
   </div>
   <div class='ocr_carea' id='block_1_91' title="bbox 2127 4286 3776 4358">
    <p class='ocr_par' dir='ltr' id='par_1_91' title="bbox 2127 4286 3776 4358">
     <span class='ocr_line' id='line_1_91' title="bbox 2127 4286 3776 4358; baseline -0.002 -16"><span class='ocrx_word' id='word_1_626' title='bbox 2127 4289 2442 4343; x_wconf 86' lang='lat' dir='ltr'>Christiani</span> <span class='ocrx_word' id='word_1_627' title='bbox 2477 4290 2822 4342; x_wconf 71' lang='lat' dir='ltr'>tenebantur</span> <span class='ocrx_word' id='word_1_628' title='bbox 2845 4304 2946 4358; x_wconf 92' lang='lat' dir='ltr'>pro</span> <span class='ocrx_word' id='word_1_629' title='bbox 2968 4286 3440 4356; x_wconf 87' lang='lat' dir='ltr'>imperatoribus,</span> <span class='ocrx_word' id='word_1_630' title='bbox 3463 4289 3776 4356; x_wconf 87' lang='lat' dir='ltr'>quantum-</span> 
     </span>
    </p>
   </div>
   <div class='ocr_carea' id='block_1_92' title="bbox 2125 4373 3774 4446">
    <p class='ocr_par' dir='ltr' id='par_1_92' title="bbox 2125 4373 3774 4446">
     <span class='ocr_line' id='line_1_92' title="bbox 2125 4373 3774 4446; baseline -0.001 -16"><span class='ocrx_word' id='word_1_631' title='bbox 2125 4376 2268 4432; x_wconf 88' lang='lat' dir='ltr'>libet</span> <span class='ocrx_word' id='word_1_632' title='bbox 2295 4377 2553 4431; x_wconf 89' lang='lat' dir='ltr'>inimicis</span> <span class='ocrx_word' id='word_1_633' title='bbox 2597 4393 2662 4430; x_wconf 85' lang='lat' dir='ltr'>ac</span> <span class='ocrx_word' id='word_1_634' title='bbox 2713 4376 3184 4446; x_wconf 86' lang='lat' dir='ltr'>persecutoribus</span> <span class='ocrx_word' id='word_1_635' title='bbox 3244 4375 3390 4441; x_wconf 90' lang='lat' dir='ltr'>suis,</span> <span class='ocrx_word' id='word_1_636' title='bbox 3422 4373 3774 4444; x_wconf 89' lang='lat' dir='ltr'>illorumque</span> 
     </span>
    </p>
   </div>
   <div class='ocr_carea' id='block_1_93' title="bbox 2126 4465 2838 4536">
    <p class='ocr_par' dir='ltr' id='par_1_93' title="bbox 2126 4465 2838 4536">
     <span class='ocr_line' id='line_1_93' title="bbox 2126 4465 2838 4536; baseline -0.004 -16"><span class='ocrx_word' id='word_1_637' title='bbox 2126 4466 2311 4520; x_wconf 84' lang='lat' dir='ltr'>salute</span> <span class='ocrx_word' id='word_1_638' title='bbox 2346 4471 2456 4519; x_wconf 90' lang='lat' dir='ltr'>Deo</span> <span class='ocrx_word' id='word_1_639' title='bbox 2489 4482 2554 4519; x_wconf 90' lang='lat' dir='ltr'>sn</span> <span class='ocrx_word' id='word_1_640' title='bbox 2568 4465 2838 4536; x_wconf 87' lang='lat' dir='ltr'>pplicare.</span> 
     </span>
    </p>
   </div>
   <div class='ocr_carea' id='block_1_94' title="bbox 2199 4569 3773 4642">
    <p class='ocr_par' dir='ltr' id='par_1_94' title="bbox 2199 4569 3773 4642">
     <span class='ocr_line' id='line_1_94' title="bbox 2199 4569 3773 4642; baseline -0.001 -18"><span class='ocrx_word' id='word_1_641' title='bbox 2199 4571 2343 4635; x_wconf 90' lang='lat' dir='ltr'>Quid</span> <span class='ocrx_word' id='word_1_642' title='bbox 2377 4588 2530 4637; x_wconf 91' lang='lat' dir='ltr'>vero,</span> <span class='ocrx_word' id='word_1_643' title='bbox 2565 4572 2715 4642; x_wconf 84' lang='lat' dir='ltr'>quod</span> <span class='ocrx_word' id='word_1_644' title='bbox 2772 4570 3090 4626; x_wconf 89' lang='lat' dir='ltr'>Christiani</span> <span class='ocrx_word' id='word_1_645' title='bbox 3141 4570 3255 4625; x_wconf 89' lang='lat' dir='ltr'>alia</span> <span class='ocrx_word' id='word_1_646' title='bbox 3311 4569 3502 4624; x_wconf 90' lang='lat' dir='ltr'>adhuc</span> <span class='ocrx_word' id='word_1_647' title='bbox 3531 4569 3670 4624; x_wconf 86' lang='lat' dir='ltr'>data</span> <span class='ocrx_word' id='word_1_648' title='bbox 3699 4571 3773 4624; x_wconf 88' lang='lat' dir='ltr'>ab</span> 
     </span>
    </p>
   </div>
   <div class='ocr_carea' id='block_1_95' title="bbox 367 4645 3772 4734">
    <p class='ocr_par' dir='ltr' id='par_1_95' title="bbox 367 4645 3772 4734">
     <span class='ocr_line' id='line_1_95' title="bbox 367 4645 3772 4734; baseline -0.001 -17"><span class='ocrx_word' id='word_1_649' title='bbox 367 4662 671 4733; x_wconf 77' lang='lat' dir='ltr'>(Athenag.</span> <span class='ocrx_word' id='word_1_650' title='bbox 702 4662 874 4734; x_wconf 86' lang='lat' dir='ltr'>Legat</span> <span class='ocrx_word' id='word_1_651' title='bbox 923 4677 1021 4732; x_wconf 92' lang='lat' dir='ltr'>pro</span> <span class='ocrx_word' id='word_1_652' title='bbox 1080 4660 1379 4715; x_wconf 82' lang='lat' dir='ltr'>Christian.</span> <span class='ocrx_word' id='word_1_653' title='bbox 1440 4678 1496 4732; x_wconf 91' lang='lat' dir='ltr'>p.</span> <span class='ocrx_word' id='word_1_654' title='bbox 1560 4662 1669 4731; x_wconf 85' lang='grc'>40).</span> <span class='ocrx_word' id='word_1_655' title='bbox 1731 4661 1836 4715; x_wconf 90' lang='lat' dir='ltr'>Sed</span> <span class='ocrx_word' id='word_1_656' title='bbox 1891 4660 2012 4715; x_wconf 65' lang='lat' dir='ltr'>hinc</span> <span class='ocrx_word' id='word_1_657' title='bbox 2042 4645 2088 4709; x_wconf 86' lang='lat' dir='ltr'><strong>D</strong></span> <span class='ocrx_word' id='word_1_658' title='bbox 2127 4659 2395 4732; x_wconf 84' lang='lat' dir='ltr'>Apostolo</span> <span class='ocrx_word' id='word_1_659' title='bbox 2427 4659 2576 4732; x_wconf 86' lang='lat' dir='ltr'>lege,</span> <span class='ocrx_word' id='word_1_660' title='bbox 2619 4660 2796 4714; x_wconf 88' lang='lat' dir='ltr'>Deum</span> <span class='ocrx_word' id='word_1_661' title='bbox 2852 4651 3059 4731; x_wconf 73' lang='lat' dir='ltr'>rogare</span> <span class='ocrx_word' id='word_1_662' title='bbox 3106 4659 3397 4714; x_wconf 90' lang='lat' dir='ltr'>debebant</span> <span class='ocrx_word' id='word_1_663' title='bbox 3441 4659 3772 4714; x_wconf 83' lang='lat' dir='ltr'>nominatim</span> 
     </span>
    </p>
   </div>
   <div class='ocr_carea' id='block_1_96' title="bbox 367 4749 2016 4823">
    <p class='ocr_par' dir='ltr' id='par_1_96' title="bbox 367 4749 2016 4823">
     <span class='ocr_line' id='line_1_96' title="bbox 367 4749 2016 4823; baseline -0.001 -17"><span class='ocrx_word' id='word_1_664' title='bbox 367 4770 491 4823; x_wconf 75' lang='lat' dir='ltr'>quae</span> <span class='ocrx_word' id='word_1_665' title='bbox 521 4749 798 4806; x_wconf 89' lang='lat' dir='ltr'>omnibus</span> <span class='ocrx_word' id='word_1_666' title='bbox 821 4751 966 4805; x_wconf 90' lang='lat' dir='ltr'>satis</span> <span class='ocrx_word' id='word_1_667' title='bbox 989 4754 1125 4804; x_wconf 89' lang='lat' dir='ltr'>nota</span> <span class='ocrx_word' id='word_1_668' title='bbox 1157 4755 1315 4815; x_wconf 86' lang='lat' dir='ltr'>sunt,</span> <span class='ocrx_word' id='word_1_669' title='bbox 1346 4751 1536 4805; x_wconf 82' lang='lat' dir='ltr'>fusius</span> <span class='ocrx_word' id='word_1_670' title='bbox 1568 4749 1840 4822; x_wconf 90' lang='lat' dir='ltr'>prosequi</span> <span class='ocrx_word' id='word_1_671' title='bbox 1871 4749 2016 4805; x_wconf 90' lang='lat' dir='ltr'>nihil</span> 
     </span>
    </p>
   </div>
   <div class='ocr_carea' id='block_1_97' title="bbox 370 4838 2014 4909">
    <p class='ocr_par' dir='ltr' id='par_1_97' title="bbox 370 4838 2014 4909">
     <span class='ocr_line' id='line_1_97' title="bbox 370 4838 2014 4909; baseline -0.001 -14"><span class='ocrx_word' id='word_1_672' title='bbox 370 4857 606 4896; x_wconf 89' lang='lat' dir='ltr'>necesse</span> <span class='ocrx_word' id='word_1_673' title='bbox 636 4844 744 4896; x_wconf 89' lang='lat' dir='ltr'>est.</span> <span class='ocrx_word' id='word_1_674' title='bbox 783 4839 1148 4894; x_wconf 77' lang='lat' dir='ltr'>Manifestum</span> <span class='ocrx_word' id='word_1_675' title='bbox 1183 4855 1417 4909; x_wconf 90' lang='lat' dir='ltr'>quoque</span> <span class='ocrx_word' id='word_1_676' title='bbox 1458 4839 1735 4893; x_wconf 88' lang='lat' dir='ltr'>omnibus</span> <span class='ocrx_word' id='word_1_677' title='bbox 1769 4838 2014 4893; x_wconf 85' lang='lat' dir='ltr'>fecimus</span> 
     </span>
    </p>
   </div>
   <div class='ocr_carea' id='block_1_98' title="bbox 367 4927 2014 5000">
    <p class='ocr_par' dir='ltr' id='par_1_98' title="bbox 367 4927 2014 5000">
     <span class='ocr_line' id='line_1_98' title="bbox 367 4927 2014 5000; baseline -0.001 -18"><span class='ocrx_word' id='word_1_678' title='bbox 367 4930 553 5000; x_wconf 91' lang='lat' dir='ltr'>(supr.</span> <span class='ocrx_word' id='word_1_679' title='bbox 588 4945 637 4983; x_wconf 84' lang='grc' dir='ltr'>ο.</span> <span class='ocrx_word' id='word_1_680' title='bbox 675 4929 761 4996; x_wconf 85' lang='grc'>14,</span> <span class='ocrx_word' id='word_1_681' title='bbox 793 4932 897 4983; x_wconf 87' lang='lat' dir='ltr'>art.</span> <span class='ocrx_word' id='word_1_682' title='bbox 932 4929 986 4994; x_wconf 80' lang='lat'>3)</span> <span class='ocrx_word' id='word_1_683' title='bbox 1032 4944 1209 4998; x_wconf 88' lang='lat' dir='ltr'>quam</span> <span class='ocrx_word' id='word_1_684' title='bbox 1262 4927 1487 4982; x_wconf 88' lang='lat' dir='ltr'>sincero</span> <span class='ocrx_word' id='word_1_685' title='bbox 1539 4927 1751 4981; x_wconf 86' lang='lat' dir='ltr'>mentis</span> <span class='ocrx_word' id='word_1_686' title='bbox 1783 4928 2014 4996; x_wconf 77' lang='lat' dir='ltr'>affectu,</span> 
     </span>
    </p>
   </div>
   <div class='ocr_carea' id='block_1_99' title="bbox 369 5016 2014 5088">
    <p class='ocr_par' dir='ltr' id='par_1_99' title="bbox 369 5016 2014 5088">
     <span class='ocr_line' id='line_1_99' title="bbox 369 5016 2014 5088; baseline 0.001 -18"><span class='ocrx_word' id='word_1_687' title='bbox 369 5034 544 5088; x_wconf 90' lang='lat' dir='ltr'>quam</span> <span class='ocrx_word' id='word_1_688' title='bbox 577 5018 886 5072; x_wconf 83' lang='lat' dir='ltr'>innocente</span> <span class='ocrx_word' id='word_1_689' title='bbox 945 5018 1164 5084; x_wconf 88' lang='lat' dir='ltr'>anima,</span> <span class='ocrx_word' id='word_1_690' title='bbox 1218 5034 1391 5088; x_wconf 87' lang='lat' dir='ltr'>quam</span> <span class='ocrx_word' id='word_1_691' title='bbox 1445 5016 1656 5072; x_wconf 91' lang='lat' dir='ltr'>humili</span> <span class='ocrx_word' id='word_1_692' title='bbox 1704 5023 1760 5072; x_wconf 91' lang='lat' dir='ltr'>et</span> <span class='ocrx_word' id='word_1_693' title='bbox 1790 5017 2014 5084; x_wconf 82' lang='lat' dir='ltr'>abjecto</span> 
     </span>
    </p>
   </div>
   <div class='ocr_carea' id='block_1_100' title="bbox 366 5105 2014 5178">
    <p class='ocr_par' dir='ltr' id='par_1_100' title="bbox 366 5105 2014 5178">
     <span class='ocr_line' id='line_1_100' title="bbox 366 5105 2014 5178; baseline 0 -16"><span class='ocrx_word' id='word_1_694' title='bbox 366 5107 628 5178; x_wconf 90' lang='lat' dir='ltr'>corporis</span> <span class='ocrx_word' id='word_1_695' title='bbox 661 5110 824 5161; x_wconf 90' lang='lat' dir='ltr'>motu</span> <span class='ocrx_word' id='word_1_696' title='bbox 857 5105 977 5161; x_wconf 64' lang='lat' dir='ltr'>haec</span> <span class='ocrx_word' id='word_1_697' title='bbox 1039 5106 1182 5160; x_wconf 86' lang='lat' dir='ltr'>tusis</span> <span class='ocrx_word' id='word_1_698' title='bbox 1241 5111 1298 5161; x_wconf 92' lang='lat' dir='ltr'>et</span> <span class='ocrx_word' id='word_1_699' title='bbox 1357 5106 1620 5176; x_wconf 90' lang='lat' dir='ltr'>privatis,</span> <span class='ocrx_word' id='word_1_700' title='bbox 1677 5111 1733 5161; x_wconf 89' lang='lat' dir='ltr'>et</span> <span class='ocrx_word' id='word_1_701' title='bbox 1766 5107 2014 5177; x_wconf 89' lang='lat' dir='ltr'>publicis</span> 
     </span>
    </p>
   </div>
   <div class='ocr_carea' id='block_1_101' title="bbox 367 5193 2013 5266">
    <p class='ocr_par' dir='ltr' id='par_1_101' title="bbox 367 5193 2013 5266">
     <span class='ocr_line' id='line_1_101' title="bbox 367 5193 2013 5266; baseline 0 -16"><span class='ocrx_word' id='word_1_702' title='bbox 367 5195 639 5266; x_wconf 88' lang='lat' dir='ltr'>precibus</span> <span class='ocrx_word' id='word_1_703' title='bbox 669 5195 741 5249; x_wconf 88' lang='lat' dir='ltr'>ab</span> <span class='ocrx_word' id='word_1_704' title='bbox 773 5193 1173 5266; x_wconf 84' lang='lat' dir='ltr'>omnipotente</span> <span class='ocrx_word' id='word_1_705' title='bbox 1206 5199 1318 5248; x_wconf 91' lang='lat' dir='ltr'>Deo</span> <span class='ocrx_word' id='word_1_706' title='bbox 1365 5212 1472 5250; x_wconf 91' lang='lat' dir='ltr'>suo</span> <span class='ocrx_word' id='word_1_707' title='bbox 1521 5195 1834 5266; x_wconf 88' lang='lat' dir='ltr'>impetrare</span> <span class='ocrx_word' id='word_1_708' title='bbox 1867 5195 2013 5251; x_wconf 89' lang='lat' dir='ltr'>nite-</span> 
     </span>
    </p>
   </div>
   <div class='ocr_carea' id='block_1_102' title="bbox 366 5282 2014 5354">
    <p class='ocr_par' dir='ltr' id='par_1_102' title="bbox 366 5282 2014 5354">
     <span class='ocr_line' id='line_1_102' title="bbox 366 5282 2014 5354; baseline 0 -15"><span class='ocrx_word' id='word_1_709' title='bbox 366 5289 586 5340; x_wconf 90' lang='lat' dir='ltr'>rentur.</span> <span class='ocrx_word' id='word_1_710' title='bbox 621 5284 1011 5348; x_wconf 89' lang='lat' dir='ltr'>Quamobrem</span> <span class='ocrx_word' id='word_1_711' title='bbox 1046 5282 1192 5337; x_wconf 91' lang='lat' dir='ltr'>nihil</span> <span class='ocrx_word' id='word_1_712' title='bbox 1219 5282 1473 5354; x_wconf 89' lang='lat' dir='ltr'>amplius</span> <span class='ocrx_word' id='word_1_713' title='bbox 1506 5283 1873 5354; x_wconf 86' lang='lat' dir='ltr'>adjiciemus,</span> <span class='ocrx_word' id='word_1_714' title='bbox 1899 5285 2014 5339; x_wconf 88' lang='lat' dir='ltr'>nisi</span> 
     </span>
    </p>
   </div>
   <div class='ocr_carea' id='block_1_103' title="bbox 368 5371 2010 5446">
    <p class='ocr_par' dir='ltr' id='par_1_103' title="bbox 368 5371 2010 5446">
     <span class='ocr_line' id='line_1_103' title="bbox 368 5371 2010 5446; baseline 0.001 -17"><span class='ocrx_word' id='word_1_715' title='bbox 368 5375 524 5446; x_wconf 92' lang='lat' dir='ltr'>quod</span> <span class='ocrx_word' id='word_1_716' title='bbox 551 5371 646 5427; x_wconf 89' lang='lat' dir='ltr'>ille</span> <span class='ocrx_word' id='word_1_717' title='bbox 670 5373 739 5426; x_wconf 86' lang='lat' dir='ltr'>ad</span> <span class='ocrx_word' id='word_1_718' title='bbox 761 5372 1071 5444; x_wconf 89' lang='lat' dir='ltr'>Scapulam</span> <span class='ocrx_word' id='word_1_719' title='bbox 1100 5372 1394 5426; x_wconf 89' lang='lat' dir='ltr'>ethnicum</span> <span class='ocrx_word' id='word_1_720' title='bbox 1418 5373 1720 5443; x_wconf 71' lang='lat' dir='ltr'>praesidem</span> <span class='ocrx_word' id='word_1_721' title='bbox 1743 5373 2010 5445; x_wconf 89' lang='lat' dir='ltr'>scripsit:</span> 
     </span>
    </p>
   </div>
   <div class='ocr_carea' id='block_1_104' title="bbox 368 5461 2012 5534">
    <p class='ocr_par' dir='ltr' id='par_1_104' title="bbox 368 5461 2012 5534">
     <span class='ocr_line' id='line_1_104' title="bbox 368 5461 2012 5534; baseline 0.002 -20"><span class='ocrx_word' id='word_1_722' title='bbox 368 5485 389 5514; x_wconf 75' lang='grc' dir='ltr'>ι</span> <span class='ocrx_word' id='word_1_723' title='bbox 423 5463 682 5519; x_wconf 88' lang='lat' dir='ltr'>Colimus</span> <span class='ocrx_word' id='word_1_724' title='bbox 713 5466 768 5517; x_wconf 90' lang='lat' dir='ltr'>et</span> <span class='ocrx_word' id='word_1_725' title='bbox 799 5461 1213 5533; x_wconf 88' lang='lat' dir='ltr'>imperatorem</span> <span class='ocrx_word' id='word_1_726' title='bbox 1265 5462 1369 5526; x_wconf 89' lang='lat' dir='ltr'>sic,</span> <span class='ocrx_word' id='word_1_727' title='bbox 1416 5462 1708 5534; x_wconf 91' lang='lat' dir='ltr'>quomodo</span> <span class='ocrx_word' id='word_1_728' title='bbox 1757 5467 1814 5517; x_wconf 90' lang='lat' dir='ltr'>et</span> <span class='ocrx_word' id='word_1_729' title='bbox 1845 5463 2012 5518; x_wconf 91' lang='lat' dir='ltr'>nobis</span> 
     </span>
    </p>
   </div>
   <div class='ocr_carea' id='block_1_105' title="bbox 359 5550 2011 5624">
    <p class='ocr_par' dir='ltr' id='par_1_105' title="bbox 359 5550 2011 5624">
     <span class='ocr_line' id='line_1_105' title="bbox 359 5550 2011 5624; baseline -0.002 -14"><span class='ocrx_word' id='word_1_730' title='bbox 359 5555 512 5619; x_wconf 88' lang='lat' dir='ltr'>licet,</span> <span class='ocrx_word' id='word_1_731' title='bbox 549 5558 604 5608; x_wconf 87' lang='lat' dir='ltr'>et</span> <span class='ocrx_word' id='word_1_732' title='bbox 636 5551 749 5624; x_wconf 91' lang='lat' dir='ltr'>ipsi</span> <span class='ocrx_word' id='word_1_733' title='bbox 782 5551 1034 5623; x_wconf 84' lang='lat' dir='ltr'>expedit,</span> <span class='ocrx_word' id='word_1_734' title='bbox 1092 5555 1157 5606; x_wconf 91' lang='lat' dir='ltr'>ut</span> <span class='ocrx_word' id='word_1_735' title='bbox 1209 5551 1506 5606; x_wconf 90' lang='lat' dir='ltr'>hominem</span> <span class='ocrx_word' id='word_1_736' title='bbox 1545 5567 1577 5605; x_wconf 89' lang='lat' dir='ltr'>a</span> <span class='ocrx_word' id='word_1_737' title='bbox 1629 5550 1766 5620; x_wconf 87' lang='lat' dir='ltr'>Deo,</span> <span class='ocrx_word' id='word_1_738' title='bbox 1801 5569 2011 5607; x_wconf 90' lang='lat' dir='ltr'>secun-</span> 
     </span>
    </p>
   </div>
   <div class='ocr_carea' id='block_1_106' title="bbox 367 5639 2014 5713">
    <p class='ocr_par' dir='ltr' id='par_1_106' title="bbox 367 5639 2014 5713">
     <span class='ocr_line' id='line_1_106' title="bbox 367 5639 2014 5713; baseline -0.001 -15"><span class='ocrx_word' id='word_1_739' title='bbox 367 5644 506 5698; x_wconf 91' lang='lat' dir='ltr'>dum</span> <span class='ocrx_word' id='word_1_740' title='bbox 544 5683 554 5694; x_wconf 92' lang='lat'>.</span> <span class='ocrx_word' id='word_1_741' title='bbox 603 5686 615 5698; x_wconf 94' lang='lat'>.</span> <span class='ocrx_word' id='word_1_742' title='bbox 661 5685 673 5696; x_wconf 96' lang='lat'>.</span> <span class='ocrx_word' id='word_1_743' title='bbox 721 5685 731 5694; x_wconf 92' lang='lat'>.</span> <span class='ocrx_word' id='word_1_744' title='bbox 768 5642 969 5713; x_wconf 88' lang='lat' dir='ltr'>Itaque</span> <span class='ocrx_word' id='word_1_745' title='bbox 991 5641 1391 5696; x_wconf 53' lang='lat' dir='ltr'>sacrificamus</span> <span class='ocrx_word' id='word_1_746' title='bbox 1414 5657 1515 5712; x_wconf 88' lang='lat' dir='ltr'>pro</span> <span class='ocrx_word' id='word_1_747' title='bbox 1549 5639 1735 5694; x_wconf 87' lang='lat' dir='ltr'>salute</span> <span class='ocrx_word' id='word_1_748' title='bbox 1766 5641 2014 5713; x_wconf 89' lang='lat' dir='ltr'>impera-</span> 
     </span>
    </p>
   </div>
   <div class='ocr_carea' id='block_1_107' title="bbox 365 5729 2008 5804">
    <p class='ocr_par' dir='ltr' id='par_1_107' title="bbox 365 5729 2008 5804">
     <span class='ocr_line' id='line_1_107' title="bbox 365 5729 2008 5804; baseline -0.001 -18"><span class='ocrx_word' id='word_1_749' title='bbox 365 5731 530 5800; x_wconf 88' lang='lat' dir='ltr'>toris,</span> <span class='ocrx_word' id='word_1_750' title='bbox 563 5731 666 5787; x_wconf 90' lang='lat' dir='ltr'>sed</span> <span class='ocrx_word' id='word_1_751' title='bbox 700 5735 810 5788; x_wconf 92' lang='lat' dir='ltr'>Deo</span> <span class='ocrx_word' id='word_1_752' title='bbox 842 5735 1042 5787; x_wconf 90' lang='lat' dir='ltr'>nostro</span> <span class='ocrx_word' id='word_1_753' title='bbox 1074 5736 1130 5786; x_wconf 91' lang='lat' dir='ltr'>et</span> <span class='ocrx_word' id='word_1_754' title='bbox 1168 5730 1376 5804; x_wconf 90' lang='lat' dir='ltr'>ipsius,</span> <span class='ocrx_word' id='word_1_755' title='bbox 1411 5731 1511 5786; x_wconf 91' lang='lat' dir='ltr'>sed</span> <span class='ocrx_word' id='word_1_756' title='bbox 1543 5729 1833 5801; x_wconf 90' lang='lat' dir='ltr'>quomodo</span> <span class='ocrx_word' id='word_1_757' title='bbox 1865 5747 2008 5802; x_wconf 83' lang='lat' dir='ltr'>prae-</span> 
     </span>
    </p>
   </div>
   <div class='ocr_carea' id='block_1_108' title="bbox 2121 4749 3772 4820">
    <p class='ocr_par' dir='ltr' id='par_1_108' title="bbox 2121 4749 3772 4820">
     <span class='ocr_line' id='line_1_108' title="bbox 2121 4749 3772 4820; baseline 0.001 -19"><span class='ocrx_word' id='word_1_758' title='bbox 2121 4766 2222 4820; x_wconf 85' lang='lat' dir='ltr'>pro</span> <span class='ocrx_word' id='word_1_759' title='bbox 2264 4751 2501 4818; x_wconf 83' lang='lat' dir='ltr'>regibus,</span> <span class='ocrx_word' id='word_1_760' title='bbox 2542 4753 2592 4804; x_wconf 82' lang='lat' dir='ltr'>et</span> <span class='ocrx_word' id='word_1_761' title='bbox 2619 4749 2960 4820; x_wconf 82' lang='lat' dir='ltr'>principibus</span> <span class='ocrx_word' id='word_1_762' title='bbox 2990 4758 3041 4803; x_wconf 87' lang='lat' dir='ltr'>et</span> <span class='ocrx_word' id='word_1_763' title='bbox 3069 4749 3443 4820; x_wconf 84' lang='lat' dir='ltr'>potestatibus,</span> <span class='ocrx_word' id='word_1_764' title='bbox 3494 4751 3554 4802; x_wconf 88' lang='lat' dir='ltr'>ut</span> <span class='ocrx_word' id='word_1_765' title='bbox 3581 4749 3772 4802; x_wconf 81' lang='lat' dir='ltr'>omnia</span> 
     </span>
    </p>
   </div>
   <div class='ocr_carea' id='block_1_109' title="bbox 2125 4835 3769 4911">
    <p class='ocr_par' dir='ltr' id='par_1_109' title="bbox 2125 4835 3769 4911">
     <span class='ocr_line' id='line_1_109' title="bbox 2125 4835 3769 4911; baseline -0.002 -16"><span class='ocrx_word' id='word_1_766' title='bbox 2125 4841 2432 4911; x_wconf 87' lang='lat' dir='ltr'>tranquilla</span> <span class='ocrx_word' id='word_1_767' title='bbox 2460 4842 2572 4893; x_wconf 85' lang='lat' dir='ltr'>sint</span> <span class='ocrx_word' id='word_1_768' title='bbox 2603 4839 2756 4911; x_wconf 87' lang='lat' dir='ltr'>(Ibid.</span> <span class='ocrx_word' id='word_1_769' title='bbox 2796 4856 2921 4910; x_wconf 80' lang='lat' dir='ltr'>cap.</span> <span class='ocrx_word' id='word_1_770' title='bbox 2954 4838 3042 4902; x_wconf 86' lang='grc'>31,</span> <span class='ocrx_word' id='word_1_771' title='bbox 3077 4854 3208 4909; x_wconf 89' lang='lat' dir='ltr'>pag.</span> <span class='ocrx_word' id='word_1_772' title='bbox 3243 4835 3409 4909; x_wconf 67' lang='lat'>1146)?</span> <span class='ocrx_word' id='word_1_773' title='bbox 3431 4836 3637 4891; x_wconf 86' lang='lat' dir='ltr'>Paucis</span> <span class='ocrx_word' id='word_1_774' title='bbox 3667 4853 3769 4891; x_wconf 90' lang='lat' dir='ltr'>au-</span> 
     </span>
    </p>
   </div>
   <div class='ocr_carea' id='block_1_110' title="bbox 2125 4925 3770 4996">
    <p class='ocr_par' dir='ltr' id='par_1_110' title="bbox 2125 4925 3770 4996">
     <span class='ocr_line' id='line_1_110' title="bbox 2125 4925 3770 4996; baseline -0.002 -12"><span class='ocrx_word' id='word_1_775' title='bbox 2125 4935 2241 4984; x_wconf 90' lang='lat' dir='ltr'>tem</span> <span class='ocrx_word' id='word_1_776' title='bbox 2276 4928 2353 4982; x_wconf 88' lang='lat' dir='ltr'>ibi</span> <span class='ocrx_word' id='word_1_777' title='bbox 2387 4928 2598 4990; x_wconf 84' lang='lat' dir='ltr'>verbis,</span> <span class='ocrx_word' id='word_1_778' title='bbox 2634 4944 2699 4980; x_wconf 88' lang='lat' dir='ltr'>ac</span> <span class='ocrx_word' id='word_1_779' title='bbox 2731 4928 2909 4982; x_wconf 88' lang='lat' dir='ltr'>tacito</span> <span class='ocrx_word' id='word_1_780' title='bbox 2932 4927 3196 4996; x_wconf 86' lang='lat' dir='ltr'>ejusdem</span> <span class='ocrx_word' id='word_1_781' title='bbox 3231 4925 3393 4980; x_wconf 89' lang='lat' dir='ltr'>Pauli</span> <span class='ocrx_word' id='word_1_782' title='bbox 3426 4926 3682 4993; x_wconf 84' lang='lat' dir='ltr'>nomine,</span> <span class='ocrx_word' id='word_1_783' title='bbox 3705 4943 3770 4981; x_wconf 84' lang='lat' dir='ltr'>ea</span> 
     </span>
    </p>
   </div>
   <div class='ocr_carea' id='block_1_111' title="bbox 2124 5013 3770 5087">
    <p class='ocr_par' dir='ltr' id='par_1_111' title="bbox 2124 5013 3770 5087">
     <span class='ocr_line' id='line_1_111' title="bbox 2124 5013 3770 5087; baseline -0.002 -16"><span class='ocrx_word' id='word_1_784' title='bbox 2124 5015 2552 5087; x_wconf 89' lang='lat' dir='ltr'>complectitur,</span> <span class='ocrx_word' id='word_1_785' title='bbox 2579 5031 2704 5085; x_wconf 77' lang='lat' dir='ltr'>quae</span> <span class='ocrx_word' id='word_1_786' title='bbox 2728 5015 2798 5069; x_wconf 89' lang='lat' dir='ltr'>ab</span> <span class='ocrx_word' id='word_1_787' title='bbox 2824 5013 2922 5068; x_wconf 89' lang='lat' dir='ltr'>illo</span> <span class='ocrx_word' id='word_1_788' title='bbox 2947 5015 3015 5069; x_wconf 91' lang='lat' dir='ltr'>ad</span> <span class='ocrx_word' id='word_1_789' title='bbox 3037 5014 3406 5069; x_wconf 88' lang='lat' dir='ltr'>Timotheum</span> <span class='ocrx_word' id='word_1_790' title='bbox 3432 5013 3514 5069; x_wconf 91' lang='lat' dir='ltr'>sic</span> <span class='ocrx_word' id='word_1_791' title='bbox 3531 5013 3770 5085; x_wconf 82' lang='lat' dir='ltr'>scripta,</span> 
     </span>
    </p>
   </div>
   <div class='ocr_carea' id='block_1_112' title="bbox 2125 5102 3771 5175">
    <p class='ocr_par' dir='ltr' id='par_1_112' title="bbox 2125 5102 3771 5175">
     <span class='ocr_line' id='line_1_112' title="bbox 2125 5102 3771 5175; baseline -0.003 -15"><span class='ocrx_word' id='word_1_792' title='bbox 2125 5110 2180 5160; x_wconf 90' lang='lat' dir='ltr'>et</span> <span class='ocrx_word' id='word_1_793' title='bbox 2211 5122 2243 5160; x_wconf 90' lang='lat' dir='ltr'>a</span> <span class='ocrx_word' id='word_1_794' title='bbox 2276 5104 2444 5158; x_wconf 90' lang='lat' dir='ltr'>nobis</span> <span class='ocrx_word' id='word_1_795' title='bbox 2474 5105 2597 5174; x_wconf 88' lang='lat' dir='ltr'>jam</span> <span class='ocrx_word' id='word_1_796' title='bbox 2632 5104 2811 5158; x_wconf 90' lang='lat' dir='ltr'>citata</span> <span class='ocrx_word' id='word_1_797' title='bbox 2851 5109 2992 5159; x_wconf 90' lang='lat' dir='ltr'>sunt</span> <span class='ocrx_word' id='word_1_798' title='bbox 3042 5120 3204 5175; x_wconf 90' lang='lat' dir='ltr'>supr.</span> <span class='ocrx_word' id='word_1_799' title='bbox 3257 5119 3384 5174; x_wconf 87' lang='lat' dir='ltr'>cap.</span> <span class='ocrx_word' id='word_1_800' title='bbox 3437 5102 3526 5173; x_wconf 82' lang='lat' dir='ltr'>l2,</span> <span class='ocrx_word' id='word_1_801' title='bbox 3555 5105 3662 5156; x_wconf 88' lang='lat' dir='ltr'>art.</span> <span class='ocrx_word' id='word_1_802' title='bbox 3697 5102 3771 5174; x_wconf 91' lang='grc'>1).</span> 
     </span>
    </p>
   </div>
   <div class='ocr_carea' id='block_1_113' title="bbox 2125 5192 3774 5265">
    <p class='ocr_par' dir='ltr' id='par_1_113' title="bbox 2125 5192 3774 5265">
     <span class='ocr_line' id='line_1_113' title="bbox 2125 5192 3774 5265; baseline -0.004 -12"><span class='ocrx_word' id='word_1_803' title='bbox 2125 5195 2355 5253; x_wconf 84' lang='lat' dir='ltr'>Obsecro</span> <span class='ocrx_word' id='word_1_804' title='bbox 2400 5195 2643 5265; x_wconf 85' lang='lat' dir='ltr'>primum</span> <span class='ocrx_word' id='word_1_805' title='bbox 2701 5195 2952 5248; x_wconf 84' lang='lat' dir='ltr'>omnium</span> <span class='ocrx_word' id='word_1_806' title='bbox 3009 5193 3135 5262; x_wconf 83' lang='lat' dir='ltr'>ﬁeri</span> <span class='ocrx_word' id='word_1_807' title='bbox 3180 5192 3597 5262; x_wconf 80' lang='lat' dir='ltr'>obsecrationes,</span> <span class='ocrx_word' id='word_1_808' title='bbox 3644 5208 3774 5260; x_wconf 86' lang='lat' dir='ltr'>gra-</span> 
     </span>
    </p>
   </div>
   <div class='ocr_carea' id='block_1_114' title="bbox 2129 5281 3775 5353">
    <p class='ocr_par' dir='ltr' id='par_1_114' title="bbox 2129 5281 3775 5353">
     <span class='ocr_line' id='line_1_114' title="bbox 2129 5281 3775 5353; baseline -0.001 -15"><span class='ocrx_word' id='word_1_809' title='bbox 2129 5285 2338 5338; x_wconf 83' lang='lat' dir='ltr'>tiarum.</span> <span class='ocrx_word' id='word_1_810' title='bbox 2376 5283 2615 5339; x_wconf 79' lang='lat' dir='ltr'>actiones</span> <span class='ocrx_word' id='word_1_811' title='bbox 2643 5300 2740 5353; x_wconf 77' lang='lat' dir='ltr'>pro</span> <span class='ocrx_word' id='word_1_812' title='bbox 2770 5285 3024 5339; x_wconf 83' lang='lat' dir='ltr'>omnibus</span> <span class='ocrx_word' id='word_1_813' title='bbox 3055 5281 3392 5348; x_wconf 84' lang='lat' dir='ltr'>hominibus,</span> <span class='ocrx_word' id='word_1_814' title='bbox 3423 5295 3523 5352; x_wconf 89' lang='lat' dir='ltr'>pro</span> <span class='ocrx_word' id='word_1_815' title='bbox 3553 5282 3775 5352; x_wconf 86' lang='lat' dir='ltr'>regibus</span> 
     </span>
    </p>
   </div>
   <div class='ocr_carea' id='block_1_115' title="bbox 2123 5370 3778 5444">
    <p class='ocr_par' dir='ltr' id='par_1_115' title="bbox 2123 5370 3778 5444">
     <span class='ocr_line' id='line_1_115' title="bbox 2123 5370 3778 5444; baseline -0.001 -17"><span class='ocrx_word' id='word_1_816' title='bbox 2123 5383 2172 5427; x_wconf 88' lang='lat' dir='ltr'>et</span> <span class='ocrx_word' id='word_1_817' title='bbox 2205 5374 2458 5427; x_wconf 86' lang='lat' dir='ltr'>omnibus</span> <span class='ocrx_word' id='word_1_818' title='bbox 2507 5373 2604 5444; x_wconf 86' lang='lat' dir='ltr'>qui</span> <span class='ocrx_word' id='word_1_819' title='bbox 2634 5375 2692 5427; x_wconf 90' lang='lat' dir='ltr'>in</span> <span class='ocrx_word' id='word_1_820' title='bbox 2752 5374 3089 5427; x_wconf 82' lang='lat' dir='ltr'>sublimitate</span> <span class='ocrx_word' id='word_1_821' title='bbox 3145 5374 3311 5431; x_wconf 81' lang='lat' dir='ltr'>sunt;</span> <span class='ocrx_word' id='word_1_822' title='bbox 3351 5372 3410 5423; x_wconf 85' lang='lat' dir='ltr'>ut</span> <span class='ocrx_word' id='word_1_823' title='bbox 3457 5370 3697 5440; x_wconf 88' lang='lat' dir='ltr'>quietam</span> <span class='ocrx_word' id='word_1_824' title='bbox 3727 5379 3778 5426; x_wconf 89' lang='lat' dir='ltr'>et</span> 
     </span>
    </p>
   </div>
   <div class='ocr_carea' id='block_1_116' title="bbox 2123 5461 3772 5532">
    <p class='ocr_par' dir='ltr' id='par_1_116' title="bbox 2123 5461 3772 5532">
     <span class='ocr_line' id='line_1_116' title="bbox 2123 5461 3772 5532; baseline -0.002 -16"><span class='ocrx_word' id='word_1_825' title='bbox 2123 5463 2483 5532; x_wconf 85' lang='lat' dir='ltr'>tranquillam</span> <span class='ocrx_word' id='word_1_826' title='bbox 2519 5463 2687 5515; x_wconf 83' lang='lat' dir='ltr'>vitam</span> <span class='ocrx_word' id='word_1_827' title='bbox 2736 5477 2968 5529; x_wconf 86' lang='lat' dir='ltr'>agamus</span> <span class='ocrx_word' id='word_1_828' title='bbox 3015 5465 3075 5516; x_wconf 88' lang='lat' dir='ltr'>in</span> <span class='ocrx_word' id='word_1_829' title='bbox 3123 5461 3278 5515; x_wconf 84' lang='lat' dir='ltr'>omni</span> <span class='ocrx_word' id='word_1_830' title='bbox 3317 5461 3522 5531; x_wconf 84' lang='lat' dir='ltr'>pietate</span> <span class='ocrx_word' id='word_1_831' title='bbox 3569 5465 3619 5514; x_wconf 87' lang='lat' dir='ltr'>et</span> <span class='ocrx_word' id='word_1_832' title='bbox 3650 5476 3772 5514; x_wconf 86' lang='lat' dir='ltr'>cas-</span> 
     </span>
    </p>
   </div>
   <div class='ocr_carea' id='block_1_117' title="bbox 2123 5551 2976 5622">
    <p class='ocr_par' dir='ltr' id='par_1_117' title="bbox 2123 5551 2976 5622">
     <span class='ocr_line' id='line_1_117' title="bbox 2123 5551 2976 5622; baseline -0.002 -16"><span class='ocrx_word' id='word_1_833' title='bbox 2123 5555 2279 5606; x_wconf 84' lang='lat' dir='ltr'>titate</span> <span class='ocrx_word' id='word_1_834' title='bbox 2311 5552 2353 5622; x_wconf 88' lang='lat' dir='ltr'>(i</span> <span class='ocrx_word' id='word_1_835' title='bbox 2392 5553 2526 5605; x_wconf 86' lang='lat' dir='ltr'>Tim.</span> <span class='ocrx_word' id='word_1_836' title='bbox 2562 5568 2624 5616; x_wconf 82' lang='lat' dir='ltr'>n,</span> <span class='ocrx_word' id='word_1_837' title='bbox 2663 5553 2686 5604; x_wconf 87' lang='grc'><strong>1</strong></span> <span class='ocrx_word' id='word_1_838' title='bbox 2722 5555 2779 5605; x_wconf 88' lang='lat' dir='ltr'>et</span> <span class='ocrx_word' id='word_1_839' title='bbox 2807 5551 2976 5621; x_wconf 89' lang='lat' dir='ltr'>seq.).</span> 
     </span>
    </p>
   </div>
   <div class='ocr_carea' id='block_1_118' title="bbox 2194 5639 3771 5712">
    <p class='ocr_par' dir='ltr' id='par_1_118' title="bbox 2194 5639 3771 5712">
     <span class='ocr_line' id='line_1_118' title="bbox 2194 5639 3771 5712; baseline -0.001 -16"><span class='ocrx_word' id='word_1_840' title='bbox 2194 5640 2315 5697; x_wconf 88' lang='lat' dir='ltr'>Non</span> <span class='ocrx_word' id='word_1_841' title='bbox 2353 5640 2474 5694; x_wconf 87' lang='lat' dir='ltr'>sola</span> <span class='ocrx_word' id='word_1_842' title='bbox 2509 5644 2700 5694; x_wconf 86' lang='lat' dir='ltr'>autem</span> <span class='ocrx_word' id='word_1_843' title='bbox 2760 5641 3068 5712; x_wconf 59' lang='lat' dir='ltr'>Scriptura</span> <span class='ocrx_word' id='word_1_844' title='bbox 3103 5655 3287 5694; x_wconf 69' lang='lat' dir='ltr'>sacros</span> <span class='ocrx_word' id='word_1_845' title='bbox 3318 5639 3680 5700; x_wconf 86' lang='lat' dir='ltr'>auctoritate,</span> <span class='ocrx_word' id='word_1_846' title='bbox 3713 5645 3771 5694; x_wconf 91' lang='lat' dir='ltr'>et</span> 
     </span>
    </p>
   </div>
   <div class='ocr_carea' id='block_1_119' title="bbox 2119 5726 3766 5802">
    <p class='ocr_par' dir='ltr' id='par_1_119' title="bbox 2119 5726 3766 5802">
     <span class='ocr_line' id='line_1_119' title="bbox 2119 5726 3766 5802; baseline 0.001 -18"><span class='ocrx_word' id='word_1_847' title='bbox 2119 5729 2239 5785; x_wconf 88' lang='lat' dir='ltr'>lata</span> <span class='ocrx_word' id='word_1_848' title='bbox 2259 5729 2604 5785; x_wconf 86' lang='lat' dir='ltr'>Christianis</span> <span class='ocrx_word' id='word_1_849' title='bbox 2627 5731 2768 5802; x_wconf 71' lang='lat' dir='ltr'>lego,</span> <span class='ocrx_word' id='word_1_850' title='bbox 2791 5729 2844 5785; x_wconf 90' lang='lat' dir='ltr'>id</span> <span class='ocrx_word' id='word_1_851' title='bbox 2873 5731 3078 5801; x_wconf 87' lang='lat' dir='ltr'>probat</span> <span class='ocrx_word' id='word_1_852' title='bbox 3103 5726 3629 5798; x_wconf 80' lang='lat' dir='ltr'>Tertullianus,sed</span> <span class='ocrx_word' id='word_1_853' title='bbox 3658 5727 3766 5785; x_wconf 89' lang='lat' dir='ltr'>hac</span> 
     </span>
    </p>
   </div>
  </div>
