4162 6412
353 410 510 470 1139

873 411 1401 471 TERTULLIANI
1449 411 1772 472 ()PERUM
1820 411 2020 470 PARS
2067 411 2112 468 Ι.
2147 444 2221 453 -
2255 409 2526 469 SEBIES
2572 411 2617 484 l,
2666 406 3224 469 APOLOGE'l‘lCA.

3599 406 3768 464 1140

351 544 528 599 etiam
565 543 804 614 ratione,
839 549 1036 598 contra
1067 561 1244 614 quam
1279 561 1448 600 nemo
1488 561 1628 600 sane
1678 561 1749 600 ne
1781 544 1992 599 mutire
2019 545 2074 610 Α
2106 542 2269 599 falsis
2300 543 2535 598 illorum
2568 543 2684 598 diis
2714 541 3044 598 sacriﬁcare
3074 541 3160 596 vel
3190 557 3288 597 eos
3318 541 3541 612 precari
3575 539 3764 612 perti-

355 634 588 705 quidem
625 637 883 705 poterat:
919 657 945 683 «
980 637 1118 688 Cum
1163 633 1517 699 concutitur,
1564 633 1777 704 inquit,
1814 633 1995 702 impe-

354 722 528 789 rium,
564 723 862 777 concussis
893 722 1062 776 etiam
1085 723 1306 777 caeteris
1328 721 1607 776 membris
1638 719 1996 790 ejus,utique

356 818 413 867 et
444 828 570 878 nos,
603 810 734 865 licet
759 810 1014 866 extranei
1065 827 1098 864 a
1141 810 1331 870 turbis
1379 809 1758 876 aastimemur,
1794 808 1851 862 in
1885 807 1991 862 ali-

355 917 470 972 quo
504 900 625 956 loco
659 916 829 954 casus
861 899 1193 953 invenimur
1222 920 1248 948 »
1285 896 1541 965 (Tertull.
1581 899 1854 967 Apologet.
1883 896 1993 950 loc.

355 989 499 1056 cit.).
534 992 608 1041 At
638 987 718 1041 ibi
768 991 971 1042 contra
1015 987 1280 1041 codicum
1338 989 1670 1040 nostrorum
1721 991 1778 1040 et
1808 986 1996 1039 edito-

356 1093 484 1131 rum
521 1075 692 1130 ﬁdem
725 1074 783 1129 in
832 1075 1063 1146 Rigaltii
1106 1074 1355 1129 editione
1407 1073 1703 1128 sublatum
1755 1076 1845 1126 est
1873 1088 1997 1126 ver-

355 1164 493 1219 bum
528 1166 886 1220 as'stime-mar.
919 1165 1044 1228 Qua
1071 1169 1266 1217 autem
1321 1163 1527 1216 1048
1562 1179 1632 1216 an
1688 1161 1999 1216 oscitantis

351 1252 871 1326 typographorum,
922 1251 1006 1306 vel
1063 1250 1297 1322 Rigaltii
1349 1250 1586 1322 propria
1635 1248 2000 1318 auctoritate,

354 1341 526 1396 sicuti
560 1340 878 1407 nescimus,
911 1339 993 1394 ita
1051 1344 1204 1394 certe
1258 1337 1403 1392 nulli
1461 1337 1818 1400 dubitamus,
1854 1336 1996 1390 illud

354 1434 511 1485 recte
542 1430 613 1484 ab
643 1431 892 1484 Auctore
924 1433 1121 1483 nostro
1179 1427 1464 1481 additum.
1500 1425 1670 1479 Prius
1719 1439 1997 1495 namque,

357 1519 440 1573 uti
470 1517 743 1587 vidimus,
780 1517 1032 1572 asseruit
1058 1515 1420 1570 Christianos
1444 1530 1576 1568 cum
1601 1513 1851 1567 ethnicis
1877 1513 1997 1567 ubi-

355 1623 467 1677 que
499 1607 555 1662 in
590 1606 765 1661 rebus
810 1605 1064 1676 publicis
1117 1604 1393 1659 omnibus
1443 1603 1624 1657 fuisse
1657 1601 1996 1672 permixtos.

354 1699 770 1750 Verumtamen
811 1694 1255 1748 aestimabantur
1284 1693 1536 1747 extranei
1575 1709 1607 1745 a
1637 1690 1823 1745 turbis
1853 1705 1995 1760 gen-

355 1783 570 1849 tilium,
603 1783 742 1856 quia
791 1783 860 1838 ab
908 1799 1106 1837 eorum
1169 1781 1461 1852 mysteriis
1493 1784 1549 1834 et
1593 1778 1997 1850 superstitioso

2106 632 2328 686 naciter
2356 632 2727 686 recusabant.
2756 630 2867 685 Sed
2904 631 3280 700 quibusnam,
3337 629 3418 685 ait
3447 626 3765 683 Tertullia-

2107 737 2238 790 nus,
2276 721 2353 775 ita
2384 720 2839 776 sacrificandum
2887 723 2975 772 est
3005 717 3270 789 (Tertull.
3304 718 3578 788 Apot0yet.
3613 733 3754 787 cap.

2103 809 2192 875 29,
2228 826 2279 880 p.
2316 809 2486 877 438)?
2518 809 2719 862 Nonne
2750 807 2845 872 iis,
2879 808 2978 878 qui
3021 815 3267 877 possunt
3298 805 3546 861 salutem
3581 804 3757 860 cuili-

2107 898 2202 953 bet
2239 896 2483 966 homini,
2517 901 2691 967 atque
2722 895 2896 950 etiam
2928 895 3377 966 imperatoribus
3409 893 3702 965 Impertiri
3732 893 3760 947 ?

2106 986 2280 1057 Atqui
2313 986 2647 1040 eorumdem
2681 983 3048 1040 ethnicorum
3083 982 3183 1052 dii,
3220 999 3408 1053 neque
3438 982 3760 1053 imperato-

2107 1075 2267 1130 ribus
2303 1090 2488 1145 neque
2541 1073 2643 1127 ulli
2694 1072 2916 1129 homini
2965 1071 3128 1127 illam
3178 1072 3438 1126 conferre
3481 1075 3759 1143 possunt.

2107 1164 2251 1218 Nam
2286 1162 2342 1216 hi
2376 1161 2453 1216 dii
2486 1161 2570 1217 vel
2604 1162 2900 1217 daemones
2940 1165 3099 1226 sunt,
3134 1167 3330 1232 atque,
3366 1165 3428 1215 ut
3477 1159 3762 1230 superius

2107 1251 2351 1317 dictum,
2387 1251 2618 1322 pessimi
2654 1250 2917 1321 spiritus,
2971 1250 3178 1321 perditi
3229 1266 3296 1304 ac
3345 1248 3631 1314 damnati,
3665 1248 3759 1302 vel

2107 1340 2302 1408 potius
2353 1339 2562 1394 mortui
2623 1339 2910 1408 homines,
2973 1338 3471 1410 quemadmodum
3541 1338 3757 1391 1044

2108 1427 2321 1482 ethnici
2357 1428 2589 1498 propria
2620 1426 2972 1482 conscienlia
3019 1431 3383 1498 compertum
3435 1425 3757 1494 habebant,

2108 1521 2164 1571 et
2196 1533 2302 1570 nos
2335 1515 2485 1568 infra
2519 1516 2914 1570 ostendemus.
2966 1514 3279 1569 Christiani
3315 1513 3495 1585 igitur
3541 1530 3574 1568 a
3607 1529 3755 1568 neu-

2106 1605 2213 1659 tris
2254 1603 2502 1658 salutem
2555 1605 2972 1674 imperatorum
3023 1619 3128 1658 nec
3177 1608 3444 1674 poterant
3493 1619 3758 1674 sperare,

2108 1709 2212 1748 nec
2244 1697 2435 1763 petere
2467 1692 2773 1747 debebant.

2177 1798 2298 1860 Quo
2330 1796 2483 1850 enim
2515 1795 2688 1850 modo
2721 1796 2850 1852 falsi
2881 1795 2968 1850 illi
3003 1795 3083 1850 dii
3115 1812 3241 1851 eam
3293 1796 3431 1851 dare
3462 1801 3758 1866 poterant,

356 1871 516 1962 091m
548 1872 786 1928 οωῐιίηο
845 1875 1040 1962 Omni
1067 1869 1260 1962 εξῙίθηί·
1313 1869 1525 1923 amem
1583 1884 1714 1962 αξη)
1747 1867 1994 1962 enim“?
2025 1899 2068 1962 Β
2100 1886 2200 1959 qui
2230 1902 2535 1956 nunquam
2555 1889 2894 1954 potuerunt,
2921 1891 3022 1940 aut
3043 1902 3106 1940 se
3136 1884 3316 1956 ipsos,
3343 1889 3446 1940 aut
3475 1901 3584 1939 sua
3605 1887 3760 1939 tem-

354 1959 672 2026 vivebant,
741 1964 915 2030 atque
989 1958 1202 2012 idcirco
1275 1973 1558 2012 concusso
1633 1955 1878 2027 imperio
1937 1957 1994 2007 at

2107 1975 2204 2048 pla
2234 1979 2291 2029 et
2315 1972 2633 2028 simulacra
2669 1990 2701 2028 a
2730 1973 2980 2042 furibus,
3009 1977 3109 2028 aut
3157 1978 3487 2044 temporum
3519 1973 3763 2042 injuriis

364 2047 526 2119 ίΡεοε
580 2047 805 2104 ϐοῐιουῑί
862 2063 1096 2101 necesse
1152 2051 1274 2102 erat
1307 2088 1320 2100 ο
1344 2133 1347 2134 ν
1375 2049 1482 2100 pro
1535 2043 1765 2115 imperii
1811 2042 1996 2134 igitur
2101 2042 2280 2134 iutari
2302 2062 2330 2116 ?
2357 2065 2725 2133 Quapropter
2756 2063 2828 2116 ad
2859 2077 2925 2117 ea
2957 2062 3244 2117 servanda
3273 2042 3616 2134 indigebant
3648 2062 3763 2116 mi-

363 2135 763 2209 tranquilitate
793 2140 851 2191 et
896 2134 1294 2190 incolumitate
1336 2133 1778 2205 imperatorum,
1810 2132 1992 2187 Deum

365 2243 528 2298 (equo
557 2229 794 2298 totoque
825 2224 1018 2279 animo
1067 2241 1182 2278 non
1231 2224 1418 2278 solum
1480 2221 1771 2293 privatim,
1805 2222 1904 2276 sed
1935 2219 1993 2272 in

363 2315 488 2372 suis
546 2314 741 2377 etiam,
802 2313 1292 2384 quemadmodum
1345 2311 1614 2382 superius
1662 2309 1996 2365 observavi-

363 2420 517 2474 mus,
562 2401 876 2476 synaxibus
926 2400 1154 2472 publice
1205 2401 1592 2472 precabantur
1643 2401 1822 2470 (supr.
1867 2414 1993 2468 cap.

362 2493 448 2565 15,
486 2496 592 2547 art.
622 2491 695 2563 1).

431 2581 577 2644 Ouid
609 2596 766 2644 vero,
799 2579 950 2649 quod
980 2578 1166 2648 major
1189 2576 1528 2641 necessitas,
1561 2575 1611 2630 si
1640 2573 1998 2630 Tertulliano

363 2669 678 2733 credimus,
728 2667 1028 2737 flagitabat
1079 2670 1142 2718 ut
1188 2664 1501 2720 Christiani
1548 2663 1654 2717 has
1704 2679 1900 2733 preces
1933 2679 1996 2717 ex

364 2757 561 2812 animo
592 2753 946 2809 funderent?
975 2752 1239 2822 (Tertull.
1277 2753 1555 2822 Apologet.
1589 2768 1713 2822 cap.
1741 2751 1829 2815 32,
1865 2766 1995 2821 pag.

366 2846 510 2916 447).
547 2847 657 2899 Per
685 2859 885 2898 eorum
918 2841 1132 2912 quippe
1165 2841 1389 2896 animos
1442 2840 1637 2912 opinio
1672 2843 2000 2910 pervaserat

366 2933 627 3006 proxime
674 2935 934 2986 futurum
998 2930 1200 2984 mundi
1261 2930 1434 2983 finem
1492 2927 1667 2984 variis
1717 2926 1999 2998 portentis

368 3027 490 3078 tum
525 3020 940 3092 praenuntiari:
991 3019 1091 3074 sed
1126 3035 1256 3072 cum
1303 3023 1522 3083 tamen,
1555 3017 1707 3072 sicut
1747 3019 1869 3085 jam
1899 3015 1998 3069 ob-

365 3108 728 3165 servavimus
757 3108 947 3177 (Supr.
996 3123 1121 3177 cap.
1160 3107 1244 3169 15,
1295 3109 1400 3160 art.
1438 3107 1508 3172 1),
1542 3121 1654 3158 non
1705 3108 1875 3158 antea
1904 3103 2000 3156 de-

365 3197 735 3262 struendum,
757 3212 930 3266 quam
951 3196 1278 3250 Romanum
1297 3193 1608 3265 imperium
1627 3196 1997 3247 everteretur.

2103 2128 2296 2218 1itum,
2357 2150 2442 2205 uti
2487 2128 2614 2204 *αἰὲς
2645 2154 2862 2205 Auctor
2914 2153 3131 2217 noster,
3190 2128 3472 2216 excubiis,
3531 2150 3588 2204 id
3639 2154 3758 2216 est,

2106 2241 2384 2296 diuturna
2407 2245 2809 2308 nocturnaque
2833 2238 3066 2293 illorum
3089 2239 3370 2294 custodia.
3395 2236 3761 2294 Tertulliano

2107 2333 2302 2383 autem
2341 2327 2508 2399 plane
2557 2328 2916 2398 suifragatur
2957 2332 3158 2382 auctor
3206 2326 3465 2397 epistolas
3513 2327 3584 2381 ad
3619 2328 3759 2381 Dio-

2107 2416 2494 2488 gnetum,ha:c
2526 2415 2923 2484 etlinieisjure
2955 2430 3020 2470 ac
3052 2414 3256 2470 merito
3289 2415 3374 2469 sic
3404 2415 3762 2486 exprobran-

2108 2511 2247 2574 tem,
2296 2501 2432 2563 Τούς
2492 2502 2584 2573 μὲν
2653 2499 2892 2564 λιθίνους
2951 2502 3040 2556 καὶ
3099 2501 3446 2576 ὀστρακίνους
3504 2497 3760 2564 σέϐοντες

2107 2590 2482 2670 ἀφυλάκτους,
2535 2589 2661 2651 τοὺς
2734 2587 2790 2644 δὲ
2847 2590 3140 2665 ἀργυρέους
3215 2591 3305 2645 καὶ
3369 2594 3604 2666 χρυσοῦς
3663 2592 3760 2666 ἐγ-

2108 2677 2381 2739 κλείοντες
2436 2683 2552 2737 ταῖς
2586 2675 2720 2745 νυξὶ,
2770 2676 2857 2731 καὶ
2905 2682 3021 2738 ταῖς
3075 2678 3306 2750 ἡμέραις
3358 2677 3602 2755 φύλακας
3643 2699 3757 2732 πα-

2111 2765 2487 2841 ρακαθίσαντες
2528 2762 2616 2817 ’ἱνα
2675 2765 2750 2837 μὴ
2782 2763 3062 2820 κλαπῶσιν
3104 2786 3123 2823 :
3172 2770 3304 2824 Deos
3360 2768 3598 2839 lapideos
3649 2771 3753 2839 qui

2109 2859 2229 2913 dem
2275 2865 2325 2911 et
2367 2860 2624 2910 testaceos
2676 2858 3038 2925 veneramini,
3091 2857 3413 2912 custodibus
3459 2863 3757 2919 carentes;

2110 2950 2394 3016 argenteos
2426 2949 2608 2999 autem
2636 2947 2684 2999 et
2714 2961 2906 3000 aureos
2935 2943 3225 3000 includitis
3256 2955 3436 3013 noctu,
3467 2962 3531 3000 ac
3571 2947 3760 3001 inter-

2109 3036 2206 3090 diu
2236 3033 2487 3089 custodes
2537 3035 2832 3103 apponitis,
2878 3050 2946 3088 ne
2989 3020 3139 3104 furto
3187 3036 3517 3105 auferantur
3556 3036 3759 3106 (Epist.

2109 3124 2180 3179 ad
2209 3125 2363 3193 Diog.
2394 3125 2510 3192 post
2539 3123 2662 3175 init.
2701 3138 2830 3192 pag.
2866 3123 3009 3194 495).
3054 3123 3225 3178 Recte
3272 3139 3404 3193 ergo
3439 3123 3761 3180 Tertullia-

2113 3230 2224 3269 nus
2255 3211 2427 3266 hasce
2449 3210 2721 3265 excubias
2751 3211 3077 3266 Christiano
3103 3211 3273 3266 militi
3293 3213 3500 3268 vetitas
3521 3229 3652 3268 esse
3675 3213 3768 3270 sic

367 3286 674 3358 Rogabant
701 3258 883 3356 igitur
911 3300 1014 3354 pro
1047 3283 1224 3352 hujus
1277 3258 1678 3341 diuiurnitate.
1711 3285 1767 3334 et
1815 3284 1879 3334 ut
1908 3295 2000 3333 re-

2115 3301 2456 3374 pronuntiat
2480 3317 2492 3354 :
2535 3321 2560 3353 α
2580 3299 2899 3355 Excubabit
2920 3318 3022 3372 pro
3044 3301 3278 3370 templis
3306 3302 3521 3372 quibus
3544 3319 3766 3358 renun-

365 3375 697 3430 tardaretur
728 3373 929 3426 mundi
963 3371 1116 3436 linis,
1151 3388 1318 3440 quem
1353 3371 1596 3442 experiri
1621 3369 2003 3424 nolebant.At

365 3461 633 3534 quamvis
665 3459 764 3514 illa
791 3459 1255 3514 Christianorum
1291 3459 1506 3529 opinio,
1542 3464 1605 3513 ut
1647 3474 1826 3529 supra
1858 3457 2000 3511 vidi-

368 3566 502 3604 mus
535 3550 845 3620 (Dissertat.
881 3551 939 3602 in
970 3550 1215 3602 Lactant.
1249 3565 1372 3618 cap.
1404 3549 1493 3613 29,
1529 3552 1635 3601 art.
1662 3550 1685 3602 1
1709 3553 1764 3602 et
1793 3546 2001 3618 seqq),

365 3627 503 3693 vera
533 3654 646 3691 non
681 3635 778 3704 sit,
817 3653 928 3691 non
964 3637 1097 3690 inde
1127 3641 1320 3691 tamen
1356 3636 1552 3691 minus
1582 3642 1737 3691 certo
1767 3636 2007 3691 conﬁci-

370 3731 467 3782 tur
494 3725 628 3781 illos
659 3724 902 3780 sinceris
957 3725 1228 3794 precibus
1281 3742 1314 3778 a
1360 3730 1469 3779 Deo
1518 3724 1923 3796 expoposcisse
1953 3729 2010 3778 et

372 3814 623 3870 salutem
653 3813 1091 3884 imperatorum,
1125 3818 1181 3868 et
1229 3811 1606 3882 tranquillam
1656 3813 1884 3883 imperii
1916 3828 2009 3867 eo-

373 3919 504 3958 rum
536 3901 1003 3956 diuturnitatem.

981 4032 1298 4070 ARTICULUS
1341 4033 1401 4070 ῐῐ.

376 4106 715 4161 Christianos
743 4105 1012 4159 immerito
1049 4103 1202 4160 laesae
1231 4106 1533 4174 majestatis
1555 4105 1813 4159 humanae
1852 4121 2018 4161 accu-

444 4179 580 4241 sari,
614 4177 747 4248 quia
789 4176 1042 4230 nolebant
1088 4192 1185 4245 pro
1235 4178 1582 4246 impera/oris
1635 4177 1808 4230 salute
1836 4180 2012 4231 sacri-

447 4248 612 4317 ﬁcare
642 4248 750 4301 diis
778 4248 1092 4316 gentilium,
1124 4251 1218 4301 aut
1249 4264 1334 4303 eos
1381 4249 1618 4319 precari,
1666 4250 1762 4319 qui
1789 4264 1887 4302 nec
1915 4265 2013 4302 sua

445 4319 672 4390 templa,
705 4333 804 4372 nec
832 4333 887 4373 se
918 4321 1058 4389 ipsos
1102 4323 1281 4374 tutari
1323 4323 1594 4388 poterant,
1644 4337 1745 4375 nec
1775 4321 2012 4389 impera-

447 4389 580 4446 toris
608 4389 742 4443 dare
769 4397 864 4443 aut
890 4406 1211 4444 conservare
1255 4392 1508 4460 salutem,
1556 4391 1648 4444 sed
1695 4391 1842 4446 solus
1874 4392 2014 4445 Deus

449 4463 806 4531 omnipotens,
857 4478 888 4514 a
937 4477 1037 4530 quo
1089 4461 1388 4516 Christiani
1436 4466 1695 4533 poterant
1737 4477 1857 4518 eam
1899 4465 2014 4517 suis

450 4535 743 4604 impetrare
766 4534 1047 4602 precibus.

2109 3391 2294 3457 tiavit,
2327 3394 2383 3444 et
2412 3388 2663 3443 coenabit
2693 3388 2812 3442 illic
2865 3390 2964 3443 ubi
2997 3389 3262 3461 apostolo
3312 3407 3429 3446 non
3461 3391 3674 3462 placet,
3704 3397 3766 3448 et

2112 3495 2258 3551 quos
2289 3477 2548 3532 interdiu
2580 3478 2918 3532 exorcismis
2951 3477 3172 3549 fugavit
3203 3478 3510 3550 [nimirum
3541 3481 3762 3536 daemo-

2117 3584 2216 3623 nes
2247 3571 2302 3622 et
2333 3565 2640 3639 gentilium
2675 3565 2832 3633 deos]
2863 3567 3132 3622 noctibus
3163 3568 3492 3624 defensabit
3524 3567 3763 3625 incum-

2114 3657 2260 3712 bens
2290 3659 2346 3710 et
2393 3654 2765 3725 requiescens
2815 3671 2992 3727 super
3039 3655 3270 3727 pilum?
3311 3675 3342 3709 υ
3397 3656 3662 3728 (Tertull.
3697 3659 3767 3715 de

2119 3746 2308 3800 Coron.
2343 3760 2470 3814 cap.
2501 3743 2609 3810 lt).
2643 3742 2778 3797 Aliae
2818 3743 3106 3799 editiones
3154 3761 3321 3814 super
3378 3745 3598 3814 luncho,
3643 3745 3769 3802 sive

2117 3833 2338 3900 lancea,
2400 3848 2502 3903 qua
2556 3834 2859 3904 perfossum
2915 3841 2993 3888 est
3051 3833 3196 3888 latus
3255 3833 3506 3890 Christi.
3563 3837 3771 3892 Cernis

2119 3921 2374 3995 profecto
2405 3938 2520 3992 qua
2546 3920 2758 3976 ethnici
2791 3921 3012 3977 ratione
3061 3939 3164 3993 pro
3197 3923 3308 3978 diis
3353 3922 3477 3978 suis
3508 3925 3769 3980 excuba-

2121 4016 2248 4067 rent
2275 4008 2714 4082 vigilarentque.
2747 4011 2852 4064 Sed
2893 4010 2950 4064 hi
2981 4013 3272 4080 custodes,
3325 4012 3774 4085 quantumlibet

2120 4098 2343 4172 vigiles,
2380 4098 2662 4169 impedire
2693 4115 2806 4154 non
2832 4103 3146 4171 potuerunt
3176 4101 3493 4173 quominus
3525 4101 3768 4160 illorum

2121 4187 2342 4259 templa
2372 4192 2429 4242 et
2476 4186 2789 4242 simulacra
2847 4187 3115 4260 spoliata,
3167 4195 3351 4262 rapta,
3394 4207 3460 4246 ac
3489 4191 3771 4263 plurimis

2124 4276 2379 4332 ludibrio
2415 4276 2832 4346 despectuiquc
2865 4275 3101 4332 fuerint.
3137 4277 3556 4335 Verumtamen
3579 4281 3779 4351 genti-

2121 4365 2205 4422 les
2265 4380 2612 4436 persuasum
2674 4363 2877 4436 utique
2933 4365 3229 4422 habebant
3283 4368 3406 4424 haac
3452 4369 3775 4426 simulacra

2122 4453 2404 4524 ipsosmet
2426 4455 2563 4508 deos
2577 4469 2714 4508 suos
2728 4460 3196 4520 esse,auteorum
3211 4461 3364 4513 certe
3377 4456 3744 4512 domicilium
3759 4499 3774 4524 ,

2122 4543 2318 4598 sedem
2347 4546 2402 4597 et
2456 4541 2896 4597 habitationem.
2951 4543 3129 4600 Plura
3177 4551 3372 4601 autem
3423 4547 3492 4602 de
3522 4545 3597 4602 iis
3628 4546 3774 4602 alibi

449 4653 556 4704 Tot
583 4647 874 4704 rationum
911 4650 1222 4703 momentis
1252 4649 1395 4704 satis
1426 4649 1893 4706 demonstratum
1925 4655 2002 4705 est

2121 4631 2529 4686 annotavimus
2554 4631 2867 4699 (Dissertat.
2921 4633 2977 4687 in
3029 4634 3229 4690 Arnob.
3263 4651 3386 4706 cap.
3424 4637 3516 4701 20,
3567 4640 3672 4690 art.
3709 4636 3769 4705 5,

380 4735 762 4800 Christianos,
797 4736 894 4805 qui
927 4741 1044 4789 toto
1094 4736 1287 4792 animo
1331 4737 1510 4792 Deum
1546 4754 1645 4809 pro
1697 4739 2013 4810 imperato-

380 4841 510 4880 rum
543 4821 728 4879 salute
759 4822 1013 4893 quotidie
1050 4825 1310 4894 orabant,
1347 4825 1491 4881 lassis
1514 4841 1711 4880 eorum
1748 4829 2014 4898 majesta-

380 4912 450 4968 tis
482 4927 594 4967 non
627 4927 754 4965 esse
786 4927 932 4966 reos.
964 4911 1120 4974 Quod
1156 4927 1291 4983 ergo
1323 4919 1521 4968 contra
1544 4929 1830 4984 Opponcre
1857 4921 2011 4986 pote-

378 5005 508 5056 rant
539 4998 804 5074 gentiles,
848 4999 957 5053 nisi
1014 4999 1328 5055 imbecillia
1359 5019 1598 5072 prorsus
1644 5009 2008 5074 argumenta,

379 5090 779 5161 absurdasque
820 5087 1235 5154 cavillationes,
1292 5107 1416 5160 qua:
1468 5094 1643 5144 ruunt
1692 5108 1752 5145 se
1781 5091 1924 5162 ipsis
1957 5099 2013 5148 et

379 5179 642 5234 funditus
675 5177 1042 5233 concidunt?
1090 5178 1170 5231 Ne
1220 5180 1356 5249 quid
1409 5183 1621 5244 tamen,
1678 5179 1844 5234 sicuti
1876 5183 2008 5236 Ter-

377 5267 658 5322 tullianus
688 5270 900 5331 noster,
938 5267 1217 5321 intactum
1251 5267 1675 5338 relinquamus,
1703 5285 1770 5324 ea
1800 5270 2012 5325 exami-

377 5356 573 5411 nanda
599 5361 758 5424 sunt,
822 5360 886 5408 ut
919 5355 1286 5410 manifestius
1344 5356 1581 5411 cuilibet
1641 5357 1734 5411 flat
1792 5363 2012 5424 quanta

376 5445 879 5515 iniquitateiidem
910 5443 1219 5498 Christiani
1242 5462 1406 5500 suam
1425 5445 2008 5518 propterreligionem

379 5539 689 5587 vexarentu
702 5551 724 5585 r
754 5537 929 5602 atque
960 5531 1445 5601 opprimerentur.

453 5621 811 5688 Objiciebant
843 5619 1041 5689 itaque
1069 5619 1285 5674 ethnici
1333 5620 1462 5674 illos
1506 5619 1651 5676 laesae
1684 5621 2009 5692 majestatis

383 5707 654 5762 humanos
713 5706 974 5762 convinci
1030 5707 1165 5779 quia
1215 5725 1316 5778 pro
1345 5709 1760 5781 imperatorum
1821 5710 2010 5769 salute

2123 4724 2180 4776 et
2225 4721 2283 4773 in
2343 4722 2611 4790 Lactant,
2666 4736 2791 4791 cap.
2853 4722 2942 4787 35,
3002 4727 3112 4776 art.
3172 4724 3227 4794 5)
3286 4729 3342 4779 et
3373 4723 3563 4778 adhuc
3611 4723 3772 4780 infra

2121 4808 2406 4864 dicemus.
2486 4802 2496 4813 ’

2189 4917 2298 4968 Fac
2328 4917 2544 4980 tamen,
2580 4912 2628 4968 si
2662 4912 2823 4982 velis,
2855 4913 3104 4986 gentiles
3136 4933 3249 4972 non
3282 4917 3600 4973 credidisse
3639 4917 3768 4976 haec

2121 5001 2437 5058 simulacra
2467 5018 2594 5056 esse
2624 5002 2784 5069 deos,
2818 5004 2916 5058 sed
2951 5003 3022 5058 iis
3072 5011 3300 5061 tantum
3335 5009 3769 5078 repraesentari,

2121 5092 2258 5161 quid
2295 5091 2428 5143 inde
2480 5089 2792 5160 proﬁcies?
2840 5094 3074 5147 Constat
3124 5096 3280 5148 enim
3337 5095 3444 5151 hos
3478 5097 3772 5168 ipsosmet.

2119 5179 2425 5252 gentilium
2457 5180 2615 5244 deos,
2651 5179 3007 5252 quicumque
3043 5183 3277 5252 fuerint,
3310 5186 3377 5239 ad
3423 5191 3630 5240 nutum
3664 5204 3767 5241 ar-

2119 5269 2361 5324 bitrium
2421 5268 2765 5340 pependisse
2824 5269 3214 5340 imperatoris.
3279 5273 3344 5328 Et
3401 5275 3456 5329 id
3518 5275 3765 5346 quidem

2121 5358 2312 5425 multi,
2347 5362 2406 5412 ut
2438 5357 2708 5427 superius
2739 5359 3127 5425 ostendimus,
3150 5365 3370 5433 experti
3393 5371 3547 5418 :‘Uut.
3576 5365 3762 5429 Quin-

2118 5448 2293 5503 etiam
2331 5447 2526 5518 plures
2557 5447 2659 5517 dii,
2696 5447 2866 5502 sicuti
2899 5447 3090 5504 aiebat
3109 5450 3522 5520 Tertullianus,
3558 5453 3766 5510 habue-

2117 5546 2252 5592 runt
2283 5536 2557 5593 Caesarem
2600 5537 2804 5591 iratum
2855 5537 3116 5607 (Tertull.
3172 5541 3449 5612 Apologer.
3507 5559 3609 5614 cap
3666 5543 3765 5615 29,

2117 5641 2251 5698 pag.
2287 5627 2431 5698 439),
2464 5625 2558 5694 qui
2590 5625 2855 5680 videlicet
2889 5643 3000 5681 non
3034 5627 3225 5684 solum
3256 5629 3489 5687 illorum
3538 5633 3672 5687 fana
3702 5640 3768 5689 et

2119 5719 2346 5774 statuas
2380 5713 2680 5781 aediﬁcari,
2725 5715 2822 5770 sed
2854 5716 3012 5788 ipsos
3043 5733 3147 5788 pro
3187 5717 3300 5776 diis
3335 5718 3535 5777 haberi
3559 5721 3765 5792 probi-
