4162 6396
350 435 500 494 1141

1275 433 1345 493 D.
1394 434 1487 494 LE
1532 432 1859 495 NOURRY
1904 432 2555 493 OBSERVATIUNES
2599 432 2859 493 ΝΟνΑΞ.

3572 456 3573 461 π
3612 420 3773 485 1143

348 569 575 624 buerat.
609 565 766 622 Nihil
799 568 994 622 autem
1019 566 1358 635 absurdius,
1390 584 1569 641 quam
1602 584 1637 624 a
1665 567 1780 624 diis
1813 567 1999 640 impe-
2031 568 2084 635 Α
2114 565 2439 623 naturalem
2488 567 2662 623 deum
2710 564 3181 635 uniuscujusque
3225 560 3355 628 loci,
3402 558 3488 614 vel
3541 557 3648 625 rei,
3679 557 3772 614 vel

343 658 522 713 ratori
556 656 835 728 subjectis
867 655 1119 713 salutem
1154 656 1315 712 illius
1341 657 1667 730 petere,qui
1702 675 1870 713 suam
1906 674 2001 728 po-

344 748 464 803 tius
497 747 567 802 ab
612 744 734 811 illo,
794 762 968 816 quam
1023 745 1114 801 hic
1155 746 1225 801 ab
1278 745 1393 801 illis
1442 752 1667 817 poterat
1714 746 1998 801 obtinere.

342 836 707 907 Quapropter
730 834 1127 890 Tertullianus
1158 836 1392 891 eosdem
1425 836 1688 891 ethnicos
1721 835 1812 890 his
1844 852 2000 890 com-

342 926 520 997 pellat
550 922 742 979 verbis
776 940 788 978 :
824 947 851 973 ‹‹
886 923 994 978 Sed
1048 941 1147 979 vos
1180 924 1513 996 irreligiosi,
1547 924 1646 998 qui
1677 942 1805 979 eam
1840 924 1999 979 salu-

342 1019 461 1070 tem
494 1012 754 1085 queritis
787 1013 883 1069 ubi
938 1030 1051 1068 non
1098 1018 1223 1080 est;
1287 1015 1483 1086 petitis
1533 1032 1566 1069 a
1615 1014 1830 1085 quibus
1871 1014 1999 1068 dari

338 1119 452 1158 non
488 1106 678 1173 potest
706 1124 733 1151 ››
766 1102 929 1173 (Ibid.
976 1121 1032 1174 p.
1084 1104 1229 1173 440).
1285 1104 1369 1159 Ita
1419 1103 1657 1175 quidem
1692 1104 1749 1157 in
1782 1102 1997 1158 nostris

337 1192 636 1247 codicibus
689 1196 744 1246 et
816 1192 1174 1247 editionibus
1233 1194 1515 1265 antiquis.
1577 1196 1649 1248 At
1704 1192 1994 1264 Rigaltius

335 1286 541 1336 contra
573 1280 809 1336 illorum
843 1283 1108 1339 omnium
1157 1284 1559 1339 auctoritatem
1590 1282 1767 1337 scribi
1792 1281 1993 1365 jussit,

335 1370 603 1440 religiosi,
632 1369 788 1425 haud
826 1371 1001 1427 dubie
1032 1372 1172 1443 quia
1203 1374 1448 1443 putabat
1480 1372 1612 1427 illos
1648 1372 1727 1425 ibi
1764 1370 1992 1442 religio-

334 1475 433 1515 sos
473 1459 696 1515 ironice
728 1460 1030 1531 appellari.
1069 1463 1177 1517 Sed
1233 1461 1444 1516 licetne
1494 1461 1645 1515 hanc
1692 1461 1763 1513 ob
1797 1461 1991 1529 conje-

338 1552 567 1603 cturam
602 1550 947 1605 auctoritate
976 1551 1213 1621 propria
1244 1555 1465 1605 textum
1493 1549 1748 1605 auctoris
1781 1549 1991 1603 immu-

335 1641 485 1706 tare,
517 1641 689 1708 atque
720 1644 845 1693 tum
882 1640 1131 1695 maxime
1165 1641 1400 1713 quando
1448 1640 1754 1711 utriusque
1785 1639 1988 1694 lectio~

336 1726 428 1780 nis
460 1726 613 1781 idem
647 1736 733 1783 est
767 1734 1024 1785 sensus?

407 1815 632 1871 Rursus
650 1822 845 1873 autem
872 1817 968 1874 ille
991 1820 1359 1874 demonstrat
1380 1817 1744 1874 Christianos
1777 1817 1983 1888 magis,

334 1920 514 1975 quam
583 1906 850 1977 gentiles,
911 1908 981 1963 de
1036 1907 1411 1980 imperatoris
1468 1908 1558 1962 sui
1616 1906 1802 1961 salute
1858 1922 2061 2004 esseB

335 1992 616 2049 sollicitos
666 1995 826 2068 (Ibid.
862 2012 985 2068 cap.
1021 1998 1110 2065 33,
1151 2014 1281 2069 pag.
1325 1998 1471 2067 448),
1524 1996 1727 2050 1045
1784 2000 1982 2066 utpote

337 2085 438 2154 qui
483 2083 853 2154 exploratum
905 2086 1199 2142 habebant
1246 2086 1410 2140 illum
1474 2103 1505 2140 a
1550 2102 1683 2140 vero
1738 2086 1847 2139 Deo
1876 2102 1980 2139 suo

336 2172 521 2227 fuisse
567 2172 838 2229 electum.
888 2175 1109 2230 Etenim
1152 2176 1297 2242 inde,
1332 2175 1542 2243 inquit,
1570 2182 1808 2243 potestas
1855 2170 1977 2239 illi,

334 2263 481 2316 unde
510 2263 745 2332 spiritus
774 2265 825 2318 el
856 2268 973 2319 vita
1004 2264 1186 2334 (lbid.,
1213 2281 1339 2335 cap.
1367 2265 1455 2333 30,
1483 2282 1536 2335 p.
1562 2262 1709 2332 442).
1736 2264 1803 2316 At
1835 2260 1978 2315 illud

334 2368 448 2405 non
481 2355 709 2407 tantum
742 2353 995 2408 naturali
1031 2354 1249 2408 lumine
1299 2357 1626 2422 agnoverat,
1662 2352 1761 2405 sed
1812 2367 1844 2405 a
1891 2350 1976 2405 di-

328 2438 462 2493 vino
494 2441 708 2510 Spiritu
733 2441 948 2496 afflatis
979 2442 1198 2497 nostris
1230 2440 1614 2512 scriptoribus
1636 2439 1975 2512 (Idem,lib.1

328 2528 393 2583 de
426 2530 742 2599 Prmeript.
775 2546 823 2584 c.
856 2534 931 2597 2).
971 2530 1153 2602 Reges
1185 2547 1440 2601 namque
1470 2529 1631 2601 ipsos
1677 2528 1970 2595 Salomon,

326 2628 385 2671 In
416 2618 747 2688 Sapientiae,
780 2619 934 2675 sicut
983 2619 1079 2675 ille
1128 2623 1228 2690 ait,
1263 2619 1410 2675 libro
1461 2620 1544 2674 sic
1601 2617 1923 2689 alloquitur
1957 2635 1968 2673 :

326 2707 463 2761 Data
511 2710 590 2761 est
636 2724 668 2760 a
720 2708 946 2764 Domino
993 2714 1225 2779 potestas
1272 2708 1444 2775 vobis,
1476 2712 1528 2762 et
1575 2710 1747 2763 virtus
1789 2708 1855 2762 ab
1886 2708 1973 2762 Al-

327 2796 536 2850 tissimo
564 2799 715 2867 (Sap.
750 2814 827 2857 v1.
862 2798 936 2864 4).
972 2797 1183 2852 Paulus
1212 2813 1344 2853 vero
1384 2798 1455 2851 ad
1506 2801 1797 2851 Romanos
1829 2796 1970 2850 scri-

327 2884 444 2955 psit
477 2900 489 2937 :
534 2884 648 2938 Non
693 2890 771 2940 est
816 2890 1069 2956 potestas,
1100 2885 1213 2940 nisi
1238 2904 1268 2941 a
1302 2887 1426 2952 Deo,
1459 2901 1584 2956 quae
1609 2894 1791 2939 autem
1819 2893 1968 2949 sunt,

323 2990 358 3026 a
417 2973 519 3027 Deo
578 2974 851 3031 ordinatae
902 2978 1028 3029 sunt
1067 2975 1236 3046 (Rom.
1268 2991 1426 3037 xvui,
1464 2979 1535 3041 1).
1570 2973 1970 3030 Tertullianus

324 3061 651 3133 igiturjure
680 3080 821 3119 sane
846 3066 1054 3119 merito
1088 3064 1222 3118 hinc
1251 3062 1547 3118 concludit
1575 3079 1633 3116 :«
1656 3067 1863 3117 Noster
1882 3069 1971 3117 est

325 3150 514 3221 magis
558 3152 769 3217 Cresar,
803 3169 837 3206 a
868 3157 1064 3207 nostro
1113 3152 1227 3208 Deo
1257 3152 1615 3207 constitutus
1648 3173 1673 3201 »
1702 3151 1963 3221 (Tertull.

321 3239 600 3311 Apologet.
634 3256 760 3311 cap.
794 3241 881 3305 33,
919 3258 976 3312 p.
1020 3242 1146 3309 448)
1178 3258 1354 3312 quam
1389 3240 1491 3294 ulli
1523 3240 1828 3311 gentilium
1864 3240 1967 3305 dii,

2111 657 2410 723 hominis;
2439 667 2495 713 et
2520 659 2681 720 alibi,
2701 675 2898 712 manes
2922 674 2954 711 a
2975 654 3209 725 Virgilio
3233 651 3510 725 appellari
3537 650 3765 722 genios,

2113 764 2260 819 quos
2305 765 2435 802 cum
2487 749 2600 800 vita
2648 764 2851 801 omnes
2910 745 3238 799 sortiuntur
3274 742 3451 810 (Serv.
3505 741 3560 793 in
3613 739 3706 793 lib.
3742 755 3761 793 ι

2113 835 2295 907 Georg.
2332 852 2463 907 pag.
2496 836 2585 905 85,
2619 841 2672 889 et
2705 838 2758 889 in
2792 835 2886 889 lib.
2916 852 2970 888 vx
3002 831 3215 888 /Eneid.
3240 846 3373 901 pag.
3402 828 3547 899 440).
3583 828 3759 884 Varro

2109 942 2361 997 quoque,
2397 926 2468 979 ab
2505 924 2832 996 Augustino
2865 924 3076 977 citatus
3107 924 3379 993 (August.
3415 918 3516 972 lib.
3566 933 3641 971 vn
3693 916 3759 972 de

2110 1015 2272 1071 Ciuit.
2308 1034 2434 1088 cap.
2466 1017 2547 1086 13,
2574 1033 2702 1087 pag.
2732 1018 2874 1083 192),
2897 1015 3122 1069 dixerat
3152 1013 3385 1085 genium
3419 1026 3545 1066 esse
3576 1010 3752 1063 deum

2108 1126 2137 1153 «
2171 1106 2271 1176 qui
2324 1107 2688 1176 praepositus,
2736 1122 2802 1159 ac
2853 1106 2964 1158 vim
3022 1104 3197 1159 habet
3246 1118 3441 1156 rerum
3489 1099 3755 1155 omnium

2106 1193 2552 1267 gignendurum.
2598 1218 2624 1243 ››
2678 1195 2850 1248 Plura
2898 1197 3092 1249 autem
3153 1193 3222 1246 de
3279 1190 3464 1263 geniis
3521 1187 3757 1258 Lipsius

2105 1283 2227 1354 (lib.
2264 1284 2622 1355 [Physiolog
2659 1301 2782 1353 cap.
2822 1285 2904 1348 19,
2961 1298 3091 1353 pag.
3143 1282 3246 1335 r€51
3305 1286 3361 1335 et
3411 1294 3575 1349 seqq.
3608 1282 3752 1333 tom.

2106 1373 2200 1445 IV)
2242 1392 2254 1441 ;
2306 1374 2527 1429 Natalis
2576 1374 2801 1441 Comes,
2853 1373 2976 1444 (lib.
3040 1389 3093 1426 ιν
3140 1370 3430 1441 Mytholog.
3478 1383 3602 1439 cap.
3655 1365 3751 1435 3);

2104 1463 2347 1517 Vossius
2376 1466 2563 1528 (Voss.
2599 1462 2696 1516 lib.
2732 1480 2747 1515 ι
2782 1463 2929 1531 Orig.
2964 1470 3015 1515 et
3050 1477 3234 1531 progr.
3286 1458 3416 1513 idol.
3467 1474 3595 1527 cap.
3640 1456 3751 1525 18),

2103 1555 2159 1605 et
2201 1552 2318 1616 alii,
2355 1568 2577 1623 nosque
2623 1554 2676 1604 in
2734 1550 3133 1622 superioribus
3192 1547 3410 1603 nostris
3462 1545 3748 1601 disserta-

2098 1640 2375 1695 tionibus.

2169 1732 2301 1792 Quae
2336 1745 2464 1784 vero
2513 1729 2592 1783 ibi
2637 1728 2838 1783 leviter
2888 1728 3215 1799 attigimus,
3264 1724 3408 1781 satis
3452 1736 3745 1794 superque

2096 1818 2505 1873 demonstrant
2532 1817 2794 1872 ethnicos
2817 1832 3163 1889 persuasum
3198 1814 3473 1870 habuisse
3504 1812 3740 1884 genium

2097 1906 2465 1978 imperatoris
2494 1924 2623 1963 esse
2649 1908 3003 1978 singularem
3038 1905 3196 1960 illius
3223 1905 3421 1972 deum,
3451 1920 3485 1958 a
3516 1919 3629 1973 quo
3652 1901 3746 1972 ip-

2096 2013 2228 2051 sum
2260 1998 2523 2067 genitum
2556 2014 2620 2051 ac
2644 1998 2760 2068 regi
2790 1994 3372 2051 arbitrabentur.Non
3400 1992 3611 2047 mirum
3637 1990 3745 2046 ita-

2098 2102 2211 2156 que
2242 2086 2287 2139 si
2324 2104 2423 2157 per
2455 2088 2903 2156 eumjurarent,
2938 2103 3001 2140 ac
3028 2084 3394 2140 Christianos
3426 2082 3627 2153 jurare
3659 2095 3744 2134 re-

2098 2180 2345 2229 nuentes
2379 2174 2528 2229 laesae
2558 2179 2902 2230 accusarent
2935 2172 3281 2243 majestatis.

2166 2279 2379 2334 Verum
2432 2280 2486 2333 bi
2541 2282 2608 2333 ad
2662 2281 2906 2350 impium
2960 2280 3065 2334 hoc
3104 2278 3538 2349 jusjurandum,
3574 2275 3746 2331 modo
3812 2276 3815 2281 ’

2093 2368 2430 2433 blanditiis,
2466 2371 2669 2423 1046
2713 2370 2883 2424 modo
2922 2368 3100 2423 minis
3152 2385 3218 2422 ac
3251 2365 3609 2421 cruciatibus
3640 2381 3743 2419 saa-

2094 2458 2335 2529 pissime
2365 2458 2436 2513 ab
2469 2458 2719 2513 ethnicis
2754 2458 3066 2531 provocpti,
3089 2458 3228 2512 dare
3257 2456 3400 2510 illud
3436 2470 3737 2524 nunquam

2092 2546 2420 2601 voluerunt.
2448 2549 2698 2618 Cupisne
2729 2549 2783 2601 id
2819 2548 2919 2602 tibi
2955 2548 3148 2617 aliquo
3181 2544 3443 2615 exemplo
3475 2559 3741 2613 compro-

2092 2636 2214 2690 bari
2239 2636 2265 2689 ?
2298 2636 2508 2691 Praesto
2540 2638 2706 2691 adest
2752 2637 3053 2702 Eusebius,
3090 2634 3188 2706 qui
3222 2633 3400 2688 semel
3434 2640 3484 2686 et
3522 2634 3731 2687 iterum

2090 2730 2289 2780 narrat
2318 2726 2762 2780 sanctissimum
2788 2731 3101 2797 martyrem
3134 2722 3511 2795 Polycarpum
3545 2738 3576 2775 a
3607 2737 3735 2792 pro-

2088 2814 2328 2871 consule
2359 2815 2687 2871 lacessitum
2724 2815 2922 2882 fuisse,
2959 2820 3022 2869 ut
3070 2831 3168 2884 per
3215 2813 3457 2868 Caesaris
3496 2810 3732 2882 genium

2078 2902 2352 2973 juraret:
2393 2904 2658 2975 "Opoaov,
2711 2904 3033 2975 inquiebat,
3092 2902 3189 2969 τὴν
3240 2899 3502 2973 Καίσαρος
3556 2895 3731 2972 τύχην

2086 2991 2319 3061 (Euseb.
2369 2994 2464 3048 lib.
2515 3011 2571 3049 ιν
2626 2993 2836 3048 Eccles.
2872 2994 3066 3047 Histor.
3111 3008 3238 3062 cap.
3290 2992 3378 3054 15,
3421 3006 3550 3061 pag.
3592 2990 3731 3059 152).

2085 3084 2153 3133 At
2208 3098 2320 3136 non
2379 3081 2560 3148 aliud,
2596 3084 2786 3153 pergit
2828 3082 3137 3147 Eusebius,
3183 3080 3254 3133 ab
3303 3096 3368 3133 eo
3398 3075 3732 3148 proconsul,

2084 3167 2197 3222 nisi
2231 3170 2335 3224 hoc
2369 3172 2593 3243 accepit
2623 3187 3002 3241 responsum:
3032 3169 3225 3240 Fingis
3256 3173 3311 3223 te
3341 3167 3609 3239 ignorare
3640 3181 3733 3220 me

2082 3274 2210 3313 esse
2241 3259 2663 3315 Christianum.
2690 3259 3221 3329 cuijusjurandum
3256 3256 3395 3310 illud
3435 3255 3601 3327 plane
3632 3271 3729 3324 pe-

321 3327 422 3398 qui
473 3328 701 3383 nullum
733 3346 1003 3386 cessarem
1036 3336 1138 3385 aut
1173 3330 1579 3401 imperatorem
1636 3330 1822 3384 facere
1862 3346 1968 3383 un-

2087 3349 2363 3419 nitusque
2396 3350 2754 3420 prohibetur.
2790 3310 2920 3404 i‘iosu
2938 3348 3171 3420 quidem
3206 3363 3318 3400 non
3355 3310 3500 3417 fugit
3533 3310 3729 3399 Graeco

320 3433 497 3487 quam
530 3424 866 3489 potuerunt.
901 3417 1042 3475 Plus
1083 3420 1261 3492 igitur
1292 3420 1360 3473 ad
1394 3419 1769 3491 imperatoris
1810 3418 1963 3473 salu-

318 3509 433 3561 tem
485 3509 709 3564 confert
758 3508 1126 3565 Christianus
1174 3511 1357 3565 Deum
1405 3526 1603 3574 suum,
1648 3527 1681 3564 a
1724 3525 1836 3580 quo
1870 3508 1964 3563 ille

316 3594 625 3652 institutus
680 3603 787 3664 est,
848 3599 1127 3670 rogando,
1181 3615 1354 3668 quam
1415 3598 1685 3653 ethnicus
1742 3599 1962 3652 orando

315 3687 749 3743 commentitios
778 3688 917 3744 deos
960 3705 1120 3755 suos,
1167 3689 1266 3759 qui
1317 3705 1421 3744 nec
1464 3687 1825 3758 imperatori,
1859 3703 1963 3742 nec

318 3772 421 3826 ulli
455 3774 673 3830 homini
710 3783 957 3848 possunt
1001 3777 1090 3834 vel
1125 3778 1435 3833 minimum
1469 3777 1708 3848 quidem
1743 3776 1960 3831 beneﬁ-

315 3861 468 3917 cium
499 3864 774 3921 tribuere.

916 4024 1234 4063 ARTICULUS
1272 4025 1355 4062 III.

316 4111 490 4177 Quum
535 4114 742 4179 frustra
785 4115 1020 4180 gentiles
1067 4116 1362 4183 objz’cerent
1422 4114 1759 4169 Christianos
1809 4115 1962 4169 (resse

386 4184 682 4255 majestatis
736 4187 989 4240 humanae
1034 4202 1146 4240 esse
1199 4203 1339 4251 reos,
1372 4189 1501 4256 quia
1544 4202 1649 4256 per
1678 4187 1963 4255 imperato-

383 4256 462 4309 ris
492 4258 714 4322 genium
735 4259 933 4329 jurare
964 4260 1327 4327 recusabant,
1358 4259 1451 4312 sed
1473 4258 1749 4329 jurabant
1774 4267 1960 4312 tamen

378 4344 478 4397 per
536 4330 690 4383 illius
736 4328 995 4395 salutem,
1051 4334 1299 4401 quamvis
1356 4328 1481 4385 alia
1514 4346 1739 4400 prorsus
1794 4345 1960 4399 quam

384 4402 614 4469 gentiles
651 4403 892 4456 ratione.

386 4525 688 4580 Instabant
735 4526 951 4581 ethnici
1017 4526 1379 4582 Christianos
1431 4541 1769 4581 caesareanze
1830 4540 1955 4578 ma-

302 4614 537 4683 jestatis
567 4630 694 4669 reos
721 4614 849 4670 ideo
883 4616 1176 4687 redargui,
1228 4617 1366 4688 quia
1393 4632 1496 4688 per
1519 4631 1718 4670 eorum
1753 4612 1955 4685 genios

2074 3438 2310 3492 nomine
2359 3437 2503 3511 τῦχη
2538 3438 2856 3509 significari
2908 3438 3221 3500 fortunam,
3250 3436 3348 3490 sed
3383 3452 3450 3488 ea
3482 3434 3724 3489 Caesaris

2075 3525 2309 3579 fortuna
2341 3528 2416 3580 ibi
2453 3530 2997 3598 designatur,quam
3023 3525 3240 3581 ethnici
3267 3526 3338 3579 ab
3371 3523 3530 3578 illius
3551 3523 3722 3594 genio

2073 3613 2384 3685 gubernari
2419 3618 2857 3671 existimabant.
2900 3622 2969 3670 At
3001 3616 3070 3669 de
3102 3615 3209 3669 hoc
3239 3613 3628 3669 ethnicorum.
3663 3616 3737 3666 et

2073 3708 2281 3774 negato
2331 3723 2364 3759 a
2409 3705 2756 3760 Christianis
2800 3705 3185 3776 jurejurando
3236 3704 3293 3758 in
3328 3702 3614 3775 superiori
3648 3704 3717 3758 de

2072 3791 2300 3846 Minutii
2335 3793 2535 3848 Otavio
2566 3794 2973 3848 dissertatione
3004 3792 3434 3863 disputavimus
3466 3794 3714 3865 (Disserl.

2072 3880 2130 3935 in
2158 3881 2352 3936 Minui.
2386 3883 2569 3938 Octav.
2606 3900 2727 3955 cap.
2764 3884 2851 3954 12,
2883 3888 2992 3937 art.
3025 3882 3099 3954 3).

2141 3988 2457 4045 Christiani
2488 3991 2684 4061 itaque
2737 3989 3179 4045 detestabantur
3208 4002 3381 4043 omne
3416 3987 3714 4057 jusjuran-

2071 4079 2211 4133 dum
2265 4096 2365 4149 per
2410 4083 2827 4149 imperatorum
2869 4079 3093 4149 genios,
3136 4076 3610 4148 quandoquidem
3657 4077 3716 4132 hi

2071 4172 2173 4221 aut
2203 4168 2372 4231 nulli,
2408 4174 2505 4223 aut
2526 4170 2813 4221 (immunes
2837 4172 3021 4235 erant,
3051 4166 3251 4220 iisdem
3278 4165 3520 4233 subjecti
3549 4165 3713 4221 Chri-

2071 4255 2302 4321 stianis,
2336 4258 2429 4325 qui
2484 4256 2599 4311 illis
2648 4257 2859 4310 Christi
2914 4254 3147 4310 nomine
3179 4254 3477 4324 adjuratos
3507 4254 3577 4309 de
3610 4256 3712 4311 ob-

2069 4360 2362 4399 sessorum
2392 4346 2735 4416 corporibus
2766 4344 3076 4413 ejiciebant
3104 4343 3372 4415 (Tertull.
3432 4343 3709 4415 Apologet.

2070 4449 2199 4503 cap.
2236 4436 2347 4505 3!).
2383 4436 2491 4489 Fas
2532 4452 2667 4506 ergo
2700 4434 2813 4488 illis
2849 4451 2959 4488 non
2994 4438 3119 4489 erat
3148 4450 3249 4505 per
3278 4449 3376 4488 eos
3406 4433 3622 4505 jurare,
3651 4434 3709 4489 in

2068 4539 2214 4593 quos
2244 4540 2537 4579 summam
2570 4524 2861 4579 habebant
2895 4526 3257 4591 potestatem.
3283 4526 3563 4578 Preterea
3589 4523 3711 4578 eth-

2068 4614 2181 4670 nici
2212 4631 2313 4685 per
2343 4614 2579 4687 genium
2631 4614 2873 4670 Czesaris
2915 4617 3186 4683 jurantes
3236 4614 3711 4684 frequentissime

300 4704 501 4771 jurare
533 4704 956 4769 detractabant,
990 4705 1075 4760 vel
1108 4705 1278 4760 sicuti
1328 4708 1541 4760 Auctor
1588 4709 1787 4760 noster
1816 4702 1953 4758 alibi
1989 4690 2033 4752 D
2068 4705 2420 4775 pejerabant.
2443 4704 2774 4759 Perduelles
2792 4704 3083 4759 enimvero
3106 4721 3172 4759 ac
3197 4703 3411 4774 perjuri
3444 4703 3710 4775 frangere

309 4792 571 4865 loquitur
605 4811 615 4849 :
652 4818 679 4844 «
712 4794 1035 4867 lnreligiosi
1067 4795 1320 4851 dicimur
1358 4795 1415 4850 in
1450 4795 1730 4853 Caesares,
1763 4808 1951 4863 neque

310 4882 595 4953 imagines
638 4900 836 4938 eorum
887 4885 1276 4956 propitiando,
1321 4902 1508 4956 neque
1556 4884 1754 4954 genios
1796 4882 1947 4950 deje-

311 4972 491 5024 rando
525 4994 552 5020 ››
586 4972 849 5043 (Tertull.
888 4973 986 5029 lib.
1021 4992 1038 5028 ι
1069 4974 1139 5028 ad
1171 4976 1394 5030 Natioii.
1431 4991 1558 5046 cap.
1594 4974 1682 5041 17,
1717 4972 1945 5043 p.583).

309 5058 537 5112 Ethnici
571 5065 763 5115 autem
797 5062 1055 5131 genium,
1102 5067 1248 5118 teste
1298 5064 1465 5119 Festo
1498 5063 1620 5134 (lib.
1654 5080 1748 5131 xx,
1781 5062 1843 5116 de
1871 5063 1946 5116 si-

307 5148 497 5219 gniﬁc.
532 5152 676 5203 verb.
712 5151 782 5204 ad
816 5168 868 5204 ν.
905 5150 1149 5222 Genius),
1199 5151 1575 5223 appellabant
1624 5168 1739 5206 non
1776 5152 1947 5205 modo

306 5238 772 5309 uniuscujusque
800 5238 912 5294 loci
944 5240 1139 5305 deum,
1168 5240 1264 5295 sed
1300 5256 1433 5295 eum
1467 5241 1665 5308 etiam,
1700 5240 1799 5311 qui
1830 5240 1944 5295 vim

303 5328 601 5382 obtinebat
634 5345 825 5384 rerum
861 5329 1122 5385 omnium
1177 5331 1602 5397 gerendarum;
1641 5329 1838 5396 ibique
1890 5330 1943 5383 in

303 5417 595 5487 opinionis
627 5435 743 5473 suae
794 5419 1296 5474 conﬁrmationem
1331 5420 1507 5474 refert
1542 5419 1662 5473 haec
1693 5418 1945 5474 Auiustii

300 5507 473 5561 verba
507 5525 518 5562 :
552 5531 576 5557 ‹‹
614 5508 829 5563 Genius
858 5514 946 5564 est
976 5509 1215 5564 deorum
1248 5508 1403 5564 ﬁlius
1435 5514 1490 5564 et
1514 5526 1724 5581 parens
1755 5509 1944 5565 homi-

303 5614 466 5667 num,
499 5616 565 5654 ex
598 5616 713 5671 quo
746 5600 1014 5655 homines
1043 5599 1385 5673 gignuntur,
1418 5604 1476 5655 et
1506 5604 1810 5672 propterea
1841 5616 1943 5671 ge-

305 5687 436 5740 nius
483 5705 651 5744 meus
697 5689 1054 5744 nominatur'
1089 5688 1227 5760 quia
1258 5705 1349 5744 me
1387 5690 1607 5760 genuit.
1650 5712 1669 5737 ι»
1707 5688 1943 5744 Servius

304 5791 435 5831 vero
484 5775 697 5833 alicubi
758 5777 1030 5836 observat
1072 5778 1310 5851 genium
1352 5778 1422 5836 ab
1453 5778 1710 5849 antiquis
1753 5779 1941 5836 vocari

2060 4792 2327 4849 solebant
2354 4794 2546 4848 datam
2582 4793 2687 4848 hoc
2716 4800 3081 4849 sacramento
3104 4793 3312 4848 Caesari
3338 4793 3509 4848 ﬁdem
3532 4793 3705 4863 (idem

2062 4882 2158 4937 lib.
2200 4882 2312 4937 Iud
2341 4885 2564 4938 Nation.
2600 4900 2724 4955 cap.
2779 4884 2860 4953 17,
2918 4900 3052 4955 pag.
3112 4882 3257 4952 583).
3314 4882 3525 4952 Ecquis
3572 4898 3708 4954 ergo

2059 4970 2207 5027 laesa;
2238 4972 2561 5042 majestatis
2593 4971 2907 5027 conscius?
2951 4989 3090 5027 num
3126 4971 3175 5027 is
3207 4970 3308 5042 Qui
3341 4970 3519 5041 impio
3542 4971 3705 5041 jure-

2052 5062 2306 5131 jurando
2340 5070 2438 5116 aut
2466 5060 2669 5116 infami
2705 5062 2954 5133 perjurio
2977 5066 3243 5128 tenetur;
3279 5060 3578 5127 autalius,
3601 5059 3701 5131 qui

2059 5150 2495 5222 iniquissimum
2543 5150 2689 5206 illud
2732 5151 3153 5222 jusjurandum
3206 5152 3341 5205 dare
3370 5152 3704 5203 constanter

2058 5246 2288 5295 recusat
2319 5246 2474 5311 (Sup.
2508 5258 2639 5313 cap.
2683 5241 2816 5311 art.)
2845 5241 2871 5295 ?

2128 5330 2440 5385 Christiani
2474 5348 2608 5401 ergo
2652 5332 2757 5386 hoc
2808 5334 3172 5401 respuentes,
3213 5344 3278 5382 eo
3321 5325 3518 5381 minus
3550 5325 3702 5383 laesa:

2057 5417 2382 5491 maiestatis
2405 5419 2674 5474 humanae
2700 5421 2778 5475 rel
2802 5423 3110 5491 erant,quo
3134 5416 3702 5488 libentiusjurabanl

2056 5525 2158 5579 per
2187 5509 2554 5580 imperatoris
2594 5507 2863 5573 salutem,
2890 5520 3022 5580 quae
3056 5508 3343 5576 augustior
3382 5516 3478 5574 est,
3509 5506 3703 5577 inquit

2053 5602 2270 5654 Auctor
2318 5604 2534 5665 noster,
2592 5598 2868 5653 omnibus
2935 5597 3142 5669 geniis,
3201 5597 3699 5667 quemadmodum

2053 5688 2227 5760 paulo
2260 5694 2393 5744 ante
2440 5687 2818 5759 exposuimus
2850 5688 3064 5758 (Ibid.).
3096 5687 3328 5742 Testem
3359 5702 3491 5741 vero
3518 5686 3696 5756 hujus

2044 5777 2433 5849 jurisjbrandi
2467 5778 2753 5834 habemus
2776 5776 3286 5848 Athanasium,qui
3320 5777 3389 5833 ad
3414 5776 3695 5834 Constan—
