4162 6384
472 365 628 424 1143

1000 359 1525 422 TERTULLIANI
1570 359 1889 420 OPERUM
1931 359 2128 421 PARS
2172 363 2220 422 Ι.
2253 396 2330 406 —
2360 365 2630 425 SERIES
2677 368 2725 440 l,
2769 367 3330 434 APOLOGETICA.

3733 377 3914 439 1144

465 496 616 552 tium
662 496 1072 566 imperatorem
1122 495 1192 549 de
1239 493 1476 564 Syriano
1521 491 1672 546 haud
1723 492 1898 580 dubie
1938 493 2103 548 Chri-
2133 497 2188 564 Α
2283 505 2591 567 peratorem
2645 509 2775 556 ante
2830 511 3057 560 mortem
3110 514 3162 561 et
3217 508 3562 580 apotheosim
3599 509 3771 566 deum
3810 492 3888 564 di

468 586 658 641 stiano
686 584 806 639 haec
839 583 1074 655 scripsit
1109 599 1121 639 :
1157 580 1582 655 Μαρτυρόμενος
1631 581 1729 648 τὴν
1778 579 1876 646 σὴν
1927 600 2108 650 σωτη-

470 672 607 744 ρίαν,
643 681 792 728 tuam
821 676 1150 727 contestatus
1202 674 1434 726 satutem
1481 669 1779 738 (Athenas.
1841 671 1998 740 Apol.
2031 672 2110 726 ad

471 763 645 818 Const.
669 777 799 833 pag.
833 763 954 816 310.
987 766 1127 816 tom.
1157 761 1217 831 l),
1267 759 1557 831 pollicitus
1591 763 1679 812 est
1709 775 1771 813 se
1802 758 1946 812 nihil
1972 776 2106 813 con-

467 852 832 906 turbaturum
870 849 1144 920 amplius,
1179 850 1278 903 sed
1312 849 1479 918 longe
1505 845 1710 915 majori
1741 846 2107 903 solemnitate

467 956 588 995 rem
621 941 691 994 ad
727 941 850 1008 ejus
873 938 1200 992 delaturum
1226 936 1644 1006 religionemJn
1664 936 2104 1007 Uarthaginensi

465 1033 657 1084 autem
682 1028 997 1084 Collatione
1016 1026 1386 1081 Marcellinus
1419 1042 1612 1080 comes
1645 1027 1874 1080 eosdem
1909 1043 2102 1080 sacra-

464 1123 657 1174 mento
688 1133 814 1171 sese
845 1117 936 1171 his
970 1117 1162 1170 verbis
1192 1115 1501 1169 obstrinxit
1535 1131 1547 1169 :
1584 1135 1611 1164 ‹‹
1644 1115 1771 1169 Sive
1803 1131 1933 1168 cum
1968 1115 2101 1182 alio,

460 1208 577 1261 sive
608 1206 768 1261 solus
800 1206 858 1258 in
893 1205 1001 1259 hoc
1034 1203 1260 1275 negotio
1286 1203 1658 1272 judicaturus
1690 1203 1928 1268 intereo,
1955 1203 2100 1257 nihil

457 1295 614 1349 aliud
641 1294 881 1365 me,lnisi
907 1295 1058 1365 quod
1085 1292 1462 1364 allegationes
1487 1291 1736 1362 partium
1760 1293 2101 1347 examinata

457 1385 752 1454 potuerint
782 1383 1273 1448 demonstrare,et
1300 1379 1453 1450 quod
1485 1379 1601 1433 veri
1629 1379 1909 1434 invenerit
1934 1381 2099 1448 ﬁdes,

459 1489 559 1545 per
589 1471 934 1528 admirabile
963 1471 1305 1542 mysterium
1336 1469 1658 1538 Trinitatis,
1694 1486 1796 1540 per
1826 1469 2097 1524 incarna-

459 1561 636 1616 tionis
667 1559 976 1617 Dominicae
1009 1562 1462 1624 sacramentum,
1495 1566 1546 1610 et
1587 1573 1689 1627 per
1719 1557 1967 1612 salutem
1996 1575 2098 1612 su-

462 1667 566 1722 pra
597 1654 1054 1705 memoratorum
1087 1646 1415 1718 principum
1466 1647 1722 1716 [Honorii
1754 1651 1811 1700 et
1837 1646 2099 1701 Theodo-

462 1738 556 1811 sii]
603 1737 997 1809 iudicaturum
1046 1753 1136 1790 me
1168 1751 1296 1789 esse
1333 1735 1605 1804 promitto
1637 1756 1664 1784 »
1705 1735 1921 1805 (Collat.
1963 1740 2099 1790 (lar-

459 1827 622 1898 thag.
653 1830 794 1894 post.
829 1825 1004 1894 Optat.
1043 1823 1143 1878 lib.
1173 1839 1305 1894 pag,
1339 1823 1484 1893 481).
1522 1823 1688 1922 Vides
1713 1840 1860 1922 sane
1892 1825 2096 1922 quanti
2131 1860 2176 1922 Β

458 1915 738 1969 momenti
772 1915 850 1968 sit
883 1913 993 1967 hoc
1023 1916 1474 1967 sacramentum.
1507 1911 1659 1983 quod
1693 1913 1920 1967 duobus
1946 1912 2098 1979 aliis,

457 2002 674 2074 quibus
707 2001 852 2056 nihil
884 2001 1172 2055 sacratius
1202 2015 1329 2054 esse
1362 2005 1605 2071 poterat,
1640 2001 1697 2054 in
1731 1999 1944 2055 celebri
1978 2000 2100 2072 epi-

447 2107 763 2162 scoporum
787 2095 936 2145 coetu
969 2089 1365 2161 conjungitur.
1392 2089 1562 2142 Plura
1585 2093 1778 2143 autem
1812 2088 2098 2159 huiusju-

449 2179 764 2250 risjurandi
797 2179 914 2234 sive
964 2177 1022 2232 in
1059 2177 1326 2249 publicis,
1382 2177 1500 2231 sive
1529 2177 1589 2230 in
1623 2177 1863 2248 privatis
1899 2180 2096 2248 rebus,

450 2273 508 2323 et
538 2268 953 2338 imperatorum
981 2267 1208 2338 legibus
1238 2265 1587 2334 confirmati,
1621 2266 1881 2336 exempla
1915 2268 2102 2321 omni-

450 2357 561 2412 bus
593 2356 738 2410 satis
767 2355 936 2410 obvia
967 2355 1180 2425 saepius
1204 2360 1518 2409 occurrunt
1540 2355 1956 2424 (Cod.Theodos.
1985 2356 2093 2426 leg.

447 2462 550 2500 vm
579 2444 646 2499 de
674 2446 825 2498 Pact.
874 2452 926 2497 et
959 2434 1279 2513 Transact)
1314 2442 1467 2496 Nihil
1503 2443 1699 2512 itaque
1731 2460 1764 2496 a
1793 2444 1962 2498 nobis
1995 2446 2099 2499 ad-

443 2533 792 2605 jiciendum,
834 2532 946 2588 nisi
993 2531 1473 2602 antiquissimum
1525 2532 1723 2585 1047
1758 2547 1881 2586 esse
1921 2533 2097 2587 dandi

450 2622 626 2692 hujus
659 2623 1008 2676 sacramenti
1041 2637 1282 2690 morem,
1315 2624 1379 2672 In
1414 2620 1596 2674 sacris
1629 2621 1923 2690 siquidem
1954 2621 2096 2674 Scri-

450 2711 642 2780 pturis
673 2710 826 2779 (Gen.
887 2726 1014 2779 cap.
1061 2725 1198 2777 XLII,
1253 2709 1340 2774 15,
1377 2707 1485 2776 16),
1517 2709 1732 2779 Joseph
1763 2709 2096 2764 Patriaroha

449 2813 551 2869 per
579 2798 827 2852 salutem
863 2797 1184 2852 Pharaonis
1232 2797 1318 2851 bis
1363 2798 1598 2867 jurasse
1655 2802 1944 2852 narratur.
1982 2798 2094 2853 Nos

443 2890 639 2941 tamen
691 2886 941 2941 Basilius
992 2887 1242 2940 monitos
1283 2901 1408 2940 esse
1461 2885 1641 2940 voluit
1686 2884 1826 2940 illud
1862 2887 2094 2941 etiamsi

450 2975 769 3046 quamdam
799 2992 917 3046 prae
961 2991 1022 3029 se
1073 2976 1218 3028 ferat
1249 2973 1638 3044 jurisjurandi
1670 2974 1946 3045 speciem,
1977 2991 2092 3030 non

448 3063 682 3134 proprie
730 3062 948 3117 dictum
975 3063 1554 3132 essejusjurandum,
1602 3063 1701 3116 sed
1726 3063 1956 3134 aliquod
1989 3080 2095 3134 po-

445 3152 561 3206 tius
590 3152 935 3217 remedium,
968 3168 1113 3222 quos
1145 3168 1236 3207 res
1267 3151 1462 3222 aliqua
1503 3153 1689 3221 possit
1719 3152 2088 3207 auditoribus

448 3239 675 3294 facilius
725 3221 1060 3310 persuaderi
1105 3239 1302 3310 (Basil.
1336 3221 1542 3294 Homil.
1577 3242 1638 3293 in
1664 3240 1801 3310 psal.
1837 3241 1976 3302 XIV,
2007 3242 2085 3311 3).
2120 3221 2162 3287 (ἶ

445 3328 512 3380 At
539 3326 939 3382 Tertullianus
971 3335 1165 3398 aperte
1195 3328 1536 3398 pronuntiat
1567 3329 1694 3383 ideo
1725 3329 2094 3385 Christianos

439 3417 673 3484 jurasse
732 3431 832 3484 per
880 3415 1131 3469 salutem
1180 3417 1572 3484 imperatoris,
1606 3417 1744 3486 quia
1774 3439 1801 3466 «
1836 3417 2086 3487 salvum,

448 3501 665 3571 inquit,
695 3502 966 3556 volumus
993 3519 1140 3573 esse,
1173 3504 1324 3572 quod
1356 3504 1508 3559 Deus
1532 3504 1732 3571 voluit,
1765 3511 1822 3560 et
1852 3522 1952 3576 pro
1976 3523 2094 3560 ma-

450 3605 564 3660 gno
597 3590 1007 3660 idjuramento
1040 3592 1320 3646 habemus
1355 3614 1382 3641 ››
1405 3592 1668 3662 (Tertull.
1701 3595 2008 3662 Apologet.,
2037 3613 2087 3650 c.

447 3677 537 3746 32,
575 3695 627 3748 p.
661 3679 809 3748 447).
844 3679 1129 3750 Intelligis
1186 3679 1363 3750 igitur
1393 3687 1679 3752 quantum
1710 3683 1860 3737 inter
1888 3683 2090 3738 Chris-

446 3764 639 3820 tianos
688 3772 745 3821 et
791 3767 1074 3833 ethnicos,
1111 3769 1195 3823 sic
1229 3770 1519 3838 jurantes,
1570 3776 1695 3825 erat
1750 3771 2086 3826 discrimen.

443 3853 756 3928 Christiani
778 3856 993 3926 quippe
1025 3865 1130 3911 hac
1154 3856 1387 3927 publica
1406 3858 1788 3928 jurisjurandi
1811 3859 2087 3932 religione

442 3941 818 3997 affirmabant
859 3944 1087 3999 sincero
1121 3962 1182 4000 se
1231 3947 1426 4000 animo
1461 3948 1848 4017 imperatoris,
1899 3949 2089 4018 quiaa

443 4035 552 4083 Deo
585 4031 730 4102 ipsis
763 4039 1088 4103 przepostus
1113 4041 1258 4101 erat,
1286 4043 1484 4105 optare
1509 4052 1575 4089 ac
1599 4040 1790 4106 petere
1817 4037 2085 4094 salutem.

444 4120 673 4176 Ethnici
701 4138 835 4176 vero
868 4124 1050 4193 impia
1081 4123 1416 4180 adulatione
1450 4125 1882 4196 imperatorem,
1917 4145 2089 4198 quem

445 4214 741 4263 mortuum
792 4212 1093 4280 optabant,
1127 4213 1608 4268 contestabantur
1638 4230 1766 4269 esse
1812 4216 1985 4270 deum
2032 4222 2089 4273 et

442 4312 587 4353 verae
636 4298 956 4354 divinitatis
1008 4301 1369 4371 participem.
1423 4302 1564 4356 Tam
1610 4302 1838 4358 nefarias
1889 4311 2084 4362 autem

442 4386 855 4442 assentationis
904 4388 1068 4444 testis
1119 4391 1371 4460 profecto
1424 4395 1481 4444 et
1529 4391 1801 4446 conscius
1842 4394 1949 4448 fuit
1981 4398 2086 4450 Ho-

440 4474 646 4538 ratius,
681 4476 778 4544 qui
813 4477 883 4531 ad
918 4481 1193 4532 Caesarem
1228 4483 1579 4548 Augustum,
1615 4480 1697 4534 uti
1728 4480 1864 4535 alibi
1897 4499 2081 4538 anno-

435 4563 690 4618 tavimus
723 4565 1027 4633 (Dissertat.
1085 4569 1144 4620 in
1194 4571 1393 4624 Minui.
1427 4584 1552 4638 cap.
1589 4568 1675 4635 12,
1707 4575 1814 4624 art.
1847 4571 1924 4639 3),
1958 4571 2078 4629 haec
2110 4585 2154 4648 ι)

437 4650 671 4721 scripsit
701 4655 960 4708 carmina
993 4673 1005 4709 :

589 4805 840 4872 Pi'mSenti
871 4808 967 4856 tibi
997 4814 1234 4858 maturos
1265 4809 1483 4872 largitur
1512 4811 1762 4872 honores,

588 4867 955 4932 Jurandasque
984 4875 1134 4920 tuum
1163 4885 1258 4933 per
1284 4867 1481 4922 nomen
1510 4867 1759 4936 ponimus
1787 4889 1921 4924 aras.

1050 4951 1248 5007 (Horat.
1279 4953 1367 5002 lib.
1399 4967 1433 5012 ι,
1464 4955 1616 5016 cpist.
1655 4958 1698 5012 1,
1729 4969 1779 5004 ν.
1813 4959 1868 5004 15
1895 4960 1947 5006 et
1976 4959 2070 5019 16.)

969 5114 971 5116 η
1043 5144 1352 5185 ARTICULUS
1385 5147 1460 5185 IV.

437 5248 779 5328 Christianos
798 5268 1086 5328 perperam
1110 5254 1184 5328 ab
1205 5253 1614 5328 ethnicislaesw
1644 5258 1945 5328 majestatis
1967 5259 2068 5314 hu-

501 5337 677 5397 manae
708 5322 908 5397 idcirco
941 5326 1272 5390 insimulori,
1323 5327 1460 5396 quod
1491 5322 1848 5397 imperatores
1877 5347 2070 5388 vocare

501 5392 622 5468 deos
650 5394 857 5449 nollent
895 5414 916 5449 .·
952 5398 1128 5460 ipsum
1161 5392 1549 5462 imperatorem
1571 5392 1690 5453 sua:
1722 5402 2068 5468 inﬁrmitatis

501 5463 846 5520 admonitum
909 5469 1079 5542 fuisse
1126 5471 1184 5521 in.
1232 5472 1505 5542 maxima,
1531 5463 1804 5541 triumphi
1842 5475 2062 5542 gloria:

503 5542 809 5591 recusatum
855 5539 929 5591 ab
975 5539 1167 5608 Augsto
1215 5541 1429 5596 Cwsare
1473 5541 1564 5596 dei
1609 5559 1673 5597 ac
1702 5539 1931 5599 domini
1974 5561 2064 5602 co-

503 5623 734 5671 gnomen
766 5627 782 5662 :
816 5609 1173 5676 imperatores
1218 5629 1250 5666 a
1302 5613 1630 5668 Christianis
1672 5618 1916 5671 dominos
1945 5634 2066 5675 voce

503 5680 778 5732 communi
805 5679 1109 5750 appellatos
1161 5699 1171 5737 :
1221 5687 1376 5753 nefas
1422 5685 1714 5754 gentilibus
1753 5686 1930 5760 fuisse
1957 5689 2062 5745 im-

2290 585 2416 624 σενι
2425 610 2438 623 .

2288 674 2457 731 Nulla
2494 682 2648 731 certe
2697 680 2883 750 major
2911 685 3032 736 erat
3063 684 3436 753 perversitas,
3469 704 3644 759 quam
3679 705 3797 762 gen
3811 691 3899 744 ti-

2214 760 2498 833 lium,qui
2520 764 2865 823 Christianis
2887 769 3076 825 dicam
3110 770 3256 828 lassas
3293 777 3619 848 majestatis
3648 760 3897 834 idcirco

2215 852 2567 917 scribebant,
2619 857 2772 925 quod
2835 856 3219 929 imperatores
3285 864 3426 920 deos
3482 883 3714 932 vocare,
3773 873 3899 923 aut

2213 939 2425 995 divinis
2474 943 2702 998 allicere
2752 945 3070 1002 honoribus
3123 949 3294 1020 plane
3325 961 3683 1010 recusarent.
3723 960 3889 1012 Nam

2213 1033 2276 1082 ut
2307 1030 2447 1084 scite
2477 1031 2876 1090 Tertullianus
2909 1037 3101 1107 arguit
3134 1055 3147 1094 :
3188 1061 3208 1086 ι
3245 1041 3427 1112 Negat
3457 1043 3619 1099 illum
3655 1045 3915 1118 [impe--

2211 1122 2505 1189 ratorem],
2566 1120 2665 1192 qui
2707 1123 2879 1177 deum
2938 1126 3096 1180 dicit.
3159 1128 3280 1184 Nisi
3338 1131 3534 1198 homo,
3601 1151 3718 1188 non
3785 1140 3895 1189 est

2212 1207 2529 1277 imperator
2583 1231 2609 1258 ‹‹
2643 1210 2905 1281 (Tertull.
2958 1215 3231 1285 Apologet.
3266 1235 3391 1290 cap.
3441 1221 3531 1286 33,
3590 1239 3648 1293 p.
3705 1224 3877 1288 449).

2212 1294 2458 1350 Inﬁciari
2483 1298 2634 1352 enim
2663 1299 2795 1370 quis
2819 1305 3029 1372 potest,
3049 1319 3116 1358 ex
3139 1310 3301 1376 patre
3325 1324 3390 1362 ac
3409 1313 3594 1364 matre
3627 1310 3888 1368 homine

2209 1383 2470 1453 genitum
2523 1386 2930 1456 imperatorem
2975 1407 3103 1447 esse
3151 1410 3264 1448 non
3317 1412 3488 1466 posse
3519 1399 3721 1465 deum,
3759 1403 3877 1472 qui

2209 1478 2460 1526 aeternus
2491 1475 2566 1528 sit
2595 1475 2831 1530 omnino
2863 1481 3133 1548 oportet?
3183 1481 3498 1540 Christiani
3537 1503 3692 1559 ergo,
3764 1483 3880 1560 qui

2209 1560 2588 1617 tbedissimam
2641 1564 3024 1634 ethnicorum,
3081 1569 3463 1640 imperatores
3511 1592 3651 1632 suos
3722 1578 3878 1635 deos

2207 1648 2650 1720 appellantium,
2684 1655 3082 1711 adulationem
3133 1660 3339 1716 merito
3389 1663 3873 1734 detestabantur,

2207 1754 2322 1792 non
2374 1744 2639 1808 poterant
2689 1740 2835 1798 laesa:
2895 1746 3225 1815 majestatis
3280 1749 3551 1808 humanas
3601 1753 3756 1809 hanc
3789 1758 3872 1811 ob

2207 1841 2442 1881 causam
2476 1828 2546 1881 ab
2581 1827 2698 1882 ullo
2731 1831 3038 1900 postulari.

2278 1914 2426 1978 Quin
2454 1915 2628 1970 etiam
2659 1918 3054 1977 Tertullianus
3080 1923 3456 1982 celeberrimo
3487 1927 3874 2002 triumphan-

2206 2001 2282 2057 tis
2312 2003 2682 2075 imperatoris
2710 2008 2972 2079 exemplo
3005 2012 3291 2080 ethnicos,
3323 2017 3423 2086 qui
3451 2017 3616 2073 illum
3650 2001 3873 2079 vocare

2207 2091 2382 2146 deum
2430 2101 2868 2165 consueverant,
2901 2101 3229 2170 turpissimi
3282 2107 3570 2161 mendacii
3611 2112 3872 2179 apertis-

2208 2181 2355 2235 sime
2411 2184 2720 2238 convincit.
2781 2186 3010 2241 Etenim
3065 2189 3127 2243 in
3175 2190 3283 2247 hoc
3324 2209 3559 2250 summo
3588 2196 3876 2256 humanae

2207 2268 2402 2341 gloriae
2436 2271 2618 2342 apice,
2651 2272 2770 2328 sive
2802 2279 2865 2328 ut
2895 2275 2991 2330 ille
3021 2276 3304 2349 loquitur,
3353 2303 3382 2330 ‹‹
3416 2281 3474 2336 in
3521 2284 3874 2358 [triumphi]

2207 2358 2295 2411 sui
2359 2358 2787 2416 sublimissimo
2841 2379 3038 2429 curru,
3071 2365 3433 2425 infirmitatis
3478 2388 3599 2428 sum
3651 2375 3865 2431 admo-

2207 2453 2393 2503 uetur.
2419 2449 2762 2520 Suggeritur
2786 2452 2939 2506 enim
2972 2453 3021 2508 ei
3055 2471 3088 2508 a
3116 2459 3276 2528 tergo
3301 2473 3314 2512 :
3344 2458 3584 2531 Respice
3615 2468 3753 2532 post
3780 2469 3868 2530 te,

2206 2535 2501 2590 hominem
2537 2543 2590 2592 te
2623 2545 2911 2596 memento
2957 2564 2983 2590 »
3028 2543 3242 2613 (lbi/1.).
3285 2546 3458 2602 Tacet
3490 2555 3687 2606 autem
3721 2555 3867 2624 quis

2205 2625 2377 2678 fuerit
2407 2624 2520 2692 ille,
2554 2627 2648 2696 qui
2697 2627 2821 2683 hazb
2855 2630 3246 2702 subgerebat;
3304 2630 3460 2691 haud
3507 2639 3684 2694 dubie
3717 2643 3870 2711 quia

2203 2715 2344 2766 tunc
2386 2718 2504 2766 tam
2557 2719 2782 2770 cunctis
2829 2724 3003 2774 notus
3049 2727 3190 2791 erat,
3241 2740 3415 2792 quam
3449 2727 3650 2795 paucis
3683 2728 3867 2785 hodie

2203 2802 2487 2873 cognitus.
2531 2805 2603 2856 At
2650 2805 2700 2858 is
2739 2805 2953 2860 Tzetzaa
3005 2814 3244 2864 vocatur
3299 2811 3580 2884 famulus,
3624 2832 3868 2886 servus,

2203 2890 2407 2944 1048
2439 2895 2496 2944 et
2529 2892 2797 2948 minister
2845 2897 3133 2966 publicus.
3177 2903 3252 2953 De
3287 2900 3632 2973 triumphali
3663 2906 3862 2962 enim-

2203 2994 2331 3033 vero
2363 2995 2558 3046 curru,
2592 2981 2807 3053 illoque
2837 2985 3121 3041 monitore
3153 2987 3275 3043 haec
3305 2990 3517 3046 cecinit
3549 3008 3563 3046 :

2203 3082 2305 3164 Kal
2335 3088 2449 3145 πῶς
2477 3083 2580 3164 ἐπὶὴ
2593 3085 2960 3164 τοῦκᾶρματος
2985 3086 3262 3164 *δημόσιος
3293 3092 3510 3164 οἰκέτης

2200 3157 2454 3239 ῖφτξιςβεν
2487 3157 2675 3239 τοῦτρν
2703 3157 2912 3239 locarat
2944 3157 3321 3239 tov_'o'técpatvov
3350 3157 3586 3239 avéimv,

2201 3227 2300 3281 Καὶ
2334 3226 2504 3302 λέγων
2537 3227 2714 3301 τούτῳ
2740 3231 2874 3304 πρός
2906 3252 2962 3286 τε
2994 3231 3106 3295 οὖς·
3143 3226 3239 3289 Καὶ
3262 3237 3325 3291 τὸ
3354 3226 3585 3294 κατ’ἆπιηί
3614 3239 3814 3317 βλέπε.

2323 3338 2386 3402 ξι
2409 3339 2679 3402 quomodo
2711 3339 2762 3386 in
2796 3353 2954 3390 curru
2981 3342 3228 3402 publicus
3251 3346 3497 3396 minister

2322 3398 2469 3469 Eone
2499 3400 2642 3469 hunc
2674 3406 2794 3469 stat,
2827 3398 3077 3452 coronam
3107 3408 3396 3469 sustinens,

2321 3462 2382 3510 Et
2411 3461 2593 3512 dicens
2623 3463 2746 3513 huic
2776 3465 2828 3513 in
2862 3469 3139 3540 aurem,“
3159 3470 3288 3532 quid
3305 3485 3334 3518 a
3358 3461 3500 3536 tergo
3521 3476 3612 3531 est,
3631 3476 3863 3540 respice.

2955 3539 3143 3596 (Tzetz.
3177 3541 3392 3593 chiliad.
3425 3546 3501 3602 43,
3531 3550 3555 3605 5
3591 3539 3725 3604 161.)

2197 3638 2422 3695 Plinius
2443 3657 2574 3696 vero
2600 3641 2768 3698 illum
2803 3645 3057 3717 appellat
3086 3647 3315 3704 invidias
3345 3653 3401 3705 et
3428 3651 3626 3723 glorias
3660 3659 3862 3712 medi-

2198 3745 2332 3783 cum
2384 3730 2732 3799 :«Currus,
2785 3732 2996 3806 inquit,
3047 3737 3541 3808 triumphantium
3595 3743 3708 3798 sub
3756 3745 3862 3802 his

2197 3818 2476 3888 pendens,
2511 3819 2768 3874 defendit
2801 3823 3058 3878 medicus
3089 3824 3316 3881 invidiae
3345 3845 3358 3895 ;
3397 3829 3686 3903 jubetque
3717 3849 3861 3890 eos-

2195 3906 2327 3961 dem
2360 3908 2647 3978 respicere
2677 3909 2891 3966 similis
2921 3912 3212 3968 medicina
3245 3915 3473 3984 linguze,
3509 3935 3579 3974 ne
3606 3920 3683 3974 sit
3708 3937 3854 3978 exo-

2196 4001 2321 4050 rata
2352 4013 2385 4051 a
2416 4001 2578 4068 tergo
2628 3998 2876 4067 fortuna,
2912 3999 3107 4072 glorite
3167 4004 3420 4059 carnifex
3455 4029 3480 4054 η
3515 4007 3683 4077 (Plin.
3741 4011 3854 4068 lib.

2194 4102 2369 4139 xxvm
2408 4090 2605 4142 Natur.
2656 4089 2785 4142 Hist.
2838 4105 2886 4144 c.
2941 4089 2990 4145 4.
3044 4107 3100 4161 p.
3156 4093 3302 4160 570).
3355 4099 3428 4148 At
3477 4096 3524 4151 si
3576 4113 3762 4154 sanus
3796 4106 3862 4158 et

2195 4174 2419 4245 integer
2448 4175 2524 4230 sit
2552 4175 2646 4231 hic
2693 4175 2856 4231 Plinii
2888 4177 3071 4248 locus,
3104 4179 3180 4235 ibi
3213 4181 3508 4253 significat
3537 4185 3854 4262 invidiam,

2195 4278 2370 4334 quam
2404 4263 2832 4336 triumphantes
2861 4266 3047 4322 facere
3077 4267 3210 4325 aliis
3231 4269 3520 4341 solebant,
3545 4280 3646 4330 aut
3675 4293 3854 4336 vana:

2191 4355 2386 4426 glorias
2419 4356 2645 4424 vitium,
2680 4373 2794 4429 quo
2819 4357 3088 4414 fascinari
3121 4366 3409 4433 poterant,
3440 4367 3635 4421 sanari
3663 4371 3850 4426 medi-

2189 4445 2316 4498 cina
2346 4445 2550 4514 linguae
2581 4446 2868 4501 adstantis
2901 4449 3070 4517 servi,
3105 4452 3201 4521 qui
3237 4452 3701 4526 triumphantem
3729 4458 3846 4513 hu-

2192 4550 2374 4588 manae
2407 4551 2524 4589 sua:
2556 4535 2904 4593 conditionis
2936 4538 3307 4597 admonebat.
3349 4542 3496 4599 Nam
3527 4544 3682 4601 idem
3720 4547 3847 4603 Pli-

2186 4622 2321 4677 nius
2351 4623 2486 4678 alibi
2518 4629 2714 4695 aperte
2744 4625 2888 4680 dixit
2917 4643 3188 4684 coronam
3209 4631 3630 4704 triumphantis
3652 4651 3684 4690 a
3711 4651 3846 4692 ser-

2186 4726 2252 4765 vo
2284 4711 2558 4766 sustineri
2594 4713 2750 4777 (Ibid.
2786 4713 2889 4768 lib.
2922 4731 3123 4785 xxxm,
3156 4734 3278 4790 cap.
3313 4719 3388 4790 1).

2256 4799 2462 4855 Verum
2495 4801 2634 4873 quia
2664 4801 2838 4873 priori
2892 4801 3015 4860 loco
3065 4805 3296 4878 fortuna
3351 4813 3592 4866 vocatur
3637 4813 3839 4883 gloria

2180 4890 2425 4958 canifex,
2477 4889 2613 4944 hinc
2650 4891 2894 4947 fortasse
2926 4892 3180 4950 Isidorus
3215 4896 3272 4951 in
3305 4897 3568 4954 animum
3602 4900 3845 4960 induxit

2181 4978 2521 5033 monitorem
2567 4977 2734 5034 illum
2793 4998 2907 5037 non
2957 4999 3189 5040 servum
3224 4985 3428 5053 fuisse,
3462 4989 3559 5044 sed
3595 4992 3842 5047 carnifi-

2178 5082 2302 5121 cem
2353 5083 2364 5122 :
2421 5067 2877 5140 Triumphantes
2921 5089 2954 5126 a
3001 5075 3277 5145 carniﬁce,
3311 5077 3517 5147 inquit,
3551 5081 3846 5153 continge'

2179 5154 2394 5221 bantur,
2428 5164 2487 5210 ut
2515 5157 2583 5211 ad
2614 5162 2827 5213 tantum
2857 5162 3145 5231 fastigium
3195 5167 3387 5230 evecti,
3432 5167 3845 5226 mediocritatis

2176 5246 2435 5302 humanae
2480 5254 2957 5304 commonerenlur
3005 5252 3233 5322 (Isidor.
3273 5255 3370 5312 lib.
3415 5273 3554 5312 xvul
3610 5258 3814 5330 Origin

2177 5353 2302 5406 cap.
2335 5337 2388 5403 ‘2,
2425 5354 2480 5408 p.
2517 5337 2661 5409 156).
2718 5339 2828 5393 Sed
2881 5339 3092 5395 melius
3141 5345 3340 5414 procul
3379 5346 3554 5399 dubio
3587 5347 3660 5402 ab
3695 5347 3834 5404 Hie-

2176 5441 2415 5496 ronymo
2447 5425 2795 5498 simpliciter
2825 5436 3200 5501 nuncupatur
3239 5449 3432 5500 comes,
3470 5435 3567 5506 qui
3602 5438 3837 5496 medias

2175 5512 2328 5568 inter
2375 5514 2724 5586 populorum
2779 5515 3228 5576 acclamationes
3275 5521 3331 5576 in
3377 5541 3576 5578 aurem
3612 5525 3832 5583 trium-

2176 5602 2374 5674 phanti
2410 5611 2730 5677 memorata
2779 5622 2812 5659 a
2857 5608 3211 5666 Tertulliouo
3245 5613 3420 5668 verba
3450 5616 3829 5685 suggerebat.

2175 5692 2245 5748 ad
2277 5693 2514 5749 Paulam
2547 5694 2764 5768 quippe
2796 5696 3034 5768 scripsit
3067 5715 3079 5752 :
3141 5723 3162 5749 ε
3196 5700 3728 5775 Triumphantibus
3763 5707 3830 5764 in
