4162 6372
275 394 425 453 1145

1185 395 1254 454 1).
1306 394 1401 454 LE
1444 394 1771 455 NOUBRY
1814 392 2469 455 OBSERVATIONES
2508 394 2765 455 NOVIE.

3522 394 3681 465 ii“.

268 540 440 581 curru
474 529 627 581 retro
657 541 853 582 comes
882 525 1232 596 adbaarebal,
1268 543 1370 597 per
1407 526 1674 599 singulas
1722 526 1911 583 accla-
1942 528 1996 595 Α
2026 542 2200 599 cogor
2251 530 2316 582 ut
2363 527 2692 582 dominum.
2750 525 2851 582 Dei
2890 526 3033 594 vice,
3085 525 3277 583 dicam
3331 550 3353 580 ι
3406 525 3675 596 (Tertull.

275 614 564 670 mationes
613 614 825 669 civium
860 614 1060 670 dicens
1094 633 1106 671 :
1142 616 1445 671 Hominem
1478 621 1534 671 te
1568 620 1862 672 memento
1897 638 1925 667 »

273 704 634 776 (llieronym,
666 704 840 776 epist.
872 705 960 770 22,
995 704 1065 758 ad
1095 706 1304 773 Paul.),
1343 710 1519 777 Atqu;
1552 705 1617 760 'si
1670 706 1926 778 impera-

273 796 367 848 tor
396 792 454 847 in
478 793 638 848 ianta
666 793 951 865 triumphi
987 811 1203 866 pompa
1233 794 1486 849 debebat
1536 794 1927 851 humanitatis

277 899 396 937 sua:
449 882 767 949 reminisci,
818 888 1036 954 quanto
1090 884 1424 957 magisiper
1454 888 1641 939 totum
1675 885 1776 939 via:
1808 902 1928 940 sum

276 971 537 1027 cursum!
562 972 685 1027 Non
720 977 990 1043 poterant
1018 989 1149 1044 ergo
1180 973 1496 1029 Christiani
1530 973 1716 1029 ullum
1751 974 1931 1047 impe-

278 1066 529 1116 ratorem
581 1078 784 1115 vocare
853 1063 1059 1129 deum;
1114 1062 1613 1133 quandoquidem,
1667 1068 1731 1117 ut
1781 1068 1929 1119 recte

277 1149 359 1205 ait
391 1150 807 1215 Tertullianus,
848 1153 1183 1206 nesciebant
1216 1152 1472 1219 mentiri,
1506 1157 1605 1207 aut
1637 1152 1801 1207 illum
1839 1154 1933 1208 de-

279 1239 469 1295 ridere
503 1257 613 1294 non
650 1241 945 1296 audebant
972 1240 1237 1312 (Tertull.
1271 1241 1546 1313 Apologet.
1584 1259 1709 1313 cap.
1747 1244 1835 1310 33,
1870 1259 1927 1314 p.

280 1329 426 1399 449).
1234 1362 1240 1367 .

354 1420 535 1473 Instat
563 1418 756 1473 adhuc
791 1434 803 1473 :
840 1418 1371 1489 Augustus,tametsi
1406 1418 1651 1476 Romani
1684 1419 1930 1491 imperii,

273 1509 395 1579 jam
430 1525 462 1562 a
492 1507 648 1563 Julio
678 1511 900 1563 Caesare
933 1508 1181 1578 fundati,
1213 1512 1505 1580 formator,
1536 1525 1604 1564 ne
1642 1509 1933 1565 dominum

277 1596 520 1668 quidem,
557 1594 741 1650 multo
774 1596 975 1651 minus
1005 1597 1206 1663 deum,
1236 1598 1346 1652 dici
1375 1614 1433 1653 se
1462 1599 1672 1653 volebat
1704 1598 1925 1667 (Ibid.c.

274 1686 364 1751 34,
410 1702 466 1756 ρ.
515 1685 660 1757 450).
720 1686 954 1740 Testem
1014 1702 1147 1741 vero
1208 1686 1455 1757 hujusce
1512 1687 1932 1742 moderationis

278 1775 326 1830 si
362 1774 681 1834 desideres.
712 1774 1058 1830 Suetonium
1086 1776 1528 1845 advocabimus,
1560 1777 1659 1848 qui
1695 1777 1813 1832 hac
1862 1776 1932 1831 de

2036 617 2217 687 ibid.).
2254 617 2362 671 Sed
2399 616 2684 687 Rigaltius
2719 616 2839 671 hinc
2869 616 2984 671 duo
3024 616 3220 683 verba,
3253 633 3382 671 voce
3408 618 3689 672 communi

2036 705 2299 775 abstulit,
2333 710 2456 761 tum
2490 706 2628 777 quia
2656 710 2953 777 acceperat
2985 723 3051 761 ea
3081 704 3137 760 in
3172 706 3368 761 conice
3407 704 3685 761 Fuldensi

2040 812 2152 850 non
2205 795 2451 861 baberi‘,
2504 801 2628 851 tum
2682 794 2820 867 quia
2868 800 3105 861 notam,
3158 800 3223 850 ut
3271 795 3381 866 ipsi
3430 795 3685 863 videtur,

2041 885 2281 957 sapiunt
2312 886 2381 940 de
2415 885 2677 957 margine
2727 889 3079 956 excerptam.
3133 888 3203 939 At
3254 883 3354 938 illa
3401 884 3579 941 verba
3630 884 3690 941 in
3764 954 3771 961 .

2040 974 2319 1029 omnibus
2370 977 2586 1029 nostris
2639 979 2694 1029 et
2745 973 2896 1043 aliis,
2950 974 3068 1029 sive
3101 974 3293 1039 editis,
3324 974 3443 1029 sive
3474 990 3694 1029 manu-

2042 1063 2279 1135 scriptis
2329 1063 2765 1134 exemplaribus
2820 1067 3176 1118 occurrunt.
3227 1062 3438 1118 Nullus
3488 1066 3693 1118 autem

2042 1152 2351 1208 dubitandi
2385 1152 2546 1208 locus
2590 1158 2698 1221 est,
2750 1152 2888 1223 quin
2943 1152 3139 1224 plures
3189 1153 3535 1224 antiquitate
3585 1168 3694 1208 sua

2044 1240 2391 1296 Fuldensem
2425 1246 2721 1313 superent.
2755 1244 3054 1309 Quomodo
3086 1241 3269 1313 igitur
3314 1257 3383 1296 ex
3431 1242 3694 1313 margine

2042 1330 2097 1385 in
2148 1334 2372 1386 textum
2423 1331 2528 1386 illa
2575 1332 2796 1386 intrudi
2848 1331 3207 1403 potuerunt?
3256 1331 3459 1389 Nonne
3512 1330 3689 1386 etiam

2042 1421 2331 1493 Optimum
2363 1438 2602 1477 sensum
2631 1426 2687 1476 et
2715 1421 2983 1476 Auctoris
3016 1420 3313 1493 proposito
3340 1420 3693 1476 convenien-

2041 1514 2157 1565 tem
2192 1510 2495 1565 etficiunt?
2529 1514 2963 1582 Imperatorem,
2996 1510 3212 1581 inquit,
3245 1510 3475 1582 appello
3509 1510 3697 1565 domi-

2043 1615 2206 1669 num,
2241 1600 2474 1670 quando
2508 1616 2622 1654 non
2675 1616 2850 1671 cogor
2896 1599 3133 1654 nomine
3174 1598 3345 1654 illum
3394 1602 3683 1670 tanquam

2042 1688 2215 1743 deum
2250 1704 2584 1760 agnoscere,
2618 1689 2718 1743 sed
2754 1689 2990 1760 quando
3018 1705 3229 1743 nomen
3261 1687 3404 1743 illud
3452 1688 3685 1761 profero

2036 1793 2164 1832 voce
2188 1778 2491 1846 communi,
2524 1794 2626 1832 seu
2674 1776 2897 1850 vulgari
2950 1777 3309 1848 signiﬁcatu,
3360 1794 3476 1849 quo
3526 1776 3691 1833 filius

279 1866 484 1921 eodem
536 1869 802 1937 Augusto
835 1866 1130 1920 memoriis
1164 1866 1423 1937 prodidit
1454 1883 1471 1919 :
1507 1887 1534 1915 «
1569 1865 1795 1920 Domini
1828 1882 1927 1937 ap-
1964 1913 2009 1938 η
2043 1870 2265 1938 patrem
2290 1911 2306 1937 ,
2366 1866 2572 1922 herum
2633 1884 2835 1922 servus
2860 1909 2874 1936 ,
2930 1866 3145 1938 aliique
3199 1867 3345 1923 alios
3419 1866 3692 1924 homines

283 1913 484 1921 """""'
536 1913 799 1937 ""O""'
836 1913 1047 1920 “’”““”““”
1070 1913 1128 1919 ’“’“
1167 1913 1422 1937 την-Νη*
1454 1913 1464 1919 “
1513 1913 1534 1915 ’⁷
1570 1913 1795 1920 ’”’“““”““
1829 1913 1896 1937 *Γ
2043 1913 2265 1938 ιη’-’νη·
2290 1913 2306 1937 Σ
2368 1913 2572 1922 ⁸’““⁸““’“’⁴
2633 1913 2715 1922 "'""
2740 1913 2835 1922 """
2860 1913 2874 1936 7
2931 1913 3144 1938 ““”⁸Ί“““’
3199 1913 3344 1923 "'""""
3419 1913 3691 1924 "“""""'

278 1953 679 2027 pellationem,
709 1958 770 2007 ut
802 1954 1174 2009 maledictum
1209 1960 1266 2009 et
1295 1954 1936 2027 opprobrium,semper
1964 1913 2011 1978 B
2040 1971 2247 2011 vocare
2278 1954 2675 2019 solent.Quam
2709 1955 3042 2010 communis
3072 1961 3268 2011 autem
3295 1972 3361 2010 ac
3389 1954 3691 2027 popularis

280 2043 601 2099 exhorruit.
636 2044 800 2109 Cum,
836 2047 1134 2114 spectante
1166 2060 1231 2098 eo
1262 2042 1457 2109 ludos,
1490 2042 1932 2115 pronuntiatum

282 2137 435 2189 esset
468 2133 525 2187 in
561 2133 743 2187 mimo
776 2149 788 2188 :
823 2132 866 2187 Ο
897 2133 1201 2188 dominum
1238 2150 1467 2203 wquum
1500 2137 1557 2188 et
1586 2134 1803 2189 bonum
1831 2132 1843 2187 l
1879 2137 1936 2188 et

282 2221 738 2293 universi,quasi
771 2222 843 2276 de
870 2222 996 2293 ipso
1030 2222 1254 2277 dictum
1280 2221 1641 2277 exsultantes
1673 2239 1934 2294 compro-

280 2312 541 2381 bassent,
575 2316 632 2366 et
659 2310 859 2365 statim
900 2327 1077 2366 manu
1128 2311 1414 2382 vultuque
1462 2310 1768 2366 indecoras
1818 2311 1932 2367 sal-

281 2400 531 2455 tationes
581 2400 882 2470 repressit,
931 2404 987 2454 et
1035 2398 1367 2470 insequenti
1430 2399 1523 2455 die
1571 2400 1934 2471 (gravissimo

282 2489 563 2560 corripuit
592 2489 800 2554 edicto,
835 2488 1261 2559 dominumque
1294 2505 1356 2544 se
1386 2495 1519 2561 post
1568 2489 1688 2544 haec
1737 2489 1935 2562 appel-

284 2577 412 2643 lari,
468 2595 539 2633 ne
588 2595 622 2633 a
669 2577 865 2632 liberis
912 2578 1173 2649 quidem,
1216 2582 1318 2633 aut
1350 2579 1661 2651 nepotibus
1695 2580 1820 2635 suis
1849 2578 1935 2634 vel

283 2668 435 2722 serio
466 2667 551 2722 vel
576 2668 710 2739 joco
745 2684 955 2739 passus
987 2673 1092 2736 est,
1128 2674 1302 2738 atque
1332 2668 1671 2737 hujusmodi
1701 2668 1936 2724 blandi-

287 2757 402 2813 tias
433 2757 608 2811 etiam
642 2756 797 2810 inter
826 2756 987 2828 ipsos
1022 2756 1324 2829 prohibuit
1354 2780 1381 2806 «
1418 2757 1685 2826 (Sueten.
1722 2757 1779 2812 in
1833 2759 1934 2815 Vit.

292 2848 519 2918 August.
556 2846 585 2918 §
614 2845 727 2915 53).

358 2953 468 3008 Sed
501 2958 703 3008 contra
734 2953 1001 3024 insurget
1032 2953 1269 3024 aliquis,
1305 2952 1591 3025 nobisque
1622 2953 1803 3009 alium
1857 2954 1936 3010 ci-

286 3042 434 3096 tabit
462 3046 671 3097 testem
704 3040 1038 3097 Cornelium
1057 3042 1454 3114 Tacitum,qui
1477 3043 1687 3099 litteris
1708 3059 1938 3115 quoque

288 3131 589 3187 mandavit
640 3131 828 3186 varios
879 3135 1013 3202 post
1061 3131 1323 3202 ejusdem
1374 3133 1623 3203 Augusti
1689 3138 1936 3188 mortem

286 3238 524 3292 sparsos
574 3219 755 3276 fuisse
786 3238 1073 3288 rumores,
1108 3224 1281 3292 atque
1304 3221 1375 3275 ab
1407 3221 1505 3277 illo
1534 3221 1686 3277 nihil
1714 3222 1937 3277 deorum

286 3285 581 3364 honoribus
615 3308 817 3363 1049
849 3285 1127 3379 relictum,
1176 3285 1299 3363 cum
1348 3325 1404 3364 se
1453 3310 1671 3382 templis
1716 3319 1771 3365 et
1805 3312 1934 3381 efﬁ-
1967 3285 2010 3351 (ἶ

283 3400 371 3469 gie
412 3400 709 3452 numinum
756 3414 852 3468 per
895 3399 1155 3467 ﬂamines
1193 3407 1248 3453 et
1300 3399 1608 3455 sacerdotes
1636 3401 1743 3455 coli
1770 3401 1942 3457 voluit

284 3487 531 3558 (Cornel.
583 3487 764 3542 Tacit.
817 3487 918 3543 lib.
976 3506 993 3542 1
1044 3487 1248 3542 Annal.
1302 3493 1435 3559 post
1492 3488 1670 3561 init.).
1722 3493 1939 3546 Verum

285 3577 421 3633 huic
458 3577 659 3648 utique
683 3577 1018 3648 responderi
1056 3582 1247 3649 potest
1278 3578 1409 3633 aliis
1432 3578 1692 3633 Suetonii
1726 3581 1938 3636 verbis:

291 3690 317 3719 ‹‹
349 3666 590 3739 Templa
622 3667 892 3738 quamvis
923 3668 1098 3722 sciret
1130 3667 1305 3723 etiam
1341 3668 1790 3740 proconsulibus
1838 3671 1941 3725 de-

288 3756 443 3811 cerni
494 3757 699 3825 solere,
754 3757 810 3811 in
861 3756 1024 3812 nulla
1052 3762 1248 3813 tamen
1283 3757 1599 3829 provincia,
1638 3758 1748 3814 nisi
1781 3776 1939 3814 com-

294 3847 459 3902 muni
493 3863 600 3901 suo
631 3847 941 3917 Romaeque
974 3846 1209 3902 nomine
1244 3848 1480 3917 recepit.
1516 3851 1655 3901 Nam
1688 3847 1748 3901 in
1799 3849 1940 3905 urbe

290 3936 528 4006 quidem
603 3934 1070 4005 pertinacissime
1122 3935 1407 3990 abstinuit
1479 3935 1585 3990 hoc
1642 3936 1857 3993 honore
1907 3960 1936 3989 ››

291 4024 532 4093 (Sueton
587 4024 645 4077 in
705 4024 816 4077 Vita
859 4024 1082 4093 August.
1131 4022 1160 4095 §
1205 4023 1315 4094 52).
1369 4025 1567 4094 Itaque
1616 4024 1843 4080 etiamsi
1878 4024 1936 4081 id

289 4115 357 4166 de
390 4130 505 4184 quo
538 4120 736 4183 postea
768 4112 1083 4183 agendum,
1118 4111 1215 4167 ille
1239 4129 1447 4183 passus
1496 4114 1609 4181 sit;
1661 4131 1773 4169 non
1828 4115 1937 4170 mi-

287 4222 399 4259 nus
431 4208 628 4259 tamen
661 4207 892 4258 constat
927 4204 1199 4274 rejectam
1232 4204 1304 4260 ab
1333 4204 1458 4276 ipso
1490 4206 1711 4261 domini
1735 4206 1937 4278 appel-

283 4293 585 4354 lationem.
619 4309 793 4364 quam
826 4292 955 4363 ejus
988 4309 1357 4349 successores
1388 4294 1723 4350 avidissime
1755 4294 1937 4350 corri-

291 4387 563 4455 puerunt.
590 4386 733 4437 Nam
757 4380 980 4437 Plinius
1011 4383 1611 4455 Secundus,quamvis
1643 4384 1935 4455 ethnicus,

283 4472 342 4527 in
377 4488 482 4527 suo
505 4473 574 4527 ad
593 4471 911 4543 Trajanum
930 4471 1345 4544 imperatorem
1368 4473 1719 4545 Panegyrico
1740 4472 1933 4546 palam

285 4561 538 4617 asseruit
585 4560 853 4631 elapsum
905 4578 1029 4617 esse
1078 4565 1351 4633 tempus,
1402 4579 1516 4634 quo
1569 4562 1933 4636 imperatori,

2043 2049 2198 2102 esset
2228 2045 2349 2100 haec
2378 2044 2713 2117 appellatio,
2746 2044 2834 2100 vel
2865 2062 2933 2100 ex
2964 2044 3087 2100 solo
3130 2043 3392 2101 Martiale
3433 2044 3623 2101 disces
3675 2060 3691 2113 ;

2196 2161 2238 2211 E
2265 2174 2419 2210 serva
2447 2162 2550 2209 scis
2580 2164 2630 2210 te
2659 2160 2918 2223 genitum,
2942 2160 3207 2224 landeque
3237 2161 3442 2223 fateris,

2260 2226 2388 2274 Cum
2421 2224 2554 2273 dicis
2589 2224 2887 2283 dominum,
2920 2224 3215 2285 Sosibiane,
3248 2228 3469 2287 patrem.

2043 2329 2196 2385 Alibi
2228 2347 2360 2387 vero
2393 2348 2406 2387 :

2199 2447 2328 2497 Cum
2357 2461 2491 2496 voco
2524 2449 2574 2495 te
2606 2446 2904 2505 dominum,
2938 2446 3046 2495 noli
3076 2447 3189 2508 tibi,
3219 2446 3404 2507 Cinna,
3457 2446 3695 2510 placere,

2262 2510 2412 2573 Saepe
2448 2510 2605 2559 etiam
2633 2524 2844 2559 servum
2877 2511 2950 2559 sic
2980 2511 3212 2559 resaluto
3245 2524 3441 2559 meum.

2756 2588 3005 2643 (Martial.
3036 2590 3129 2640 lib.
3162 2605 3199 2650 ι,
3229 2590 3486 2654 epigram.
3525 2589 3634 2653 82.)

2045 2707 2155 2763 Sed
2187 2708 2310 2763 haec
2337 2708 2495 2771 trita,
2543 2707 2938 2780 omnibusque
2988 2707 3208 2779 passim
3258 2706 3448 2777 obvia,
3503 2705 3694 2762 fusius

2046 2798 2291 2870 probare
2341 2814 2581 2869 prorsus
2629 2798 2884 2852 taederet.
2940 2797 3017 2852 Eo
3049 2797 3231 2869 igitur
3260 2812 3439 2852 sensu
3471 2794 3702 2868 vulgari

2046 2894 2102 2942 et
2151 2886 2450 2942 communi
2496 2886 2929 2957 imperatorem,
2981 2887 3166 2959 pergit
3215 2890 3434 2941 Auctor
3482 2890 3700 2954 noster,

2047 2975 2277 3048 appello
2306 2975 2630 3043 domidum,
2665 2977 2766 3031 sed
2798 2980 3058 3032 caeterum
3092 2977 3239 3031 liber
3260 2992 3384 3031 sum
3434 2976 3542 3042 illi,
3594 2990 3700 3029 nec

2047 3065 2227 3134 illius;
2249 3081 2473 3121 servus.
2525 3065 2670 3120 Nam
2716 3066 2974 3120 Dominus
3002 3081 3170 3133 meus,
3204 3064 3417 3136 inquit,
3444 3080 3587 3119 unus
3616 3066 3698 3118 est

2047 3157 2223 3225 Deus,
2273 3157 2611 3226 omnipotens
2656 3159 2709 3209 et
2752 3165 3032 3221 aeternus,
3085 3155 3229 3210 idem
3276 3156 3371 3225 qui
3418 3158 3471 3209 et
3517 3155 3692 3223 ipsius

2048 3244 2418 3315 imperatoris
2484 3245 2785 3311 Dominus,
2836 3249 2892 3298 et
2933 3245 3025 3298 cui
3096 3244 3335 3314 proinde
3401 3252 3523 3297 tam
3574 3242 3694 3309 ille,

2051 3349 2224 3405 quam
2284 3333 2471 3388 caeteri
2536 3333 2807 3389 homines
2873 3334 3088 3388 servire
3155 3334 3370 3388 debent
3427 3330 3695 3402 (Tertull.

2049 3422 2322 3493 Apologet.
2355 3439 2481 3493 cap.
2515 3422 2603 3492 34,
2635 3438 2764 3494 pag.
2798 3421 2945 3494 449).

2122 3511 2309 3567 Patris
2336 3528 2506 3582 porro
2540 3527 2750 3567 nomen
2782 3516 2999 3567 Auctor
3033 3516 3230 3567 noster
3258 3510 3430 3582 longe
3474 3511 3701 3581 gratius

2050 3602 2257 3658 1050
2288 3616 2415 3656 esse
2445 3601 2679 3669 fatetur,
2710 3618 2883 3670 quam
2938 3600 3192 3667 domini;
3244 3601 3383 3672 quia
3430 3600 3539 3655 hoc
3593 3616 3695 3670 po-

2048 3691 2299 3755 testatis,
2329 3690 2469 3744 illud
2508 3690 2737 3760 pietatis
2771 3706 2977 3746 nomen
3010 3694 3117 3746 est.
3153 3692 3518 3762 Quapropter
3547 3689 3701 3745 hanc

2048 3781 2146 3838 ille
2189 3797 2257 3835 ex
2293 3781 2412 3851 jam
2465 3778 2634 3834 dictis
2682 3778 2838 3834 elicit
2879 3779 3314 3835 conclusionem
3366 3796 3378 3833 :
3426 3801 3454 3828 «
3510 3779 3697 3834 Tanto

2051 3874 2213 3928 abest
2247 3875 2309 3926 ut
2338 3869 2656 3941 imperator
2681 3870 2844 3939 ,deus
2893 3870 3099 3926 debeat
3134 3869 3288 3936 diei,
3340 3868 3494 3940 quod
3539 3867 3697 3923 credi

2050 3977 2161 4015 non
2198 3964 2404 4031 potest,
2432 3976 2546 4015 non
2578 3960 2751 4015 modo
2784 3959 3252 4031 turpissima,sed
3285 3962 3339 4014 et
3371 3956 3701 4029 perniciosa

2048 4049 2403 4113 adulatione,
2434 4049 2532 4103 sed
2567 4054 2846 4119 tanquam
2886 4051 2933 4103 si
2985 4049 3210 4103 habens
3261 4048 3699 4118 imperatorem,

2047 4140 2293 4195 alterum
2348 4137 2603 4211 appelles
2655 4158 2682 4189 ιι
2747 4137 2963 4208 (Ibid.).
3032 4138 3249 4191 Verum
3318 4136 3438 4191 haec
3503 4135 3700 4204 verba,

2047 4230 2190 4300 quod
2209 4228 2357 4283 credi
2388 4244 2495 4283 non
2526 4229 2720 4299 potest,
2747 4226 2975 4282 inutilia
3008 4226 3161 4282 haud
3196 4226 3373 4281 dubie
3403 4225 3528 4281 visa
3559 4229 3703 4282 sunt

2047 4317 2319 4390 Rigaltio,
2370 4318 2469 4388 qui
2523 4316 2621 4370 illa
2676 4321 2877 4371 contra
2926 4316 3191 4371 omnium
3235 4316 3527 4385 codicum,
3578 4314 3700 4372 sive

2045 4407 2334 4462 editorum
2368 4406 2486 4461 sive
2535 4404 2914 4471 ineditorum,
2967 4406 3138 4461 fidem
3186 4405 3419 4461 excidit.
3468 4404 3698 4461 Siccine

2045 4495 2226 4567 igitur
2273 4496 2359 4550 fas
2410 4493 2491 4549 illi
2542 4495 2649 4549 fuit
2696 4512 2803 4550 sua
2851 4495 3189 4549 auctoritate
3236 4512 3305 4549 ex
3349 4493 3694 4550 Tertulliani

2043 4589 2201 4641 textu
2230 4600 2297 4640 ea
2326 4584 2523 4639 omnia
2555 4589 2856 4656 amputare
2886 4601 3014 4655 qua?
3046 4584 3341 4656 superﬂua
3373 4584 3482 4639 sibi
3532 4584 3691 4639 vide-

284 4656 564 4722 tanquam
599 4652 704 4705 deo
737 4655 793 4704 et
825 4650 1417 4717 numini,adulatores
1446 4651 1641 4724 ignavi
1672 4652 1931 4708 blandie-

2047 4676 2297 4730 bantur?
2346 4680 2546 4728 Nonne
2594 4650 2688 4728 hic
2734 4678 2823 4729 est
2874 4650 3034 4729 illius
3083 4650 3338 4730 sensus:
3374 4674 3694 4746 imperator

290 4744 552 4798 bantur:
590 4763 617 4791 «
647 4741 771 4795 Non
804 4740 956 4795 enim
1011 4741 1080 4796 de
1128 4745 1395 4813 tyranno,
1448 4742 1661 4813 inquit,
1713 4744 1812 4797 sed
1862 4744 1933 4799 de

291 4832 427 4899 cive,
478 4848 592 4886 non
646 4831 718 4885 dc
767 4830 1027 4899 domino,
1061 4832 1159 4887 sed
1195 4832 1265 4886 de
1298 4837 1536 4902 parente
1572 4831 1873 4903 loquimur
1906 4855 1926 4881 υ

285 4919 456 4989 (Plin.
516 4921 792 4991 Panegyr.
860 4921 1077 4992 Trajan.
1135 4920 1309 4991 init.).
1365 4920 1682 4976 Christiani
1754 4921 1934 4993 igitur

289 5008 497 5080 potiori
535 5010 669 5078 jure
719 5009 995 5065 nolebant
1044 5009 1453 5082 imperatorem
1488 5027 1689 5065 vocare
1720 5011 1931 5079 deum;

287 5098 445 5169 quia,
479 5097 632 5151 sicut
662 5098 740 5152 ait
773 5099 984 5153 Auctor
1031 5104 1250 5167 noster,
1297 5105 1398 5153 hoc
1444 5099 1625 5154 solius
1671 5102 1789 5155 veri
1838 5102 1937 5156 Dei

282 5193 358 5243 est
408 5203 698 5257 cognomen
746 5186 1009 5256 (Tertull.
1067 5187 1341 5258 Apologet.
1394 5205 1519 5258 cap.
1571 5189 1661 5254 34,
1697 5206 1751 5259 p.
1788 5190 1931 5261 449),

284 5277 782 5348 quemadmodum
845 5275 983 5331 alibi
1035 5276 1564 5333 animadvertimus
1627 5279 1928 5349 (Dissertat.

278 5371 337 5423 in
368 5370 612 5423 Lactant.
650 5383 776 5437 cap.
814 5365 899 5430 12,
934 5372 1041 5421 art.
1079 5367 1149 5438 1).

350 5475 495 5541 Quia
552 5492 683 5530 vero
734 5475 857 5543 jam
924 5473 1096 5543 longo
1160 5491 1269 5529 usu
1330 5478 1626 5545 receptum
1676 5483 1816 5541 erat,
1869 5479 1934 5531 ut

282 5565 503 5621 domini
534 5581 745 5619 nomen
781 5565 1237 5635 imperatoribus
1268 5564 1517 5634 aliisque
1553 5564 1929 5637 tribueretur,

282 5656 417 5710 hinc
447 5653 846 5710 Tertullianus
881 5672 892 5710 :
929 5677 955 5703 «
988 5653 1189 5709 Dicam
1241 5654 1433 5727 plane,
1486 5653 1694 5725 inquit,
1748 5655 1930 5727 impe-

284 5750 533 5800 ratorem
567 5744 895 5815 dominum,
919 5745 1019 5800 sed
1054 5759 1189 5801 voce
1218 5743 1783 5816 communi,quando
1815 5762 1930 5802 non

2045 4768 2207 4837 pater
2238 4764 2436 4835 patriae
2474 4780 2600 4819 esse
2634 4764 2826 4829 debet,
2862 4768 2921 4819 at
2950 4764 3060 4820 hoc
3088 4781 3297 4819 nomen
3346 4764 3517 4837 longe
3562 4780 3698 4836 gra-

2045 4856 2163 4909 tius
2195 4858 2304 4920 est,
2339 4870 2515 4925 quam
2550 4853 2791 4908 domini.
2843 4854 3259 4925 Imperatorem
3310 4870 3445 4927 ergo
3495 4853 3695 4922 deum,

2044 4944 2181 5015 quod
2214 4960 2344 4998 eum
2378 4960 2505 4998 esse
2536 4942 2683 4997 credi
2710 4958 2817 4998 non
2848 4947 3037 5015 potest,
3090 4943 3282 4998 dicere
3331 4960 3443 4997 non
3495 4942 3693 4998 debes.

2042 5033 2187 5087 Nam
2238 5033 2346 5088 hac
2396 5031 2746 5103 turpissima
2793 5037 2850 5088 et
2882 5032 3214 5104 perniciosa
3246 5031 3579 5088 adulatione
3611 5030 3694 5087 si-

2044 5123 2292 5194 gniﬁcas
2325 5128 2379 5177 te
2410 5121 2660 5176 alterum
2695 5120 2907 5177 habere
2940 5121 3374 5193 imperatorem,
3407 5119 3503 5191 qui
3542 5122 3690 5175 Deus

2046 5229 2158 5267 non
2193 5212 2287 5281 sit,
2321 5212 2419 5265 sed
2455 5209 2650 5277 homo,
2686 5211 2783 5281 qui
2814 5210 2917 5265 tibi
2956 5209 3176 5266 homini
3206 5209 3472 5281 imperet.

2116 5304 2371 5373 Denique
2404 5301 2451 5355 si
2484 5300 2733 5372 gentiles
2760 5300 2986 5373 legibus
3018 5300 3397 5371 moribusque
3426 5298 3550 5354 suis
3582 5304 3689 5353 ste-

2042 5390 2366 5457 tissent,t‘as
2400 5388 2516 5443 illis
2548 5406 2659 5443 non
2693 5394 2819 5444 erat
2843 5389 3029 5444 ullum
3055 5389 3463 5461 imperatorem
3488 5403 3692 5444 vocare

2043 5481 2237 5547 deum,
2273 5480 2383 5534 nisi
2420 5482 2549 5551 post
2578 5479 2704 5550 ejus
2736 5484 2979 5534 mortem
3033 5483 3091 5533 et
3137 5477 3521 5550 apotheosim,
3552 5476 3692 5549 {sive

2044 5570 2099 5623 in
2135 5570 2273 5624 deos
2307 5568 2839 5635 senatusconsulto,
2875 5573 2935 5621 ut
2986 5585 3163 5639 supra
3214 5567 3490 5638 vidimus,
3539 5566 3688 5624 rela-

2042 5658 2282 5715 tionem.
2335 5658 2559 5714 Etenim
2610 5657 2963 5713 maledictum
3010 5662 3106 5726 est,
3153 5657 3233 5713 ait
3262 5656 3685 5725 Tertullianus,

2042 5757 2167 5805 ante
2212 5749 2549 5821 apotheosim
2598 5748 2757 5804 deum
2808 5747 3079 5807 Caesarem
3134 5763 3456 5821 nuncupare
3503 5747 3687 5820 (Ibid.)
