4162 6386
497 410 650 469 1147

1022 409 1550 470 TERTULLIANI
1594 407 1912 472 O'PERUM
1963 411 2158 471 PARS
2205 411 2356 471 l.—
2385 411 2654 472 S‘ERIES
2701 412 2746 482 Ι,
2792 410 3360 472 APOLOGETICA.

3736 412 3902 472 1148

496 538 826 595 Solemnem
866 557 993 596 vero
1026 541 1201 612 hujus
1232 541 1564 612 apotheosis
1597 558 1872 614 pompam
1925 545 2132 614 praeter
2160 544 2214 609 Α
2317 542 2514 614 Neque
2545 546 2738 599 tamen
2775 541 2916 597 illud
2941 542 3278 598 eorumdem
3302 541 3773 600 Christianorum
3795 548 3902 600 aut

496 633 731 682 caeteros
782 633 1047 683 accurate
1093 629 1406 701 descripsit
1456 631 1855 698 Herodianus,
1909 646 2129 702 nosque

497 714 658 784 prius
707 716 981 770 admonet
1028 716 1086 770 in
1137 716 1527 771 Romanorum
1579 733 1735 772 more
1780 717 2032 788 positum
2067 721 2132 771 ut

496 803 876 874 imperatores
910 821 942 858 a
974 806 1412 861 successoribus
1459 805 1580 861 suis
1628 811 2127 877 consecrarentur,

405 952 411 958 ,
495 895 669 962 atque
699 890 778 946 ita
809 891 1244 948 declararentur
1274 894 1423 949 inter
1453 895 1589 950 deos
1613 895 1771 950 relati
1799 895 2125 962 (Herodian.

493 982 702 1034 Ilistor.
735 983 827 1035 sui
854 986 1083 1053 temper.
1118 1000 1172 1054 p.
1206 983 1351 1051 540).
1393 985 1571 1039 Antea
1620 984 1799 1056 igitur
1849 984 1933 1037 fas
1985 982 2126 1038 nulli

490 1073 614 1122 erat
657 1067 790 1124 illos
840 1086 1038 1125 vocare
1066 1071 1222 1125 deos.
1259 1072 1536 1135 Quocirca
1565 1071 1862 1128 Cornelius
1893 1072 2130 1127 Tacitus

489 1157 728 1212 decimo
759 1158 966 1228 quinto
996 1158 1306 1215 Annalium
1339 1177 1579 1216 suorum
1615 1159 1761 1216 libro
1811 1161 1985 1215 ﬁnem
2037 1159 2130 1215 bis

492 1246 682 1300 verbis
711 1247 960 1318 imponit
994 1265 1006 1301 :
1043 1271 1068 1297 «
1107 1255 1282 1304 Deum
1315 1249 1502 1305 honor
1534 1249 1781 1321 principi
1833 1267 1945 1304 non
1998 1253 2130 1304 ante

494 1334 758 1404 habetur,
809 1353 983 1407 quam
1037 1354 1206 1408 agere
1256 1339 1407 1394 inter
1476 1337 1749 1394 mortales
1817 1337 2051 1392 desierit
2103 1359 2130 1386 »

493 1423 677 1477 Tacit.
711 1423 812 1478 lib.
846 1442 917 1479 xv
949 1426 1146 1481 Annal.
1184 1427 1239 1480 in
1274 1428 1416 1496 ﬁn.).
1450 1431 1620 1482 Recte
1651 1444 1784 1498 ergo
1824 1425 2131 1480 Tertullia-

492 1528 603 1566 nus
636 1512 746 1568 alio
779 1513 834 1567 in
871 1514 1017 1570 libro
1051 1532 1061 1568 :
1101 1538 1127 1564 ‹‹
1163 1519 1270 1570 Sed
1307 1533 1418 1570 non
1453 1515 2130 1586 dicimus,inquit,deum

491 1599 923 1669 imperatorem.
958 1603 1144 1674 Super
1173 1603 1282 1658 hoc
1313 1604 1491 1672 enim,
1527 1604 1680 1676 quod
1725 1603 1896 1675 vulgo
1947 1602 2132 1672 aiunt,

2239 630 2598 699 inﬁrmitati,
2659 637 2759 688 aut
2816 630 3174 702 impotentiae
3229 637 3352 686 erat
3409 633 3895 689 adscribendum.

2239 723 2514 776 Poterant
2543 721 2698 776 enim
2733 722 2916 776 factas
2946 720 3057 775 sibi
3081 737 3114 774 a
3145 721 3460 791 gentilibus
3490 721 3738 792 injurias
3773 739 3896 778 non

2239 807 2429 864 solum
2462 808 2611 864 clam
2643 825 2709 865 ac
2731 809 2900 865 tectis
2931 809 3343 876 cuniculis,sed
3373 810 3568 880 palam
3599 817 3656 864 et
3686 817 3897 882 aperto

2240 902 2424 953 marte
2457 898 2678 954 ulcisci.
2716 903 2781 953 Et
2812 897 3032 953 occulte
3072 898 3310 968 quidem
3357 917 3371 954 ε
3424 921 3452 948 ‹‹
3503 900 3748 963 Quando
3800 899 3892 954 vel

2239 1003 2354 1042 una
2387 1004 2517 1051 nox,
2548 988 2721 1042 sicuti
2764 987 2845 1042 ait
2889 985 3312 1052 Tertullianus,
3360 987 3628 1057 pauculis
3679 988 3897 1044 faculis

2238 1073 2476 1145 largiter
2525 1075 2764 1130 ultionzs
2816 1080 3010 1146 posset
3060 1075 3285 1146 operari
3331 1097 3356 1124 »
3389 1076 3652 1145 (Tertull.
3688 1077 3896 1147 Apolo-

2236 1168 2342 1235 get.
2376 1179 2501 1234 cap.
2533 1165 2624 1230 37,
2659 1181 2787 1236 pag.
2823 1165 2980 1234 462);
3012 1164 3068 1218 id
3101 1168 3212 1228 est,
3248 1169 3514 1235 poterant
3544 1182 3647 1237 per
3678 1166 3898 1221 obscu-

2239 1268 2316 1308 rae
2347 1253 2531 1308 noctis
2563 1253 2795 1308 silentia
2826 1252 3199 1324 paucissimis
3241 1253 3470 1322 faculis,
3521 1253 3898 1324 minimoque

2239 1340 2425 1412 pretio
2455 1342 2688 1412 emptis,
2723 1341 2898 1395 urbes
2925 1339 3252 1395 incendere.
3286 1341 3493 1394 Verum
3524 1341 3898 1412 absit,pergit

2242 1428 2358 1491 ille,
2391 1439 2451 1484 ut
2481 1435 2575 1484 aut
2608 1432 2731 1496 igni
2761 1431 2997 1484 humano
3029 1429 3332 1483 vindicetur
3359 1429 3550 1484 divina
3577 1434 3740 1500 secta,
3797 1440 3898 1485 aut

2241 1516 2420 1572 doleat
2449 1520 2568 1588 pati
2599 1520 2657 1572 in
2687 1534 2787 1588 quo
2815 1519 3078 1586 probetur
3104 1517 3314 1589 (lbid.),
3349 1517 3468 1572 sive
3515 1523 3578 1572 ut
3629 1518 3756 1590 ipse
3818 1519 3892 1573 ad

2242 1606 2549 1676 Scapulam
2583 1606 2874 1660 scribebat
2905 1623 2916 1660 :
2951 1631 2976 1655 «
3013 1605 3174 1660 Absit
3224 1611 3286 1660 ut
3333 1605 3573 1676 indigne
3623 1607 3896 1662 feramus

491 1704 739 1744 cannam
773 1691 983 1747 facitis.
1021 1693 1139 1747 lmo
1172 1692 1269 1764 qui
1302 1693 1474 1748 deum
1505 1693 1788 1748 Caesarem
1821 1691 2040 1756 dicitis,
2084 1697 2136 1744 et
2246 1710 2314 1750 ea
2363 1710 2468 1749 nos
2516 1693 2656 1765 pati,
2707 1711 2832 1766 quae
2879 1698 3175 1765 optamus,
3227 1700 3289 1748 ut
3342 1693 3623 1749 ultionem
3657 1711 3691 1749 a
3722 1695 3900 1751 nobis

492 1777 772 1834 deridetis
802 1779 1045 1836 dicendo
1090 1783 1241 1852 quod
1292 1799 1405 1837 non
1457 1788 1564 1849 est,
1614 1789 1670 1838 et
1715 1781 1865 1836 male
1913 1780 2138 1838 dicitis,
2248 1782 2502 1852 aliquam
2548 1782 2974 1847 machinemur,
3006 1799 3180 1853 quam
3213 1799 3246 1836 a
3280 1787 3389 1836 Deo
3417 1788 3833 1854 exspectamus
3867 1806 3900 1833 κ

495 1866 634 1937 quia
683 1883 797 1922 non
846 1869 971 1923 vult
1016 1885 1142 1925 esse
1206 1871 1358 1942 quod
1427 1870 1655 1939 dicitis;
1710 1869 1933 1926 mavult
1981 1868 2138 1923 enim
2172 1920 2218 1943 ἢ
2248 1871 2452 1942 (Idem,
2486 1874 2559 1926 ad
2581 1871 2798 1942 Scapul.
2834 1888 2960 1943 cap.
2991 1871 3066 1941 2).
3099 1875 3237 1926 Tres
3270 1870 3450 1942 igitur
3495 1871 3662 1926 affert
3711 1873 3898 1927 ratio-

491 1953 721 2024 vivere,
756 1972 932 2028 quam
965 1958 1109 2014 deus
1141 1959 1264 2013 ﬁeri
1299 1982 1326 2009 ››
1359 1959 1619 2030 (Tertull.
1655 1960 1797 2015 lib.i
1830 1959 1899 2013 ad
1923 1959 2142 2014 Nation-

493 2057 620 2113 cap.
665 2044 748 2113 18,
803 2062 856 2115 p.
906 2047 1053 2118 583).
1108 2047 1252 2112 Quia
1299 2048 1452 2103 enim
1507 2053 1637 2120 post
1683 2064 1851 2103 suam
1898 2051 2127 2102 tantum

494 2136 738 2188 mortem
773 2134 914 2190 deus
941 2151 1068 2192 esse
1102 2141 1344 2208 poterat,
1377 2137 1627 2193 malebat
1676 2137 1874 2208 utique
1916 2136 2124 2202 vivere,

492 2235 668 2291 quam
717 2224 891 2277 vitam
924 2227 1186 2294 'ponere,
1244 2242 1309 2281 ac
1360 2233 1557 2297 postea
1604 2226 1725 2281 ﬁeri
1775 2227 1956 2291 deus,
2008 2225 2128 2279 sive

489 2309 685 2380 potius
733 2310 842 2365 hoc
884 2313 1148 2369 mendaci
1182 2331 1422 2385 prorsus
1452 2314 1619 2370 titulo
1651 2315 1929 2370 decorari.
1963 2313 2125 2367 Chri-

487 2397 661 2453 stiani
692 2416 827 2472 ergo
855 2399 1003 2457 lassas
1037 2404 1358 2474 majestatis
1390 2404 1656 2458 humanae
1689 2403 1884 2470 rei,ve1
1909 2402 2124 2474 publici

485 2484 685 2542 hostes
715 2505 947 2545 summa
978 2492 1102 2548 sine
1131 2491 1424 2562 injustitia
1453 2493 1562 2547 dici
1616 2494 1743 2548 ideo
1794 2509 1907 2548 non
1957 2497 2121 2564 pote-

487 2581 640 2639 rant,
671 2578 821 2646 quod
857 2578 1078 2634 nollent
1125 2580 1535 2652 imperatorem
1587 2581 1878 2652 appellare
1926 2581 2118 2636 deum.

485 2663 629 2719 Nam
661 2665 783 2720 ha'c
803 2667 1114 2738 appellatio
1136 2667 1216 2722 illi
1240 2669 1346 2724 soli
1368 2670 1772 2742 competit,qui
1789 2687 1902 2725 non
1924 2669 2116 2740 homo,

487 2753 588 2808 sed
619 2758 870 2811 aeternus
900 2761 955 2810 et
983 2756 1330 2812 immortalis
1358 2765 1468 2816 est.
1683 2764 1690 2770 '

1080 2889 1311 2946 CAPUT
1341 2891 1518 2946 XXII.

483 2973 962 3051 Christianosnec
1003 2979 1248 3049 publicos
1293 2996 1405 3036 esse
1453 2980 1648 3042 hostes,
1698 2997 1796 3036 nec
1836 2984 2114 3051 factiosos,

548 3047 644 3172 ἱρά
663 3049 948 3172 ‘genlzles,
991 3047 1088 3120 qui
1135 3052 1258 3106 illos
1307 3052 1504 3107 horum
1547 3047 1850 3108 criminum
1889 3047 2114 3110 accusa;

585 3135 657 3172 an
687 3161 700 3172 .

585 3135 700 3174 ant.

996 3245 1313 3284 ARTICULUS
1353 3246 1592 3286 PRIMUS.
1608 3249 1614 3254 ’

2172 1920 2220 1985 B

2251 1976 2377 2026 nes,
2428 1961 2659 2032 prepter
2707 1977 2849 2031 quas
2893 1959 3206 2016 Christiani
3254 1960 3505 2015 offensas
3538 1977 3699 2027 suas,
3733 1961 3901 2017 sicut

2238 2056 2573 2121 promptum
2624 2048 2739 2103 illis
2806 2053 2948 2116 erat,
3000 2048 3150 2103 clam
3206 2049 3498 2104 vindicem
3564 2049 3890 2106 noluerint.

2238 2137 2431 2193 Primo
2462 2137 2720 2209 quidem,
2755 2138 2891 2208 quia
2921 2138 3112 2192 divina
3140 2142 3228 2192 est
3257 2136 3491 2192 illorum
3521 2147 3686 2207 secta,
3709 2140 3892 2210 cujus

2234 2225 2483 2297 legibus,
2510 2226 2792 2281 ultionem
2829 2225 3419 2297 prohibentibus,non
3451 2226 3688 2282 obedire
3718 2229 3892 2283 nefas

2235 2317 2538 2388 putabant.
2571 2315 2862 2379 Secundo,
2917 2313 3076 2369 illam
3129 2313 3410 2370 ultionem
3467 2316 3896 2386 exspectabant

2231 2405 2303 2459 ab
2351 2405 2751 2474 omnipotente
2809 2402 2923 2458 Deo
2973 2418 3115 2468 suo,
3186 2402 3521 2473 aequissimo
3589 2403 3887 2459 scelerum

2231 2494 2476 2547 vindice.
2506 2492 2719 2558 Tertio,
2753 2507 2956 2546 omnes
3001 2489 3318 2556 cruciatus,
3372 2490 3484 2545 sibi
3515 2491 3587 2546 ab
3629 2491 3893 2548 ethnicis

2227 2579 2502 2650 inﬂictos,
2538 2580 2919 2636 libentissime
2963 2579 3358 2650 patiebantur,
3414 2581 3553 2651 quia
3601 2589 3893 2636 noverant

2227 2669 2301 2724 iis
2331 2687 2393 2725 se
2425 2687 2538 2726 non
2570 2669 2724 2739 laedi,
2758 2670 2859 2724 sed
2911 2668 3142 2740 probari
3199 2673 3396 2723 utrum
3450 2674 3664 2723 eterna
3718 2671 3888 2741 digni

2227 2763 2426 2814 essent
2457 2758 2746 2814 mercede.

2295 2865 2444 2921 Solis
2476 2865 2666 2935 itaque
2698 2863 2790 2919 his
2822 2863 3296 2928 rationibus,non
3337 2868 3536 2918 autem
3563 2863 3684 2918 ulla
3713 2863 3886 2921 inﬁr-

2226 2953 2428 3009 mitate
2484 2953 2572 3008 vel
2630 2953 3000 3024 impotentia,
3059 2970 3092 3006 a
3149 2953 3438 3008 sumenda
3493 2953 3563 3006 de
3622 2952 3887 3009 ethnici8

2223 3043 2494 3098 hostibus
2525 3043 2648 3097 suis
2680 3040 2899 3097 ultione
2931 3041 3324 3095 abstinebant.
3361 3039 3514 3095 Nihil
3546 3041 3704 3096 enim
3760 3043 3886 3100 illis

2226 3133 2411 3202 magis
2471 3131 2639 3186 facile
2704 3129 3160 3201 expeditumque
3208 3133 3349 3184 erat.
3403 3129 3546 3184 Nam
3599 3133 3884 3201 superius

2224 3220 2590 3275 ostendimus
2639 3219 2832 3290 (Supr.
2883 3235 3012 3289 cap.
3054 3218 3144 3286 22,
3198 3222 3305 3270 art.
3361 3216 3412 3290 1)
3473 3217 3604 3272 illos
3676 3220 3886 3276 omnis

479 3315 973 3391 Publicos_host_es
1007 3333 1116 3373 non
1161 3335 1272 3374 esse
1321 3319 1680 3376 Christianos
1707 3361 1720 3386 ,
1770 3321 1867 3391 qui
1913 3320 2116 3376 allatas

2230 3308 2407 3364 totius
2437 3313 2724 3364 terrarum
2749 3289 2917 3364 orbis
2946 3305 3092 3376 loca,
3124 3305 3377 3377 exceptis
3408 3306 3546 3361 solis
3588 3305 3879 3364 falsorum

548 3386 656 3440 sibi
671 3387 772 3462 fab
818 3389 1051 3462 ethnicis
1082 3391 1334 3462 injurias
1382 3408 1666 3462 nunquam
1714 3386 1902 3447 ulcisci
1931 3393 2114 3448 volue-

549 3461 717 3523 runt,
768 3461 990 3514 tametsi
1030 3461 1090 3514 id
1138 3463 1406 3528 facillime
1451 3461 1700 3528 passint,
1757 3465 1840 3518 vel
1897 3465 2116 3519 civitate

552 3528 692 3603 clam
721 3531 970 3603 incensa,
1001 3532 1085 3584 vel
1115 3532 1319 3587 indicto
1363 3528 1548 3603 palam
1597 3535 1768 3596 bello;
1816 3536 1900 3589 vel
1945 3551 2003 3590 se
2049 3535 2115 3589 ab

551 3600 762 3673 iisdem_
795 3601 1049 3668 ethnicis,
1096 3620 1325 3673 quorum
1353 3600 1536 3661 ininor
1563 3611 1680 3661 erat
1709 3623 1996 3666 numerus.
2025 3623 2114 3661 se-

548 3670 828 3750 parando;
860 3674 941 3750 vel
990 3670 1255 3730 (laniones
1297 3677 1364 3730 ab
1409 3678 1749 3734 obsessorum
1794 3681 2116 3750 corporibus

551 3757 659 3796 non
690 3744 974 3814 ejiciendo.

557 3860 782 3923 Quanta
808 3860 1133 3916 temeritate
1163 3862 1377 3918 ethnici
1407 3863 1767 3920 Christianos
1798 3865 1946 3921 laesae
1992 3882 2115 3920 ma-

476 3945 711 4017 jestatis
747 3949 939 4004 I051
979 3949 1248 4005 humana:
1281 3969 1408 4007 reos
1439 3969 1566 4008 esse
1595 3954 2119 4022 effutiebant,tanta

481 4036 737 4107 profecto
768 4038 1131 4108 impudentia
1160 4041 1289 4096 illos
1341 4043 1620 4113 publicos,
1671 4061 1736 4100 ac
1785 4047 1962 4102 totius
2005 4047 2114 4101 hu-

483 4127 638 4180 mani
690 4129 917 4197 generis
971 4130 1163 4185 hostes
1214 4148 1340 4186 esse
1407 4134 1905 4190 criminabantur.
1957 4135 2114 4191 Nihil

480 4213 698 4284 quippe
727 4215 834 4271 hac
855 4217 1150 4272 calumnia
1173 4219 1434 4290 putidius
1457 4221 1594 4292 ﬁngi
1619 4239 1877 4292 unquam
1904 4226 2114 4294 potuit.

480 4301 683 4357 Divina
713 4305 1000 4374 siquidem
1053 4305 1177 4378 lege
1224 4311 1444 4378 (Matth.
1494 4327 1549 4377 ν,
1595 4312 1697 4377 39;
1746 4317 1874 4368 Luc.
1928 4318 1971 4381 l,
2023 4315 2113 4387 28)

478 4389 839 4460 prohibitum
911 4392 1026 4446 illis
1096 4402 1220 4449 erat
1267 4395 1368 4451 ulli
1417 4398 1578 4468 male,
1626 4400 1707 4453 uti
1756 4401 1836 4454 ait
1895 4403 2113 4456 I‘ertul-

477 4477 673 4535 lianus
703 4481 998 4551 (Apologet.
1032 4499 1157 4554 cap.
1190 4485 1260 4537 36
1289 4489 1344 4539 et
1374 4502 1537 4557 seqq.
1567 4503 1696 4558 pag.
1732 4489 1867 4556 460;
1902 4495 1958 4545 et
2006 4489 2109 4547 lib.

477 4582 496 4621 ι
527 4567 596 4622 ad
627 4568 847 4623 Nation.
881 4587 1006 4642 cap.
1063 4573 1149 4638 17,
1209 4591 1261 4644 p.
1311 4574 1458 4644 583),
1507 4576 1661 4644 velle,
1716 4579 1860 4633 male
1907 4580 2108 4650 facere,

2224 3398 2465 3453 deorum
2511 3397 2770 3468 templis,
2825 3394 3183 3467 implevisse,
3231 3411 3297 3449 ac
3353 3393 3524 3467 longe
3585 3397 3879 3467 majorem

2223 3486 2479 3556 illorum,
2528 3503 2702 3558 quam
2753 3483 3056 3558 gentilium
3113 3483 3291 3539 fuisse
3342 3500 3678 3540 numerum.
3721 3488 3876 3550 Quid

2223 3592 2358 3647 ergo
2392 3575 2694 3647 prohibere
2724 3591 2822 3630 eos
2856 3571 3426 3644 poterat,quominus
3460 3573 3680 3629 indicto
3714 3575 3877 3633 bello

2225 3665 2488 3721 ethnicos
2531 3665 2864 3732 vincerent,
2916 3662 3216 3733 victosque
3269 3661 3494 3717 meritis
3543 3662 3874 3720 adﬁcerent

2225 3753 2528 3826 suppliciis
2559 3752 2825 3824 (Tertull.
2866 3753 3141 3824 Apologet.
3175 3767 3304 3822 cap.
3356 3751 3446 3822 3’7,
3504 3767 3636 3823 pag.
3693 3755 3877 3827 462)?

2224 3846 2333 3902 Fac
2366 3849 2582 3913 tamen,
2611 3843 2659 3898 si
2693 3843 2855 3910 velis,
2876 3841 3003 3898 illos
3031 3846 3086 3897 et
3114 3857 3358 3896 numero
3388 3845 3443 3896 et
3475 3841 3652 3913 copiis
3687 3842 3879 3900 fuisse

2225 3934 2342 3990 illis
2371 3933 2648 4005 impares,
2681 3932 2968 4004 numquid
3001 3930 3218 3986 idcirco
3244 3931 3334 3985 'ad
3384 3929 3606 3985 bellum
3658 3948 3878 4002 geren-

2223 4024 2386 4089 dum,
2445 4027 2501 4076 et
2557 4022 2755 4078 hostes
2813 4019 3127 4075 vincendos
3171 4018 3367 4074 minus
3419 4018 3612 4074 idonei
3652 4023 3881 4078 erant?

2223 4113 2424 4168 Nonne
2457 4112 2786 4166 fatebantur
2807 4109 3020 4164 ethnici
3057 4112 3305 4164 mortem
3357 4107 3428 4162 ab
3479 4109 3694 4166 1052
3750 4109 3878 4167 illis

2224 4219 2337 4257 non
2387 4200 2580 4256 timeri
2630 4198 2857 4268 (Ibid)?
2905 4202 2974 4254 At
3022 4201 3175 4253 certe
3224 4201 3442 4268 quanto
3493 4197 3691 4253 minus
3737 4215 3878 4256 eam

2222 4291 2599 4359 verebantur,
2659 4293 2820 4344 tanto
2879 4285 3068 4343 aerius
3123 4285 3386 4358 quolibet
3444 4285 3666 4342 incerto
3729 4287 3875 4344 belli

2223 4383 2428 4436 eventu
2465 4380 2922 4450 depugnassent,
2955 4373 3154 4446 sicque
3188 4375 3517 4446 potuissent
3541 4373 3769 4432 debitas
3804 4379 3881 4433 de

2221 4469 2490 4525 hostibus
2523 4467 2647 4523 suis
2678 4482 2878 4539 poenas
2907 4463 3412 4536 repetere.Verum
3446 4463 3729 4538 religione
3762 4484 3882 4523 sua

2221 4557 2506 4628 obstricti,
2539 4556 2683 4611 illud
2716 4552 3168 4627 nunquam,sive
3198 4553 3553 4620 armati,sive
3586 4553 3880 4622 inermes,

475 4657 622 4711 male
647 4656 862 4727 :dicere.
911 4662 1054 4714 male
1093 4663 1337 4732 cogitare
1382 4664 1446 4720 de
1491 4682 1780 4736 quoquam,
1812 4672 1862 4723 et
1892 4645 2114 4726 ludenti
2142 4655 2189 4720 D
2223 4652 2446 4704 lentare
2478 4645 2810 4702 νοίυθτυηί·

474 4743 644 4800 vicem
675 4743 902 4818 referre.
937 4753 1010 4802 At
1040 4749 1132 4806 his
1163 4753 1466 4824 praeceptis
1511 4756 1952 4813 accuratissime
2004 4761 2110 4815 ob-

473 4834 888 4904 sequebantur,
931 4840 1424 4908 quemadmodum
1457 4849 1612 4914 patet
1641 4861 1703 4899 ex
1739 4845 1849 4915 his,
1883 4863 2010 4918 quas
2043 4852 2109 4903 de

473 4924 864 4980 sanctissimis
885 4925 1116 4982 illorum
1143 4930 1404 4986 moribus
1426 4939 1595 4988 antea
1622 4934 1875 4990 diximus
1898 4937 2110 5008 (Supra

473 5029 597 5084 cap.
635 5013 718 5078 12,
751 5019 856 5070 art.
894 5017 919 5069 1
953 5021 1008 5071 et
1039 5020 1242 5090 seqq.)
1278 5020 1400 5074 Non
1431 5037 1566 5092 ergo
1601 5023 1836 5094 publici,
1873 5025 1989 5080 imo
2038 5042 2108 5080 ne

475 5101 656 5158 ullius
686 5104 921 5174 quidem
955 5104 1231 5177 hominis,
1267 5109 1386 5163 mul
1415 5126 1446 5165 ο
1499 5110 1692 5167 minus
1740 5113 2109 5185 imperatoris

472 5196 530 5246 et
585 5191 766 5248 totius
813 5196 1043 5265 generis
1091 5196 1334 5252 humani
1383 5198 1579 5256 hostes
1624 5208 1806 5256 erant.
1858 5203 1926 5257 Et
1954 5208 2108 5258 certe

475 5283 745 5352 quamvis
803 5285 960 5339 omni
1019 5286 1507 5344 contumeliarum
1569 5295 2106 5362 tormentorumque

475 5385 682 5442 genere
715 5372 1271 5443 ameperatoribus
1300 5376 1542 5450 aliisque
1565 5379 1810 5434 ethnicis
1839 5383 2108 5436 excarni-

475 5459 822 5528 ﬁcarentur;
858 5463 1003 5517 inter
1036 5463 1314 5534 plurimos
1346 5471 1560 5533 tamen,
1587 5469 1656 5524 de
1688 5469 1900 5538 quibus
1935 5470 2106 5541 paulo

473 5553 606 5618 post
635 5550 946 5618 agendum,
980 5553 1074 5622 qui
1124 5557 1327 5609 contra
1352 5557 1586 5612 eosdem
1625 5558 2002 5628 imperatores
2051 5565 2109 5616 et

478 5635 897 5705 rempublicam
951 5641 1435 5713 conjuraverant,
1489 5644 1687 5702 nullus
1736 5664 1990 5719 unquam
2040 5665 2107 5703 ex

479 5719 596 5776 illis
626 5721 892 5780 inventus
919 5731 1026 5781 est.

2293 4752 2459 4810 Nullo
2510 4755 2785 4824 praterea
2831 4749 2900 4804 ad
2947 4746 3266 4802 vindictam
3317 4746 3470 4803 bello
3503 4747 3785 4821 nullaque
3821 4753 3878 4808 vi

2218 4859 2366 4914 opus
2413 4840 2726 4906 habebant,
2769 4837 2935 4911 (Ibid.
2990 4855 3044 4907 p.
3097 4836 3242 4904 463).
3292 4837 3377 4892 Ad
3425 4854 3553 4892 eam
3606 4855 3879 4910 namque

2217 4930 2547 4988 sufﬁciebat
2577 4927 2810 4984 illorum
2841 4926 2914 4982 ab
2945 4924 3194 4981 ethnicis
3220 4924 3535 4981 divortium
3567 4932 3624 4982 et
3672 4943 3875 4986 seces~

2217 5020 2323 5075 sio.
2389 5019 2475 5074 Illi
2533 5018 2749 5090 quippe
2794 5022 2931 5072 tunc
2955 5013 3270 5070 solitudine
3300 5030 3408 5070 sua
3439 5015 3878 5088 obstupefacti,

2218 5109 2414 5181 plures
2447 5108 2790 5163 habuissent
2821 5105 3038 5170 hostes,
3083 5118 3258 5172 quam
3306 5102 3478 5170 cives,
3525 5121 3590 5159 ac
3641 5105 3878 5176 quibus

2217 5200 2592 5270 imperarent,
2625 5199 2777 5250 certe
2808 5192 3198 5265 paucissimos
3227 5207 3240 5246 :
3278 5212 3303 5244 ι
3335 5191 3503 5247 Nunc
3547 5193 3729 5260 enim,
3786 5197 3878 5251 ait

2214 5287 2626 5352 ’l‘ertullianus,
2659 5283 2962 5357 pauciores
2991 5282 3190 5336 hostes
3221 5280 3451 5337 habetis
3496 5300 3608 5353 prae
3661 5283 3875 5340 multi-

2217 5377 2417 5433 tudine
2449 5375 2910 5430 Cbristianorum
2947 5371 3114 5441 (pene
3145 5369 3407 5424 omnium
3431 5370 3679 5438 civium;
3714 5388 3876 5443 pene

2217 5483 2418 5524 omnes
2451 5465 2602 5520 cives
2632 5461 2994 5518 Christianos
3029 5458 3359 5523 habendos;
3393 5465 3450 5513 et
3480 5459 3683 5514 hostes
3733 5479 3872 5519 ma-

2215 5556 2411 5612 luistis
2444 5569 2644 5608 vocare
2676 5550 2902 5624 generis
2933 5547 3174 5602 humani
3211 5547 3402 5618 potius
3434 5565 3612 5620 quam
3642 5551 3875 5608 erroris

2216 5644 2480 5715 humani)
2515 5665 2542 5693 »
2575 5641 2778 5715 (Ibid)
2813 5644 2898 5694 Ita
2928 5637 3164 5709 quidem
3197 5636 3256 5691 in
3292 5637 3506 5693 nostris
3553 5639 3871 5699 codicibus

2218 5730 2655 5804 manuscriptis,
2688 5733 2745 5786 et
2773 5727 2942 5785 editis
2970 5724 3220 5799 Rigaltio
3251 5724 3708 5799 antiquioribus,
3745 5729 3870 5788 nisi
