  <div class='ocr_page' id='page_1' title='image "/cluster/home/n/w/nwhite01/storage/ocr_20150623/1/umn.31951002477295j/578.png"; bbox 0 0 2081 3189; ppageno 0'>
   <div class='ocr_carea' id='block_1_1' title="bbox 108 206 922 240">
    <p class='ocr_par' dir='ltr' id='par_1_1' title="bbox 108 206 922 238">
     <span class='ocr_line' id='line_1_1' title="bbox 108 206 922 238; baseline -0.001 0"><span class='ocrx_word' id='word_1_1' title='bbox 108 208 185 238; x_wconf 70' lang='grc'><strong>1149</strong></span> <span class='ocrx_word' id='word_1_2' title='bbox 568 207 605 237; x_wconf 91' lang='lat' dir='ltr'><strong>D.</strong></span> <span class='ocrx_word' id='word_1_3' title='bbox 630 207 678 237; x_wconf 87' lang='lat' dir='ltr'><strong>LE</strong></span> <span class='ocrx_word' id='word_1_4' title='bbox 700 207 863 238; x_wconf 79' lang='lat' dir='ltr'><strong>NOUBRY</strong></span> <span class='ocrx_word' id='word_1_5' title='bbox 885 206 922 237; x_wconf 87' lang='grc'><strong>01</strong></span> 
     </span>
    </p>
   </div>
   <div class='ocr_carea' id='block_1_2' title="bbox 983 206 1812 240">
    <p class='ocr_par' dir='ltr' id='par_1_2' title="bbox 983 206 1812 240">
     <span class='ocr_line' id='line_1_2' title="bbox 983 206 1812 240; baseline 0.004 -4"><span class='ocrx_word' id='word_1_6' title='bbox 983 206 1161 240; x_wconf 68' lang='grc' dir='ltr'><strong>ςηνΑΤΙΟΝ</strong></span> <span class='ocrx_word' id='word_1_7' title='bbox 1165 208 1210 239; x_wconf 86' lang='lat' dir='ltr'><strong>ES</strong></span> <span class='ocrx_word' id='word_1_8' title='bbox 1234 208 1350 240; x_wconf 73' lang='grc' dir='ltr'><strong>ΝονΑε</strong></span> <span class='ocrx_word' id='word_1_9' title='bbox 1356 231 1363 239; x_wconf 95' lang='grc'><em>.</em></span> <span class='ocrx_word' id='word_1_10' title='bbox 1731 208 1746 239; x_wconf 78' lang='grc' dir='ltr'>ι</span> <span class='ocrx_word' id='word_1_11' title='bbox 1752 208 1812 240; x_wconf 71' lang='grc'><strong>150</strong></span> 
     </span>
    </p>
   </div>
   <div class='ocr_carea' id='block_1_3' title="bbox 108 272 1811 311">
    <p class='ocr_par' dir='ltr' id='par_1_3' title="bbox 108 272 1811 311">
     <span class='ocr_line' id='line_1_3' title="bbox 108 272 1811 311; baseline 0.001 -9"><span class='ocrx_word' id='word_1_12' title='bbox 108 274 183 311; x_wconf 90' lang='lat' dir='ltr'><strong>quod</strong></span> <span class='ocrx_word' id='word_1_13' title='bbox 203 275 232 302; x_wconf 88' lang='lat' dir='ltr'><strong>in</strong></span> <span class='ocrx_word' id='word_1_14' title='bbox 249 274 427 311; x_wconf 79' lang='lat' dir='ltr'><strong>quibusdam</strong></span> <span class='ocrx_word' id='word_1_15' title='bbox 451 282 486 302; x_wconf 78' lang='lat' dir='ltr'><strong>ex</strong></span> <span class='ocrx_word' id='word_1_16' title='bbox 500 273 559 302; x_wconf 87' lang='lat' dir='ltr'><strong>illis</strong></span> <span class='ocrx_word' id='word_1_17' title='bbox 585 273 693 310; x_wconf 91' lang='lat' dir='ltr'><strong>legitur</strong></span> <span class='ocrx_word' id='word_1_18' title='bbox 721 272 847 301; x_wconf 73' lang='lat' dir='ltr'><strong>habendo</strong></span> <span class='ocrx_word' id='word_1_19' title='bbox 876 280 928 309; x_wconf 89' lang='lat' dir='ltr'><strong>pro</strong></span> <span class='ocrx_word' id='word_1_20' title='bbox 943 273 971 307; x_wconf 73' lang='grc' dir='ltr'>Α</span> <span class='ocrx_word' id='word_1_21' title='bbox 986 272 1028 301; x_wconf 86' lang='lat' dir='ltr'><strong>illi</strong></span> <span class='ocrx_word' id='word_1_22' title='bbox 1043 273 1086 302; x_wconf 87' lang='lat' dir='ltr'><strong>sic</strong></span> <span class='ocrx_word' id='word_1_23' title='bbox 1100 273 1308 309; x_wconf 79' lang='lat' dir='ltr'><strong>abhorrebant,</strong></span> <span class='ocrx_word' id='word_1_24' title='bbox 1325 277 1357 303; x_wconf 87' lang='lat' dir='ltr'><strong>ut</strong></span> <span class='ocrx_word' id='word_1_25' title='bbox 1379 274 1510 303; x_wconf 72' lang='lat' dir='ltr'><strong>demens</strong></span> <span class='ocrx_word' id='word_1_26' title='bbox 1534 282 1569 303; x_wconf 79' lang='lat' dir='ltr'><strong>ex</strong></span> <span class='ocrx_word' id='word_1_27' title='bbox 1588 273 1720 303; x_wconf 86' lang='lat' dir='ltr'><strong>hostium</strong></span> <span class='ocrx_word' id='word_1_28' title='bbox 1742 281 1811 304; x_wconf 81' lang='lat' dir='ltr'><strong>sne-</strong></span> 
     </span>
    </p>
   </div>
   <div class='ocr_carea' id='block_1_4' title="bbox 107 318 931 356">
    <p class='ocr_par' dir='ltr' id='par_1_4' title="bbox 107 318 931 356">
     <span class='ocr_line' id='line_1_4' title="bbox 107 318 931 356; baseline -0.002 -10"><span class='ocrx_word' id='word_1_29' title='bbox 107 319 254 354; x_wconf 81' lang='lat' dir='ltr'><strong>lmbendos,</strong></span> <span class='ocrx_word' id='word_1_30' title='bbox 271 321 358 356; x_wconf 88' lang='lat' dir='ltr'><strong>atque</strong></span> <span class='ocrx_word' id='word_1_31' title='bbox 374 319 434 347; x_wconf 71' lang='lat' dir='ltr'><strong>hazc</strong></span> <span class='ocrx_word' id='word_1_32' title='bbox 452 318 556 347; x_wconf 87' lang='lat' dir='ltr'><strong>ultima</strong></span> <span class='ocrx_word' id='word_1_33' title='bbox 568 319 667 351; x_wconf 88' lang='lat' dir='ltr'><strong>verba,</strong></span> <span class='ocrx_word' id='word_1_34' title='bbox 681 318 774 354; x_wconf 82' lang='lat' dir='ltr'><strong>potius</strong></span> <span class='ocrx_word' id='word_1_35' title='bbox 787 325 871 353; x_wconf 81' lang='lat' dir='ltr'><strong>quam</strong></span> <span class='ocrx_word' id='word_1_36' title='bbox 884 325 931 345; x_wconf 82' lang='lat' dir='ltr'><strong>er-</strong></span> 
     </span>
    </p>
   </div>
   <div class='ocr_carea' id='block_1_5' title="bbox 106 362 931 399">
    <p class='ocr_par' dir='ltr' id='par_1_5' title="bbox 106 362 931 399">
     <span class='ocr_line' id='line_1_5' title="bbox 106 362 931 399; baseline -0.002 -7"><span class='ocrx_word' id='word_1_37' title='bbox 106 365 176 392; x_wconf 78' lang='lat' dir='ltr'><strong>roris</strong></span> <span class='ocrx_word' id='word_1_38' title='bbox 190 365 316 398; x_wconf 79' lang='lat' dir='ltr'><strong>humani,</strong></span> <span class='ocrx_word' id='word_1_39' title='bbox 334 366 463 392; x_wconf 79' lang='lat' dir='ltr'><strong>resecuta</strong></span> <span class='ocrx_word' id='word_1_40' title='bbox 477 363 615 392; x_wconf 87' lang='lat' dir='ltr'><strong>sunt.Sed</strong></span> <span class='ocrx_word' id='word_1_41' title='bbox 632 362 776 399; x_wconf 81' lang='lat' dir='ltr'><strong>Rigaltius</strong></span> <span class='ocrx_word' id='word_1_42' title='bbox 791 362 931 390; x_wconf 78' lang='lat' dir='ltr'><strong>audacior</strong></span> 
     </span>
    </p>
   </div>
   <div class='ocr_carea' id='block_1_6' title="bbox 106 406 928 445">
    <p class='ocr_par' dir='ltr' id='par_1_6' title="bbox 106 406 928 445">
     <span class='ocr_line' id='line_1_6' title="bbox 106 406 928 445; baseline -0.002 -9"><span class='ocrx_word' id='word_1_43' title='bbox 106 417 138 436; x_wconf 88' lang='lat' dir='ltr'><strong>ea</strong></span> <span class='ocrx_word' id='word_1_44' title='bbox 153 409 252 437; x_wconf 85' lang='lat' dir='ltr'><strong>omnia</strong></span> <span class='ocrx_word' id='word_1_45' title='bbox 268 408 508 445; x_wconf 75' lang='lat' dir='ltr'><strong>amputavit,qute</strong></span> <span class='ocrx_word' id='word_1_46' title='bbox 524 407 641 436; x_wconf 88' lang='lat' dir='ltr'><strong>uncinis</strong></span> <span class='ocrx_word' id='word_1_47' title='bbox 651 406 928 443; x_wconf 85' lang='lat' dir='ltr'><strong>includijussimus.</strong></span> 
     </span>
    </p>
   </div>
   <div class='ocr_carea' id='block_1_7' title="bbox 103 451 928 489">
    <p class='ocr_par' dir='ltr' id='par_1_7' title="bbox 103 451 928 489">
     <span class='ocr_line' id='line_1_7' title="bbox 103 451 928 489; baseline -0.002 -8"><span class='ocrx_word' id='word_1_48' title='bbox 103 453 200 481; x_wconf 63' lang='lat' dir='ltr'><strong>Tantae</strong></span> <span class='ocrx_word' id='word_1_49' title='bbox 216 456 313 481; x_wconf 87' lang='lat' dir='ltr'><strong>tamen</strong></span> <span class='ocrx_word' id='word_1_50' title='bbox 330 452 544 489; x_wconf 79' lang='lat' dir='ltr'><strong>amputationis</strong></span> <span class='ocrx_word' id='word_1_51' title='bbox 560 460 595 480; x_wconf 91' lang='lat' dir='ltr'><strong>ne</strong></span> <span class='ocrx_word' id='word_1_52' title='bbox 609 460 700 479; x_wconf 91' lang='lat' dir='ltr'><strong>unum</strong></span> <span class='ocrx_word' id='word_1_53' title='bbox 718 451 837 488; x_wconf 89' lang='lat' dir='ltr'><strong>quidem</strong></span> <span class='ocrx_word' id='word_1_54' title='bbox 865 459 928 479; x_wconf 84' lang='lat' dir='ltr'><strong>ver-</strong></span> 
     </span>
    </p>
   </div>
   <div class='ocr_carea' id='block_1_8' title="bbox 105 496 928 533">
    <p class='ocr_par' dir='ltr' id='par_1_8' title="bbox 105 496 928 533">
     <span class='ocr_line' id='line_1_8' title="bbox 105 496 928 533; baseline -0.002 -8"><span class='ocrx_word' id='word_1_55' title='bbox 105 498 173 525; x_wconf 89' lang='lat' dir='ltr'><strong>bum</strong></span> <span class='ocrx_word' id='word_1_56' title='bbox 186 498 262 525; x_wconf 82' lang='lat' dir='ltr'><strong>focit.</strong></span> <span class='ocrx_word' id='word_1_57' title='bbox 276 498 426 533; x_wconf 88' lang='lat' dir='ltr'><strong>Numquid</strong></span> <span class='ocrx_word' id='word_1_58' title='bbox 443 506 511 533; x_wconf 85' lang='lat' dir='ltr'><strong>ergo</strong></span> <span class='ocrx_word' id='word_1_59' title='bbox 527 496 689 525; x_wconf 79' lang='lat' dir='ltr'><strong>arbitratus</strong></span> <span class='ocrx_word' id='word_1_60' title='bbox 710 499 754 524; x_wconf 87' lang='lat' dir='ltr'><strong>est</strong></span> <span class='ocrx_word' id='word_1_61' title='bbox 784 497 928 524; x_wconf 88' lang='lat' dir='ltr'><strong>rationem</strong></span> 
     </span>
    </p>
   </div>
   <div class='ocr_carea' id='block_1_9' title="bbox 105 539 929 578">
    <p class='ocr_par' dir='ltr' id='par_1_9' title="bbox 105 539 929 578">
     <span class='ocr_line' id='line_1_9' title="bbox 105 539 929 578; baseline -0.001 -9"><span class='ocrx_word' id='word_1_62' title='bbox 105 542 184 570; x_wconf 82' lang='lat' dir='ltr'><strong>illius</strong></span> <span class='ocrx_word' id='word_1_63' title='bbox 199 542 313 570; x_wconf 89' lang='lat' dir='ltr'><strong>cunctis</strong></span> <span class='ocrx_word' id='word_1_64' title='bbox 328 544 428 570; x_wconf 87' lang='lat' dir='ltr'><strong>notam</strong></span> <span class='ocrx_word' id='word_1_65' title='bbox 444 550 508 570; x_wconf 86' lang='lat' dir='ltr'><strong>esse</strong></span> <span class='ocrx_word' id='word_1_66' title='bbox 539 541 609 578; x_wconf 83' lang='lat' dir='ltr'><strong>quia</strong></span> <span class='ocrx_word' id='word_1_67' title='bbox 625 540 711 577; x_wconf 85' lang='lat' dir='ltr'><strong>paulo</strong></span> <span class='ocrx_word' id='word_1_68' title='bbox 728 542 792 577; x_wconf 91' lang='lat' dir='ltr'><strong>post</strong></span> <span class='ocrx_word' id='word_1_69' title='bbox 812 539 929 568; x_wconf 88' lang='lat' dir='ltr'><strong>Tertul-</strong></span> 
     </span>
    </p>
   </div>
   <div class='ocr_carea' id='block_1_10' title="bbox 104 584 929 621">
    <p class='ocr_par' dir='ltr' id='par_1_10' title="bbox 104 584 929 621">
     <span class='ocr_line' id='line_1_10' title="bbox 104 584 929 621; baseline -0.002 -7"><span class='ocrx_word' id='word_1_70' title='bbox 104 586 201 614; x_wconf 89' lang='lat' dir='ltr'><strong>lianus</strong></span> <span class='ocrx_word' id='word_1_71' title='bbox 231 587 304 614; x_wconf 80' lang='lat' dir='ltr'><strong>dixit</strong></span> <span class='ocrx_word' id='word_1_72' title='bbox 329 594 336 615; x_wconf 75' lang='grc' dir='ltr'><strong>τ</strong></span> <span class='ocrx_word' id='word_1_73' title='bbox 367 586 498 614; x_wconf 86' lang='lat' dir='ltr'><strong>«Hostes</strong></span> <span class='ocrx_word' id='word_1_74' title='bbox 524 586 659 621; x_wconf 80' lang='lat' dir='ltr'><strong>judicare</strong></span> <span class='ocrx_word' id='word_1_75' title='bbox 689 585 848 620; x_wconf 87' lang='lat' dir='ltr'><strong>maluistis,</strong></span> <span class='ocrx_word' id='word_1_76' title='bbox 878 584 929 621; x_wconf 85' lang='lat' dir='ltr'><strong>qui</strong></span> 
     </span>
    </p>
   </div>
   <div class='ocr_carea' id='block_1_11' title="bbox 105 630 928 668">
    <p class='ocr_par' dir='ltr' id='par_1_11' title="bbox 105 630 928 668">
     <span class='ocr_line' id='line_1_11' title="bbox 105 630 928 668; baseline -0.001 -10"><span class='ocrx_word' id='word_1_77' title='bbox 105 639 208 658; x_wconf 88' lang='lat' dir='ltr'><strong>sumus</strong></span> <span class='ocrx_word' id='word_1_78' title='bbox 239 631 323 667; x_wconf 88' lang='lat' dir='ltr'><strong>plane</strong></span> <span class='ocrx_word' id='word_1_79' title='bbox 348 640 405 659; x_wconf 91' lang='lat' dir='ltr'><strong>non</strong></span> <span class='ocrx_word' id='word_1_80' title='bbox 434 631 551 668; x_wconf 82' lang='lat' dir='ltr'><strong>generis</strong></span> <span class='ocrx_word' id='word_1_81' title='bbox 578 630 699 659; x_wconf 88' lang='lat' dir='ltr'><strong>humani</strong></span> <span class='ocrx_word' id='word_1_82' title='bbox 728 633 838 665; x_wconf 84' lang='lat' dir='ltr'><strong>tamen,</strong></span> <span class='ocrx_word' id='word_1_83' title='bbox 877 631 928 658; x_wconf 90' lang='lat' dir='ltr'><strong>sed</strong></span> 
     </span>
    </p>
   </div>
   <div class='ocr_carea' id='block_1_12' title="bbox 106 673 929 712">
    <p class='ocr_par' dir='ltr' id='par_1_12' title="bbox 106 673 929 712">
     <span class='ocr_line' id='line_1_12' title="bbox 106 673 929 712; baseline -0.001 -10"><span class='ocrx_word' id='word_1_84' title='bbox 106 675 202 711; x_wconf 86' lang='lat' dir='ltr'><strong>potius</strong></span> <span class='ocrx_word' id='word_1_85' title='bbox 218 676 325 704; x_wconf 85' lang='lat' dir='ltr'><strong>erroris</strong></span> <span class='ocrx_word' id='word_1_86' title='bbox 340 686 354 701; x_wconf 84' lang='lat'>»</span> <span class='ocrx_word' id='word_1_87' title='bbox 372 676 534 712; x_wconf 77' lang='lat' dir='ltr'><strong>(lbid.).Sed</strong></span> <span class='ocrx_word' id='word_1_88' title='bbox 552 674 697 711; x_wconf 88' lang='lat' dir='ltr'><strong>numquid</strong></span> <span class='ocrx_word' id='word_1_89' title='bbox 723 673 835 702; x_wconf 89' lang='lat' dir='ltr'><strong>auctori</strong></span> <span class='ocrx_word' id='word_1_90' title='bbox 851 682 929 701; x_wconf 93' lang='lat' dir='ltr'><strong>nun-</strong></span> 
     </span>
    </p>
   </div>
   <div class='ocr_carea' id='block_1_13' title="bbox 102 719 928 755">
    <p class='ocr_par' dir='ltr' id='par_1_13' title="bbox 102 719 928 755">
     <span class='ocr_line' id='line_1_13' title="bbox 102 719 928 755; baseline -0.001 -8"><span class='ocrx_word' id='word_1_91' title='bbox 102 728 189 755; x_wconf 85' lang='lat' dir='ltr'><strong>quam</strong></span> <span class='ocrx_word' id='word_1_92' title='bbox 205 720 288 748; x_wconf 86' lang='lat' dir='ltr'><strong>licuit</strong></span> <span class='ocrx_word' id='word_1_93' title='bbox 302 720 408 748; x_wconf 88' lang='lat' dir='ltr'><strong>iisdem</strong></span> <span class='ocrx_word' id='word_1_94' title='bbox 423 720 519 748; x_wconf 82' lang='lat' dir='ltr'><strong>veibis</strong></span> <span class='ocrx_word' id='word_1_95' title='bbox 535 720 670 748; x_wconf 84' lang='lat' dir='ltr'><strong>eamdem</strong></span> <span class='ocrx_word' id='word_1_96' title='bbox 685 728 719 748; x_wconf 81' lang='lat' dir='ltr'><strong>ex</strong></span> <span class='ocrx_word' id='word_1_97' title='bbox 735 719 851 747; x_wconf 85' lang='lat' dir='ltr'><strong>duobus</strong></span> <span class='ocrx_word' id='word_1_98' title='bbox 882 727 928 746; x_wconf 86' lang='lat' dir='ltr'><strong>ar-</strong></span> 
     </span>
    </p>
   </div>
   <div class='ocr_carea' id='block_1_14' title="bbox 103 762 930 800">
    <p class='ocr_par' dir='ltr' id='par_1_14' title="bbox 103 762 930 800">
     <span class='ocr_line' id='line_1_14' title="bbox 103 762 930 800; baseline -0.001 -9"><span class='ocrx_word' id='word_1_99' title='bbox 103 764 251 800; x_wconf 91' lang='lat' dir='ltr'><strong>gumentis</strong></span> <span class='ocrx_word' id='word_1_100' title='bbox 266 765 421 793; x_wconf 86' lang='lat' dir='ltr'><strong>deductam</strong></span> <span class='ocrx_word' id='word_1_101' title='bbox 437 765 544 793; x_wconf 87' lang='lat' dir='ltr'><strong>inferre</strong></span> <span class='ocrx_word' id='word_1_102' title='bbox 559 765 777 793; x_wconf 84' lang='lat' dir='ltr'><strong>conclusionem</strong></span> <span class='ocrx_word' id='word_1_103' title='bbox 787 764 802 792; x_wconf 85' lang='lat'><strong>?</strong></span> <span class='ocrx_word' id='word_1_104' title='bbox 816 762 930 792; x_wconf 89' lang='lat' dir='ltr'><strong>Tertul-</strong></span> 
     </span>
    </p>
   </div>
   <div class='ocr_carea' id='block_1_15' title="bbox 103 808 927 846">
    <p class='ocr_par' dir='ltr' id='par_1_15' title="bbox 103 808 927 846">
     <span class='ocr_line' id='line_1_15' title="bbox 103 808 927 846; baseline -0.001 -10"><span class='ocrx_word' id='word_1_105' title='bbox 103 809 200 837; x_wconf 86' lang='lat' dir='ltr'><strong>lianus</strong></span> <span class='ocrx_word' id='word_1_106' title='bbox 215 812 313 838; x_wconf 84' lang='lat' dir='ltr'><strong>autem</strong></span> <span class='ocrx_word' id='word_1_107' title='bbox 328 809 477 838; x_wconf 76' lang='lat' dir='ltr'><strong>concludit</strong></span> <span class='ocrx_word' id='word_1_108' title='bbox 492 809 616 846; x_wconf 78' lang='lat' dir='ltr'><strong>gentiles</strong></span> <span class='ocrx_word' id='word_1_109' title='bbox 630 809 771 837; x_wconf 82' lang='lat' dir='ltr'><strong>maluisse</strong></span> <span class='ocrx_word' id='word_1_110' title='bbox 786 808 927 836; x_wconf 88' lang='lat' dir='ltr'><strong>Christia-</strong></span> 
     </span>
    </p>
   </div>
   <div class='ocr_carea' id='block_1_16' title="bbox 104 851 928 890">
    <p class='ocr_par' dir='ltr' id='par_1_16' title="bbox 104 851 928 890">
     <span class='ocr_line' id='line_1_16' title="bbox 104 851 928 890; baseline -0.002 -9"><span class='ocrx_word' id='word_1_111' title='bbox 104 862 157 881; x_wconf 86' lang='lat' dir='ltr'><strong>nos</strong></span> <span class='ocrx_word' id='word_1_112' title='bbox 169 854 297 889; x_wconf 86' lang='lat' dir='ltr'><strong>judicari</strong></span> <span class='ocrx_word' id='word_1_113' title='bbox 306 863 361 882; x_wconf 91' lang='lat' dir='ltr'><strong>non</strong></span> <span class='ocrx_word' id='word_1_114' title='bbox 370 855 489 890; x_wconf 87' lang='lat' dir='ltr'><strong>quidem</strong></span> <span class='ocrx_word' id='word_1_115' title='bbox 499 854 670 888; x_wconf 86' lang='lat' dir='ltr'><strong>erroris,sed</strong></span> <span class='ocrx_word' id='word_1_116' title='bbox 679 853 800 882; x_wconf 85' lang='lat' dir='ltr'><strong>humani</strong></span> <span class='ocrx_word' id='word_1_117' title='bbox 812 851 928 889; x_wconf 80' lang='lat' dir='ltr'><strong>generis</strong></span> 
     </span>
    </p>
   </div>
   <div class='ocr_carea' id='block_1_17' title="bbox 104 897 928 934">
    <p class='ocr_par' dir='ltr' id='par_1_17' title="bbox 104 897 928 934">
     <span class='ocr_line' id='line_1_17' title="bbox 104 897 928 934; baseline -0.002 -8"><span class='ocrx_word' id='word_1_118' title='bbox 104 898 214 932; x_wconf 81' lang='lat' dir='ltr'><strong>hostes,</strong></span> <span class='ocrx_word' id='word_1_119' title='bbox 230 899 300 934; x_wconf 86' lang='lat' dir='ltr'><strong>quia</strong></span> <span class='ocrx_word' id='word_1_120' title='bbox 312 907 368 927; x_wconf 93' lang='lat' dir='ltr'><strong>non</strong></span> <span class='ocrx_word' id='word_1_121' title='bbox 384 899 457 927; x_wconf 88' lang='lat' dir='ltr'><strong>satis</strong></span> <span class='ocrx_word' id='word_1_122' title='bbox 471 899 738 927; x_wconf 81' lang='lat' dir='ltr'><strong>animadverterent</strong></span> <span class='ocrx_word' id='word_1_123' title='bbox 752 897 818 925; x_wconf 87' lang='lat' dir='ltr'><strong>illos</strong></span> <span class='ocrx_word' id='word_1_124' title='bbox 833 897 928 934; x_wconf 89' lang='lat' dir='ltr'><strong>primo</strong></span> 
     </span>
    </p>
   </div>
   <div class='ocr_carea' id='block_1_18' title="bbox 104 943 931 978">
    <p class='ocr_par' dir='ltr' id='par_1_18' title="bbox 104 943 931 978">
     <span class='ocr_line' id='line_1_18' title="bbox 104 943 931 978; baseline -0.001 -8"><span class='ocrx_word' id='word_1_125' title='bbox 104 943 221 978; x_wconf 85' lang='lat' dir='ltr'><strong>quidem</strong></span> <span class='ocrx_word' id='word_1_126' title='bbox 239 943 274 971; x_wconf 79' lang='lat' dir='ltr'><strong>ab</strong></span> <span class='ocrx_word' id='word_1_127' title='bbox 290 943 332 971; x_wconf 88' lang='lat' dir='ltr'><strong>eis</strong></span> <span class='ocrx_word' id='word_1_128' title='bbox 342 944 514 977; x_wconf 76' lang='lat' dir='ltr'><strong>seceuiendo,</strong></span> <span class='ocrx_word' id='word_1_129' title='bbox 544 943 673 971; x_wconf 84' lang='lat' dir='ltr'><strong>secundo</strong></span> <span class='ocrx_word' id='word_1_130' title='bbox 696 945 805 976; x_wconf 86' lang='lat' dir='ltr'><strong>autem,</strong></span> <span class='ocrx_word' id='word_1_131' title='bbox 821 943 931 970; x_wconf 58' lang='lat' dir='ltr'><strong>demo:</strong></span> 
     </span>
    </p>
   </div>
   <div class='ocr_carea' id='block_1_19' title="bbox 104 986 925 1024">
    <p class='ocr_par' dir='ltr' id='par_1_19' title="bbox 104 986 925 1024">
     <span class='ocr_line' id='line_1_19' title="bbox 104 986 925 1024; baseline 0 -9"><span class='ocrx_word' id='word_1_132' title='bbox 104 996 165 1022; x_wconf 83' lang='lat' dir='ltr'><strong>nos,</strong></span> <span class='ocrx_word' id='word_1_133' title='bbox 180 990 212 1015; x_wconf 90' lang='lat' dir='ltr'><strong>ut</strong></span> <span class='ocrx_word' id='word_1_134' title='bbox 226 996 292 1015; x_wconf 87' lang='lat' dir='ltr'><strong>mox</strong></span> <span class='ocrx_word' id='word_1_135' title='bbox 304 988 428 1023; x_wconf 80' lang='lat' dir='ltr'><strong>dicetur,</strong></span> <span class='ocrx_word' id='word_1_136' title='bbox 458 997 515 1016; x_wconf 90' lang='lat' dir='ltr'><strong>non</strong></span> <span class='ocrx_word' id='word_1_137' title='bbox 545 988 698 1024; x_wconf 82' lang='lat' dir='ltr'><strong>ejiciendo,</strong></span> <span class='ocrx_word' id='word_1_138' title='bbox 724 987 823 1024; x_wconf 80' lang='lat' dir='ltr'><strong>plures</strong></span> <span class='ocrx_word' id='word_1_139' title='bbox 851 986 925 1023; x_wconf 85' lang='lat' dir='ltr'><strong>ipsis</strong></span> 
     </span>
    </p>
   </div>
   <div class='ocr_carea' id='block_1_20' title="bbox 104 1031 924 1068">
    <p class='ocr_par' dir='ltr' id='par_1_20' title="bbox 104 1031 924 1068">
     <span class='ocr_line' id='line_1_20' title="bbox 104 1031 924 1068; baseline 0 -10"><span class='ocrx_word' id='word_1_140' title='bbox 104 1031 201 1059; x_wconf 81' lang='lat' dir='ltr'><strong>hostes</strong></span> <span class='ocrx_word' id='word_1_141' title='bbox 217 1041 305 1068; x_wconf 88' lang='lat' dir='ltr'><strong>quam</strong></span> <span class='ocrx_word' id='word_1_142' title='bbox 319 1032 396 1061; x_wconf 83' lang='lat' dir='ltr'><strong>cives</strong></span> <span class='ocrx_word' id='word_1_143' title='bbox 413 1033 536 1061; x_wconf 84' lang='lat' dir='ltr'><strong>futuros.</strong></span> <span class='ocrx_word' id='word_1_144' title='bbox 554 1033 595 1061; x_wconf 88' lang='lat' dir='ltr'><strong>De</strong></span> <span class='ocrx_word' id='word_1_145' title='bbox 609 1032 756 1060; x_wconf 89' lang='lat' dir='ltr'><strong>industria</strong></span> <span class='ocrx_word' id='word_1_146' title='bbox 766 1040 833 1059; x_wconf 86' lang='lat' dir='ltr'><strong>vero</strong></span> <span class='ocrx_word' id='word_1_147' title='bbox 849 1032 924 1059; x_wconf 83' lang='lat' dir='ltr'><strong>cives</strong></span> 
     </span>
    </p>
   </div>
   <div class='ocr_carea' id='block_1_21' title="bbox 102 1076 924 1113">
    <p class='ocr_par' dir='ltr' id='par_1_21' title="bbox 102 1076 924 1113">
     <span class='ocr_line' id='line_1_21' title="bbox 102 1076 924 1113; baseline 0 -10"><span class='ocrx_word' id='word_1_148' title='bbox 102 1076 184 1111; x_wconf 83' lang='lat' dir='ltr'><strong>dixit,</strong></span> <span class='ocrx_word' id='word_1_149' title='bbox 199 1077 267 1112; x_wconf 88' lang='lat' dir='ltr'><strong>quia</strong></span> <span class='ocrx_word' id='word_1_150' title='bbox 282 1085 469 1106; x_wconf 84' lang='lat' dir='ltr'><strong>communem</strong></span> <span class='ocrx_word' id='word_1_151' title='bbox 483 1086 550 1105; x_wconf 90' lang='lat' dir='ltr'><strong>cum</strong></span> <span class='ocrx_word' id='word_1_152' title='bbox 565 1077 635 1113; x_wconf 86' lang='lat' dir='ltr'><strong>illis,</strong></span> <span class='ocrx_word' id='word_1_153' title='bbox 647 1079 681 1105; x_wconf 91' lang='lat' dir='ltr'><strong>ut</strong></span> <span class='ocrx_word' id='word_1_154' title='bbox 694 1076 924 1109; x_wconf 84' lang='lat' dir='ltr'><strong>vidimus,vitam</strong></span> 
     </span>
    </p>
   </div>
   <div class='ocr_carea' id='block_1_22' title="bbox 102 1121 543 1157">
    <p class='ocr_par' dir='ltr' id='par_1_22' title="bbox 102 1121 543 1157">
     <span class='ocr_line' id='line_1_22' title="bbox 102 1121 543 1157; baseline 0.005 -9"><span class='ocrx_word' id='word_1_155' title='bbox 102 1121 225 1157; x_wconf 88' lang='lat' dir='ltr'><strong>agendo,</strong></span> <span class='ocrx_word' id='word_1_156' title='bbox 244 1129 341 1150; x_wconf 66' lang='lat' dir='ltr'><strong>eorum</strong></span> <span class='ocrx_word' id='word_1_157' title='bbox 358 1122 434 1150; x_wconf 86' lang='lat' dir='ltr'><strong>cives</strong></span> <span class='ocrx_word' id='word_1_158' title='bbox 449 1125 543 1150; x_wconf 84' lang='lat' dir='ltr'><strong>erant.</strong></span> 
     </span>
    </p>
   </div>
   <div class='ocr_carea' id='block_1_23' title="bbox 136 1173 924 1211">
    <p class='ocr_par' dir='ltr' id='par_1_23' title="bbox 136 1173 924 1211">
     <span class='ocr_line' id='line_1_23' title="bbox 136 1173 924 1211; baseline -0.001 -9"><span class='ocrx_word' id='word_1_159' title='bbox 136 1177 173 1202; x_wconf 83' lang='lat' dir='ltr'><strong>At</strong></span> <span class='ocrx_word' id='word_1_160' title='bbox 189 1175 273 1203; x_wconf 89' lang='lat' dir='ltr'><strong>nobis</strong></span> <span class='ocrx_word' id='word_1_161' title='bbox 303 1175 410 1211; x_wconf 84' lang='lat' dir='ltr'><strong>aliquis</strong></span> <span class='ocrx_word' id='word_1_162' title='bbox 439 1175 561 1203; x_wconf 80' lang='lat' dir='ltr'><strong>forsitan</strong></span> <span class='ocrx_word' id='word_1_163' title='bbox 591 1175 712 1210; x_wconf 81' lang='lat' dir='ltr'><strong>objiciet</strong></span> <span class='ocrx_word' id='word_1_164' title='bbox 741 1176 831 1202; x_wconf 85' lang='lat' dir='ltr'><strong>totam</strong></span> <span class='ocrx_word' id='word_1_165' title='bbox 848 1173 924 1201; x_wconf 90' lang='lat' dir='ltr'><strong>hanc</strong></span> 
     </span>
    </p>
   </div>
   <div class='ocr_carea' id='block_1_24' title="bbox 101 1217 923 1256">
    <p class='ocr_par' dir='ltr' id='par_1_24' title="bbox 101 1217 923 1256">
     <span class='ocr_line' id='line_1_24' title="bbox 101 1217 923 1256; baseline 0 -11"><span class='ocrx_word' id='word_1_166' title='bbox 101 1218 273 1247; x_wconf 81' lang='lat' dir='ltr'><strong>Tertulliani</strong></span> <span class='ocrx_word' id='word_1_167' title='bbox 289 1220 572 1256; x_wconf 80' lang='lat' dir='ltr'><strong>argumentationem</strong></span> <span class='ocrx_word' id='word_1_168' title='bbox 586 1219 637 1247; x_wconf 88' lang='lat' dir='ltr'><strong>niti</strong></span> <span class='ocrx_word' id='word_1_169' title='bbox 654 1218 830 1246; x_wconf 81' lang='lat' dir='ltr'><strong>intolerabili</strong></span> <span class='ocrx_word' id='word_1_170' title='bbox 848 1217 923 1245; x_wconf 87' lang='lat' dir='ltr'><strong>mul—</strong></span> 
     </span>
    </p>
   </div>
   <div class='ocr_carea' id='block_1_25' title="bbox 100 1262 924 1300">
    <p class='ocr_par' dir='ltr' id='par_1_25' title="bbox 100 1262 924 1300">
     <span class='ocr_line' id='line_1_25' title="bbox 100 1262 924 1300; baseline 0.002 -12"><span class='ocrx_word' id='word_1_171' title='bbox 100 1262 236 1291; x_wconf 84' lang='lat' dir='ltr'><strong>titudinis</strong></span> <span class='ocrx_word' id='word_1_172' title='bbox 251 1263 484 1291; x_wconf 87' lang='lat' dir='ltr'><strong>Christianorum</strong></span> <span class='ocrx_word' id='word_1_173' title='bbox 501 1263 732 1300; x_wconf 75' lang='lat' dir='ltr'><strong>exaggeratione.</strong></span> <span class='ocrx_word' id='word_1_174' title='bbox 743 1263 798 1291; x_wconf 85' lang='lat' dir='ltr'><strong>Sed</strong></span> <span class='ocrx_word' id='word_1_175' title='bbox 819 1263 853 1291; x_wconf 90' lang='lat' dir='ltr'><strong>ab</strong></span> <span class='ocrx_word' id='word_1_176' title='bbox 870 1262 924 1291; x_wconf 89' lang='lat' dir='ltr'><strong>hoc</strong></span> 
     </span>
    </p>
   </div>
   <div class='ocr_carea' id='block_1_26' title="bbox 102 1307 924 1344">
    <p class='ocr_par' dir='ltr' id='par_1_26' title="bbox 102 1307 924 1344">
     <span class='ocr_line' id='line_1_26' title="bbox 102 1307 924 1344; baseline 0 -10"><span class='ocrx_word' id='word_1_177' title='bbox 102 1307 241 1341; x_wconf 86' lang='lat' dir='ltr'><strong>petimus,</strong></span> <span class='ocrx_word' id='word_1_178' title='bbox 259 1308 329 1344; x_wconf 90' lang='lat' dir='ltr'><strong>quid</strong></span> <span class='ocrx_word' id='word_1_179' title='bbox 345 1308 524 1336; x_wconf 88' lang='lat' dir='ltr'><strong>Tertulliano</strong></span> <span class='ocrx_word' id='word_1_180' title='bbox 535 1309 673 1344; x_wconf 79' lang='lat' dir='ltr'><strong>prodesse</strong></span> <span class='ocrx_word' id='word_1_181' title='bbox 689 1310 802 1344; x_wconf 81' lang='lat' dir='ltr'><strong>poterat</strong></span> <span class='ocrx_word' id='word_1_182' title='bbox 821 1307 924 1335; x_wconf 88' lang='lat' dir='ltr'><strong>intem-</strong></span> 
     </span>
    </p>
   </div>
   <div class='ocr_carea' id='block_1_27' title="bbox 104 1352 924 1389">
    <p class='ocr_par' dir='ltr' id='par_1_27' title="bbox 104 1352 924 1389">
     <span class='ocr_line' id='line_1_27' title="bbox 104 1352 924 1389; baseline 0.001 -11"><span class='ocrx_word' id='word_1_183' title='bbox 104 1352 215 1386; x_wconf 82' lang='lat' dir='ltr'><strong>pestiva</strong></span> <span class='ocrx_word' id='word_1_184' title='bbox 231 1352 412 1389; x_wconf 82' lang='lat' dir='ltr'><strong>hyperbole?</strong></span> <span class='ocrx_word' id='word_1_185' title='bbox 427 1353 565 1381; x_wconf 89' lang='lat' dir='ltr'><strong>Ethnicos</strong></span> <span class='ocrx_word' id='word_1_186' title='bbox 581 1353 727 1389; x_wconf 81' lang='lat' dir='ltr'><strong>siquidem</strong></span> <span class='ocrx_word' id='word_1_187' title='bbox 743 1352 783 1380; x_wconf 90' lang='lat' dir='ltr'><strong>ibi</strong></span> <span class='ocrx_word' id='word_1_188' title='bbox 799 1352 924 1388; x_wconf 86' lang='lat' dir='ltr'><strong>compel-</strong></span> 
     </span>
    </p>
   </div>
   <div class='ocr_carea' id='block_1_28' title="bbox 103 1396 922 1433">
    <p class='ocr_par' dir='ltr' id='par_1_28' title="bbox 103 1396 922 1433">
     <span class='ocr_line' id='line_1_28' title="bbox 103 1396 922 1433; baseline 0.004 -11"><span class='ocrx_word' id='word_1_189' title='bbox 103 1396 152 1430; x_wconf 83' lang='lat' dir='ltr'><strong>lat,</strong></span> <span class='ocrx_word' id='word_1_190' title='bbox 171 1397 278 1432; x_wconf 90' lang='lat' dir='ltr'><strong>quibus</strong></span> <span class='ocrx_word' id='word_1_191' title='bbox 294 1398 411 1433; x_wconf 87' lang='lat' dir='ltr'><strong>ignotus</strong></span> <span class='ocrx_word' id='word_1_192' title='bbox 427 1406 484 1426; x_wconf 90' lang='lat' dir='ltr'><strong>non</strong></span> <span class='ocrx_word' id='word_1_193' title='bbox 500 1400 562 1426; x_wconf 88' lang='lat' dir='ltr'><strong>erat</strong></span> <span class='ocrx_word' id='word_1_194' title='bbox 586 1406 727 1426; x_wconf 86' lang='lat' dir='ltr'><strong>numerus</strong></span> <span class='ocrx_word' id='word_1_195' title='bbox 744 1397 922 1425; x_wconf 88' lang='lat' dir='ltr'><strong>Christiano-</strong></span> 
     </span>
    </p>
   </div>
   <div class='ocr_carea' id='block_1_29' title="bbox 101 1442 922 1478">
    <p class='ocr_par' dir='ltr' id='par_1_29' title="bbox 101 1442 922 1478">
     <span class='ocr_line' id='line_1_29' title="bbox 101 1442 922 1478; baseline 0.001 -10"><span class='ocrx_word' id='word_1_196' title='bbox 101 1449 177 1475; x_wconf 90' lang='lat' dir='ltr'><strong>rum,</strong></span> <span class='ocrx_word' id='word_1_197' title='bbox 191 1445 218 1469; x_wconf 88' lang='lat' dir='ltr'><strong>et</strong></span> <span class='ocrx_word' id='word_1_198' title='bbox 234 1442 283 1478; x_wconf 89' lang='lat' dir='ltr'><strong>qui</strong></span> <span class='ocrx_word' id='word_1_199' title='bbox 297 1442 339 1469; x_wconf 90' lang='lat' dir='ltr'><strong>illi</strong></span> <span class='ocrx_word' id='word_1_200' title='bbox 355 1443 412 1470; x_wconf 90' lang='lat' dir='ltr'><strong>cito</strong></span> <span class='ocrx_word' id='word_1_201' title='bbox 427 1443 514 1471; x_wconf 82' lang='lat' dir='ltr'><strong>citius</strong></span> <span class='ocrx_word' id='word_1_202' title='bbox 530 1443 675 1471; x_wconf 80' lang='lat' dir='ltr'><strong>mendacii</strong></span> <span class='ocrx_word' id='word_1_203' title='bbox 690 1443 819 1470; x_wconf 88' lang='lat' dir='ltr'><strong>convicto</strong></span> <span class='ocrx_word' id='word_1_204' title='bbox 836 1442 922 1469; x_wconf 78' lang='lat' dir='ltr'><strong>fidem</strong></span> 
     </span>
    </p>
   </div>
   <div class='ocr_carea' id='block_1_30' title="bbox 100 1485 923 1523">
    <p class='ocr_par' dir='ltr' id='par_1_30' title="bbox 100 1485 923 1523">
     <span class='ocr_line' id='line_1_30' title="bbox 100 1485 923 1523; baseline 0.002 -11"><span class='ocrx_word' id='word_1_205' title='bbox 100 1485 166 1513; x_wconf 86' lang='lat' dir='ltr'><strong>aliis</strong></span> <span class='ocrx_word' id='word_1_206' title='bbox 179 1486 206 1514; x_wconf 92' lang='lat' dir='ltr'><strong>in</strong></span> <span class='ocrx_word' id='word_1_207' title='bbox 219 1487 356 1515; x_wconf 89' lang='lat' dir='ltr'><strong>omnibus</strong></span> <span class='ocrx_word' id='word_1_208' title='bbox 372 1487 689 1523; x_wconf 85' lang='lat' dir='ltr'><strong>derogassent.Deinde</strong></span> <span class='ocrx_word' id='word_1_209' title='bbox 705 1496 770 1515; x_wconf 92' lang='lat' dir='ltr'><strong>vero</strong></span> <span class='ocrx_word' id='word_1_210' title='bbox 787 1487 923 1523; x_wconf 87' lang='lat' dir='ltr'><strong>superius</strong></span> 
     </span>
    </p>
   </div>
   <div class='ocr_carea' id='block_1_31' title="bbox 101 1531 924 1568">
    <p class='ocr_par' dir='ltr' id='par_1_31' title="bbox 101 1531 924 1568">
     <span class='ocr_line' id='line_1_31' title="bbox 101 1531 924 1568; baseline 0.001 -10"><span class='ocrx_word' id='word_1_211' title='bbox 101 1531 284 1559; x_wconf 86' lang='lat' dir='ltr'><strong>ostendimus</strong></span> <span class='ocrx_word' id='word_1_212' title='bbox 298 1532 412 1568; x_wconf 87' lang='lat' dir='ltr'><strong>[Super.</strong></span> <span class='ocrx_word' id='word_1_213' title='bbox 431 1541 493 1568; x_wconf 83' lang='lat' dir='ltr'><strong>cap.</strong></span> <span class='ocrx_word' id='word_1_214' title='bbox 512 1533 554 1567; x_wconf 85' lang='grc'><strong>12,</strong></span> <span class='ocrx_word' id='word_1_215' title='bbox 572 1534 625 1560; x_wconf 87' lang='lat' dir='ltr'><strong>art.</strong></span> <span class='ocrx_word' id='word_1_216' title='bbox 644 1532 669 1568; x_wconf 84' lang='grc'><strong>1)</strong></span> <span class='ocrx_word' id='word_1_217' title='bbox 686 1540 769 1567; x_wconf 88' lang='lat' dir='ltr'><strong>quam</strong></span> <span class='ocrx_word' id='word_1_218' title='bbox 784 1531 844 1559; x_wconf 73' lang='lat' dir='ltr'><strong>hinc</strong></span> <span class='ocrx_word' id='word_1_219' title='bbox 857 1540 924 1559; x_wconf 88' lang='lat' dir='ltr'><strong>vera</strong></span> 
     </span>
    </p>
   </div>
   <div class='ocr_carea' id='block_1_32' title="bbox 99 1575 922 1612">
    <p class='ocr_par' dir='ltr' id='par_1_32' title="bbox 99 1575 922 1612">
     <span class='ocr_line' id='line_1_32' title="bbox 99 1575 922 1612; baseline 0.002 -11"><span class='ocrx_word' id='word_1_220' title='bbox 99 1575 170 1610; x_wconf 86' lang='lat' dir='ltr'><strong>sint,</strong></span> <span class='ocrx_word' id='word_1_221' title='bbox 188 1584 250 1611; x_wconf 69' lang='lat' dir='ltr'><strong>quea</strong></span> <span class='ocrx_word' id='word_1_222' title='bbox 267 1575 315 1603; x_wconf 88' lang='lat' dir='ltr'><strong>ille</strong></span> <span class='ocrx_word' id='word_1_223' title='bbox 337 1577 372 1604; x_wconf 91' lang='lat' dir='ltr'><strong>de</strong></span> <span class='ocrx_word' id='word_1_224' title='bbox 402 1576 512 1612; x_wconf 86' lang='lat' dir='ltr'><strong>ingenti</strong></span> <span class='ocrx_word' id='word_1_225' title='bbox 537 1576 770 1604; x_wconf 87' lang='lat' dir='ltr'><strong>Christianorum</strong></span> <span class='ocrx_word' id='word_1_226' title='bbox 801 1584 922 1603; x_wconf 87' lang='lat' dir='ltr'><strong>numero</strong></span> 
     </span>
    </p>
   </div>
   <div class='ocr_carea' id='block_1_33' title="bbox 99 1620 654 1649">
    <p class='ocr_par' dir='ltr' id='par_1_33' title="bbox 99 1620 654 1649">
     <span class='ocr_line' id='line_1_33' title="bbox 99 1620 654 1649; baseline 0.004 -3"><span class='ocrx_word' id='word_1_227' title='bbox 99 1622 158 1647; x_wconf 87' lang='lat' dir='ltr'><strong>tum</strong></span> <span class='ocrx_word' id='word_1_228' title='bbox 172 1620 279 1648; x_wconf 86' lang='lat' dir='ltr'><strong>diserte</strong></span> <span class='ocrx_word' id='word_1_229' title='bbox 295 1623 324 1648; x_wconf 91' lang='lat' dir='ltr'><strong>et</strong></span> <span class='ocrx_word' id='word_1_230' title='bbox 339 1621 378 1648; x_wconf 87' lang='lat' dir='ltr'><strong>ibi</strong></span> <span class='ocrx_word' id='word_1_231' title='bbox 394 1624 423 1649; x_wconf 91' lang='lat' dir='ltr'><strong>et</strong></span> <span class='ocrx_word' id='word_1_232' title='bbox 437 1621 507 1649; x_wconf 85' lang='lat' dir='ltr'><strong>alibi</strong></span> <span class='ocrx_word' id='word_1_233' title='bbox 524 1621 654 1649; x_wconf 83' lang='lat' dir='ltr'><strong>tradidit.</strong></span> 
     </span>
    </p>
   </div>
   <div class='ocr_carea' id='block_1_34' title="bbox 138 1673 921 1710">
    <p class='ocr_par' dir='ltr' id='par_1_34' title="bbox 138 1673 921 1710">
     <span class='ocr_line' id='line_1_34' title="bbox 138 1673 921 1710; baseline 0.003 -10"><span class='ocrx_word' id='word_1_234' title='bbox 138 1673 200 1701; x_wconf 79' lang='lat' dir='ltr'><strong>Alia</strong></span> <span class='ocrx_word' id='word_1_235' title='bbox 228 1675 346 1702; x_wconf 91' lang='lat' dir='ltr'><strong>demum</strong></span> <span class='ocrx_word' id='word_1_236' title='bbox 375 1676 486 1703; x_wconf 89' lang='lat' dir='ltr'><strong>ratione</strong></span> <span class='ocrx_word' id='word_1_237' title='bbox 510 1675 692 1703; x_wconf 84' lang='lat' dir='ltr'><strong>demonstrat</strong></span> <span class='ocrx_word' id='word_1_238' title='bbox 724 1683 810 1710; x_wconf 89' lang='lat' dir='ltr'><strong>quam</strong></span> <span class='ocrx_word' id='word_1_239' title='bbox 839 1674 921 1702; x_wconf 80' lang='lat' dir='ltr'><strong>facile</strong></span> 
     </span>
    </p>
   </div>
   <div class='ocr_carea' id='block_1_35' title="bbox 99 1719 921 1756">
    <p class='ocr_par' dir='ltr' id='par_1_35' title="bbox 99 1719 921 1756">
     <span class='ocr_line' id='line_1_35' title="bbox 99 1719 921 1756; baseline 0.002 -11"><span class='ocrx_word' id='word_1_240' title='bbox 99 1719 256 1746; x_wconf 90' lang='lat' dir='ltr'><strong>Christiani</strong></span> <span class='ocrx_word' id='word_1_241' title='bbox 274 1719 373 1747; x_wconf 82' lang='lat' dir='ltr'><strong>ulcisci</strong></span> <span class='ocrx_word' id='word_1_242' title='bbox 389 1728 419 1748; x_wconf 88' lang='lat' dir='ltr'><strong>se</strong></span> <span class='ocrx_word' id='word_1_243' title='bbox 431 1722 575 1756; x_wconf 83' lang='lat' dir='ltr'><strong>poterant.</strong></span> <span class='ocrx_word' id='word_1_244' title='bbox 594 1722 684 1748; x_wconf 87' lang='lat' dir='ltr'><strong>Penes</strong></span> <span class='ocrx_word' id='word_1_245' title='bbox 702 1720 791 1755; x_wconf 88' lang='lat' dir='ltr'><strong>ipsos,</strong></span> <span class='ocrx_word' id='word_1_246' title='bbox 817 1719 921 1754; x_wconf 82' lang='lat' dir='ltr'><strong>inquit,</strong></span> 
     </span>
    </p>
   </div>
   <div class='ocr_carea' id='block_1_36' title="bbox 98 1764 922 1801">
    <p class='ocr_par' dir='ltr' id='par_1_36' title="bbox 98 1764 922 1801">
     <span class='ocr_line' id='line_1_36' title="bbox 98 1764 922 1801; baseline 0.002 -10"><span class='ocrx_word' id='word_1_247' title='bbox 98 1764 177 1792; x_wconf 89' lang='lat' dir='ltr'><strong>solos</strong></span> <span class='ocrx_word' id='word_1_248' title='bbox 193 1768 255 1792; x_wconf 89' lang='lat' dir='ltr'><strong>erat</strong></span> <span class='ocrx_word' id='word_1_249' title='bbox 284 1768 412 1801; x_wconf 84' lang='lat' dir='ltr'><strong>potestas</strong></span> <span class='ocrx_word' id='word_1_250' title='bbox 433 1766 579 1793; x_wconf 62' lang='lat' dir='ltr'><strong>daemones</strong></span> <span class='ocrx_word' id='word_1_251' title='bbox 606 1774 640 1793; x_wconf 81' lang='lat' dir='ltr'><strong>ex</strong></span> <span class='ocrx_word' id='word_1_252' title='bbox 664 1765 804 1799; x_wconf 84' lang='lat' dir='ltr'><strong>obsessis,</strong></span> <span class='ocrx_word' id='word_1_253' title='bbox 845 1765 922 1793; x_wconf 88' lang='lat' dir='ltr'><strong>sicut</strong></span> 
     </span>
    </p>
   </div>
   <div class='ocr_carea' id='block_1_37' title="bbox 98 1810 919 1846">
    <p class='ocr_par' dir='ltr' id='par_1_37' title="bbox 98 1810 919 1846">
     <span class='ocr_line' id='line_1_37' title="bbox 98 1810 919 1846; baseline 0.001 -10"><span class='ocrx_word' id='word_1_254' title='bbox 98 1812 185 1837; x_wconf 69' lang='lat' dir='ltr'><strong>antea</strong></span> <span class='ocrx_word' id='word_1_255' title='bbox 199 1810 328 1837; x_wconf 81' lang='lat' dir='ltr'><strong>vidimus</strong></span> <span class='ocrx_word' id='word_1_256' title='bbox 345 1811 443 1846; x_wconf 89' lang='lat' dir='ltr'><strong>(Supr.</strong></span> <span class='ocrx_word' id='word_1_257' title='bbox 469 1819 533 1846; x_wconf 84' lang='lat' dir='ltr'><strong>cap.</strong></span> <span class='ocrx_word' id='word_1_258' title='bbox 549 1811 576 1843; x_wconf 86' lang='lat'><strong>8,</strong></span> <span class='ocrx_word' id='word_1_259' title='bbox 595 1814 648 1838; x_wconf 83' lang='lat' dir='ltr'><strong>art.</strong></span> <span class='ocrx_word' id='word_1_260' title='bbox 666 1811 705 1845; x_wconf 83' lang='grc'><strong>6),</strong></span> <span class='ocrx_word' id='word_1_261' title='bbox 735 1810 919 1838; x_wconf 83' lang='lat' dir='ltr'><strong>ethnicorum</strong></span> 
     </span>
    </p>
   </div>
   <div class='ocr_carea' id='block_1_38' title="bbox 97 1854 921 1891">
    <p class='ocr_par' dir='ltr' id='par_1_38' title="bbox 97 1854 921 1891">
     <span class='ocr_line' id='line_1_38' title="bbox 97 1854 921 1891; baseline 0 -10"><span class='ocrx_word' id='word_1_262' title='bbox 97 1854 271 1889; x_wconf 86' lang='lat' dir='ltr'><strong>corporibus</strong></span> <span class='ocrx_word' id='word_1_263' title='bbox 297 1855 432 1890; x_wconf 88' lang='lat' dir='ltr'><strong>ejiciendi</strong></span> <span class='ocrx_word' id='word_1_264' title='bbox 461 1855 594 1890; x_wconf 82' lang='lat' dir='ltr'><strong>(Tertull.</strong></span> <span class='ocrx_word' id='word_1_265' title='bbox 624 1855 764 1889; x_wconf 77' lang='lat' dir='ltr'><strong>Apologel.</strong></span> <span class='ocrx_word' id='word_1_266' title='bbox 781 1863 844 1891; x_wconf 89' lang='lat' dir='ltr'><strong>cap.</strong></span> <span class='ocrx_word' id='word_1_267' title='bbox 875 1855 921 1891; x_wconf 87' lang='lat'><strong>37,</strong></span> 
     </span>
    </p>
   </div>
   <div class='ocr_carea' id='block_1_39' title="bbox 98 1899 921 1935">
    <p class='ocr_par' dir='ltr' id='par_1_39' title="bbox 98 1899 921 1935">
     <span class='ocr_line' id='line_1_39' title="bbox 98 1899 921 1935; baseline 0.002 -10"><span class='ocrx_word' id='word_1_268' title='bbox 98 1906 164 1933; x_wconf 80' lang='lat' dir='ltr'><strong>pag.</strong></span> <span class='ocrx_word' id='word_1_269' title='bbox 181 1899 254 1933; x_wconf 66' lang='lat'><strong>463;.</strong></span> <span class='ocrx_word' id='word_1_270' title='bbox 272 1899 356 1935; x_wconf 82' lang='lat' dir='ltr'><strong>Atqui</strong></span> <span class='ocrx_word' id='word_1_271' title='bbox 373 1900 397 1927; x_wconf 88' lang='lat' dir='ltr'><strong>si</strong></span> <span class='ocrx_word' id='word_1_272' title='bbox 410 1899 476 1928; x_wconf 91' lang='lat' dir='ltr'><strong>illos</strong></span> <span class='ocrx_word' id='word_1_273' title='bbox 492 1908 549 1927; x_wconf 90' lang='lat' dir='ltr'><strong>non</strong></span> <span class='ocrx_word' id='word_1_274' title='bbox 579 1900 744 1935; x_wconf 77' lang='lat' dir='ltr'><strong>exegissent</strong></span> <span class='ocrx_word' id='word_1_275' title='bbox 760 1908 766 1927; x_wconf 90' lang='lat'>:</span> <span class='ocrx_word' id='word_1_276' title='bbox 784 1911 798 1924; x_wconf 84' lang='lat'>«</span> <span class='ocrx_word' id='word_1_277' title='bbox 828 1899 921 1927; x_wconf 73' lang='lat' dir='ltr'><strong>Suffe-</strong></span> 
     </span>
    </p>
   </div>
   <div class='ocr_carea' id='block_1_40' title="bbox 97 1943 919 1979">
    <p class='ocr_par' dir='ltr' id='par_1_40' title="bbox 97 1943 919 1979">
     <span class='ocr_line' id='line_1_40' title="bbox 97 1943 919 1979; baseline 0.002 -10"><span class='ocrx_word' id='word_1_278' title='bbox 97 1943 186 1970; x_wconf 84' lang='lat' dir='ltr'><strong>cisset</strong></span> <span class='ocrx_word' id='word_1_279' title='bbox 211 1943 265 1971; x_wconf 92' lang='lat' dir='ltr'><strong>hoc</strong></span> <span class='ocrx_word' id='word_1_280' title='bbox 303 1943 409 1979; x_wconf 86' lang='lat' dir='ltr'><strong>solum,</strong></span> <span class='ocrx_word' id='word_1_281' title='bbox 431 1955 445 1969; x_wconf 86' lang='grc'><strong>››</strong></span> <span class='ocrx_word' id='word_1_282' title='bbox 473 1944 599 1979; x_wconf 79' lang='lat' dir='ltr'><strong>ipsemet</strong></span> <span class='ocrx_word' id='word_1_283' title='bbox 626 1946 690 1979; x_wconf 84' lang='lat' dir='ltr'><strong>ejus</strong></span> <span class='ocrx_word' id='word_1_284' title='bbox 714 1944 801 1972; x_wconf 86' lang='lat' dir='ltr'><strong>verba</strong></span> <span class='ocrx_word' id='word_1_285' title='bbox 841 1946 919 1977; x_wconf 84' lang='lat' dir='ltr'><strong>sunt,</strong></span> 
     </span>
    </p>
   </div>
   <div class='ocr_carea' id='block_1_41' title="bbox 99 1988 921 2024">
    <p class='ocr_par' dir='ltr' id='par_1_41' title="bbox 99 1988 921 2024">
     <span class='ocr_line' id='line_1_41' title="bbox 99 1988 921 2024; baseline 0.001 -10"><span class='ocrx_word' id='word_1_286' title='bbox 99 1999 112 2013; x_wconf 86' lang='grc'><strong>‹‹</strong></span> <span class='ocrx_word' id='word_1_287' title='bbox 129 1991 235 2015; x_wconf 66' lang='lat' dir='ltr'><strong>nostrae</strong></span> <span class='ocrx_word' id='word_1_288' title='bbox 261 1988 384 2021; x_wconf 86' lang='lat' dir='ltr'><strong>ultioni;</strong></span> <span class='ocrx_word' id='word_1_289' title='bbox 415 1989 493 2024; x_wconf 89' lang='lat' dir='ltr'><strong>quod</strong></span> <span class='ocrx_word' id='word_1_290' title='bbox 513 1997 604 2016; x_wconf 88' lang='lat' dir='ltr'><strong>vacua</strong></span> <span class='ocrx_word' id='word_1_291' title='bbox 645 1988 748 2016; x_wconf 84' lang='lat' dir='ltr'><strong>exinde</strong></span> <span class='ocrx_word' id='word_1_292' title='bbox 774 1988 921 2023; x_wconf 86' lang='lat' dir='ltr'><strong>possessio</strong></span> 
     </span>
    </p>
   </div>
   <div class='ocr_carea' id='block_1_42' title="bbox 96 2032 919 2068">
    <p class='ocr_par' dir='ltr' id='par_1_42' title="bbox 96 2032 919 2068">
     <span class='ocr_line' id='line_1_42' title="bbox 96 2032 919 2068; baseline 0.002 -10"><span class='ocrx_word' id='word_1_293' title='bbox 96 2032 261 2059; x_wconf 89' lang='lat' dir='ltr'><strong>immundis</strong></span> <span class='ocrx_word' id='word_1_294' title='bbox 283 2032 437 2067; x_wconf 83' lang='lat' dir='ltr'><strong>spiritibus</strong></span> <span class='ocrx_word' id='word_1_295' title='bbox 464 2035 574 2068; x_wconf 83' lang='lat' dir='ltr'><strong>pateret</strong></span> <span class='ocrx_word' id='word_1_296' title='bbox 592 2044 605 2056; x_wconf 75' lang='grc' dir='ltr'><strong>»ι</strong></span> <span class='ocrx_word' id='word_1_297' title='bbox 622 2032 755 2066; x_wconf 87' lang='lat' dir='ltr'><strong>(Tertull.</strong></span> <span class='ocrx_word' id='word_1_298' title='bbox 786 2033 840 2060; x_wconf 94' lang='lat' dir='ltr'><strong>loc.</strong></span> <span class='ocrx_word' id='word_1_299' title='bbox 858 2033 919 2067; x_wconf 82' lang='lat' dir='ltr'><strong>sit).</strong></span> 
     </span>
    </p>
   </div>
   <div class='ocr_carea' id='block_1_43' title="bbox 97 2077 920 2112">
    <p class='ocr_par' dir='ltr' id='par_1_43' title="bbox 97 2077 920 2112">
     <span class='ocr_line' id='line_1_43' title="bbox 97 2077 920 2112; baseline 0.001 -9"><span class='ocrx_word' id='word_1_300' title='bbox 97 2077 139 2103; x_wconf 85' lang='lat' dir='ltr'><strong>Ibi</strong></span> <span class='ocrx_word' id='word_1_301' title='bbox 157 2080 254 2104; x_wconf 86' lang='lat' dir='ltr'><strong>autem</strong></span> <span class='ocrx_word' id='word_1_302' title='bbox 272 2077 416 2112; x_wconf 82' lang='lat' dir='ltr'><strong>Rigaltius</strong></span> <span class='ocrx_word' id='word_1_303' title='bbox 428 2077 503 2105; x_wconf 87' lang='lat' dir='ltr'><strong>serio</strong></span> <span class='ocrx_word' id='word_1_304' title='bbox 520 2086 573 2104; x_wconf 86' lang='lat' dir='ltr'><strong>nos</strong></span> <span class='ocrx_word' id='word_1_305' title='bbox 589 2077 727 2105; x_wconf 90' lang='lat' dir='ltr'><strong>admonet</strong></span> <span class='ocrx_word' id='word_1_306' title='bbox 742 2086 773 2105; x_wconf 89' lang='lat' dir='ltr'><strong>se</strong></span> <span class='ocrx_word' id='word_1_307' title='bbox 795 2078 831 2105; x_wconf 89' lang='lat' dir='ltr'><strong>ab</strong></span> <span class='ocrx_word' id='word_1_308' title='bbox 854 2077 920 2104; x_wconf 88' lang='lat' dir='ltr'><strong>aliis</strong></span> 
     </span>
    </p>
   </div>
   <div class='ocr_carea' id='block_1_44' title="bbox 95 2121 919 2157">
    <p class='ocr_par' dir='ltr' id='par_1_44' title="bbox 95 2121 919 2157">
     <span class='ocr_line' id='line_1_44' title="bbox 95 2121 919 2157; baseline 0.001 -9"><span class='ocrx_word' id='word_1_309' title='bbox 95 2121 245 2157; x_wconf 79' lang='lat' dir='ltr'><strong>accepisse</strong></span> <span class='ocrx_word' id='word_1_310' title='bbox 261 2121 289 2148; x_wconf 91' lang='lat' dir='ltr'><strong>in</strong></span> <span class='ocrx_word' id='word_1_311' title='bbox 306 2121 404 2149; x_wconf 87' lang='lat' dir='ltr'><strong>codice</strong></span> <span class='ocrx_word' id='word_1_312' title='bbox 423 2121 568 2155; x_wconf 85' lang='lat' dir='ltr'><strong>Fuldensi,</strong></span> <span class='ocrx_word' id='word_1_313' title='bbox 581 2130 631 2157; x_wconf 89' lang='lat' dir='ltr'><strong>pro</strong></span> <span class='ocrx_word' id='word_1_314' title='bbox 645 2125 764 2157; x_wconf 77' lang='lat' dir='ltr'><strong>pateret,</strong></span> <span class='ocrx_word' id='word_1_315' title='bbox 777 2122 919 2157; x_wconf 86' lang='lat' dir='ltr'><strong>scriptum</strong></span> 
     </span>
    </p>
   </div>
   <div class='ocr_carea' id='block_1_45' title="bbox 94 2166 919 2202">
    <p class='ocr_par' dir='ltr' id='par_1_45' title="bbox 94 2166 919 2202">
     <span class='ocr_line' id='line_1_45' title="bbox 94 2166 919 2202; baseline 0.001 -9"><span class='ocrx_word' id='word_1_316' title='bbox 94 2168 236 2202; x_wconf 81' lang='lat' dir='ltr'><strong>puleretis.</strong></span> <span class='ocrx_word' id='word_1_317' title='bbox 253 2166 405 2194; x_wconf 84' lang='lat' dir='ltr'><strong>Miraberis</strong></span> <span class='ocrx_word' id='word_1_318' title='bbox 423 2166 522 2202; x_wconf 84' lang='lat' dir='ltr'><strong>procul</strong></span> <span class='ocrx_word' id='word_1_319' title='bbox 547 2167 637 2194; x_wconf 90' lang='lat' dir='ltr'><strong>dubio</strong></span> <span class='ocrx_word' id='word_1_320' title='bbox 662 2175 809 2194; x_wconf 84' lang='lat' dir='ltr'><strong>summam</strong></span> <span class='ocrx_word' id='word_1_321' title='bbox 840 2166 919 2194; x_wconf 88' lang='lat' dir='ltr'><strong>illius</strong></span> 
     </span>
    </p>
   </div>
   <div class='ocr_carea' id='block_1_46' title="bbox 95 2210 918 2246">
    <p class='ocr_par' dir='ltr' id='par_1_46' title="bbox 95 2210 918 2246">
     <span class='ocr_line' id='line_1_46' title="bbox 95 2210 918 2246; baseline 0.001 -9"><span class='ocrx_word' id='word_1_322' title='bbox 95 2211 288 2245; x_wconf 74' lang='lat' dir='ltr'><strong>diligentiam,</strong></span> <span class='ocrx_word' id='word_1_323' title='bbox 301 2210 351 2246; x_wconf 91' lang='lat' dir='ltr'><strong>qui</strong></span> <span class='ocrx_word' id='word_1_324' title='bbox 366 2211 441 2238; x_wconf 83' lang='lat' dir='ltr'><strong>hanc</strong></span> <span class='ocrx_word' id='word_1_325' title='bbox 457 2211 601 2238; x_wconf 80' lang='lat' dir='ltr'><strong>diversam</strong></span> <span class='ocrx_word' id='word_1_326' title='bbox 618 2214 678 2238; x_wconf 88' lang='lat' dir='ltr'><strong>tam</strong></span> <span class='ocrx_word' id='word_1_327' title='bbox 691 2211 762 2239; x_wconf 82' lang='lat' dir='ltr'><strong>levis</strong></span> <span class='ocrx_word' id='word_1_328' title='bbox 779 2212 918 2239; x_wconf 85' lang='lat' dir='ltr'><strong>momenti</strong></span> 
     </span>
    </p>
   </div>
   <div class='ocr_carea' id='block_1_47' title="bbox 94 2255 920 2292">
    <p class='ocr_par' dir='ltr' id='par_1_47' title="bbox 94 2255 920 2292">
     <span class='ocr_line' id='line_1_47' title="bbox 94 2255 920 2292; baseline 0 -9"><span class='ocrx_word' id='word_1_329' title='bbox 94 2256 247 2283; x_wconf 85' lang='lat' dir='ltr'><strong>lectionem</strong></span> <span class='ocrx_word' id='word_1_330' title='bbox 264 2255 390 2283; x_wconf 90' lang='lat' dir='ltr'><strong>aliorum</strong></span> <span class='ocrx_word' id='word_1_331' title='bbox 406 2256 574 2283; x_wconf 86' lang='lat' dir='ltr'><strong>testimonio</strong></span> <span class='ocrx_word' id='word_1_332' title='bbox 590 2259 721 2289; x_wconf 85' lang='lat' dir='ltr'><strong>annotat,</strong></span> <span class='ocrx_word' id='word_1_333' title='bbox 738 2258 765 2283; x_wconf 86' lang='lat' dir='ltr'><strong>et</strong></span> <span class='ocrx_word' id='word_1_334' title='bbox 790 2257 920 2292; x_wconf 82' lang='lat' dir='ltr'><strong>superio-</strong></span> 
     </span>
    </p>
   </div>
   <div class='ocr_carea' id='block_1_48' title="bbox 93 2300 917 2336">
    <p class='ocr_par' dir='ltr' id='par_1_48' title="bbox 93 2300 917 2336">
     <span class='ocr_line' id='line_1_48' title="bbox 93 2300 917 2336; baseline 0 -9"><span class='ocrx_word' id='word_1_335' title='bbox 93 2309 155 2328; x_wconf 85' lang='lat' dir='ltr'><strong>rem</strong></span> <span class='ocrx_word' id='word_1_336' title='bbox 179 2301 280 2329; x_wconf 76' lang='lat'><strong>1058</strong></span> <span class='ocrx_word' id='word_1_337' title='bbox 297 2300 427 2336; x_wconf 84' lang='lat' dir='ltr'><strong>aliasque</strong></span> <span class='ocrx_word' id='word_1_338' title='bbox 444 2301 527 2336; x_wconf 79' lang='lat' dir='ltr'><strong>longe</strong></span> <span class='ocrx_word' id='word_1_339' title='bbox 545 2300 662 2336; x_wconf 82' lang='lat' dir='ltr'><strong>majoris</strong></span> <span class='ocrx_word' id='word_1_340' title='bbox 692 2301 842 2336; x_wconf 85' lang='lat' dir='ltr'><strong>momenti,</strong></span> <span class='ocrx_word' id='word_1_341' title='bbox 873 2303 917 2328; x_wconf 87' lang='lat' dir='ltr'><strong>ta—</strong></span> 
     </span>
    </p>
   </div>
   <div class='ocr_carea' id='block_1_49' title="bbox 987 318 1808 356">
    <p class='ocr_par' dir='ltr' id='par_1_49' title="bbox 987 318 1808 356">
     <span class='ocr_line' id='line_1_49' title="bbox 987 318 1808 356; baseline 0.004 -10"><span class='ocrx_word' id='word_1_342' title='bbox 987 326 1052 346; x_wconf 92' lang='lat' dir='ltr'><strong>rum</strong></span> <span class='ocrx_word' id='word_1_343' title='bbox 1063 319 1217 356; x_wconf 81' lang='lat' dir='ltr'><strong>gentilium</strong></span> <span class='ocrx_word' id='word_1_344' title='bbox 1234 319 1406 356; x_wconf 85' lang='lat' dir='ltr'><strong>corporibus</strong></span> <span class='ocrx_word' id='word_1_345' title='bbox 1421 319 1564 356; x_wconf 75' lang='lat' dir='ltr'><strong>expellere</strong></span> <span class='ocrx_word' id='word_1_346' title='bbox 1579 318 1808 356; x_wconf 84' lang='lat' dir='ltr'><strong>mallent,qusln</strong></span> 
     </span>
    </p>
   </div>
   <div class='ocr_carea' id='block_1_50' title="bbox 984 362 1818 400">
    <p class='ocr_par' dir='ltr' id='par_1_50' title="bbox 984 362 1818 400">
     <span class='ocr_line' id='line_1_50' title="bbox 984 362 1818 400; baseline 0.001 -9"><span class='ocrx_word' id='word_1_347' title='bbox 984 362 1040 391; x_wconf 88' lang='lat' dir='ltr'><strong>hos</strong></span> <span class='ocrx_word' id='word_1_348' title='bbox 1055 371 1112 391; x_wconf 91' lang='lat' dir='ltr'><strong>non</strong></span> <span class='ocrx_word' id='word_1_349' title='bbox 1132 363 1313 400; x_wconf 86' lang='lat' dir='ltr'><strong>expellendo,</strong></span> <span class='ocrx_word' id='word_1_350' title='bbox 1329 364 1365 392; x_wconf 86' lang='lat' dir='ltr'><strong>de</strong></span> <span class='ocrx_word' id='word_1_351' title='bbox 1384 363 1443 392; x_wconf 88' lang='lat' dir='ltr'><strong>illis</strong></span> <span class='ocrx_word' id='word_1_352' title='bbox 1458 372 1516 392; x_wconf 89' lang='lat' dir='ltr'><strong>non</strong></span> <span class='ocrx_word' id='word_1_353' title='bbox 1532 364 1607 392; x_wconf 85' lang='lat' dir='ltr'><strong>bene</strong></span> <span class='ocrx_word' id='word_1_354' title='bbox 1628 363 1742 392; x_wconf 83' lang='lat' dir='ltr'><strong>mereri.</strong></span> <span class='ocrx_word' id='word_1_355' title='bbox 1761 363 1818 394; x_wconf 76' lang='lat' dir='ltr'><strong>lis--</strong></span> 
     </span>
    </p>
   </div>
   <div class='ocr_carea' id='block_1_51' title="bbox 984 407 1809 445">
    <p class='ocr_par' dir='ltr' id='par_1_51' title="bbox 984 407 1809 445">
     <span class='ocr_line' id='line_1_51' title="bbox 984 407 1809 445; baseline 0.004 -11"><span class='ocrx_word' id='word_1_356' title='bbox 984 407 1145 443; x_wconf 83' lang='lat' dir='ltr'><strong>gratissimi</strong></span> <span class='ocrx_word' id='word_1_357' title='bbox 1172 416 1240 445; x_wconf 86' lang='lat' dir='ltr'><strong>ergo</strong></span> <span class='ocrx_word' id='word_1_358' title='bbox 1268 410 1353 436; x_wconf 88' lang='lat' dir='ltr'><strong>erant</strong></span> <span class='ocrx_word' id='word_1_359' title='bbox 1373 408 1508 445; x_wconf 81' lang='lat' dir='ltr'><strong>gentiles,</strong></span> <span class='ocrx_word' id='word_1_360' title='bbox 1538 408 1587 445; x_wconf 91' lang='lat' dir='ltr'><strong>qui</strong></span> <span class='ocrx_word' id='word_1_361' title='bbox 1613 410 1741 442; x_wconf 79' lang='lat' dir='ltr'><strong>tantum,</strong></span> <span class='ocrx_word' id='word_1_362' title='bbox 1766 407 1809 437; x_wconf 79' lang='lat' dir='ltr'><strong>ait</strong></span> 
     </span>
    </p>
   </div>
   <div class='ocr_carea' id='block_1_52' title="bbox 984 452 1808 489">
    <p class='ocr_par' dir='ltr' id='par_1_52' title="bbox 984 452 1808 489">
     <span class='ocr_line' id='line_1_52' title="bbox 984 452 1808 489; baseline 0.004 -10"><span class='ocrx_word' id='word_1_363' title='bbox 984 452 1193 489; x_wconf 85' lang='lat' dir='ltr'><strong>Tertullianns,</strong></span> <span class='ocrx_word' id='word_1_364' title='bbox 1220 453 1390 489; x_wconf 65' lang='lat' dir='ltr'><strong>praesidium</strong></span> <span class='ocrx_word' id='word_1_365' title='bbox 1419 453 1502 482; x_wconf 83' lang='lat' dir='ltr'><strong>ﬂocci</strong></span> <span class='ocrx_word' id='word_1_366' title='bbox 1531 453 1681 488; x_wconf 81' lang='lat' dir='ltr'><strong>facientes,</strong></span> <span class='ocrx_word' id='word_1_367' title='bbox 1706 452 1808 482; x_wconf 85' lang='lat' dir='ltr'><strong>clami-</strong></span> 
     </span>
    </p>
   </div>
   <div class='ocr_carea' id='block_1_53' title="bbox 983 497 1807 536">
    <p class='ocr_par' dir='ltr' id='par_1_53' title="bbox 983 497 1807 536">
     <span class='ocr_line' id='line_1_53' title="bbox 983 497 1807 536; baseline 0.004 -12"><span class='ocrx_word' id='word_1_368' title='bbox 983 498 1048 524; x_wconf 89' lang='lat' dir='ltr'><strong>tant</strong></span> <span class='ocrx_word' id='word_1_369' title='bbox 1061 497 1252 532; x_wconf 86' lang='lat' dir='ltr'><strong>Christianos,</strong></span> <span class='ocrx_word' id='word_1_370' title='bbox 1269 498 1325 526; x_wconf 89' lang='lat' dir='ltr'><strong>sibi</strong></span> <span class='ocrx_word' id='word_1_371' title='bbox 1341 499 1413 527; x_wconf 85' lang='lat' dir='ltr'><strong>adeo</strong></span> <span class='ocrx_word' id='word_1_372' title='bbox 1438 498 1629 532; x_wconf 85' lang='lat' dir='ltr'><strong>necessarios,</strong></span> <span class='ocrx_word' id='word_1_373' title='bbox 1658 506 1724 527; x_wconf 88' lang='lat' dir='ltr'><strong>esse</strong></span> <span class='ocrx_word' id='word_1_374' title='bbox 1749 506 1807 536; x_wconf 84' lang='lat' dir='ltr'><strong>pu-</strong></span> 
     </span>
    </p>
   </div>
   <div class='ocr_carea' id='block_1_54' title="bbox 984 540 1586 580">
    <p class='ocr_par' dir='ltr' id='par_1_54' title="bbox 984 540 1586 580">
     <span class='ocr_line' id='line_1_54' title="bbox 984 540 1586 580; baseline 0.003 -11"><span class='ocrx_word' id='word_1_375' title='bbox 984 540 1076 569; x_wconf 89' lang='lat' dir='ltr'><strong>blicos</strong></span> <span class='ocrx_word' id='word_1_376' title='bbox 1088 542 1204 578; x_wconf 83' lang='lat' dir='ltr'><strong>generis</strong></span> <span class='ocrx_word' id='word_1_377' title='bbox 1220 542 1341 571; x_wconf 86' lang='lat' dir='ltr'><strong>humani</strong></span> <span class='ocrx_word' id='word_1_378' title='bbox 1355 543 1464 571; x_wconf 85' lang='lat' dir='ltr'><strong>hostes.</strong></span> <span class='ocrx_word' id='word_1_379' title='bbox 1481 542 1586 580; x_wconf 82' lang='lat' dir='ltr'><strong>(ldid.).</strong></span> 
     </span>
    </p>
   </div>
   <div class='ocr_carea' id='block_1_55' title="bbox 1291 635 1501 656">
    <p class='ocr_par' dir='ltr' id='par_1_55' title="bbox 1291 635 1501 656">
     <span class='ocr_line' id='line_1_55' title="bbox 1291 635 1501 656; baseline 0.005 -1"><span class='ocrx_word' id='word_1_380' title='bbox 1291 635 1451 656; x_wconf 75' lang='lat' dir='ltr'><strong>ARTICULUS</strong></span> <span class='ocrx_word' id='word_1_381' title='bbox 1470 636 1501 656; x_wconf 81' lang='grc' dir='ltr'><strong>ιι.</strong></span> 
     </span>
    </p>
   </div>
   <div class='ocr_carea' id='block_1_56' title="bbox 984 684 1806 722">
    <p class='ocr_par' dir='ltr' id='par_1_56' title="bbox 984 684 1806 722">
     <span class='ocr_line' id='line_1_56' title="bbox 984 684 1806 722; baseline 0.005 -10"><span class='ocrx_word' id='word_1_382' title='bbox 984 684 1213 722; x_wconf 20' lang='grc' dir='ltr'><strong>ρααηιγαὺειινάσ</strong></span> <span class='ocrx_word' id='word_1_383' title='bbox 1243 685 1347 714; x_wconf 76' lang='lat' dir='ltr'><strong>ethnici</strong></span> <span class='ocrx_word' id='word_1_384' title='bbox 1373 686 1519 722; x_wconf 79' lang='lat' dir='ltr'><strong>objicerent</strong></span> <span class='ocrx_word' id='word_1_385' title='bbox 1547 685 1717 715; x_wconf 74' lang='lat' dir='ltr'><strong>Christiana:</strong></span> <span class='ocrx_word' id='word_1_386' title='bbox 1748 694 1806 716; x_wconf 76' lang='lat' dir='ltr'><strong>suc</strong></span> 
     </span>
    </p>
   </div>
   <div class='ocr_carea' id='block_1_57' title="bbox 1017 721 1806 758">
    <p class='ocr_par' dir='ltr' id='par_1_57' title="bbox 1017 721 1806 758">
     <span class='ocr_line' id='line_1_57' title="bbox 1017 721 1806 758; baseline 0.005 -11"><span class='ocrx_word' id='word_1_387' title='bbox 1017 721 1140 758; x_wconf 72' lang='lat' dir='ltr'><strong>publicos</strong></span> <span class='ocrx_word' id='word_1_388' title='bbox 1156 721 1334 758; x_wconf 67' lang='lat' dir='ltr'><strong>hostes,quia</strong></span> <span class='ocrx_word' id='word_1_389' title='bbox 1364 723 1561 755; x_wconf 81' lang='lat' dir='ltr'><strong>imperatorum</strong></span> <span class='ocrx_word' id='word_1_390' title='bbox 1588 723 1723 750; x_wconf 73' lang='lat' dir='ltr'><strong>solemnia</strong></span> <span class='ocrx_word' id='word_1_391' title='bbox 1750 731 1806 751; x_wconf 82' lang='lat' dir='ltr'><strong>non</strong></span> 
     </span>
    </p>
   </div>
   <div class='ocr_carea' id='block_1_58' title="bbox 1017 757 1804 791">
    <p class='ocr_par' dir='ltr' id='par_1_58' title="bbox 1017 757 1804 791">
     <span class='ocr_line' id='line_1_58' title="bbox 1017 757 1804 791; baseline 0.004 -8"><span class='ocrx_word' id='word_1_392' title='bbox 1017 757 1089 784; x_wconf 86' lang='lat' dir='ltr'><strong>sicut</strong></span> <span class='ocrx_word' id='word_1_393' title='bbox 1105 757 1149 784; x_wconf 78' lang='lat' dir='ltr'><strong>illi</strong></span> <span class='ocrx_word' id='word_1_394' title='bbox 1162 757 1354 790; x_wconf 77' lang='lat' dir='ltr'><strong>celebrabaml,</strong></span> <span class='ocrx_word' id='word_1_395' title='bbox 1373 759 1446 791; x_wconf 83' lang='lat' dir='ltr'><strong>locns</strong></span> <span class='ocrx_word' id='word_1_396' title='bbox 1474 762 1499 786; x_wconf 76' lang='lat' dir='ltr'><strong>et</strong></span> <span class='ocrx_word' id='word_1_397' title='bbox 1515 762 1588 786; x_wconf 79' lang='lat' dir='ltr'><strong>toros</strong></span> <span class='ocrx_word' id='word_1_398' title='bbox 1615 758 1752 787; x_wconf 74' lang='lat' dir='ltr'><strong>educendo</strong></span> <span class='ocrx_word' id='word_1_399' title='bbox 1773 760 1804 786; x_wconf 78' lang='lat' dir='ltr'><strong>in</strong></span> 
     </span>
    </p>
   </div>
   <div class='ocr_carea' id='block_1_59' title="bbox 1016 792 1806 828">
    <p class='ocr_par' dir='ltr' id='par_1_59' title="bbox 1016 792 1806 828">
     <span class='ocr_line' id='line_1_59' title="bbox 1016 792 1806 828; baseline 0.003 -8"><span class='ocrx_word' id='word_1_400' title='bbox 1016 792 1167 828; x_wconf 69' lang='lat' dir='ltr'><strong>publicum,</strong></span> <span class='ocrx_word' id='word_1_401' title='bbox 1181 793 1318 828; x_wconf 72' lang='lat' dir='ltr'><strong>epulando</strong></span> <span class='ocrx_word' id='word_1_402' title='bbox 1345 795 1464 827; x_wconf 79' lang='lat' dir='ltr'><strong>vicatim,</strong></span> <span class='ocrx_word' id='word_1_403' title='bbox 1480 795 1601 822; x_wconf 61' lang='lat' dir='ltr'><strong>taberna</strong></span> <span class='ocrx_word' id='word_1_404' title='bbox 1631 794 1729 822; x_wconf 81' lang='lat' dir='ltr'><strong>habitu</strong></span> <span class='ocrx_word' id='word_1_405' title='bbox 1742 794 1806 822; x_wconf 83' lang='lat' dir='ltr'><strong>abo-</strong></span> 
     </span>
    </p>
   </div>
   <div class='ocr_carea' id='block_1_60' title="bbox 1020 828 1803 865">
    <p class='ocr_par' dir='ltr' id='par_1_60' title="bbox 1020 828 1803 865">
     <span class='ocr_line' id='line_1_60' title="bbox 1020 828 1803 865; baseline 0.004 -10"><span class='ocrx_word' id='word_1_406' title='bbox 1020 828 1170 865; x_wconf 75' lang='lat' dir='ltr'><strong>lefaciendo</strong></span> <span class='ocrx_word' id='word_1_407' title='bbox 1184 829 1331 865; x_wconf 74' lang='lat' dir='ltr'><strong>civitatem,</strong></span> <span class='ocrx_word' id='word_1_408' title='bbox 1356 830 1419 858; x_wconf 81' lang='lat' dir='ltr'><strong>vino</strong></span> <span class='ocrx_word' id='word_1_409' title='bbox 1446 831 1535 858; x_wconf 81' lang='lat' dir='ltr'><strong>lutum</strong></span> <span class='ocrx_word' id='word_1_410' title='bbox 1561 830 1689 864; x_wconf 78' lang='lat' dir='ltr'><strong>cogendo.</strong></span> <span class='ocrx_word' id='word_1_411' title='bbox 1713 830 1803 858; x_wconf 81' lang='lat' dir='ltr'><strong>cursi-</strong></span> 
     </span>
    </p>
   </div>
   <div class='ocr_carea' id='block_1_61' title="bbox 1018 863 1804 902">
    <p class='ocr_par' dir='ltr' id='par_1_61' title="bbox 1018 863 1804 902">
     <span class='ocr_line' id='line_1_61' title="bbox 1018 863 1804 902; baseline 0.004 -11"><span class='ocrx_word' id='word_1_412' title='bbox 1018 863 1106 902; x_wconf 64' lang='lat' dir='ltr'><strong>tando</strong></span> <span class='ocrx_word' id='word_1_413' title='bbox 1141 866 1304 902; x_wconf 75' lang='lat' dir='ltr'><strong>catervatim</strong></span> <span class='ocrx_word' id='word_1_414' title='bbox 1323 863 1375 902; x_wconf 68' lang='lat' dir='ltr'><strong>ad</strong></span> <span class='ocrx_word' id='word_1_415' title='bbox 1402 866 1524 902; x_wconf 76' lang='lat' dir='ltr'><strong>injurias</strong></span> <span class='ocrx_word' id='word_1_416' title='bbox 1555 863 1601 893; x_wconf 18' lang='lat' dir='ltr'><strong>ac,</strong></span> <span class='ocrx_word' id='word_1_417' title='bbox 1618 865 1804 902; x_wconf 76' lang='lat' dir='ltr'><strong>impudentius</strong></span> 
     </span>
    </p>
   </div>
   <div class='ocr_carea' id='block_1_62' title="bbox 1018 900 1802 937">
    <p class='ocr_par' dir='ltr' id='par_1_62' title="bbox 1018 900 1802 937">
     <span class='ocr_line' id='line_1_62' title="bbox 1018 900 1802 937; baseline 0.003 -10"><span class='ocrx_word' id='word_1_418' title='bbox 1018 900 1212 936; x_wconf 78' lang='lat' dir='ltr'><strong>illecebrasquc</strong></span> <span class='ocrx_word' id='word_1_419' title='bbox 1227 901 1382 937; x_wconf 79' lang='lat' dir='ltr'><strong>voluptatis,</strong></span> <span class='ocrx_word' id='word_1_420' title='bbox 1399 900 1541 930; x_wconf 45' lang='lat' dir='ltr'><strong>ac‘domus</strong></span> <span class='ocrx_word' id='word_1_421' title='bbox 1568 909 1627 930; x_wconf 72' lang='lat' dir='ltr'><strong>suae</strong></span> <span class='ocrx_word' id='word_1_422' title='bbox 1641 900 1698 929; x_wconf 72' lang='lat' dir='ltr'><strong>non</strong></span> <span class='ocrx_word' id='word_1_423' title='bbox 1726 909 1802 929; x_wconf 80' lang='lat' dir='ltr'><strong>secus</strong></span> 
     </span>
    </p>
   </div>
   <div class='ocr_carea' id='block_1_63' title="bbox 1017 937 1803 1007">
    <p class='ocr_par' dir='ltr' id='par_1_63' title="bbox 1017 937 1803 1007">
     <span class='ocr_line' id='line_1_63' title="bbox 1017 937 1803 973; baseline 0.004 -10"><span class='ocrx_word' id='word_1_424' title='bbox 1017 943 1050 963; x_wconf 84' lang='lat' dir='ltr'><strong>ac</strong></span> <span class='ocrx_word' id='word_1_425' title='bbox 1076 937 1140 963; x_wconf 75' lang='lat' dir='ltr'><strong>novi</strong></span> <span class='ocrx_word' id='word_1_426' title='bbox 1155 937 1301 971; x_wconf 74' lang='lat' dir='ltr'><strong>lupanaris</strong></span> <span class='ocrx_word' id='word_1_427' title='bbox 1327 937 1447 973; x_wconf 77' lang='lat' dir='ltr'><strong>postibus</strong></span> <span class='ocrx_word' id='word_1_428' title='bbox 1493 937 1585 966; x_wconf 77' lang='lat' dir='ltr'><strong>lauros</strong></span> <span class='ocrx_word' id='word_1_429' title='bbox 1623 937 1803 973; x_wconf 66' lang='lat' dir='ltr'><strong>luces-nasque</strong></span> 
     </span>
     <span class='ocr_line' id='line_1_64' title="bbox 1017 972 1159 1007; baseline 0.007 -8"><span class='ocrx_word' id='word_1_430' title='bbox 1017 972 1159 1007; x_wconf 78' lang='lat' dir='ltr'><strong>afﬁgendo.</strong></span> 
     </span>
    </p>
   </div>
   <div class='ocr_carea' id='block_1_64' title="bbox 1013 979 1159 1000">
    <p class='ocr_par' dir='ltr' id='par_1_64' title="bbox 1013 979 1159 1000">
     <span class='ocr_line' id='line_1_65' title="bbox 1013 979 1159 1000; baseline 0 0"><span class='ocrx_word' id='word_1_431' title='bbox 1013 979 1159 1000; x_wconf 75' lang='grc' dir='ltr'><strong>αιησεηαο.</strong></span> 
     </span>
    </p>
   </div>
   <div class='ocr_carea' id='block_1_65' title="bbox 1015 1052 1811 1092">
    <p class='ocr_par' dir='ltr' id='par_1_65' title="bbox 1015 1052 1811 1092">
     <span class='ocr_line' id='line_1_66' title="bbox 1015 1052 1811 1092; baseline 0.004 -12"><span class='ocrx_word' id='word_1_432' title='bbox 1015 1052 1087 1080; x_wconf 86' lang='lat' dir='ltr'><strong>Cum</strong></span> <span class='ocrx_word' id='word_1_433' title='bbox 1101 1053 1260 1082; x_wconf 87' lang='lat' dir='ltr'><strong>Christiani</strong></span> <span class='ocrx_word' id='word_1_434' title='bbox 1284 1054 1319 1082; x_wconf 87' lang='lat' dir='ltr'><strong>ab</strong></span> <span class='ocrx_word' id='word_1_435' title='bbox 1342 1054 1423 1083; x_wconf 90' lang='lat' dir='ltr'><strong>omni</strong></span> <span class='ocrx_word' id='word_1_436' title='bbox 1450 1054 1581 1084; x_wconf 87' lang='lat' dir='ltr'><strong>vindicta</strong></span> <span class='ocrx_word' id='word_1_437' title='bbox 1612 1063 1734 1092; x_wconf 82' lang='lat' dir='ltr'><strong>prorsus</strong></span> <span class='ocrx_word' id='word_1_438' title='bbox 1750 1054 1811 1083; x_wconf 84' lang='lat' dir='ltr'><strong>ab-&#39;</strong></span> 
     </span>
    </p>
   </div>
   <div class='ocr_carea' id='block_1_66' title="bbox 979 1095 1800 1135">
    <p class='ocr_par' dir='ltr' id='par_1_66' title="bbox 979 1095 1800 1135">
     <span class='ocr_line' id='line_1_67' title="bbox 979 1095 1800 1135; baseline 0.004 -11"><span class='ocrx_word' id='word_1_439' title='bbox 979 1095 1144 1132; x_wconf 82' lang='lat' dir='ltr'><strong>horrerent,</strong></span> <span class='ocrx_word' id='word_1_440' title='bbox 1164 1099 1238 1126; x_wconf 85' lang='lat' dir='ltr'><strong>etde</strong></span> <span class='ocrx_word' id='word_1_441' title='bbox 1259 1099 1398 1127; x_wconf 89' lang='lat' dir='ltr'><strong>omnibus</strong></span> <span class='ocrx_word' id='word_1_442' title='bbox 1415 1099 1490 1127; x_wconf 85' lang='lat' dir='ltr'><strong>bene</strong></span> <span class='ocrx_word' id='word_1_443' title='bbox 1523 1101 1716 1134; x_wconf 88' lang='lat' dir='ltr'><strong>mererentur,</strong></span> <span class='ocrx_word' id='word_1_444' title='bbox 1740 1107 1800 1135; x_wconf 89' lang='lat' dir='ltr'><strong>quo</strong></span> 
     </span>
    </p>
   </div>
   <div class='ocr_carea' id='block_1_67' title="bbox 980 1140 1798 1179">
    <p class='ocr_par' dir='ltr' id='par_1_67' title="bbox 980 1140 1798 1179">
     <span class='ocr_line' id='line_1_68' title="bbox 980 1140 1798 1179; baseline 0.004 -11"><span class='ocrx_word' id='word_1_445' title='bbox 980 1140 1119 1175; x_wconf 86' lang='lat' dir='ltr'><strong>dementi,</strong></span> <span class='ocrx_word' id='word_1_446' title='bbox 1144 1142 1272 1178; x_wconf 84' lang='lat' dir='ltr'><strong>inquies,</strong></span> <span class='ocrx_word' id='word_1_447' title='bbox 1297 1143 1394 1171; x_wconf 85' lang='lat' dir='ltr'><strong>furore</strong></span> <span class='ocrx_word' id='word_1_448' title='bbox 1406 1143 1515 1172; x_wconf 88' lang='lat' dir='ltr'><strong>ethnici</strong></span> <span class='ocrx_word' id='word_1_449' title='bbox 1537 1143 1603 1171; x_wconf 89' lang='lat' dir='ltr'><strong>illos</strong></span> <span class='ocrx_word' id='word_1_450' title='bbox 1618 1143 1718 1172; x_wconf 89' lang='lat' dir='ltr'><strong>hostes</strong></span> <span class='ocrx_word' id='word_1_451' title='bbox 1746 1151 1798 1179; x_wconf 90' lang='lat' dir='ltr'><strong>pu-</strong></span> 
     </span>
    </p>
   </div>
   <div class='ocr_carea' id='block_1_68' title="bbox 978 1185 1800 1216">
    <p class='ocr_par' dir='ltr' id='par_1_68' title="bbox 978 1185 1800 1216">
     <span class='ocr_line' id='line_1_69' title="bbox 978 1185 1800 1216; baseline 0.005 -4"><span class='ocrx_word' id='word_1_452' title='bbox 978 1185 1070 1214; x_wconf 89' lang='lat' dir='ltr'><strong>blicos</strong></span> <span class='ocrx_word' id='word_1_453' title='bbox 1090 1195 1154 1215; x_wconf 87' lang='lat' dir='ltr'><strong>esse</strong></span> <span class='ocrx_word' id='word_1_454' title='bbox 1171 1189 1232 1215; x_wconf 89' lang='lat' dir='ltr'><strong>tam</strong></span> <span class='ocrx_word' id='word_1_455' title='bbox 1262 1189 1402 1216; x_wconf 82' lang='lat' dir='ltr'><strong>audacter</strong></span> <span class='ocrx_word' id='word_1_456' title='bbox 1425 1187 1688 1216; x_wconf 78' lang='lat' dir='ltr'><strong>vociferabantur?</strong></span> <span class='ocrx_word' id='word_1_457' title='bbox 1711 1186 1800 1216; x_wconf 85' lang='lat' dir='ltr'><strong>Nulla</strong></span> 
     </span>
    </p>
   </div>
   <div class='ocr_carea' id='block_1_69' title="bbox 979 1231 1795 1268">
    <p class='ocr_par' dir='ltr' id='par_1_69' title="bbox 979 1231 1795 1268">
     <span class='ocr_line' id='line_1_70' title="bbox 979 1231 1795 1268; baseline 0.004 -11"><span class='ocrx_word' id='word_1_458' title='bbox 979 1238 1059 1264; x_wconf 85' lang='lat' dir='ltr'><strong>sane,</strong></span> <span class='ocrx_word' id='word_1_459' title='bbox 1086 1231 1141 1259; x_wconf 87' lang='lat' dir='ltr'><strong>nisi</strong></span> <span class='ocrx_word' id='word_1_460' title='bbox 1162 1231 1249 1267; x_wconf 88' lang='lat' dir='ltr'><strong>plane</strong></span> <span class='ocrx_word' id='word_1_461' title='bbox 1270 1233 1399 1260; x_wconf 87' lang='lat' dir='ltr'><strong>absurda</strong></span> <span class='ocrx_word' id='word_1_462' title='bbox 1419 1233 1541 1268; x_wconf 85' lang='lat' dir='ltr'><strong>ratione,</strong></span> <span class='ocrx_word' id='word_1_463' title='bbox 1563 1233 1606 1260; x_wconf 91' lang='lat' dir='ltr'><strong>uti</strong></span> <span class='ocrx_word' id='word_1_464' title='bbox 1630 1241 1665 1260; x_wconf 83' lang='lat' dir='ltr'><strong>ex</strong></span> <span class='ocrx_word' id='word_1_465' title='bbox 1685 1231 1731 1260; x_wconf 87' lang='lat' dir='ltr'><strong>his</strong></span> <span class='ocrx_word' id='word_1_466' title='bbox 1750 1232 1795 1260; x_wconf 90' lang='lat' dir='ltr'><strong>in-</strong></span> 
     </span>
    </p>
   </div>
   <div class='ocr_carea' id='block_1_70' title="bbox 979 1274 1799 1313">
    <p class='ocr_par' dir='ltr' id='par_1_70' title="bbox 979 1274 1799 1313">
     <span class='ocr_line' id='line_1_71' title="bbox 979 1274 1799 1313; baseline 0.005 -12"><span class='ocrx_word' id='word_1_467' title='bbox 979 1274 1092 1311; x_wconf 83' lang='lat' dir='ltr'><strong>telliges</strong></span> <span class='ocrx_word' id='word_1_468' title='bbox 1116 1276 1289 1304; x_wconf 88' lang='lat' dir='ltr'><strong>Tertulliani</strong></span> <span class='ocrx_word' id='word_1_469' title='bbox 1315 1277 1412 1305; x_wconf 87' lang='lat' dir='ltr'><strong>verbis</strong></span> <span class='ocrx_word' id='word_1_470' title='bbox 1433 1286 1439 1304; x_wconf 87' lang='lat'><strong>:</strong></span> <span class='ocrx_word' id='word_1_471' title='bbox 1471 1288 1485 1302; x_wconf 87' lang='lat'><strong>«</strong></span> <span class='ocrx_word' id='word_1_472' title='bbox 1512 1277 1666 1313; x_wconf 86' lang='lat' dir='ltr'><strong>Propterea</strong></span> <span class='ocrx_word' id='word_1_473' title='bbox 1690 1275 1799 1313; x_wconf 83' lang='lat' dir='ltr'><strong>publici</strong></span> 
     </span>
    </p>
   </div>
   <div class='ocr_carea' id='block_1_71' title="bbox 978 1319 1798 1357">
    <p class='ocr_par' dir='ltr' id='par_1_71' title="bbox 978 1319 1798 1357">
     <span class='ocr_line' id='line_1_72' title="bbox 978 1319 1798 1357; baseline 0.002 -10"><span class='ocrx_word' id='word_1_474' title='bbox 978 1319 1078 1347; x_wconf 83' lang='lat' dir='ltr'><strong>hostes</strong></span> <span class='ocrx_word' id='word_1_475' title='bbox 1094 1320 1262 1354; x_wconf 86' lang='lat' dir='ltr'><strong>Christiani,</strong></span> <span class='ocrx_word' id='word_1_476' title='bbox 1280 1322 1350 1357; x_wconf 87' lang='lat' dir='ltr'><strong>quia</strong></span> <span class='ocrx_word' id='word_1_477' title='bbox 1375 1321 1603 1357; x_wconf 85' lang='lat' dir='ltr'><strong>imperatoribus</strong></span> <span class='ocrx_word' id='word_1_478' title='bbox 1627 1329 1723 1357; x_wconf 88' lang='lat' dir='ltr'><strong>neque</strong></span> <span class='ocrx_word' id='word_1_479' title='bbox 1750 1329 1798 1349; x_wconf 88' lang='lat' dir='ltr'><strong>va-</strong></span> 
     </span>
    </p>
   </div>
   <div class='ocr_carea' id='block_1_72' title="bbox 979 1365 1800 1402">
    <p class='ocr_par' dir='ltr' id='par_1_72' title="bbox 979 1365 1800 1402">
     <span class='ocr_line' id='line_1_73' title="bbox 979 1365 1800 1402; baseline 0.002 -10"><span class='ocrx_word' id='word_1_480' title='bbox 979 1372 1042 1397; x_wconf 80' lang='lat' dir='ltr'><strong>nos,</strong></span> <span class='ocrx_word' id='word_1_481' title='bbox 1059 1373 1153 1401; x_wconf 88' lang='lat' dir='ltr'><strong>neque</strong></span> <span class='ocrx_word' id='word_1_482' title='bbox 1168 1365 1354 1399; x_wconf 86' lang='lat' dir='ltr'><strong>mentientes,</strong></span> <span class='ocrx_word' id='word_1_483' title='bbox 1371 1374 1464 1402; x_wconf 82' lang='lat' dir='ltr'><strong>neque</strong></span> <span class='ocrx_word' id='word_1_484' title='bbox 1480 1367 1650 1394; x_wconf 89' lang='lat' dir='ltr'><strong>temerarios</strong></span> <span class='ocrx_word' id='word_1_485' title='bbox 1675 1366 1800 1394; x_wconf 85' lang='lat' dir='ltr'><strong>honores</strong></span> 
     </span>
    </p>
   </div>
   <div class='ocr_carea' id='block_1_73' title="bbox 978 1408 1802 1446">
    <p class='ocr_par' dir='ltr' id='par_1_73' title="bbox 978 1408 1802 1446">
     <span class='ocr_line' id='line_1_74' title="bbox 978 1408 1802 1446; baseline 0.002 -10"><span class='ocrx_word' id='word_1_486' title='bbox 978 1408 1087 1444; x_wconf 82' lang='lat' dir='ltr'><strong>dicant,</strong></span> <span class='ocrx_word' id='word_1_487' title='bbox 1104 1410 1235 1445; x_wconf 66' lang='lat' dir='ltr'><strong>quivere:</strong></span> <span class='ocrx_word' id='word_1_488' title='bbox 1258 1410 1408 1446; x_wconf 84' lang='lat' dir='ltr'><strong>religionis</strong></span> <span class='ocrx_word' id='word_1_489' title='bbox 1423 1410 1552 1438; x_wconf 89' lang='lat' dir='ltr'><strong>hominis</strong></span> <span class='ocrx_word' id='word_1_490' title='bbox 1580 1411 1668 1439; x_wconf 89' lang='lat' dir='ltr'><strong>etiam</strong></span> <span class='ocrx_word' id='word_1_491' title='bbox 1696 1410 1802 1439; x_wconf 87' lang='lat' dir='ltr'><strong>solem-</strong></span> 
     </span>
    </p>
   </div>
   <div class='ocr_carea' id='block_1_74' title="bbox 978 1453 1799 1491">
    <p class='ocr_par' dir='ltr' id='par_1_74' title="bbox 978 1453 1799 1491">
     <span class='ocr_line' id='line_1_75' title="bbox 978 1453 1799 1491; baseline 0.001 -10"><span class='ocrx_word' id='word_1_492' title='bbox 978 1453 1027 1480; x_wconf 86' lang='lat' dir='ltr'><strong>nia</strong></span> <span class='ocrx_word' id='word_1_493' title='bbox 1037 1462 1138 1482; x_wconf 87' lang='lat' dir='ltr'><strong>eorum</strong></span> <span class='ocrx_word' id='word_1_494' title='bbox 1154 1454 1333 1482; x_wconf 87' lang='lat' dir='ltr'><strong>conscientia</strong></span> <span class='ocrx_word' id='word_1_495' title='bbox 1349 1455 1458 1490; x_wconf 85' lang='lat' dir='ltr'><strong>potius,</strong></span> <span class='ocrx_word' id='word_1_496' title='bbox 1474 1463 1562 1491; x_wconf 88' lang='lat' dir='ltr'><strong>quam</strong></span> <span class='ocrx_word' id='word_1_497' title='bbox 1577 1454 1696 1483; x_wconf 85' lang='lat' dir='ltr'><strong>lascivia</strong></span> <span class='ocrx_word' id='word_1_498' title='bbox 1725 1454 1799 1482; x_wconf 86' lang='lat' dir='ltr'><strong>cele-</strong></span> 
     </span>
    </p>
   </div>
   <div class='ocr_carea' id='block_1_75' title="bbox 977 1498 1798 1536">
    <p class='ocr_par' dir='ltr' id='par_1_75' title="bbox 977 1498 1798 1536">
     <span class='ocr_line' id='line_1_76' title="bbox 977 1498 1798 1536; baseline 0.002 -11"><span class='ocrx_word' id='word_1_499' title='bbox 977 1498 1114 1526; x_wconf 84' lang='lat' dir='ltr'><strong>brant?«</strong></span> <span class='ocrx_word' id='word_1_500' title='bbox 1142 1499 1273 1534; x_wconf 87' lang='lat' dir='ltr'><strong>(Tertull.</strong></span> <span class='ocrx_word' id='word_1_501' title='bbox 1299 1500 1436 1535; x_wconf 81' lang='lat' dir='ltr'><strong>Apologet.</strong></span> <span class='ocrx_word' id='word_1_502' title='bbox 1466 1507 1529 1536; x_wconf 86' lang='lat' dir='ltr'><strong>cap.</strong></span> <span class='ocrx_word' id='word_1_503' title='bbox 1551 1500 1596 1533; x_wconf 86' lang='lat'><strong>35,</strong></span> <span class='ocrx_word' id='word_1_504' title='bbox 1627 1507 1694 1536; x_wconf 87' lang='lat' dir='ltr'><strong>pag.</strong></span> <span class='ocrx_word' id='word_1_505' title='bbox 1724 1498 1798 1535; x_wconf 74' lang='grc'><strong>452).</strong></span> 
     </span>
    </p>
   </div>
   <div class='ocr_carea' id='block_1_76' title="bbox 978 1543 1798 1579">
    <p class='ocr_par' dir='ltr' id='par_1_76' title="bbox 978 1543 1798 1579">
     <span class='ocr_line' id='line_1_77' title="bbox 978 1543 1798 1579; baseline 0.001 -9"><span class='ocrx_word' id='word_1_506' title='bbox 978 1543 1084 1570; x_wconf 92' lang='lat' dir='ltr'><strong>Totum</strong></span> <span class='ocrx_word' id='word_1_507' title='bbox 1099 1543 1190 1579; x_wconf 86' lang='lat' dir='ltr'><strong>igitur</strong></span> <span class='ocrx_word' id='word_1_508' title='bbox 1210 1544 1320 1579; x_wconf 86' lang='lat' dir='ltr'><strong>grande</strong></span> <span class='ocrx_word' id='word_1_509' title='bbox 1342 1544 1414 1571; x_wconf 90' lang='lat' dir='ltr'><strong>illud</strong></span> <span class='ocrx_word' id='word_1_510' title='bbox 1439 1543 1673 1572; x_wconf 87' lang='lat' dir='ltr'><strong>Christianorum</strong></span> <span class='ocrx_word' id='word_1_511' title='bbox 1702 1543 1798 1572; x_wconf 86' lang='lat' dir='ltr'><strong>scelus</strong></span> 
     </span>
    </p>
   </div>
   <div class='ocr_carea' id='block_1_77' title="bbox 977 1588 1798 1624">
    <p class='ocr_par' dir='ltr' id='par_1_77' title="bbox 977 1588 1798 1624">
     <span class='ocr_line' id='line_1_78' title="bbox 977 1588 1798 1624; baseline 0.002 -10"><span class='ocrx_word' id='word_1_512' title='bbox 977 1590 1048 1620; x_wconf 88' lang='lat' dir='ltr'><strong>erat,</strong></span> <span class='ocrx_word' id='word_1_513' title='bbox 1066 1588 1142 1623; x_wconf 93' lang='lat' dir='ltr'><strong>quod</strong></span> <span class='ocrx_word' id='word_1_514' title='bbox 1159 1588 1367 1624; x_wconf 88' lang='lat' dir='ltr'><strong>imperatorum</strong></span> <span class='ocrx_word' id='word_1_515' title='bbox 1384 1588 1526 1616; x_wconf 85' lang='lat' dir='ltr'><strong>solemnia</strong></span> <span class='ocrx_word' id='word_1_516' title='bbox 1542 1597 1595 1616; x_wconf 89' lang='lat' dir='ltr'><strong>suo</strong></span> <span class='ocrx_word' id='word_1_517' title='bbox 1610 1590 1725 1616; x_wconf 89' lang='lat' dir='ltr'><strong>tantum</strong></span> <span class='ocrx_word' id='word_1_518' title='bbox 1751 1588 1798 1624; x_wconf 89' lang='lat' dir='ltr'><strong>pio</strong></span> 
     </span>
    </p>
   </div>
   <div class='ocr_carea' id='block_1_78' title="bbox 978 1632 1797 1669">
    <p class='ocr_par' dir='ltr' id='par_1_78' title="bbox 978 1632 1797 1669">
     <span class='ocr_line' id='line_1_79' title="bbox 978 1632 1797 1669; baseline 0.001 -10"><span class='ocrx_word' id='word_1_519' title='bbox 978 1640 1010 1659; x_wconf 88' lang='lat' dir='ltr'><strong>ac</strong></span> <span class='ocrx_word' id='word_1_520' title='bbox 1027 1635 1138 1666; x_wconf 84' lang='lat' dir='ltr'><strong>sancto,</strong></span> <span class='ocrx_word' id='word_1_521' title='bbox 1156 1641 1213 1660; x_wconf 85' lang='lat' dir='ltr'><strong>non</strong></span> <span class='ocrx_word' id='word_1_522' title='bbox 1238 1633 1460 1668; x_wconf 89' lang='lat' dir='ltr'><strong>corruptissimo</strong></span> <span class='ocrx_word' id='word_1_523' title='bbox 1476 1633 1630 1669; x_wconf 86' lang='lat' dir='ltr'><strong>gentilium</strong></span> <span class='ocrx_word' id='word_1_524' title='bbox 1647 1632 1704 1660; x_wconf 89' lang='lat' dir='ltr'><strong>ritu</strong></span> <span class='ocrx_word' id='word_1_525' title='bbox 1732 1641 1797 1669; x_wconf 83' lang='lat' dir='ltr'><strong>age-</strong></span> 
     </span>
    </p>
   </div>
   <div class='ocr_carea' id='block_1_79' title="bbox 978 1678 1057 1705">
    <p class='ocr_par' dir='ltr' id='par_1_79' title="bbox 978 1678 1057 1705">
     <span class='ocr_line' id='line_1_80' title="bbox 978 1678 1057 1705; baseline -0.013 0"><span class='ocrx_word' id='word_1_526' title='bbox 978 1678 1057 1705; x_wconf 84' lang='lat' dir='ltr'><strong>bant.</strong></span> 
     </span>
    </p>
   </div>
   <div class='ocr_carea' id='block_1_80' title="bbox 1012 1721 1798 1758">
    <p class='ocr_par' dir='ltr' id='par_1_80' title="bbox 1012 1721 1798 1758">
     <span class='ocr_line' id='line_1_81' title="bbox 1012 1721 1798 1758; baseline 0.001 -9"><span class='ocrx_word' id='word_1_527' title='bbox 1012 1723 1079 1755; x_wconf 72' lang='lat' dir='ltr'><strong>Quae</strong></span> <span class='ocrx_word' id='word_1_528' title='bbox 1096 1724 1193 1750; x_wconf 84' lang='lat' dir='ltr'><strong>autem</strong></span> <span class='ocrx_word' id='word_1_529' title='bbox 1208 1722 1314 1750; x_wconf 84' lang='lat' dir='ltr'><strong>fuerint</strong></span> <span class='ocrx_word' id='word_1_530' title='bbox 1330 1730 1363 1750; x_wconf 90' lang='lat' dir='ltr'><strong>ea</strong></span> <span class='ocrx_word' id='word_1_531' title='bbox 1378 1722 1521 1750; x_wconf 89' lang='lat' dir='ltr'><strong>solemnia</strong></span> <span class='ocrx_word' id='word_1_532' title='bbox 1537 1721 1562 1750; x_wconf 89' lang='lat' dir='ltr'><strong>si</strong></span> <span class='ocrx_word' id='word_1_533' title='bbox 1578 1722 1643 1758; x_wconf 86' lang='lat' dir='ltr'><strong>quis</strong></span> <span class='ocrx_word' id='word_1_534' title='bbox 1670 1723 1798 1758; x_wconf 88' lang='lat' dir='ltr'><strong>primum</strong></span> 
     </span>
    </p>
   </div>
   <div class='ocr_carea' id='block_1_81' title="bbox 977 1766 1798 1803">
    <p class='ocr_par' dir='ltr' id='par_1_81' title="bbox 977 1766 1798 1803">
     <span class='ocr_line' id='line_1_82' title="bbox 977 1766 1798 1803; baseline 0.001 -9"><span class='ocrx_word' id='word_1_535' title='bbox 977 1766 1051 1794; x_wconf 88' lang='lat' dir='ltr'><strong>scire</strong></span> <span class='ocrx_word' id='word_1_536' title='bbox 1064 1770 1156 1802; x_wconf 86' lang='lat' dir='ltr'><strong>aveat,</strong></span> <span class='ocrx_word' id='word_1_537' title='bbox 1172 1767 1196 1794; x_wconf 85' lang='lat' dir='ltr'><strong>is</strong></span> <span class='ocrx_word' id='word_1_538' title='bbox 1213 1767 1382 1795; x_wconf 85' lang='lat' dir='ltr'><strong>meminisse</strong></span> <span class='ocrx_word' id='word_1_539' title='bbox 1399 1767 1485 1795; x_wconf 89' lang='lat' dir='ltr'><strong>debet</strong></span> <span class='ocrx_word' id='word_1_540' title='bbox 1495 1767 1556 1794; x_wconf 61' lang='lat' dir='ltr'><strong>haec</strong></span> <span class='ocrx_word' id='word_1_541' title='bbox 1567 1767 1603 1794; x_wconf 87' lang='lat' dir='ltr'><strong>ab</strong></span> <span class='ocrx_word' id='word_1_542' title='bbox 1628 1767 1692 1803; x_wconf 88' lang='lat' dir='ltr'><strong>ipso</strong></span> <span class='ocrx_word' id='word_1_543' title='bbox 1720 1769 1798 1795; x_wconf 75' lang='lat' dir='ltr'><strong>Auc-</strong></span> 
     </span>
    </p>
   </div>
   <div class='ocr_carea' id='block_1_82' title="bbox 978 1811 1800 1847">
    <p class='ocr_par' dir='ltr' id='par_1_82' title="bbox 978 1811 1800 1847">
     <span class='ocr_line' id='line_1_83' title="bbox 978 1811 1800 1847; baseline 0.001 -9"><span class='ocrx_word' id='word_1_544' title='bbox 978 1814 1038 1839; x_wconf 89' lang='lat' dir='ltr'><strong>tore</strong></span> <span class='ocrx_word' id='word_1_545' title='bbox 1054 1814 1154 1838; x_wconf 88' lang='lat' dir='ltr'><strong>nostro</strong></span> <span class='ocrx_word' id='word_1_546' title='bbox 1176 1811 1315 1847; x_wconf 84' lang='lat' dir='ltr'><strong>appellari</strong></span> <span class='ocrx_word' id='word_1_547' title='bbox 1337 1812 1468 1839; x_wconf 79' lang='lat' dir='ltr'><strong>solemnes</strong></span> <span class='ocrx_word' id='word_1_548' title='bbox 1495 1812 1551 1839; x_wconf 75' lang='lat' dir='ltr'><strong>dies</strong></span> <span class='ocrx_word' id='word_1_549' title='bbox 1571 1812 1741 1847; x_wconf 77' lang='lat' dir='ltr'><strong>principum,</strong></span> <span class='ocrx_word' id='word_1_550' title='bbox 1767 1821 1800 1840; x_wconf 80' lang='lat' dir='ltr'><strong>ac</strong></span> 
     </span>
    </p>
   </div>
   <div class='ocr_carea' id='block_1_83' title="bbox 977 1855 1798 1892">
    <p class='ocr_par' dir='ltr' id='par_1_83' title="bbox 977 1855 1798 1892">
     <span class='ocr_line' id='line_1_84' title="bbox 977 1855 1798 1892; baseline 0.001 -9"><span class='ocrx_word' id='word_1_551' title='bbox 977 1861 1037 1884; x_wconf 85' lang='lat' dir='ltr'><strong>vota</strong></span> <span class='ocrx_word' id='word_1_552' title='bbox 1052 1860 1077 1884; x_wconf 74' lang='lat' dir='ltr'><strong>et</strong></span> <span class='ocrx_word' id='word_1_553' title='bbox 1091 1856 1192 1891; x_wconf 85' lang='lat' dir='ltr'><strong>gaudia</strong></span> <span class='ocrx_word' id='word_1_554' title='bbox 1209 1855 1347 1883; x_wconf 67' lang='lat' dir='ltr'><strong>Caesarum</strong></span> <span class='ocrx_word' id='word_1_555' title='bbox 1367 1856 1469 1892; x_wconf 62' lang='lat' dir='ltr'><strong>(Ibid),</strong></span> <span class='ocrx_word' id='word_1_556' title='bbox 1497 1864 1560 1892; x_wconf 80' lang='lat' dir='ltr'><strong>quas</strong></span> <span class='ocrx_word' id='word_1_557' title='bbox 1590 1856 1724 1884; x_wconf 85' lang='lat' dir='ltr'><strong>solebant</strong></span> <span class='ocrx_word' id='word_1_558' title='bbox 1750 1865 1798 1884; x_wconf 87' lang='lat' dir='ltr'><strong>va-</strong></span> 
     </span>
    </p>
   </div>
   <div class='ocr_carea' id='block_1_84' title="bbox 976 1900 1798 1937">
    <p class='ocr_par' dir='ltr' id='par_1_84' title="bbox 976 1900 1798 1937">
     <span class='ocr_line' id='line_1_85' title="bbox 976 1900 1798 1937; baseline 0.001 -9"><span class='ocrx_word' id='word_1_559' title='bbox 976 1901 1028 1928; x_wconf 85' lang='lat' dir='ltr'><strong>riis</strong></span> <span class='ocrx_word' id='word_1_560' title='bbox 1059 1901 1241 1936; x_wconf 84' lang='lat' dir='ltr'><strong>temporibus</strong></span> <span class='ocrx_word' id='word_1_561' title='bbox 1278 1900 1426 1929; x_wconf 86' lang='lat' dir='ltr'><strong>celebrari.</strong></span> <span class='ocrx_word' id='word_1_562' title='bbox 1457 1901 1530 1929; x_wconf 89' lang='lat' dir='ltr'><strong>Nam</strong></span> <span class='ocrx_word' id='word_1_563' title='bbox 1560 1901 1686 1937; x_wconf 87' lang='lat' dir='ltr'><strong>singulis</strong></span> <span class='ocrx_word' id='word_1_564' title='bbox 1712 1901 1798 1929; x_wconf 86' lang='lat' dir='ltr'><strong>annis</strong></span> 
     </span>
    </p>
   </div>
   <div class='ocr_carea' id='block_1_85' title="bbox 973 1945 1798 1982">
    <p class='ocr_par' dir='ltr' id='par_1_85' title="bbox 973 1945 1798 1982">
     <span class='ocr_line' id='line_1_86' title="bbox 973 1945 1798 1982; baseline 0.001 -9"><span class='ocrx_word' id='word_1_565' title='bbox 973 1949 1034 1982; x_wconf 81' lang='lat' dir='ltr'><strong>post</strong></span> <span class='ocrx_word' id='word_1_566' title='bbox 1047 1945 1176 1973; x_wconf 72' lang='lat' dir='ltr'><strong>calendas</strong></span> <span class='ocrx_word' id='word_1_567' title='bbox 1187 1946 1338 1981; x_wconf 76' lang='lat' dir='ltr'><strong>januarias</strong></span> <span class='ocrx_word' id='word_1_568' title='bbox 1354 1945 1398 1973; x_wconf 79' lang='lat' dir='ltr'><strong>die</strong></span> <span class='ocrx_word' id='word_1_569' title='bbox 1418 1948 1509 1980; x_wconf 83' lang='lat' dir='ltr'><strong>tertio,</strong></span> <span class='ocrx_word' id='word_1_570' title='bbox 1527 1946 1613 1974; x_wconf 90' lang='lat' dir='ltr'><strong>sicuti</strong></span> <span class='ocrx_word' id='word_1_571' title='bbox 1630 1945 1671 1974; x_wconf 87' lang='lat' dir='ltr'><strong>ait</strong></span> <span class='ocrx_word' id='word_1_572' title='bbox 1698 1945 1798 1976; x_wconf 83' lang='lat' dir='ltr'><strong>Caius.</strong></span> 
     </span>
    </p>
   </div>
   <div class='ocr_carea' id='block_1_86' title="bbox 974 1990 1797 2026">
    <p class='ocr_par' dir='ltr' id='par_1_86' title="bbox 974 1990 1797 2026">
     <span class='ocr_line' id='line_1_87' title="bbox 974 1990 1797 2026; baseline 0 -9"><span class='ocrx_word' id='word_1_573' title='bbox 974 1998 1023 2026; x_wconf 87' lang='lat' dir='ltr'><strong>pro</strong></span> <span class='ocrx_word' id='word_1_574' title='bbox 1039 1991 1127 2018; x_wconf 77' lang='lat' dir='ltr'><strong>salute</strong></span> <span class='ocrx_word' id='word_1_575' title='bbox 1140 1991 1296 2026; x_wconf 77' lang='lat' dir='ltr'><strong>principum</strong></span> <span class='ocrx_word' id='word_1_576' title='bbox 1308 1995 1370 2019; x_wconf 77' lang='lat' dir='ltr'><strong>vota</strong></span> <span class='ocrx_word' id='word_1_577' title='bbox 1383 1991 1572 2026; x_wconf 78' lang='lat' dir='ltr'><strong>suscipiuntur</strong></span> <span class='ocrx_word' id='word_1_578' title='bbox 1587 1990 1759 2026; x_wconf 75' lang='lat' dir='ltr'><strong>(DigestJib.</strong></span> <span class='ocrx_word' id='word_1_579' title='bbox 1777 1999 1797 2023; x_wconf 84' lang='lat'><strong>1,</strong></span> 
     </span>
    </p>
   </div>
   <div class='ocr_carea' id='block_1_87' title="bbox 974 2035 1797 2071">
    <p class='ocr_par' dir='ltr' id='par_1_87' title="bbox 974 2035 1797 2071">
     <span class='ocr_line' id='line_1_88' title="bbox 974 2035 1797 2071; baseline 0 -9"><span class='ocrx_word' id='word_1_580' title='bbox 974 2035 1018 2062; x_wconf 91' lang='lat' dir='ltr'><strong>tit.</strong></span> <span class='ocrx_word' id='word_1_581' title='bbox 1036 2035 1079 2068; x_wconf 87' lang='grc'><strong>16,</strong></span> <span class='ocrx_word' id='word_1_582' title='bbox 1098 2035 1152 2070; x_wconf 72' lang='lat' dir='ltr'><strong>leg.</strong></span> <span class='ocrx_word' id='word_1_583' title='bbox 1181 2036 1244 2071; x_wconf 79' lang='lat'>233)</span> <span class='ocrx_word' id='word_1_584' title='bbox 1275 2044 1280 2063; x_wconf 92' lang='lat'>:</span> <span class='ocrx_word' id='word_1_585' title='bbox 1298 2035 1353 2070; x_wconf 88' lang='lat' dir='ltr'><strong>vel,</strong></span> <span class='ocrx_word' id='word_1_586' title='bbox 1384 2035 1631 2070; x_wconf 86' lang='lat' dir='ltr'><strong>quemadmodum</strong></span> <span class='ocrx_word' id='word_1_587' title='bbox 1654 2035 1715 2069; x_wconf 86' lang='lat' dir='ltr'><strong>ipse</strong></span> <span class='ocrx_word' id='word_1_588' title='bbox 1729 2035 1797 2062; x_wconf 86' lang='lat' dir='ltr'><strong>Ter-</strong></span> 
     </span>
    </p>
   </div>
   <div class='ocr_carea' id='block_1_88' title="bbox 974 2079 1798 2115">
    <p class='ocr_par' dir='ltr' id='par_1_88' title="bbox 974 2079 1798 2115">
     <span class='ocr_line' id='line_1_89' title="bbox 974 2079 1798 2115; baseline -0.001 -8"><span class='ocrx_word' id='word_1_589' title='bbox 974 2079 1177 2107; x_wconf 85' lang='lat' dir='ltr'><strong>tulliauus.ad</strong></span> <span class='ocrx_word' id='word_1_590' title='bbox 1194 2080 1278 2108; x_wconf 71' lang='lat' dir='ltr'><strong>Uxor.</strong></span> <span class='ocrx_word' id='word_1_591' title='bbox 1309 2088 1372 2115; x_wconf 89' lang='lat' dir='ltr'><strong>cap,</strong></span> <span class='ocrx_word' id='word_1_592' title='bbox 1401 2080 1439 2113; x_wconf 83' lang='lat'><strong>6).</strong></span> <span class='ocrx_word' id='word_1_593' title='bbox 1471 2081 1608 2106; x_wconf 81' lang='lat' dir='ltr'><strong>Praeterea</strong></span> <span class='ocrx_word' id='word_1_594' title='bbox 1636 2079 1798 2113; x_wconf 79' lang='lat' dir='ltr'><strong>agebantur</strong></span> 
     </span>
    </p>
   </div>
   <div class='ocr_carea' id='block_1_89' title="bbox 975 2124 1796 2160">
    <p class='ocr_par' dir='ltr' id='par_1_89' title="bbox 975 2124 1796 2160">
     <span class='ocr_line' id='line_1_90' title="bbox 975 2124 1796 2160; baseline 0 -9"><span class='ocrx_word' id='word_1_595' title='bbox 975 2124 1133 2160; x_wconf 86' lang='lat' dir='ltr'><strong>quotannis</strong></span> <span class='ocrx_word' id='word_1_596' title='bbox 1163 2124 1264 2159; x_wconf 85' lang='lat' dir='ltr'><strong>natali,</strong></span> <span class='ocrx_word' id='word_1_597' title='bbox 1290 2125 1349 2152; x_wconf 88' lang='lat' dir='ltr'><strong>sive</strong></span> <span class='ocrx_word' id='word_1_598' title='bbox 1365 2124 1427 2160; x_wconf 84' lang='lat' dir='ltr'><strong>ipso</strong></span> <span class='ocrx_word' id='word_1_599' title='bbox 1443 2124 1488 2151; x_wconf 92' lang='lat' dir='ltr'><strong>die</strong></span> <span class='ocrx_word' id='word_1_600' title='bbox 1504 2132 1561 2159; x_wconf 90' lang='lat' dir='ltr'><strong>quo</strong></span> <span class='ocrx_word' id='word_1_601' title='bbox 1577 2124 1663 2151; x_wconf 83' lang='lat' dir='ltr'><strong>creati</strong></span> <span class='ocrx_word' id='word_1_602' title='bbox 1680 2124 1796 2152; x_wconf 81' lang='lat' dir='ltr'><strong>fuerant</strong></span> 
     </span>
    </p>
   </div>
   <div class='ocr_carea' id='block_1_90' title="bbox 974 2168 1795 2205">
    <p class='ocr_par' dir='ltr' id='par_1_90' title="bbox 974 2168 1795 2205">
     <span class='ocr_line' id='line_1_91' title="bbox 974 2168 1795 2205; baseline 0 -9"><span class='ocrx_word' id='word_1_603' title='bbox 974 2169 1175 2204; x_wconf 82' lang='lat' dir='ltr'><strong>imperatores,</strong></span> <span class='ocrx_word' id='word_1_604' title='bbox 1188 2177 1221 2196; x_wconf 87' lang='lat' dir='ltr'><strong>ac</strong></span> <span class='ocrx_word' id='word_1_605' title='bbox 1235 2169 1417 2205; x_wconf 84' lang='lat' dir='ltr'><strong>potissimum</strong></span> <span class='ocrx_word' id='word_1_606' title='bbox 1431 2169 1544 2205; x_wconf 88' lang='lat' dir='ltr'><strong>quinto,</strong></span> <span class='ocrx_word' id='word_1_607' title='bbox 1562 2169 1685 2201; x_wconf 88' lang='lat' dir='ltr'><strong>decimo,</strong></span> <span class='ocrx_word' id='word_1_608' title='bbox 1710 2168 1795 2204; x_wconf 89' lang='lat' dir='ltr'><strong>quin-</strong></span> 
     </span>
    </p>
   </div>
   <div class='ocr_carea' id='block_1_91' title="bbox 974 2213 1794 2249">
    <p class='ocr_par' dir='ltr' id='par_1_91' title="bbox 974 2213 1794 2249">
     <span class='ocr_line' id='line_1_92' title="bbox 974 2213 1794 2249; baseline 0 -9"><span class='ocrx_word' id='word_1_609' title='bbox 974 2213 1169 2246; x_wconf 86' lang='lat' dir='ltr'><strong>todecimo,et</strong></span> <span class='ocrx_word' id='word_1_610' title='bbox 1183 2213 1321 2241; x_wconf 84' lang='lat' dir='ltr'><strong>vicesimo</strong></span> <span class='ocrx_word' id='word_1_611' title='bbox 1338 2213 1444 2241; x_wconf 89' lang='lat' dir='ltr'><strong>abhinc</strong></span> <span class='ocrx_word' id='word_1_612' title='bbox 1472 2221 1558 2240; x_wconf 89' lang='lat' dir='ltr'><strong>anno.</strong></span> <span class='ocrx_word' id='word_1_613' title='bbox 1585 2213 1650 2245; x_wconf 79' lang='lat' dir='ltr'><strong>Quae</strong></span> <span class='ocrx_word' id='word_1_614' title='bbox 1676 2213 1794 2249; x_wconf 85' lang='lat' dir='ltr'><strong>quidem</strong></span> 
     </span>
    </p>
   </div>
   <div class='ocr_carea' id='block_1_92' title="bbox 973 2257 1794 2293">
    <p class='ocr_par' dir='ltr' id='par_1_92' title="bbox 973 2257 1794 2293">
     <span class='ocr_line' id='line_1_93' title="bbox 973 2257 1794 2293; baseline 0 -8"><span class='ocrx_word' id='word_1_615' title='bbox 973 2258 1046 2285; x_wconf 79' lang='lat' dir='ltr'><strong>festa</strong></span> <span class='ocrx_word' id='word_1_616' title='bbox 1063 2258 1306 2293; x_wconf 78' lang='lat' dir='ltr'><strong>quinquennalia,</strong></span> <span class='ocrx_word' id='word_1_617' title='bbox 1328 2257 1508 2290; x_wconf 84' lang='lat' dir='ltr'><strong>docennalia,</strong></span> <span class='ocrx_word' id='word_1_618' title='bbox 1540 2257 1794 2293; x_wconf 77' lang='lat' dir='ltr'><strong>quindecennalia,</strong></span> 
     </span>
    </p>
   </div>
   <div class='ocr_carea' id='block_1_93' title="bbox 974 2302 1796 2330">
    <p class='ocr_par' dir='ltr' id='par_1_93' title="bbox 974 2302 1796 2330">
     <span class='ocr_line' id='line_1_94' title="bbox 974 2302 1796 2330; baseline 0 -1"><span class='ocrx_word' id='word_1_619' title='bbox 974 2304 1002 2329; x_wconf 84' lang='lat' dir='ltr'><strong>et</strong></span> <span class='ocrx_word' id='word_1_620' title='bbox 1015 2302 1176 2330; x_wconf 85' lang='lat' dir='ltr'><strong>vicennalia</strong></span> <span class='ocrx_word' id='word_1_621' title='bbox 1202 2303 1390 2330; x_wconf 84' lang='lat' dir='ltr'><strong>vocabantur.</strong></span> <span class='ocrx_word' id='word_1_622' title='bbox 1411 2305 1447 2329; x_wconf 85' lang='lat' dir='ltr'><strong>De</strong></span> <span class='ocrx_word' id='word_1_623' title='bbox 1463 2302 1508 2329; x_wconf 80' lang='lat' dir='ltr'><strong>his</strong></span> <span class='ocrx_word' id='word_1_624' title='bbox 1534 2305 1631 2329; x_wconf 85' lang='lat' dir='ltr'><strong>autem</strong></span> <span class='ocrx_word' id='word_1_625' title='bbox 1663 2311 1716 2330; x_wconf 89' lang='lat' dir='ltr'><strong>nos</strong></span> <span class='ocrx_word' id='word_1_626' title='bbox 1745 2302 1796 2329; x_wconf 87' lang='lat' dir='ltr'><strong>ali-</strong></span> 
     </span>
    </p>
   </div>
   <div class='ocr_carea' id='block_1_94' title="bbox 95 2343 1794 2382">
    <p class='ocr_par' dir='ltr' id='par_1_94' title="bbox 95 2343 1794 2382">
     <span class='ocr_line' id='line_1_95' title="bbox 95 2343 1794 2382; baseline 0.002 -10"><span class='ocrx_word' id='word_1_627' title='bbox 95 2347 180 2373; x_wconf 83' lang='lat' dir='ltr'><strong>metsi</strong></span> <span class='ocrx_word' id='word_1_628' title='bbox 197 2346 330 2374; x_wconf 89' lang='lat' dir='ltr'><strong>omnium</strong></span> <span class='ocrx_word' id='word_1_629' title='bbox 346 2346 477 2373; x_wconf 82' lang='lat' dir='ltr'><strong>codicum</strong></span> <span class='ocrx_word' id='word_1_630' title='bbox 495 2346 666 2372; x_wconf 80' lang='lat' dir='ltr'><strong>auctoritate</strong></span> <span class='ocrx_word' id='word_1_631' title='bbox 680 2347 819 2379; x_wconf 85' lang='lat' dir='ltr'><strong>munitas,</strong></span> <span class='ocrx_word' id='word_1_632' title='bbox 842 2346 918 2381; x_wconf 87' lang='lat' dir='ltr'><strong>peni-</strong></span> <span class='ocrx_word' id='word_1_633' title='bbox 933 2343 960 2376; x_wconf 85' lang='lat' dir='ltr'><strong>D</strong></span> <span class='ocrx_word' id='word_1_634' title='bbox 974 2348 1040 2382; x_wconf 89' lang='lat' dir='ltr'><strong>quid</strong></span> <span class='ocrx_word' id='word_1_635' title='bbox 1059 2347 1285 2382; x_wconf 84' lang='lat' dir='ltr'><strong>perstrinximus</strong></span> <span class='ocrx_word' id='word_1_636' title='bbox 1296 2347 1352 2374; x_wconf 83' lang='lat' dir='ltr'><strong>alia</strong></span> <span class='ocrx_word' id='word_1_637' title='bbox 1372 2347 1400 2374; x_wconf 88' lang='lat' dir='ltr'><strong>in</strong></span> <span class='ocrx_word' id='word_1_638' title='bbox 1418 2347 1622 2374; x_wconf 77' lang='lat' dir='ltr'><strong>dissertatione</strong></span> <span class='ocrx_word' id='word_1_639' title='bbox 1643 2348 1794 2376; x_wconf 76' lang='lat' dir='ltr'><strong>(Disscrlal.</strong></span> 
     </span>
    </p>
   </div>
   <div class='ocr_carea' id='block_1_95' title="bbox 92 2390 916 2426">
    <p class='ocr_par' dir='ltr' id='par_1_95' title="bbox 92 2390 916 2426">
     <span class='ocr_line' id='line_1_96' title="bbox 92 2390 916 2426; baseline -0.001 -8"><span class='ocrx_word' id='word_1_640' title='bbox 92 2394 143 2418; x_wconf 78' lang='lat' dir='ltr'><strong>tos</strong></span> <span class='ocrx_word' id='word_1_641' title='bbox 159 2391 267 2418; x_wconf 88' lang='lat' dir='ltr'><strong>omisit.</strong></span> <span class='ocrx_word' id='word_1_642' title='bbox 286 2393 322 2417; x_wconf 88' lang='lat' dir='ltr'><strong>At</strong></span> <span class='ocrx_word' id='word_1_643' title='bbox 338 2390 410 2418; x_wconf 86' lang='lat' dir='ltr'><strong>illud</strong></span> <span class='ocrx_word' id='word_1_644' title='bbox 432 2391 551 2417; x_wconf 84' lang='lat' dir='ltr'><strong>verbum</strong></span> <span class='ocrx_word' id='word_1_645' title='bbox 577 2391 707 2426; x_wconf 69' lang='lat' dir='ltr'><strong>putaretis</strong></span> <span class='ocrx_word' id='word_1_646' title='bbox 734 2390 916 2424; x_wconf 81' lang='lat' dir='ltr'><strong>Tertulliani,</strong></span> 
     </span>
    </p>
   </div>
   <div class='ocr_carea' id='block_1_96' title="bbox 91 2435 916 2471">
    <p class='ocr_par' dir='ltr' id='par_1_96' title="bbox 91 2435 916 2471">
     <span class='ocr_line' id='line_1_97' title="bbox 91 2435 916 2471; baseline 0.001 -9"><span class='ocrx_word' id='word_1_647' title='bbox 91 2436 200 2470; x_wconf 88' lang='lat' dir='ltr'><strong>inquit,</strong></span> <span class='ocrx_word' id='word_1_648' title='bbox 219 2435 328 2471; x_wconf 81' lang='lat' dir='ltr'><strong>stylum</strong></span> <span class='ocrx_word' id='word_1_649' title='bbox 345 2436 430 2471; x_wconf 86' lang='lat' dir='ltr'><strong>sapit.</strong></span> <span class='ocrx_word' id='word_1_650' title='bbox 451 2435 599 2470; x_wconf 87' lang='lat' dir='ltr'><strong>Numquid</strong></span> <span class='ocrx_word' id='word_1_651' title='bbox 627 2444 692 2463; x_wconf 87' lang='lat' dir='ltr'><strong>vero</strong></span> <span class='ocrx_word' id='word_1_652' title='bbox 716 2435 778 2462; x_wconf 72' lang='lat' dir='ltr'><strong>aliae</strong></span> <span class='ocrx_word' id='word_1_653' title='bbox 803 2444 916 2471; x_wconf 87' lang='lat' dir='ltr'><strong>omnes,</strong></span> 
     </span>
    </p>
   </div>
   <div class='ocr_carea' id='block_1_97' title="bbox 92 2479 917 2516">
    <p class='ocr_par' dir='ltr' id='par_1_97' title="bbox 92 2479 917 2516">
     <span class='ocr_line' id='line_1_98' title="bbox 92 2479 917 2516; baseline 0.002 -10"><span class='ocrx_word' id='word_1_654' title='bbox 92 2489 168 2515; x_wconf 86' lang='lat' dir='ltr'><strong>quas</strong></span> <span class='ocrx_word' id='word_1_655' title='bbox 183 2480 380 2515; x_wconf 79' lang='lat' dir='ltr'><strong>praetermisit,</strong></span> <span class='ocrx_word' id='word_1_656' title='bbox 410 2480 548 2508; x_wconf 88' lang='lat' dir='ltr'><strong>lectiones</strong></span> <span class='ocrx_word' id='word_1_657' title='bbox 578 2479 657 2507; x_wconf 89' lang='lat' dir='ltr'><strong>illius</strong></span> <span class='ocrx_word' id='word_1_658' title='bbox 678 2480 787 2516; x_wconf 79' lang='lat' dir='ltr'><strong>stylum</strong></span> <span class='ocrx_word' id='word_1_659' title='bbox 819 2481 917 2508; x_wconf 88' lang='lat' dir='ltr'><strong>minus</strong></span> 
     </span>
    </p>
   </div>
   <div class='ocr_carea' id='block_1_98' title="bbox 91 2524 916 2559">
    <p class='ocr_par' dir='ltr' id='par_1_98' title="bbox 91 2524 916 2559">
     <span class='ocr_line' id='line_1_99' title="bbox 91 2524 916 2559; baseline 0.001 -7"><span class='ocrx_word' id='word_1_660' title='bbox 91 2524 240 2559; x_wconf 82' lang='lat' dir='ltr'><strong>sapiunt?</strong></span> <span class='ocrx_word' id='word_1_661' title='bbox 256 2527 345 2551; x_wconf 88' lang='lat' dir='ltr'><strong>Nemo</strong></span> <span class='ocrx_word' id='word_1_662' title='bbox 362 2533 442 2557; x_wconf 86' lang='lat' dir='ltr'><strong>sane,</strong></span> <span class='ocrx_word' id='word_1_663' title='bbox 460 2533 512 2551; x_wconf 88' lang='lat' dir='ltr'><strong>neo</strong></span> <span class='ocrx_word' id='word_1_664' title='bbox 527 2524 590 2559; x_wconf 85' lang='lat' dir='ltr'><strong>ipse</strong></span> <span class='ocrx_word' id='word_1_665' title='bbox 606 2525 760 2559; x_wconf 83' lang='lat' dir='ltr'><strong>Rigaltius,</strong></span> <span class='ocrx_word' id='word_1_666' title='bbox 783 2525 811 2552; x_wconf 91' lang='lat' dir='ltr'><strong>id</strong></span> <span class='ocrx_word' id='word_1_667' title='bbox 842 2526 916 2553; x_wconf 88' lang='lat' dir='ltr'><strong>serio</strong></span> 
     </span>
    </p>
   </div>
   <div class='ocr_carea' id='block_1_99' title="bbox 91 2568 915 2604">
    <p class='ocr_par' dir='ltr' id='par_1_99' title="bbox 91 2568 915 2604">
     <span class='ocr_line' id='line_1_100' title="bbox 91 2568 915 2604; baseline 0.001 -8"><span class='ocrx_word' id='word_1_668' title='bbox 91 2570 241 2597; x_wconf 80' lang='lat' dir='ltr'><strong>uilirmare</strong></span> <span class='ocrx_word' id='word_1_669' title='bbox 256 2569 385 2596; x_wconf 87' lang='lat' dir='ltr'><strong>audebit.</strong></span> <span class='ocrx_word' id='word_1_670' title='bbox 398 2569 438 2595; x_wconf 85' lang='lat' dir='ltr'><strong>Ad</strong></span> <span class='ocrx_word' id='word_1_671' title='bbox 455 2568 515 2595; x_wconf 70' lang='lat' dir='ltr'><strong>haec</strong></span> <span class='ocrx_word' id='word_1_672' title='bbox 531 2569 727 2604; x_wconf 83' lang='lat' dir='ltr'><strong>vero,vulgata</strong></span> <span class='ocrx_word' id='word_1_673' title='bbox 742 2573 915 2597; x_wconf 90' lang='lat' dir='ltr'><strong>cunctorum</strong></span> 
     </span>
    </p>
   </div>
   <div class='ocr_carea' id='block_1_100' title="bbox 90 2613 915 2648">
    <p class='ocr_par' dir='ltr' id='par_1_100' title="bbox 90 2613 915 2648">
     <span class='ocr_line' id='line_1_101' title="bbox 90 2613 915 2648; baseline 0 -6"><span class='ocrx_word' id='word_1_674' title='bbox 90 2614 154 2642; x_wconf 85' lang='lat' dir='ltr'><strong>solo</strong></span> <span class='ocrx_word' id='word_1_675' title='bbox 177 2613 313 2641; x_wconf 81' lang='lat' dir='ltr'><strong>Fuldensi</strong></span> <span class='ocrx_word' id='word_1_676' title='bbox 329 2616 457 2648; x_wconf 85' lang='lat' dir='ltr'><strong>excepto,</strong></span> <span class='ocrx_word' id='word_1_677' title='bbox 475 2613 616 2640; x_wconf 82' lang='lat' dir='ltr'><strong>librorum</strong></span> <span class='ocrx_word' id='word_1_678' title='bbox 635 2613 729 2648; x_wconf 80' lang='lat' dir='ltr'><strong>lectio,</strong></span> <span class='ocrx_word' id='word_1_679' title='bbox 743 2623 799 2641; x_wconf 88' lang='lat' dir='ltr'><strong>non</strong></span> <span class='ocrx_word' id='word_1_680' title='bbox 818 2615 915 2643; x_wconf 87' lang='lat' dir='ltr'><strong>minus</strong></span> 
     </span>
    </p>
   </div>
   <div class='ocr_carea' id='block_1_101' title="bbox 88 2658 913 2692">
    <p class='ocr_par' dir='ltr' id='par_1_101' title="bbox 88 2658 913 2692">
     <span class='ocr_line' id='line_1_102' title="bbox 88 2658 913 2692; baseline 0 -5"><span class='ocrx_word' id='word_1_681' title='bbox 88 2659 289 2687; x_wconf 76' lang='lat' dir='ltr'><strong>Turtullianea</strong></span> <span class='ocrx_word' id='word_1_682' title='bbox 305 2661 359 2692; x_wconf 86' lang='lat' dir='ltr'><strong>est,</strong></span> <span class='ocrx_word' id='word_1_683' title='bbox 375 2658 569 2692; x_wconf 87' lang='lat' dir='ltr'><strong>eumdemque</strong></span> <span class='ocrx_word' id='word_1_684' title='bbox 584 2666 703 2685; x_wconf 80' lang='lat' dir='ltr'><strong>sensum</strong></span> <span class='ocrx_word' id='word_1_685' title='bbox 720 2658 797 2686; x_wconf 90' lang='lat' dir='ltr'><strong>hunc</strong></span> <span class='ocrx_word' id='word_1_686' title='bbox 806 2660 913 2687; x_wconf 77' lang='lat' dir='ltr'><strong>efficit:</strong></span> 
     </span>
    </p>
   </div>
   <div class='ocr_carea' id='block_1_102' title="bbox 87 2702 914 2739">
    <p class='ocr_par' dir='ltr' id='par_1_102' title="bbox 87 2702 914 2739">
     <span class='ocr_line' id='line_1_103' title="bbox 87 2702 914 2739; baseline 0 -8"><span class='ocrx_word' id='word_1_687' title='bbox 87 2705 152 2732; x_wconf 77' lang='lat' dir='ltr'><strong>Nisi</strong></span> <span class='ocrx_word' id='word_1_688' title='bbox 167 2703 323 2732; x_wconf 83' lang='lat' dir='ltr'><strong>Christiani</strong></span> <span class='ocrx_word' id='word_1_689' title='bbox 341 2703 474 2738; x_wconf 64' lang='lat' dir='ltr'><strong>fugerent</strong></span> <span class='ocrx_word' id='word_1_690' title='bbox 493 2702 650 2735; x_wconf 69' lang='lat' dir='ltr'><strong>daemones,</strong></span> <span class='ocrx_word' id='word_1_691' title='bbox 675 2712 796 2739; x_wconf 82' lang='lat' dir='ltr'><strong>corpora</strong></span> <span class='ocrx_word' id='word_1_692' title='bbox 821 2705 914 2739; x_wconf 82' lang='lat' dir='ltr'><strong>genti-</strong></span> 
     </span>
    </p>
   </div>
   <div class='ocr_carea' id='block_1_103' title="bbox 89 2748 913 2784">
    <p class='ocr_par' dir='ltr' id='par_1_103' title="bbox 89 2748 913 2784">
     <span class='ocr_line' id='line_1_104' title="bbox 89 2748 913 2784; baseline 0 -8"><span class='ocrx_word' id='word_1_693' title='bbox 89 2750 164 2777; x_wconf 90' lang='lat' dir='ltr'><strong>lium</strong></span> <span class='ocrx_word' id='word_1_694' title='bbox 180 2751 321 2783; x_wconf 83' lang='lat' dir='ltr'><strong>tanquam</strong></span> <span class='ocrx_word' id='word_1_695' title='bbox 339 2756 428 2775; x_wconf 81' lang='lat' dir='ltr'><strong>vacua</strong></span> <span class='ocrx_word' id='word_1_696' title='bbox 445 2748 591 2783; x_wconf 74' lang='lat' dir='ltr'><strong>possessio</strong></span> <span class='ocrx_word' id='word_1_697' title='bbox 605 2748 669 2774; x_wconf 79' lang='lat' dir='ltr'><strong>istis</strong></span> <span class='ocrx_word' id='word_1_698' title='bbox 682 2749 716 2774; x_wconf 85' lang='lat' dir='ltr'><strong>ad</strong></span> <span class='ocrx_word' id='word_1_699' title='bbox 731 2748 846 2775; x_wconf 84' lang='lat' dir='ltr'><strong>libitum</strong></span> <span class='ocrx_word' id='word_1_700' title='bbox 864 2758 913 2784; x_wconf 85' lang='lat' dir='ltr'><strong>pa-</strong></span> 
     </span>
    </p>
   </div>
   <div class='ocr_carea' id='block_1_104' title="bbox 90 2796 177 2821">
    <p class='ocr_par' dir='ltr' id='par_1_104' title="bbox 90 2796 177 2821">
     <span class='ocr_line' id='line_1_105' title="bbox 90 2796 177 2821; baseline -0.011 0"><span class='ocrx_word' id='word_1_701' title='bbox 90 2796 177 2821; x_wconf 82' lang='lat' dir='ltr'><strong>teret.</strong></span> 
     </span>
    </p>
   </div>
   <div class='ocr_carea' id='block_1_105' title="bbox 125 2837 912 2869">
    <p class='ocr_par' dir='ltr' id='par_1_105' title="bbox 125 2837 912 2869">
     <span class='ocr_line' id='line_1_106' title="bbox 125 2837 912 2869; baseline 0.004 -5"><span class='ocrx_word' id='word_1_702' title='bbox 125 2838 199 2869; x_wconf 80' lang='lat' dir='ltr'><strong>Quid</strong></span> <span class='ocrx_word' id='word_1_703' title='bbox 230 2841 327 2865; x_wconf 83' lang='lat' dir='ltr'><strong>autem</strong></span> <span class='ocrx_word' id='word_1_704' title='bbox 354 2837 406 2864; x_wconf 89' lang='lat' dir='ltr'><strong>hoc</strong></span> <span class='ocrx_word' id='word_1_705' title='bbox 419 2837 513 2864; x_wconf 81' lang='lat' dir='ltr'><strong>adhuc</strong></span> <span class='ocrx_word' id='word_1_706' title='bbox 542 2846 605 2864; x_wconf 79' lang='lat' dir='ltr'><strong>sese</strong></span> <span class='ocrx_word' id='word_1_707' title='bbox 638 2837 797 2865; x_wconf 84' lang='lat' dir='ltr'><strong>ulciscendi</strong></span> <span class='ocrx_word' id='word_1_708' title='bbox 827 2839 912 2867; x_wconf 89' lang='lat' dir='ltr'><strong>modo</strong></span> 
     </span>
    </p>
   </div>
   <div class='ocr_carea' id='block_1_106' title="bbox 90 2881 913 2918">
    <p class='ocr_par' dir='ltr' id='par_1_106' title="bbox 90 2881 913 2918">
     <span class='ocr_line' id='line_1_107' title="bbox 90 2881 913 2918; baseline 0.002 -9"><span class='ocrx_word' id='word_1_709' title='bbox 90 2882 256 2918; x_wconf 87' lang='lat' dir='ltr'><strong>promptius</strong></span> <span class='ocrx_word' id='word_1_710' title='bbox 270 2885 297 2909; x_wconf 92' lang='lat' dir='ltr'><strong>et</strong></span> <span class='ocrx_word' id='word_1_711' title='bbox 313 2881 502 2918; x_wconf 79' lang='lat' dir='ltr'><strong>expeditius?</strong></span> <span class='ocrx_word' id='word_1_712' title='bbox 516 2882 618 2910; x_wconf 86' lang='lat' dir='ltr'><strong>Verum</strong></span> <span class='ocrx_word' id='word_1_713' title='bbox 635 2883 670 2910; x_wconf 88' lang='lat' dir='ltr'><strong>ab</strong></span> <span class='ocrx_word' id='word_1_714' title='bbox 685 2883 762 2910; x_wconf 90' lang='lat' dir='ltr'><strong>omni</strong></span> <span class='ocrx_word' id='word_1_715' title='bbox 786 2883 913 2912; x_wconf 91' lang='lat' dir='ltr'><strong>vindicta</strong></span> 
     </span>
    </p>
   </div>
   <div class='ocr_carea' id='block_1_107' title="bbox 974 2392 1793 2428">
    <p class='ocr_par' dir='ltr' id='par_1_107' title="bbox 974 2392 1793 2428">
     <span class='ocr_line' id='line_1_108' title="bbox 974 2392 1793 2428; baseline 0.001 -9"><span class='ocrx_word' id='word_1_716' title='bbox 974 2393 1003 2419; x_wconf 81' lang='lat' dir='ltr'><strong>in</strong></span> <span class='ocrx_word' id='word_1_717' title='bbox 1018 2394 1072 2420; x_wconf 84' lang='lat' dir='ltr'><strong>Luc</strong></span> <span class='ocrx_word' id='word_1_718' title='bbox 1088 2393 1176 2419; x_wconf 61' lang='lat' dir='ltr'><strong>Cawil.</strong></span> <span class='ocrx_word' id='word_1_719' title='bbox 1193 2401 1254 2427; x_wconf 85' lang='lat' dir='ltr'><strong>cap.</strong></span> <span class='ocrx_word' id='word_1_720' title='bbox 1278 2393 1320 2425; x_wconf 85' lang='lat' dir='ltr'><strong>ll,</strong></span> <span class='ocrx_word' id='word_1_721' title='bbox 1338 2394 1391 2419; x_wconf 83' lang='lat' dir='ltr'><strong>art.</strong></span> <span class='ocrx_word' id='word_1_722' title='bbox 1408 2392 1444 2427; x_wconf 85' lang='lat'><strong>3).</strong></span> <span class='ocrx_word' id='word_1_723' title='bbox 1468 2392 1570 2421; x_wconf 69' lang='grc'><strong>1054</strong></span> <span class='ocrx_word' id='word_1_724' title='bbox 1584 2392 1643 2427; x_wconf 72' lang='grc' dir='ltr'><strong>Ξυὺὶ</strong></span> <span class='ocrx_word' id='word_1_725' title='bbox 1674 2392 1793 2428; x_wconf 82' lang='lat' dir='ltr'><strong>Pagium</strong></span> 
     </span>
    </p>
   </div>
   <div class='ocr_carea' id='block_1_108' title="bbox 972 2437 1795 2472">
    <p class='ocr_par' dir='ltr' id='par_1_108' title="bbox 972 2437 1795 2472">
     <span class='ocr_line' id='line_1_109' title="bbox 972 2437 1795 2472; baseline 0.001 -8"><span class='ocrx_word' id='word_1_726' title='bbox 972 2437 1103 2472; x_wconf 82' lang='lat' dir='ltr'><strong>(Pagius,</strong></span> <span class='ocrx_word' id='word_1_727' title='bbox 1132 2437 1159 2464; x_wconf 92' lang='lat' dir='ltr'><strong>in</strong></span> <span class='ocrx_word' id='word_1_728' title='bbox 1190 2438 1298 2464; x_wconf 73' lang='lat' dir='ltr'><strong>Dissert.</strong></span> <span class='ocrx_word' id='word_1_729' title='bbox 1325 2439 1424 2472; x_wconf 80' lang='lat' dir='ltr'><strong>Hypal.</strong></span> <span class='ocrx_word' id='word_1_730' title='bbox 1451 2439 1523 2472; x_wconf 83' lang='lat' dir='ltr'><strong>part.</strong></span> <span class='ocrx_word' id='word_1_731' title='bbox 1555 2445 1585 2470; x_wconf 82' lang='grc' dir='ltr'><strong>ιι,</strong></span> <span class='ocrx_word' id='word_1_732' title='bbox 1615 2446 1678 2472; x_wconf 84' lang='lat' dir='ltr'><strong>cap.</strong></span> <span class='ocrx_word' id='word_1_733' title='bbox 1709 2438 1747 2472; x_wconf 86' lang='lat'><strong>2),</strong></span> <span class='ocrx_word' id='word_1_734' title='bbox 1766 2440 1795 2465; x_wconf 91' lang='lat' dir='ltr'><strong>et</strong></span> 
     </span>
    </p>
   </div>
   <div class='ocr_carea' id='block_1_109' title="bbox 973 2481 1793 2517">
    <p class='ocr_par' dir='ltr' id='par_1_109' title="bbox 973 2481 1793 2517">
     <span class='ocr_line' id='line_1_110' title="bbox 973 2481 1793 2517; baseline 0 -8"><span class='ocrx_word' id='word_1_735' title='bbox 973 2482 1055 2514; x_wconf 86' lang='lat' dir='ltr'><strong>alios,</strong></span> <span class='ocrx_word' id='word_1_736' title='bbox 1073 2482 1120 2517; x_wconf 91' lang='lat' dir='ltr'><strong>qui</strong></span> <span class='ocrx_word' id='word_1_737' title='bbox 1140 2482 1223 2517; x_wconf 83' lang='lat' dir='ltr'><strong>plura</strong></span> <span class='ocrx_word' id='word_1_738' title='bbox 1238 2482 1272 2508; x_wconf 91' lang='lat' dir='ltr'><strong>de</strong></span> <span class='ocrx_word' id='word_1_739' title='bbox 1288 2481 1333 2509; x_wconf 89' lang='lat' dir='ltr'><strong>his</strong></span> <span class='ocrx_word' id='word_1_740' title='bbox 1349 2482 1509 2517; x_wconf 87' lang='lat' dir='ltr'><strong>disputant,</strong></span> <span class='ocrx_word' id='word_1_741' title='bbox 1527 2482 1631 2510; x_wconf 88' lang='lat' dir='ltr'><strong>citatos</strong></span> <span class='ocrx_word' id='word_1_742' title='bbox 1643 2482 1793 2516; x_wconf 47' lang='lat' dir='ltr'><strong>linvenies.</strong></span> 
     </span>
    </p>
   </div>
   <div class='ocr_carea' id='block_1_110' title="bbox 1007 2526 1794 2554">
    <p class='ocr_par' dir='ltr' id='par_1_110' title="bbox 1007 2526 1794 2554">
     <span class='ocr_line' id='line_1_111' title="bbox 1007 2526 1794 2554; baseline 0 -1"><span class='ocrx_word' id='word_1_743' title='bbox 1007 2527 1079 2553; x_wconf 87' lang='lat' dir='ltr'><strong>Tum</strong></span> <span class='ocrx_word' id='word_1_744' title='bbox 1098 2529 1195 2554; x_wconf 80' lang='lat' dir='ltr'><strong>autem</strong></span> <span class='ocrx_word' id='word_1_745' title='bbox 1212 2526 1270 2553; x_wconf 88' lang='lat' dir='ltr'><strong>illis</strong></span> <span class='ocrx_word' id='word_1_746' title='bbox 1283 2527 1311 2553; x_wconf 90' lang='lat' dir='ltr'><strong>in</strong></span> <span class='ocrx_word' id='word_1_747' title='bbox 1328 2526 1479 2553; x_wconf 86' lang='lat' dir='ltr'><strong>solemniis</strong></span> <span class='ocrx_word' id='word_1_748' title='bbox 1495 2526 1603 2553; x_wconf 88' lang='lat' dir='ltr'><strong>ethnici</strong></span> <span class='ocrx_word' id='word_1_749' title='bbox 1627 2527 1709 2554; x_wconf 85' lang='lat' dir='ltr'><strong>ﬁctos</strong></span> <span class='ocrx_word' id='word_1_750' title='bbox 1724 2527 1794 2554; x_wconf 88' lang='lat' dir='ltr'><strong>deos</strong></span> 
     </span>
    </p>
   </div>
   <div class='ocr_carea' id='block_1_111' title="bbox 972 2571 1793 2606">
    <p class='ocr_par' dir='ltr' id='par_1_111' title="bbox 972 2571 1793 2606">
     <span class='ocr_line' id='line_1_112' title="bbox 972 2571 1793 2606; baseline -0.001 -8"><span class='ocrx_word' id='word_1_751' title='bbox 972 2580 1041 2598; x_wconf 88' lang='lat' dir='ltr'><strong>suos</strong></span> <span class='ocrx_word' id='word_1_752' title='bbox 1057 2572 1252 2606; x_wconf 80' lang='lat' dir='ltr'><strong>prccabuntur</strong></span> <span class='ocrx_word' id='word_1_753' title='bbox 1268 2580 1318 2606; x_wconf 85' lang='lat' dir='ltr'><strong>pro</strong></span> <span class='ocrx_word' id='word_1_754' title='bbox 1334 2571 1542 2606; x_wconf 85' lang='lat' dir='ltr'><strong>imperatorum</strong></span> <span class='ocrx_word' id='word_1_755' title='bbox 1561 2571 1727 2606; x_wconf 87' lang='lat' dir='ltr'><strong>civiumque</strong></span> <span class='ocrx_word' id='word_1_756' title='bbox 1745 2579 1793 2598; x_wconf 87' lang='lat' dir='ltr'><strong>sa-</strong></span> 
     </span>
    </p>
   </div>
   <div class='ocr_carea' id='block_1_112' title="bbox 970 2615 1792 2651">
    <p class='ocr_par' dir='ltr' id='par_1_112' title="bbox 970 2615 1792 2651">
     <span class='ocr_line' id='line_1_113' title="bbox 970 2615 1792 2651; baseline 0 -8"><span class='ocrx_word' id='word_1_757' title='bbox 970 2616 1039 2649; x_wconf 87' lang='lat' dir='ltr'><strong>lute,</strong></span> <span class='ocrx_word' id='word_1_758' title='bbox 1059 2625 1107 2651; x_wconf 82' lang='lat' dir='ltr'><strong>pro</strong></span> <span class='ocrx_word' id='word_1_759' title='bbox 1125 2616 1286 2643; x_wconf 71' lang='lat' dir='ltr'><strong>aeternitate</strong></span> <span class='ocrx_word' id='word_1_760' title='bbox 1303 2615 1428 2651; x_wconf 82' lang='lat' dir='ltr'><strong>imperii,</strong></span> <span class='ocrx_word' id='word_1_761' title='bbox 1444 2616 1617 2651; x_wconf 77' lang='lat' dir='ltr'><strong>florentique</strong></span> <span class='ocrx_word' id='word_1_762' title='bbox 1629 2615 1708 2642; x_wconf 88' lang='lat' dir='ltr'><strong>illius</strong></span> <span class='ocrx_word' id='word_1_763' title='bbox 1734 2617 1792 2643; x_wconf 85' lang='lat' dir='ltr'><strong>sta-</strong></span> 
     </span>
    </p>
   </div>
   <div class='ocr_carea' id='block_1_113' title="bbox 969 2660 1792 2695">
    <p class='ocr_par' dir='ltr' id='par_1_113' title="bbox 969 2660 1792 2695">
     <span class='ocr_line' id='line_1_114' title="bbox 969 2660 1792 2695; baseline -0.001 -7"><span class='ocrx_word' id='word_1_764' title='bbox 969 2663 1011 2694; x_wconf 86' lang='lat' dir='ltr'><strong>tu,</strong></span> <span class='ocrx_word' id='word_1_765' title='bbox 1029 2661 1115 2688; x_wconf 86' lang='lat' dir='ltr'><strong>sicuti</strong></span> <span class='ocrx_word' id='word_1_766' title='bbox 1132 2670 1147 2687; x_wconf 90' lang='lat' dir='ltr'><strong>a</strong></span> <span class='ocrx_word' id='word_1_767' title='bbox 1164 2660 1255 2688; x_wconf 88' lang='lat' dir='ltr'><strong>Plinio</strong></span> <span class='ocrx_word' id='word_1_768' title='bbox 1269 2661 1400 2688; x_wconf 87' lang='lat' dir='ltr'><strong>Secundo</strong></span> <span class='ocrx_word' id='word_1_769' title='bbox 1416 2660 1512 2695; x_wconf 87' lang='lat' dir='ltr'><strong>(epist.</strong></span> <span class='ocrx_word' id='word_1_770' title='bbox 1529 2660 1573 2694; x_wconf 83' lang='lat'><strong>36,</strong></span> <span class='ocrx_word' id='word_1_771' title='bbox 1589 2660 1634 2693; x_wconf 86' lang='lat'><strong>37,</strong></span> <span class='ocrx_word' id='word_1_772' title='bbox 1653 2660 1713 2690; x_wconf 92' lang='grc'><strong>101.</strong></span> <span class='ocrx_word' id='word_1_773' title='bbox 1731 2660 1792 2695; x_wconf 81' lang='grc'><strong>106,</strong></span> 
     </span>
    </p>
   </div>
   <div class='ocr_carea' id='block_1_114' title="bbox 970 2704 1792 2742">
    <p class='ocr_par' dir='ltr' id='par_1_114' title="bbox 970 2704 1792 2742">
     <span class='ocr_line' id='line_1_115' title="bbox 970 2704 1792 2742; baseline -0.002 -9"><span class='ocrx_word' id='word_1_774' title='bbox 970 2708 998 2733; x_wconf 88' lang='lat' dir='ltr'><strong>et</strong></span> <span class='ocrx_word' id='word_1_775' title='bbox 1015 2709 1159 2742; x_wconf 78' lang='lat' dir='ltr'><strong>Prmcgyr.</strong></span> <span class='ocrx_word' id='word_1_776' title='bbox 1171 2706 1282 2740; x_wconf 80' lang='lat' dir='ltr'><strong>Trajan.</strong></span> <span class='ocrx_word' id='word_1_777' title='bbox 1315 2707 1378 2740; x_wconf 87' lang='lat' dir='ltr'><strong>post</strong></span> <span class='ocrx_word' id='word_1_778' title='bbox 1396 2705 1496 2740; x_wconf 72' lang='lat' dir='ltr'><strong>med),</strong></span> <span class='ocrx_word' id='word_1_779' title='bbox 1513 2704 1670 2732; x_wconf 63' lang='lat' dir='ltr'><strong>Brissonio,</strong></span> <span class='ocrx_word' id='word_1_780' title='bbox 1688 2704 1750 2739; x_wconf 90' lang='lat' dir='ltr'><strong>(lib.</strong></span> <span class='ocrx_word' id='word_1_781' title='bbox 1772 2713 1792 2732; x_wconf 82' lang='grc' dir='ltr'>η</span> 
     </span>
    </p>
   </div>
   <div class='ocr_carea' id='block_1_115' title="bbox 968 2749 1789 2785">
    <p class='ocr_par' dir='ltr' id='par_1_115' title="bbox 968 2749 1789 2785">
     <span class='ocr_line' id='line_1_116' title="bbox 968 2749 1789 2785; baseline -0.002 -7"><span class='ocrx_word' id='word_1_782' title='bbox 968 2751 1001 2778; x_wconf 79' lang='lat' dir='ltr'><strong>de</strong></span> <span class='ocrx_word' id='word_1_783' title='bbox 1024 2751 1142 2778; x_wconf 79' lang='lat' dir='ltr'><strong>Forim/l.</strong></span> <span class='ocrx_word' id='word_1_784' title='bbox 1173 2759 1237 2785; x_wconf 81' lang='lat' dir='ltr'><strong>pag.</strong></span> <span class='ocrx_word' id='word_1_785' title='bbox 1268 2750 1326 2785; x_wconf 81' lang='lat' dir='ltr'><strong>HO)</strong></span> <span class='ocrx_word' id='word_1_786' title='bbox 1360 2749 1482 2784; x_wconf 85' lang='lat' dir='ltr'><strong>aliisque</strong></span> <span class='ocrx_word' id='word_1_787' title='bbox 1521 2750 1705 2776; x_wconf 82' lang='lat' dir='ltr'><strong>observatum</strong></span> <span class='ocrx_word' id='word_1_788' title='bbox 1735 2752 1789 2777; x_wconf 87' lang='lat' dir='ltr'><strong>est.</strong></span> 
     </span>
    </p>
   </div>
   <div class='ocr_carea' id='block_1_116' title="bbox 968 2793 1790 2831">
    <p class='ocr_par' dir='ltr' id='par_1_116' title="bbox 968 2793 1790 2831">
     <span class='ocr_line' id='line_1_117' title="bbox 968 2793 1790 2831; baseline -0.001 -9"><span class='ocrx_word' id='word_1_789' title='bbox 968 2795 1122 2823; x_wconf 73' lang='lat' dir='ltr'><strong>Christiani</strong></span> <span class='ocrx_word' id='word_1_790' title='bbox 1139 2795 1314 2831; x_wconf 68' lang='lat' dir='ltr'><strong>itaque,£qui</strong></span> <span class='ocrx_word' id='word_1_791' title='bbox 1340 2802 1439 2821; x_wconf 88' lang='lat' dir='ltr'><strong>verum</strong></span> <span class='ocrx_word' id='word_1_792' title='bbox 1457 2797 1483 2821; x_wconf 88' lang='lat' dir='ltr'><strong>et</strong></span> <span class='ocrx_word' id='word_1_793' title='bbox 1507 2794 1625 2821; x_wconf 89' lang='lat' dir='ltr'><strong>unicum</strong></span> <span class='ocrx_word' id='word_1_794' title='bbox 1656 2793 1790 2821; x_wconf 84' lang='lat' dir='ltr'><strong>colebant</strong></span> 
     </span>
    </p>
   </div>
   <div class='ocr_carea' id='block_1_117' title="bbox 967 2839 1789 2876">
    <p class='ocr_par' dir='ltr' id='par_1_117' title="bbox 967 2839 1789 2876">
     <span class='ocr_line' id='line_1_118' title="bbox 967 2839 1789 2876; baseline -0.002 -8"><span class='ocrx_word' id='word_1_795' title='bbox 967 2841 1070 2876; x_wconf 86' lang='lat' dir='ltr'><strong>Deum,</strong></span> <span class='ocrx_word' id='word_1_796' title='bbox 1088 2849 1139 2868; x_wconf 87' lang='lat' dir='ltr'><strong>nee</strong></span> <span class='ocrx_word' id='word_1_797' title='bbox 1156 2842 1289 2876; x_wconf 86' lang='lat' dir='ltr'><strong>poterunt</strong></span> <span class='ocrx_word' id='word_1_798' title='bbox 1314 2839 1386 2866; x_wconf 87' lang='lat' dir='ltr'><strong>alios</strong></span> <span class='ocrx_word' id='word_1_799' title='bbox 1402 2847 1488 2874; x_wconf 83' lang='lat' dir='ltr'><strong>quam</strong></span> <span class='ocrx_word' id='word_1_800' title='bbox 1520 2847 1613 2874; x_wconf 85' lang='lat' dir='ltr'><strong>veros,</strong></span> <span class='ocrx_word' id='word_1_801' title='bbox 1638 2841 1664 2866; x_wconf 84' lang='lat' dir='ltr'><strong>et</strong></span> <span class='ocrx_word' id='word_1_802' title='bbox 1697 2839 1789 2866; x_wconf 83' lang='lat' dir='ltr'><strong>sacris</strong></span> 
     </span>
    </p>
   </div>
   <div class='ocr_carea' id='block_1_118' title="bbox 968 2884 1779 2921">
    <p class='ocr_par' dir='ltr' id='par_1_118' title="bbox 968 2884 1779 2921">
     <span class='ocr_line' id='line_1_119' title="bbox 968 2884 1779 2921; baseline -0.001 -7"><span class='ocrx_word' id='word_1_803' title='bbox 968 2885 1119 2921; x_wconf 78' lang='lat' dir='ltr'><strong>religionis</strong></span> <span class='ocrx_word' id='word_1_804' title='bbox 1134 2894 1193 2913; x_wconf 61' lang='lat' dir='ltr'><strong>sure</strong></span> <span class='ocrx_word' id='word_1_805' title='bbox 1209 2885 1322 2921; x_wconf 81' lang='lat' dir='ltr'><strong>legibus</strong></span> <span class='ocrx_word' id='word_1_806' title='bbox 1338 2884 1523 2921; x_wconf 76' lang='lat' dir='ltr'><strong>praescriptos</strong></span> <span class='ocrx_word' id='word_1_807' title='bbox 1548 2884 1675 2913; x_wconf 90' lang='lat' dir='ltr'><strong>honores</strong></span> <span class='ocrx_word' id='word_1_808' title='bbox 1700 2884 1779 2921; x_wconf 86' lang='lat' dir='ltr'><strong>impe</strong></span> 
     </span>
    </p>
   </div>
   <div class='ocr_carea' id='block_1_119' title="bbox 2048 788 2059 838">
    <p class='ocr_par' dir='ltr' id='par_1_119' title="bbox 2048 821 2055 838">
     <span class='ocr_line' id='line_1_120' title="bbox 2048 821 2055 838; baseline 0 0"><span class='ocrx_word' id='word_1_809' title='bbox 2048 821 2055 838; x_wconf 55' lang='grc' dir='ltr'>δ</span> 
     </span>
    </p>
   </div>
   <div class='ocr_carea' id='block_1_120' title="bbox 2030 846 2068 1071">
    <p class='ocr_par' dir='ltr' id='par_1_120' title="bbox 2030 848 2068 975">
     <span class='ocr_line' id='line_1_121' title="bbox 2048 848 2067 862; baseline 0 0"><span class='ocrx_word' id='word_1_810' title='bbox 2048 852 2053 862; x_wconf 66' lang='grc' dir='ltr'>ι</span> <span class='ocrx_word' id='word_1_811' title='bbox 2065 848 2067 862; x_wconf 78' lang='lat' dir='ltr'><strong>i</strong></span> 
     </span>
     <span class='ocr_line' id='line_1_122' title="bbox 2030 885 2068 937; baseline 0 0"><span class='ocrx_word' id='word_1_812' title='bbox 2030 885 2068 937; x_wconf 49' lang='grc' dir='ltr'><strong>-ἒ</strong></span> 
     </span>
     <span class='ocr_line' id='line_1_123' title="bbox 2034 935 2068 975; baseline 0.147 -5"><span class='ocrx_word' id='word_1_813' title='bbox 2034 935 2068 975; x_wconf 67' lang='grc' dir='ltr'><strong>ςςῖ</strong></span> 
     </span>
    </p>

    <p class='ocr_par' dir='ltr' id='par_1_121' title="bbox 2035 978 2067 1030">
     <span class='ocr_line' id='line_1_124' title="bbox 2048 978 2067 1010; baseline 0 0"><span class='ocrx_word' id='word_1_814' title='bbox 2048 978 2067 1010; x_wconf 57' lang='lat' dir='ltr'><strong>qi</strong></span> 
     </span>
     <span class='ocr_line' id='line_1_125' title="bbox 2035 1010 2067 1030; baseline 0 -6"><span class='ocrx_word' id='word_1_815' title='bbox 2035 1024 2038 1026; x_wconf 34' lang='grc' dir='ltr'><strong>ν</strong></span> <span class='ocrx_word' id='word_1_816' title='bbox 2056 1010 2067 1030; x_wconf 63' lang='grc'><strong>.]</strong></span> 
     </span>
    </p>
   </div>
  </div>
