4162 6416
545 381 692 443 1151
1072 383 1597 445 TERTULLIANI
1639 387 1961 449 OPERUM
2005 386 2188 446 PARS

2329 420 2402 430 —
2432 386 2703 447 SERIES
2752 387 2798 458 1,
2846 385 3412 446 APOLOGETICA.
3444 387 3448 390 ⁷
3797 382 3972 443 1152

547 515 839 571 ratoribus
871 517 1111 585 deferre,
1146 516 1514 573 celebrabant
1549 517 1785 589 quidem
1828 534 2028 574 eorum
2090 534 2184 573 so-
2213 522 2267 589 Α
2295 518 2512 590 quibus
2541 518 2754 574 ethnici
2786 519 2857 573 ad
2901 533 3161 574 mensam
3215 517 3666 573 accumbebant.
3730 517 3976 582 Quam-

543 604 761 659 lemnia
791 622 903 659 non
935 607 1137 660 eadem
1171 606 1391 677 utique,
1449 623 1566 678 qua
1618 607 1853 676 ethnici,
1927 606 2183 675 lascivia,
2295 609 2493 663 obrem
2527 607 2701 678 paulo
2733 611 2862 679 post
2910 607 3124 678 adjecit
3154 611 3168 658 ἑ
3203 628 3231 655 ‹‹
3265 607 3447 672 Quam
3489 603 3862 660 cultissimis
3917 608 3979 660 et

547 694 644 748 sed
677 696 1024 761 conscientia,
1060 695 1138 748 ait
1181 695 1574 750 Tertullianus
1606 695 1874 766 (Tertull.
1908 697 2180 767 Apologet.
2293 696 2735 767 superbissimis
2759 695 2900 751 toris
2931 696 3119 750 forum
3153 694 3261 749 sibi
3296 693 3633 748 dividebant
3669 717 3689 740 -
3727 693 3966 764 (Ibidi-

542 799 669 854 cap.
699 784 790 850 35,
826 800 947 854 pag.
983 784 1126 853 452),
1156 783 1211 837 id
1237 789 1326 838 cst
1369 801 1500 839 vero
1558 784 1900 856 sinceraque
1971 785 2184 840 mentis
2291 785 2477 839 Tanta
2507 784 2682 853 igitur
2712 783 3148 856 magnificentia
3176 788 3457 854 tantoque
3480 798 3732 837 numero
3766 782 3970 837 lectos

542 871 1328 942 adfectu,proutnoveranta
1359 872 2183 944 Deopostulari.Quamobrem
2291 873 2667 928 asternebant
2715 873 2773 928 in
2834 873 2978 942 foro,
3012 876 3077 928 ut
3125 872 3270 928 illud
3319 871 3471 927 inter
3491 887 3552 928 se
3581 869 3872 927 divissise
3907 876 3969 926 et

543 959 638 1014 ille
695 959 832 1014 alibi
881 977 957 1014 τα
1030 961 1191 1025 Quod
1255 960 1460 1014 attinet
1525 962 1594 1016 ad
1667 962 1913 1017 honores
1982 978 2180 1034 regum
2291 961 2625 1034 implevisse
2655 962 3010 1018 viderentur.

544 1052 599 1102 et
632 1048 1068 1118 imperatorum,
1103 1049 1243 1102 satis
1305 1049 1712 1120 praescriptum
1773 1049 2061 1105 habemus
2126 1051 2183 1104 in
2364 1052 2474 1107 Sed
2507 1053 2644 1124 quia
2666 1054 2877 1121 forum,
2926 1057 3156 1107 tantum
3195 1055 3480 1123 quantum
3513 1054 3691 1118 esset,
3758 1049 3966 1104 omni-

545 1136 705 1190 omni
737 1136 1012 1206 obsequio
1051 1153 1156 1191 nos
1187 1153 1315 1192 esse
1347 1142 1609 1208 oportere
1643 1138 1964 1192 secundum
2000 1144 2183 1210 Apos-
2294 1141 2404 1195 bus
2438 1157 2552 1195 non
2580 1140 2926 1208 sufﬁciebat,
2973 1139 3071 1194 alii
3095 1141 3314 1194 vicatim
3341 1138 3548 1210 (Ibid.),
3579 1137 3690 1193 hoc
3721 1144 3840 1207 est,
3900 1138 3963 1192 in

545 1225 646 1279 toli
675 1230 1048 1296 praceptum,
1083 1225 1350 1279 subditos
1394 1225 1860 1297 magistratibus,
1917 1231 1971 1280 et
2025 1228 2184 1298 prin-
2293 1227 2543 1283 civitatis
2565 1225 2875 1300 cuiuslibet
2907 1229 3069 1296 vicis,
3099 1227 3464 1300 publicisque
3516 1227 3628 1281 viis
3667 1232 3726 1282 et
3787 1243 3962 1282 com-

545 1314 798 1386 cipibus,
830 1319 886 1369 et
927 1314 1338 1386 potestatibus,
1390 1315 1489 1369 sed
1525 1315 1677 1369 intra
1738 1315 1951 1370 limites
2009 1315 2184 1370 disci-
2294 1317 2430 1388 pitis
2460 1317 2874 1388 epulabantur.
2916 1318 3178 1388 Expende
3223 1317 3438 1386 itaque,
3465 1316 3956 1381 obsecro,utrum

547 1401 736 1473 plinas,
773 1419 1075 1474 quousque
1107 1404 1178 1457 ab
1215 1402 1485 1457 idolatria
1533 1420 1925 1475 separamur»
1980 1405 2183 1474 (Idem,
2295 1406 2365 1461 ad
2415 1405 2572 1461 hunc
2619 1422 2834 1461 morem
2903 1404 3165 1460 nonnihil
3251 1406 3578 1460 conducant
3643 1404 3769 1458 haec
3853 1403 3955 1458 Ci-

543 1491 608 1546 de
637 1491 880 1547 Idololat.
915 1508 1042 1562 cap.
1076 1493 1183 1561 15).
2293 1497 2520 1550 ceronis
2552 1495 2742 1566 verba,
2777 1495 2992 1566 quibus
3052 1495 3240 1566 palam
3276 1494 3575 1548 renuntiat
3605 1492 3956 1555 Apronium

611 1597 2186 1670 FateturitaquesolemniaimperatorumaCbristianis
2299 1605 2325 1633 “
2359 1583 2678 1654 imperasse
2708 1588 2771 1638 Ut
2803 1585 2860 1638 in
2885 1584 3004 1638 foro
3041 1581 3153 1638 Bibi
3187 1583 3377 1638 η)θάίο
3419 1581 3550 1636 Ιθθῖί
3596 1585 3951 1670 δῖθτηθῗθω

545 1685 836 1743 celebrata
867 1687 1045 1742 fuisse
1075 1687 1396 1742 secundum
1432 1669 1580 1742 hanc
1610 1687 1872 1758 Apostoli
1898 1686 2185 1758 legem,ac

2307 1680 2391 1726 tur
2419 1688 2431 1726 :
2466 1672 2728 1742 quotidie
2759 1671 2997 1727 solitum
3029 1688 3156 1726 esse
3206 1687 3322 1726 non
3380 1671 3552 1725 modo
3583 1669 3642 1724 in
3675 1669 3950 1740 publico,

549 1774 694 1830 tusis
739 1776 812 1830 ad
865 1774 1048 1831 Deum
1109 1775 1314 1830 intimo
1371 1776 1562 1831 cordis
1618 1776 1870 1844 adiectu,
1922 1781 1986 1830 ut
2006 1793 2184 1847 supra

2310 1761 2396 1816 sed
2429 1761 2499 1816 de
2559 1760 2788 1830 publico
2838 1760 3146 1828 convivari,
3197 1776 3328 1814 cum
3371 1760 3426 1814 in
3449 1759 3533 1813 eis
3582 1759 3953 1830 symphonia

547 1864 824 1935 vidimus,
851 1880 954 1935 pro
978 1862 1326 1934 imperatore
1357 1868 1413 1918 et
1442 1863 1684 1934 imperio
1715 1864 2014 1935 precibus:
2067 1845 2181 1919 non
2224 1905 2266 1935 ι)
2295 1852 2546 1914 caneret.
2580 1847 2965 1918 maXimiquB
3022 1847 3246 1919 Ροθυιίθ
3292 1845 3726 1935 ministrare???
3763 1867 3792 1893 ”
3828 1847 3952 1912 (Ci-

454 1941 460 1948 ’
550 1956 743 2008 autem
776 1951 1082 2022 gentilium
1142 1969 1320 2020 more,
1373 1969 1546 2023 quem
1605 1952 1686 2007 uti
1746 1953 1870 2024 ipse
1900 1970 1997 2008 eos
2029 1953 2097 2008 ad

2308 1953 2412 1992 :er.
2447 1937 2548 1990 lib.
2583 1953 2645 1991 ιιι
2677 1938 2736 1990 in
2792 1937 2942 1990 Verr.
2998 1951 3126 2006 pag.
3164 1936 3286 2004 136,
3320 1934 3421 1989 lin.
3466 1935 3576 2003 43).
3640 1933 3951 1989 Memoriae

551 2041 782 2113 quendo
813 2040 914 2109 ait,
951 2063 978 2092 α
1009 2057 1196 2112 neque
1229 2041 1536 2109 modestia,
1570 2057 1674 2096 nec
1699 2023 2066 2112 verecundia,
2087 2059 2189 2096 nec
2297 2026 2469 2121 ξείίασι
2521 2025 2822 2121 Cor-Deli“?
2862 2025 3107 2121 T‘Citus
3146 2023 3370 2121 δίίθυδί,
3415 2023 3670 2121 ἢτοίξίάίί
3725 2023 3952 2121 Νθτξξιξί

551 2111 831 2202 pudicitia
861 2111 1205 2202 permittunt
1230 2130 1352 2200 (sed
1395 2130 1622 2186 occasio
1645 2129 1958 2200 voluptatis
1982 2111 2188 2201 magis,
2296 2113 2717 2211 imPﬁP§t°_ri:_“
2752 2112 2897 2211 nihil
2942 2128 3226 2211 υείιιιατξι,
3255 2111 3491 2211 Ρθῖίξιάθ
3539 2112 3741 2211 Ῑθὲίιξτη
3806 2111 3954 2211 “ibi:

549 2200 727 2295 quam
773 2200 948 2294 digna
999 2222 1145 2277 ratio
1172 2222 1510 2294 persuasit)
1570 2222 1766 2288 fidem,
1799 2227 1854 2276 et
1889 2200 2188 2276 veritatem
2298 2201 2975 2301 ξυδίίοίεη¹οοξξδῖξ⁸ξ¹θξξεῗ
3008 2201 3560 2301 οοηνίλνίειι-ιοιειίιυθ
3583 2200 3728 2301 “Pb?
3772 2200 3955 2270 (ἰαθεί

548 2289 795 2368 vestram
821 2289 1222 2366 demonstrare
1258 2333 1279 2362 ι
1317 2289 1512 2381 (Idem,
1575 2311 1843 2382 Apotogcl.
1915 2327 2042 2382 cap.
2095 2311 2186 2378 35,

2306 2291 2469 2346 domo
2502 2289 2584 2345 uti
2611 2313 2638 2338 »
2672 2291 2874 2358 (Tacit.
2909 2289 3010 2344 lib.
3044 2307 3114 2345 xv
3142 2291 3339 2345 Annal.
3400 2295 3534 2344 ante
3582 2291 3740 2345 med.
3807 2306 3949 2361 pag.

549 2416 680 2472 pag.
713 2400 855 2464 454).
890 2399 1023 2464 Quae
1049 2398 1106 2454 in
1142 2399 1250 2453 hoc
1281 2403 1440 2454 textu
1472 2379 1702 2454 uncinis
1734 2397 1961 2454 inclusa
1988 2379 2185 2468 vvides,

2308 2380 2442 2450 [27),
2498 2379 2708 2434 ethnici
2758 2396 2889 2434 vero
2970 2379 3062 2434 his
3117 2379 3281 2434 fastis
3336 2379 3668 2450 principum
3727 2379 3951 2433 diebus

547 2506 614 2544 ea
642 2487 838 2543 omnia
859 2494 1063 2544 contra
1091 2487 1356 2544 codicum
1381 2488 1690 2550 editorum
1725 2493 1782 2543 et
1829 2487 2185 2542 ineditorum

2307 2468 2492 2523 )mnia
2515 2468 2624 2524 sibi
2657 2467 2830 2523 licere
2855 2467 3142 2536 arbitrati,
3186 2472 3315 2524 tum
3348 2467 3618 2523 solebant
3675 2484 3796 2522 non
3849 2485 3950 2522 so-

546 2578 743 2644 ﬁdem,
777 2577 1064 2649 Rigaltius
1088 2579 1334 2647 ejusque
1367 2593 1644 2646 sequaces
1697 2577 1928 2648 penitus
1986 2585 2183 2631 sustu-

2304 2556 2416 2611 lum
2475 2561 2597 2612 tota
2657 2556 2799 2612 urbe
2851 2557 3015 2627 quasi
3041 2557 3213 2612 domo
3247 2557 3352 2621 uti,
3394 2557 3495 2613 sed
3531 2578 3558 2606 ‹‹
3616 2556 3947 2625 civitatem,

548 2643 1000 2720 lerunt.Nullam
1019 2643 1214 2720 tamen
1239 2643 1423 2734 hujus
1451 2643 1878 2735 amputa-tionis
1902 2664 2184 2719 rationem

2302 2645 2488 2717 inquit
2523 2643 2943 2713 Tertullianus,
2985 2645 3237 2700 tabernas
3271 2645 3469 2699 habitu
3513 2643 3882 2699 abolefacere
3920 2668 3945 2692 η

554 2759 627 2810 ab
647 2757 734 2812 eis
788 2757 982 2810 datam
1030 2731 1446 2826 reperies,nisi
1479 2731 1586 2809 suo
1644 2753 1874 2809 silentio
1933 2754 2053 2810 haec
2113 2754 2184 2809 ab
2294 2731 2555 2831 (Τθξίυῌ-
2584 2733 2854 2831 ςίροιοθθί·
2901 2750 3026 2804 caP-
3059 2733 3148 2800 35»
3184 2749 3310 2804 938-
3347 2733 3522 2831 {552)}
3577 2733 3662 2831 ξίδ
3695 2738 3763 2831 “iv
3816 2739 3953 2831 ξρῖε

553 2845 821 2916 imperito
881 2821 1131 2916 quodam
1210 2843 1494 2914 scriptore
1552 2843 1778 2913 adjecta
1834 2843 1944 2898 sibi
2001 2842 2185 2898 videri
2293 2822 2496 2920 (ξίνίίδέ
2525 2823 2776 2920 “ww”
2809 2837 3178 2920 “Fifupofla’
3211 2821 3464 2920 δρίῗθίθω
3496 2821 3948 2920 δαδθξξθίοηΝοοη

548 2908 876 3005 signiﬁcare
897 2908 1207 2988 voluerint.
1247 2908 1356 2986 Sed
1390 2931 1520 3003 quis
1553 2908 1672 2986 illis
1722 2931 1804 2985 ita
1858 2931 2183 2986 tacentibus

2309 2911 2506 2965 lesunt
2553 2915 2766 2979 autem,
2813 2911 2909 2982 qui
2960 2910 3018 2964 in
3083 2909 3239 2964 hunc
3292 2909 3483 2965 locum
3530 2908 3952 2981 explicationis

547 2997 719 3078 {idem
749 3022 984 3076 habebit
1011 3025 1036 3074 .9
1065 3020 1330 3076 Genuina
1351 2997 1644 3076 enimvero
1667 3018 2009 3075 Tertulliani
2058 3035 2182 3074 ver-
2291 3015 2426 3071 θῐέο
2457 2999 2562 3054 hos
2594 3000 2892 3054 adducunt
2923 2997 3207 3054 Μενίίθίίδ
3236 3016 3440 3054 versus
3461 3017 3480 3052 ·’

546 3113 619 3167 ba
639 3128 767 3167 esse
796 3110 1090 3166 evidenter
1121 3110 1327 3182 probat
1357 3107 1687 3165 communis
1745 3109 2011 3164 codicum
2051 3125 2180 3163 om-

2349 3124 2572 3184 Tonsor,
2601 3136 2790 3186 caupo,
2823 3136 3043 3186 coquus,
3075 3123 3253 3172 lanius
3285 3136 3383 3172 sua
3406 3123 3598 3186 limina
3617 3129 3881 3183 servant;

547 3199 708 3256 nium
733 3217 1076 3256 consensus.
1116 3200 1396 3254 Praeterea
1429 3203 1612 3253 totum
1672 3196 1831 3252 illius
1879 3197 2178 3268 ingenium

2059 3197 2178 3251 ium
2413 3187 2564 3236 Nunc
2591 3185 2758 3235 Roma
2787 3189 2882 3268 est.
2913 3199 3301 3268 nupernmagna
3331 3186 3550 3268 taberna
3579 3185 3698 3236 fuit.

544 3294 596 3346 et
629 3289 903 3361 loquendi
945 3289 1154 3344 modus
1202 3288 1262 3343 in
1301 3289 1387 3343 eis
1438 3287 1582 3343 satis
1640 3256 2177 3359 deprehenduntur.
2212 3262 2254 3328 C
2786 3256 3031 3318 (Martial'
3062 3256 3152 3305 ἥδ’
3182 3270 3269 3315 vu’
3301 3258 3553 3320 epigram'
3586 3260 3687 3311 60')

545 3379 765 3436 Sensus
813 3384 1008 3434 autem
1057 3379 1188 3449 ejus
1225 3382 1313 3433 est
1341 3394 1359 3432 :
1403 3375 1716 3432 Christiani
1759 3379 1815 3431 et
1869 3375 2182 3447 imperato-

2302 3390 2396 3446 Sed
2461 3389 2555 3446 alii
2598 3395 2840 3446 censent
2897 3389 3152 3445 tabernis
3202 3405 3414 3446 nomen
3475 3389 3554 3444 ibi
3587 3405 3622 3443 a
3667 3389 3945 3445 Martiale

547 3484 677 3522 rum
710 3483 774 3523 ac
805 3465 1134 3539 reipublicae
1171 3467 1364 3522 hostes
1413 3464 1868 3537 proclamantur,
1918 3464 2019 3536 qui
2083 3480 2183 3519 eo-

2297 3479 2449 3534 sumi
2482 3495 2594 3534 non
2627 3478 2863 3550 quidem
2898 3495 2999 3550 pro
3030 3495 3310 3548 caupona,
3343 3479 3444 3534 sed
3505 3484 3796 3544 mercatu,
3853 3480 3940 3534 vel

547 3556 815 3612 rumdem
840 3555 1261 3627 imperatorum
1295 3553 1576 3610 solemnia
1601 3569 1712 3608 non
1763 3559 1947 3624 agunt
1997 3552 2181 3625 genti-

2299 3569 2416 3624 loco
2449 3567 2546 3623 ubi
2578 3583 2801 3623 merces
2843 3567 3183 3622 venumdari
3235 3566 3521 3623 solebant.
3573 3572 3644 3621 At
3699 3583 3942 3638 quoquo

529 3643 685 3701 ’Ῑίιιῐῐι
717 3661 898 3713 more,
946 3661 1119 3715 (ιυοω
1153 3660 1256 3699 ηθο
1305 3642 1611 3709 ωοάθεῐίαν
1662 3659 1766 3698 nec
1814 3641 2182 3707 verecundia:
2293 3657 2462 3712 modo
2493 3657 2829 3728 accipiatur,
2862 3660 3090 3711 constat
3148 3659 3368 3710 tantam
3403 3654 3583 3710 fuisse
3620 3655 3942 3728 gentilium

549 3733 1469 3805 neopudicitiaillispermittunt
1500 3753 1514 3799 ;
1549 3747 1614 3786 ac
1643 3731 2011 3818 quaefiisdem
2043 3747 2183 3802 sen-
2292 3747 2352 3801 in
2385 3745 2475 3802 his
2525 3744 2772 3818 publicis
2817 3744 3092 3800 conviviis
3140 3745 3681 3816 intemperantiam,
3733 3745 3938 3817 impu-

546 3818 748 3875 tilibus
777 3819 1067 3876 celebrare
1098 3819 1389 3891 persuasit
1433 3817 1660 3874 occasio
1710 3817 2022 3890 voluptatis
2082 3834 2182 3889 po-

2304 3817 2548 3890 icntiam
2579 3839 2636 3889 et
2671 3832 2990 3900 lasciviam,
3026 3837 3088 3888 ut
3119 3833 3265 3889 cibis
3295 3849 3423 3889 sese
3453 3850 3566 3889 non
3601 3832 3796 3890 solum
3861 3837 3947 3889 in-

544 3909 664 3966 tius
694 3925 870 3981 quam
894 3909 1071 3981 digna
1101 3910 1268 3976 ratio,
1324 3924 1435 3978 qua
1467 3925 1633 3963 suam
1681 3923 1819 3979 erga
1867 3907 2184 3980 imperato-

2305 3923 2672 3997 ;urgitarenl,
2722 3923 2824 3978 sed
2873 3923 3029 3992 vino,
3073 3926 3138 3978 ut
3168 3923 3250 3978 ait
3297 3927 3515 3978 Auctor
3564 3927 3787 3988 noster,
3842 3940 3948 3995 per

548 4015 662 4062 res,
693 3998 854 4068 ﬁdem
873 4003 924 4054 et
954 4001 1248 4054 veritatem
1279 3998 1699 4052 demonstrent.
1734 3996 1927 4051 Palam
1987 3997 2183 4068 itaque

2305 3996 2517 4068 medias
2555 4012 2802 4068 civitatis
2848 4012 2972 4067 vias
3043 4013 3248 4082 effuso,
3314 4016 3596 4084 terraque
3671 4011 3948 4070 immisto

548 4089 848 4142 adseverat
894 4089 950 4142 in
1000 4087 1091 4142 his
1151 4086 1510 4142 solemnibus
1559 4086 1720 4142 festis
1751 4085 1970 4141 nullam
2005 4085 2184 4141 fuisse

2303 4103 2468 4157 lutum
2505 4105 2753 4172 cogerent
2801 4099 3064 4170 (Tertull.
3109 4101 3379 4172 Apotoget.
3446 4118 3572 4174 cap.
3637 4101 3729 4156 35.
3807 4120 3946 4175 pag.

549 4175 915 4232 ethnicorum
958 4175 1132 4230 ﬁdem
1181 4181 1240 4231 et
1277 4176 1598 4264 veritatem.
1656 4175 1800 4230 Nam
1869 4174 2186 4230 falsissima
2292 4192 2436 4264 452),
2470 4192 2618 4246 Tum
2647 4194 2851 4262 .autem
2896 4189 3088 4245 Videre
3135 4195 3258 4245 erat
3304 4189 3660 4246 temulentos
3715 4174 3948 4249 ebrios-

547 4269 674 4320 tum
699 4270 829 4320 vota
857 4265 1146 4320 laoiebaut
1177 4282 1277 4336 pro
1327 4263 1514 4320 salute
1544 4265 1984 4336 imperatorum,
2039 4281 2184 4335 quos

2306 4263 2404 4352 lue
2441 4279 2729 4347 homines,
2758 4280 3081 4334 catervatim
3125 4281 3392 4334 cursitare
3435 4279 3505 4334 ad
3552 4280 3821 4350 iniurias,
3878 4283 3949 4336 ad

547 4354 662 4409 cito
692 4359 750 4408 et
780 4353 1010 4424 saepius,
1073 4360 1135 4408 ut
1182 4353 1242 4409 in
1290 4353 1674 4425 sequentibus
1721 4353 1984 4409 articulis
2035 4353 2184 4409 vide-

2306 4371 2689 4441 Empudentias,
2720 4369 2790 4423 ad
2820 4368 3064 4424 tibidivis
3093 4369 3374 4425 illecebras
3415 4368 3500 4425 vel
3532 4369 3689 4424 sicut
3736 4378 3949 4442 postea

547 4441 762 4511 bimus,
787 4444 932 4498 mori
964 4443 1265 4513 optabant.

2303 4459 2552 4530 ιοριιίιιιιι
2579 4457 2741 4530 (Ibid.
2775 4474 2901 4529 cap.
2935 4459 3023 4528 39,
3057 4476 3114 4531 p.
3169 4459 3317 4530 477),
3348 4460 3405 4514 in
3453 4467 3698 4514 catervas
3740 4441 3946 4517 caesio-

617 4553 757 4604 Tres
789 4565 1020 4621 quoque
1045 4550 1311 4618 virtutes,
1345 4549 1711 4616 modestiam,
1732 4549 2182 4620 verecumdiam,
2288 4565 2444 4617 num,
2477 4547 2577 4620 qui
2611 4545 2756 4602 alios
2786 4547 3126 4604 verberibus
3150 4552 3206 4603 et
3253 4548 3452 4620 ﬂagris
3508 4547 3842 4620 caedebant,
3889 4552 3948 4604 in

550 4638 912 4709 pudicitiam,
946 4644 1086 4694 tunc
1117 4639 1526 4710 pessumdatus
1558 4639 1738 4694 fuisse
1788 4639 1996 4694 merito
2054 4655 2184 4694 con-
2215 4627 2260 4692 D
2289 4638 2485 4715 classes
2531 4636 3028 4703 discursationum,
3074 4637 3195 4692 sive
3242 4636 3571 4703 hominum,
3627 4638 3730 4708 qui
3803 4639 3950 4694 bac-

552 4729 836 4798 queritm‘.
869 4728 1014 4792 Quid
1047 4729 1198 4784 enim
1235 4728 1326 4784 bis
1356 4728 1669 4783 virtutibus
1726 4727 1913 4800 magis
1956 4732 2184 4783 contra-
2294 4725 2595 4782 chantium
2646 4741 2806 4781 more
2860 4741 2963 4797 per
3011 4729 3190 4781 totam
3241 4725 3652 4781 discurrebant
3710 4727 3948 4784 urbem.

552 4814 726 4885 rium,
760 4832 934 4887 quam
967 4817 1273 4888 magniﬁca
1326 4822 1382 4872 et
1410 4816 1740 4888 splendida,
1774 4833 1886 4870 non
1947 4817 2184 4888 quidem
2292 4819 2517 4880 Quanta
2549 4831 2710 4886 porro
2741 4815 2799 4870 in
2849 4813 3010 4870 hisce
3039 4814 3291 4886 publicis
3322 4813 3602 4871 conviviis
3644 4815 3828 4870 fuerit
3857 4817 3949 4872 in-

549 4903 772 4960 occulte
811 4905 1168 4977 privatisque
1214 4905 1272 4960 in
1322 4905 1620 4972 domibus,
1699 4908 1794 4961 sed
1860 4905 2050 4977 palam
2118 4921 2184 4960 ac
2291 4903 2700 4976 temperantia,
2724 4919 2793 4958 ex
2822 4903 2916 4959 his
2945 4903 3184 4974 conjice,
3224 4920 3351 4976 quas
3383 4905 3454 4959 de
3487 4902 3735 4976 privatis
3794 4907 3944 4959 scri-

548 4992 798 5065 publicis
829 4993 886 5049 in
919 4993 1125 5066 plateis
1156 5010 1324 5068 agere
1353 4993 1632 5060 convivia,
1665 5010 1792 5065 quae
1821 4994 2182 5066 epulantium
2293 4994 2408 5066 psit
2429 4993 2648 5048 Seneca
2681 5010 2693 5048 :
2727 5014 2755 5041 ‹‹
2788 4992 2986 5062 Vides,
3017 4993 3229 5064 inquit,
3261 4991 3368 5048 hos
3399 4993 3634 5048 eosdem
3696 5009 3729 5047 e
3773 4991 3945 5049 lectis

547 5082 912 5150 temulentia,
944 5085 1151 5142 1055
1211 5084 1509 5153 ebrietate,
1568 5082 1954 5155 impudicitia,
2013 5082 2183 5138 lasci-
2293 5083 2418 5138 suis
2444 5085 2773 5154 spectantes
2804 5082 3079 5154 popinam
3111 5098 3304 5147 suam,
3327 5098 3499 5138 aures
3528 5098 3738 5137 vocum
3773 5099 3943 5146 sono,

546 5171 659 5241 via,
689 5171 928 5227 libidine
974 5172 1222 5245 aliisque
1268 5173 1502 5245 ﬂagitiis
1565 5172 2119 5228 contaminabantur
2155 5169 2183 5224 ‘I
2292 5171 2644 5245 spectaculis
2673 5171 3210 5244 oculos,saporibus
3232 5172 3490 5243 palatum
3526 5187 3698 5227 suum
3752 5173 3945 5229 delec-

544 5259 649 5314 Sed
690 5260 1025 5331 ipsummet,
1060 5261 1109 5315 si
1142 5261 1320 5326 lubet,
1353 5261 1775 5318 Tcrtullianum
1830 5261 2179 5316 audiamus:
2290 5260 2788 5317 tantes.Mollibus
2810 5260 3156 5332 lenibusque
3186 5261 3456 5316 fomentis
3475 5264 3662 5316 totum
3706 5260 3948 5318 lacessi-

544 5371 572 5398 «
606 5349 1050 5421 Grande,inquit
1080 5350 1468 5422 [ethnicorum
1493 5349 1592 5404 illa
1615 5349 1942 5421 principum
1970 5349 2179 5404 solem-
2290 5358 2387 5406 tur
2407 5367 2605 5406 eorum
2629 5367 2878 5422 corpus;
2913 5351 3118 5408 1056
3149 5355 3204 5406 et
3237 5367 3307 5406 ne
3339 5368 3507 5406 nares
3543 5351 3779 5406 interim
3815 5369 3945 5408 ces-

543 5439 642 5494 nia
661 5440 1006 5512 agentium],
1067 5442 1332 5498 videlicet
1379 5442 1637 5496 officium
1715 5441 1872 5495 focos
1902 5445 1959 5496 et
2021 5445 2180 5496 toros
2291 5440 2724 5509 sent,odoribus
2752 5439 2927 5495 variis
2957 5439 3216 5494 inﬁcitur
3245 5440 3405 5494 locus
3439 5440 3582 5511 ipse,
3619 5441 3676 5494 in
3707 5457 3827 5512 quo
3863 5449 3951 5497 lu-

542 5528 603 5582 in
637 5527 931 5597 publicum
963 5529 1206 5586 educere
1224 5553 1249 5580 ››
1286 5531 1467 5601 (Ibid).
1503 5532 1565 5584 in
1593 5529 2025 5600 antiquioribus
2055 5529 2176 5584 cdi-
2290 5530 2470 5584 xurize
2502 5533 2890 5600 parentatur:
2925 5528 3146 5600 (Senec.
3174 5529 3238 5584 de
3283 5528 3532 5584 Vit.beat.
3561 5545 3687 5600 cap.
3709 5531 3946 5603 tl,pag.

547 5612 807 5670 tionibus
863 5616 1076 5688 legitur
1130 5619 1336 5684 choros,
1372 5619 1469 5674 sed
1524 5618 1732 5673 melius
1791 5618 1947 5672 haud
2009 5617 2182 5672 dubie
2289 5617 2440 5689 624).
2474 5617 2619 5673 Nam
2647 5617 2695 5672 si
2727 5617 2866 5673 talia
2897 5622 3062 5673 erant
3085 5617 3310 5690 privata
3363 5616 3603 5673 illorum
3654 5619 3948 5690 convivia,

546 5706 705 5759 toros.
739 5702 882 5761 Nam
915 5705 994 5760 ibi
1025 5705 1119 5763 ille
1170 5707 1431 5778 loquitur
1478 5708 1549 5765 de
1579 5705 1828 5780 publicis
1882 5706 2181 5779 conviviis,
2293 5711 2511 5779 quanto
2561 5707 2748 5781 magis
2803 5707 3041 5782 publica
3092 5707 3152 5763 in
3188 5706 3465 5764 honorem
3509 5705 3950 5782 imperatorum
