4162 6368
241 366 396 427 1153

1149 362 1217 419 D.
1268 360 1365 420 LE
1409 359 1739 422 NOUBBY
1784 356 2437 419 OBSERVATIONES
2483 358 2741 420 NOV/E.

3494 364 3650 423 1154

239 504 389 565 acta,
445 496 660 567 quibus
705 495 903 549 omnia
933 493 1110 549 etiam
1171 491 1459 547 atrociora
1510 495 1568 546 et
1624 490 1889 562 turpiora
1917 497 1971 563 Α
2004 494 2161 546 reata
2190 495 2248 545 et
2278 490 2682 555 luoernata,ut
2711 492 2781 545 de
2799 508 2945 546 novo
2962 492 3311 547 consistorio
3334 492 3646 550 libidinum

239 588 350 643 sibi
385 585 544 640 licita
572 601 700 640 esse
733 584 1050 638 credebant
1082 581 1093 635 l

311 677 451 731 Jure
482 692 617 745 ergo
669 674 876 729 merito
915 669 1233 726 Christiani
1290 669 1412 725 hac
1472 668 1731 737 homine,
1788 666 1882 723 cui

242 765 483 839 pudoris
514 780 775 834 verisque
812 761 1107 833 religionis
1123 759 1207 815 vel
1240 760 1379 831 quid
1406 759 1717 813 minimum
1750 756 1884 813 reli-

242 855 339 925 qui
393 854 584 919 fuerit,
620 851 861 921 indigna
919 866 1162 921 prorsus
1215 849 1676 902 detestabantur.
1733 845 1887 901 Casti

244 944 443 1015 itaque
476 947 532 997 et
564 940 741 996 sobrii
778 941 953 993 festos
984 938 1390 1009 selemnesque
1420 936 1553 991 illos
1594 938 1887 993 Caesarum

245 1034 369 1087 dies
400 1032 722 1103 agitabant.
760 1028 962 1083 Procul
998 1028 1175 1099 igitur
1206 1044 1235 1081 a
1260 1026 1548 1098 corruptis
1578 1025 1886 1098 gentilium

244 1122 513 1179 moribus
547 1120 774 1187 remoti,
811 1140 837 1168 «
869 1135 981 1172 non
1016 1116 1255 1182 laureis,
1288 1116 1475 1187 inquit
1534 1117 1751 1170 Auctor
1782 1130 1888 1167 no-

245 1217 385 1280 ster,
412 1215 605 1283 postes
638 1208 1083 1273 obumbramus,
1146 1221 1249 1260 nec
1306 1204 1562 1259 lucernis
1610 1203 1763 1258 diem
1796 1202 1887 1255 in-

246 1299 560 1371 fringimus
616 1320 643 1348 ››
706 1296 972 1369 (Tertull.
1026 1296 1300 1367 Apologet.
1360 1310 1485 1365 cap.
1520 1294 1610 1359 35,
1651 1310 1707 1365 p.
1742 1292 1887 1363 451).

244 1390 390 1445 Nam
423 1386 630 1443 occulti
665 1385 1015 1459 perduelles,
1050 1390 1114 1440 ut
1161 1400 1334 1440 suum
1392 1384 1672 1439 adversus
1715 1382 1891 1451 impe-

248 1484 496 1533 ratorem
529 1476 729 1533 odium
778 1480 834 1530 et
864 1473 1227 1529 simultatem
1287 1473 1555 1527 securius
1611 1473 1891 1541 tegerent,

246 1572 389 1622 tunc
443 1588 463 1615 ι
512 1564 1023 1632 recentissiminis,
1086 1568 1143 1617 et
1200 1559 1623 1616 ramosissimis
1680 1557 1894 1613 laureis

249 1660 448 1729 postes
480 1654 924 1727 praestruebant,
965 1651 1306 1708 elatissimis
1337 1654 1394 1705 et
1423 1648 1770 1705 clarissimis
1800 1646 1894 1702 lu-

250 1744 442 1801 cernis
498 1744 787 1800 vestibula
845 1741 1204 1798 nebulabant
1227 1763 1254 1790 ››
1302 1740 1506 1811 (Ibid).
1551 1738 1667 1793 Cur
1696 1741 1892 1792 autem

252 1835 357 1890 hoc
382 1834 587 1889 ultimo
616 1834 789 1888 verbo
821 1837 1039 1895 utatur,
1076 1830 1323 1901 intelligi
1356 1832 1547 1900 potest
1596 1827 1689 1881 his
1716 1825 1891 1881 Persii

244 1925 317 1979 de
342 1923 566 1979 Herode
597 1922 893 1978 versibus:

351 2046 533 2091 Herodi
560 2058 735 2090 venere
759 2044 863 2089 dies
890 2048 1152 2098 cunctaque
1176 2042 1385 2087 fenestra

353 2108 611 2167 Dispositse
644 2107 866 2165 pinguem
894 2104 1115 2151 nebulam
1145 2114 1387 2167 vomuere
1420 2102 1643 2167 lucernas.

1103 2169 1255 2223 (Pera.
1285 2166 1421 2211 satir.
1451 2164 1492 2217 5,
1521 2162 1613 2209 sub
1635 2162 1734 2217 fin.)

248 2287 328 2342 De
358 2286 565 2343 iisdem
601 2290 795 2341 autem
830 2285 1086 2340 lucernis
1117 2291 1174 2339 et
1232 2283 1416 2354 lauro,
1452 2282 1669 2354 quibus
1700 2281 1899 2335 domo-

253 2395 379 2431 rum
412 2382 606 2448 postes
638 2376 1019 2444 ornabantur,
1072 2374 1191 2428 haec
1247 2377 1387 2429 sunt
1424 2369 1721 2427 Juvenalis
1770 2386 1897 2424 cara

257 2466 414 2520 mina
448 2482 461 2520 :

361 2594 537 2634 Cuncta
565 2590 720 2637 nitent,
753 2589 923 2643 longos
942 2587 1095 2632 erexit
1116 2586 1263 2643 janua
1294 2586 1471 2630 lauros.

366 2654 425 2696 Et
453 2652 691 2697 matutinis
722 2656 951 2707 operatur
977 2650 1103 2694 festa
1130 2650 1353 2694 lucernis.

893 2712 1125 2767 (Juvenal.
1156 2713 1293 2757 satir.
1323 2712 1388 2761 12,
1418 2725 1461 2756 v.
1493 2711 1546 2755 96
1569 2715 1617 2754 et
1642 2711 1794 2766 seqq.)

259 2839 375 2888 Cur
402 2849 539 2905 ergo
570 2829 884 2886 Christiani
917 2829 1024 2885 has
1067 2829 1514 2901 superstitiones
1545 2826 1779 2897 penitus
1810 2841 1902 2880 re-

262 2924 595 2996 probarent,
656 2921 806 2975 hanc
864 2918 1263 2974 Tertullianus
1321 2918 1511 2973 reddit
1567 2917 1899 2971 rationem:

262 3035 289 3063 ‹‹
324 3012 665 3067 Accendunt
698 3008 957 3080 quotidie
990 3008 1278 3073 lucernas,
1331 3006 1549 3078 quibus
1606 3003 1706 3059 lux
1745 3002 1906 3058 nulla

259 3106 347 3157 est
380 3099 683 3173 [nimirum
724 3114 868 3153 verae
922 3095 1266 3169 religionis),
1326 3096 1577 3167 afﬁgunt
1636 3092 1905 3163 postibus

262 3192 459 3245 lauros
492 3187 866 3261 postmodum
919 3202 1176 3255 arsuras,
1238 3185 1454 3257 quibus
1508 3180 1899 3255 ignesimmi-

262 3284 401 3334 nent
432 3294 445 3333 :
490 3275 603 3331 illis
636 3280 977 3347 competunt
997 3279 1053 3330 et
1081 3273 1421 3329 testimonia
1452 3272 1823 3327 tenebrarum
1848 3272 1907 3324 et

265 3368 527 3439 auspicia
551 3382 849 3437 poenarum
890 3386 915 3412 ››
948 3362 1209 3435 (Tertull.
1242 3363 1305 3417 de
1352 3362 1598 3417 Idololat.
1633 3377 1758 3432 cap.
1797 3359 1903 3430 15),

265 3458 421 3531 ignis
477 3456 741 3511 videlicet
792 3456 1013 3524 (sterni,
1073 3470 1188 3525 quo
1243 3453 1407 3525 impii
1459 3452 1727 3507 homines
1779 3453 1909 3522 post

267 3548 416 3602 hanc
446 3546 623 3601 vitam
643 3544 919 3615 puniendi
938 3548 1094 3598 sunt.
1111 3544 1254 3598 Tum
1274 3542 1484 3597 deinde
1507 3540 1906 3596 Christianum

269 3638 353 3692 sic
384 3635 705 3706 alloquitur
737 3652 749 3689 :
781 3635 889 3689 «Si
922 3632 1160 3705 templis
1194 3632 1569 3700 renuntiasti,
1602 3646 1673 3685 ne
1704 3627 1910 3684 feceris

270 3724 555 3797 templum
589 3723 745 3795 [falsi
776 3723 1001 3778 scilicet
1029 3722 1119 3777 dei
1141 3721 1414 3793 alicujus]
1438 3722 1682 3792 januam
1704 3724 1864 3774 tuam
1884 3737 1907 3767 »

268 3814 474 3886 (Ibid).
510 3813 588 3867 De
618 3812 777 3866 Jovis
811 3812 1103 3883 siquidem
1146 3810 1359 3882 templo
1389 3810 1600 3865 cecinit
1630 3808 1909 3864 Ovidius:

376 3927 473 3972 Cur
500 3931 658 3970 tamen
685 3925 904 3982 apposita
930 3924 1114 3969 velatur
1137 3925 1285 3981 janua
1312 3925 1458 3973 laurs.

428 3988 584 4043 Cingit
610 3993 657 4031 et
681 3992 916 4042 augustas
944 3986 1092 4030 arbor
1115 3998 1267 4042 opaca
1297 3986 1472 4031 domos
1500 3985 1521 4027 ?

378 4052 455 4095 An
474 4050 585 4104 quia
613 4058 873 4105 perpetuos
901 4050 1072 4094 meruit
1109 4049 1281 4092 domus
1309 4048 1401 4093 ista
1429 4047 1700 4104 triumphos
1719 4047 1739 4087 ?

431 4114 528 4156 Aut
556 4111 665 4167 quia
695 4110 931 4171 Leucadio
956 4122 1149 4166 semper
1164 4116 1326 4154 amata
1349 4110 1440 4153 deo
1470 4111 1490 4150 ?

381 4178 548 4232 lpsane
571 4173 693 4229 quod
729 4172 850 4216 festa
878 4170 952 4216 est
979 4174 999 4213 ?
1031 4184 1089 4216 an
1118 4173 1244 4228 quod
1273 4173 1383 4216 facit
1412 4171 1571 4215 omnia
1594 4171 1717 4215 festa
1735 4170 1755 4211 ?

430 4236 583 4289 Quam
610 4236 769 4279 tribuit
796 4235 942 4279 terris
974 4236 1106 4291 pacis
1136 4246 1193 4279 an
1216 4234 1280 4279 ita
1308 4240 1418 4278 nota
1446 4235 1561 4280 est?

512 4306 669 4362 (Ovid.
703 4307 777 4350 lib.
811 4317 866 4350 ιιι
900 4307 1034 4351 Trist.
1065 4306 1187 4361 eleg.
1222 4304 1261 4359 Ι,
1287 4318 1331 4349 v.
1357 4306 1474 4349 41st
1501 4306 1651 4361 seqq.)

272 4430 357 4482 Ad
394 4426 777 4498 rejiciendum
812 4424 1007 4496 itaque
1042 4424 1347 4495 profanum
1399 4422 1555 4477 hunc
1586 4422 1762 4476 ritum
1798 4419 1922 4475 sola

272 4518 394 4572 hrec
426 4516 572 4571 ratio
605 4513 955 4568 Christianis
1007 4513 1358 4568 sufﬁciebat.
1392 4512 1498 4567 Sed
1532 4510 1704 4565 aliam
1729 4509 1921 4565 adhuc

1924 1878 1971 1941 Β

2000 578 2367 650 publicarum
2433 601 2460 629 «
2514 578 2771 649 (Tertull.
2829 580 2929 634 lib.
2986 599 3002 635 ι
3059 580 3128 635 ad
3178 582 3339 637 Uxor.
3403 599 3526 653 cap.
3566 586 3644 655 6).

2000 669 2387 734 Quamobrem
2406 669 2459 722 in
2482 686 2589 723 suo
2618 670 2960 740 Apologelico
2980 674 3133 726 recte
3150 670 3443 726 concludit
3459 689 3649 745 neque

1999 758 2311 813 honestum
2345 774 2470 813 esse
2504 775 2689 829 neque
2718 758 2941 813 licitum
2977 776 2990 814 :
3026 782 3051 808 ‹‹
3108 759 3487 817 Solemnitate
3529 779 3636 833 pu-

1998 847 2150 903 blica
2178 848 2459 917 exigente,
2519 847 2760 903 induere
2809 848 3006 903 domui
3066 855 3176 903 tute
3236 849 3501 905 habitum
3537 851 3642 906 ali-

1999 938 2170 1006 cujus
2203 936 2331 991 novi
2366 937 2670 1008 lupanaris
2703 960 2729 987 ››
2762 938 2967 1009 (idem,
3030 939 3311 1011 Apologet.
3363 956 3490 1012 cap.
3547 941 3639 1009 35,

1999 1043 2131 1099 pag.
2166 1027 2309 1099 451).

2071 1116 2375 1171 Neminem
2403 1134 2571 1190 porro
2604 1133 2756 1171 sana:
2792 1116 3006 1172 mentis
3036 1116 3334 1172 hominem
3372 1134 3501 1175 esse
3533 1138 3640 1193 pu-

1998 1208 2215 1274 tamus,
2251 1207 2346 1277 qui
2378 1225 2444 1260 ex
2478 1206 2760 1261 hactenus
2785 1206 2956 1261 dictis
2987 1224 3098 1260 non
3144 1207 3435 1280 intelligat
3466 1227 3645 1282 quos-

2000 1293 2133 1348 dam
2168 1294 2550 1350 heterodoxos
2574 1293 2842 1349 homines
2874 1294 2980 1349 hoc
3014 1296 3277 1351 Auctoris
3308 1298 3644 1355 testimonio

2001 1381 2171 1455 plane
2195 1383 2545 1455 penitusque
2577 1384 2762 1451 abuti,
2796 1384 2893 1454 qui
2930 1384 3065 1439 inde
3092 1384 3351 1440 inferunt
3399 1388 3643 1444 vetitum

2000 1489 2129 1527 esse
2176 1472 2383 1527 iisdem
2430 1471 2777 1528 Christianis
2836 1472 2895 1526 in
2978 1473 3101 1529 suis
3149 1473 3413 1530 ecclesiis
3469 1493 3642 1533 usum

2001 1577 2301 1616 cercurum
2330 1566 2386 1616 et
2426 1560 2737 1615 luminum.
2770 1561 2893 1615 Non
2943 1563 3013 1615 de
3072 1562 3163 1616 his
3220 1564 3516 1621 enimvero
3574 1567 3645 1621 de

2004 1650 2220 1722 quibus
2270 1668 2374 1705 nos
2408 1667 2587 1723 supra
2644 1651 2795 1722 (cap.
2854 1652 2937 1720 15,
2970 1654 3078 1706 art.
3112 1652 3163 1720 4,
3196 1656 3252 1707 et
3309 1653 3530 1710 Dies-ert.
3586 1656 3645 1710 in

2004 1740 2252 1794 Lactant.
2302 1755 2429 1811 cap.
2485 1739 2576 1810 25,
2637 1742 2745 1795 art.
2803 1740 2881 1811 2),
2932 1739 3031 1795 sed
3092 1740 3160 1795 de
3193 1741 3324 1797 aliis
3380 1743 3651 1800 cereiset

2006 1827 2332 1883 luminibus
2360 1829 2601 1900 profano
2632 1828 2952 1900 gentilique
2986 1830 3100 1883 ritu
3154 1829 3417 1886 adhiberi
3458 1832 3649 1889 solitis

2000 1917 2081 1971 ibi
2121 1917 2404 1989 disputat.
2464 1922 2533 1971 At
2590 1932 2731 1972 sane
2788 1916 2924 1972 inde
2969 1917 3447 1976 manifestissime
3495 1921 3653 1977 colli-

2001 2006 2163 2078 gitur
2219 2006 2579 2061 Christianos
2627 2023 2734 2061 nec
2793 2005 3150 2078 reipublicae,
3230 2024 3334 2063 nec
3392 2008 3649 2081 impera-

1996 2100 2194 2150 torum
2219 2095 2419 2151 hostes
2442 2112 2569 2151 esse
2602 2095 2889 2167 publicos,
2920 2101 3221 2167 propterea
3254 2099 3406 2169 quod
3439 2098 3649 2156 horum

2004 2183 2296 2239 solemnia
2327 2185 2421 2255 pio
2452 2201 2579 2252 suo,
2612 2185 2707 2238 sed
2747 2201 2858 2239 non
2920 2183 3017 2239 illo
3069 2184 3375 2256 gentilium
3410 2203 3653 2259 prorsus

2005 2274 2337 2329 demnando
2368 2289 2433 2328 ac
2464 2273 2791 2328 detestabili
2828 2290 2985 2329 more
3023 2272 3415 2331 celebrabant.

2609 2396 2922 2435 ARTICULUS
2972 2397 3034 2435 III
3046 2423 3057 2435 .

2010 2470 2324 2527 Ostenditur
2378 2471 2625 2523 ethnicos
2680 2471 2854 2539 [uisse
2918 2484 3111 2523 revera
3164 2471 3416 2540 publicos
3475 2472 3656 2528 hostes

2077 2542 2446 2610 imperatoris.
2494 2556 2654 2610 quem
2710 2542 2894 2610 palam
2952 2544 3225 2595 vexabant
3273 2543 3543 2609 dicteriis,
3592 2562 3655 2601 ac

2078 2614 2365 2675 conviciis,
2398 2628 2630 2683 quorum
2690 2616 2842 2667 testis
2900 2619 3018 2667 erat
3079 2614 3305 2682 Tiberis,
3362 2625 3416 2670 et
3472 2617 3657 2672 schola

2083 2685 2383 2739 bestiarum
2413 2700 2432 2744 ,·
2463 2692 2511 2737 ει
2542 2685 2641 2754 qui
2670 2685 2797 2737 novi
2827 2700 2897 2736 ac
2957 2686 3086 2738 novi
3142 2686 3377 2742 Caesaris
3432 2703 3658 2743 scenam

2081 2772 2291 2827 semper
2321 2758 2669 2827 aptabanl,ac
2698 2765 2811 2810 lum
2828 2758 2989 2810 etiam
3013 2773 3136 2810 cum
3166 2759 3219 2811 ei
3250 2759 3620 2815 declamarent
3639 2778 3657 2814 :

2087 2832 2162 2881 De
2198 2826 2429 2882 nostris
2490 2826 2660 2881 annis
2719 2836 2927 2899 augeat
2984 2827 3087 2881 tibi
3128 2831 3400 2901 Juppiter
3449 2848 3654 2887 annos.

2083 2932 2235 2987 Satis
2263 2930 2663 2987 Tertullianus
2698 2948 2809 2986 non
2844 2932 3050 2985 habuit
3082 2933 3209 3004 ipsa
3267 2934 3395 2989 luce
3441 2936 3661 2991 clarius

2014 3021 2451 3075 demonstrasse
2499 3019 2864 3076 Christianos
2915 3038 3028 3075 non
3076 3037 3205 3077 esse
3266 3023 3531 3093 publicos
3561 3029 3665 3080 aut

2015 3110 2385 3181 imperatoris
2426 3116 2525 3163 aut
2584 3109 2911 3180 reipublicae
2970 3109 3206 3165 hostes:
3233 3113 3333 3167 sed
3370 3112 3563 3183 palam
3596 3130 3663 3169 ac

1936 3242 1977 3308 Ο
2016 3201 2608 3308 perspicuemostendit
2638 3201 2923 3299 ipsosmet
2978 3200 3224 3272 gentiles
3280 3202 3340 3257 in
3400 3202 3661 3275 hocipso

2016 3306 2225 3361 genere
2269 3288 2603 3355 offendisse,
2662 3289 2719 3343 in
2771 3306 2888 3361 quo
2947 3290 3094 3345 alios
3154 3289 3323 3359 plane
3370 3292 3663 3348 immerito

2016 3379 2544 3450 reprehendebant.
2579 3378 2775 3449 Neque
2808 3378 3030 3433 alienos
3064 3379 3326 3449 quidem,
3358 3380 3446 3436 vel
3491 3382 3665 3454 longe

2018 3474 2271 3523 remotos
2303 3472 2479 3522 testes
2511 3468 2753 3521 advocat
2785 3484 2797 3521 :
2833 3468 2933 3522 sed
2967 3470 3128 3539 ipsos,
3161 3468 3382 3540 inquit,
3404 3470 3664 3538 Quirites,

2022 3556 2337 3623 Romanos,
2372 3559 2546 3626 ipsam
2600 3557 2951 3611 vernaculam
3007 3566 3209 3626 septem
3255 3560 3506 3629 collium,
3557 3560 3665 3615 hoc

2020 3651 2129 3712 est,
2166 3645 2327 3699 urbis
2360 3650 2555 3700 Roma;
2586 3646 2794 3715 plebem
2824 3649 3106 3705 convenio.
3140 3665 3211 3701 an
3243 3649 3425 3703 alicui
3456 3649 3668 3705 Caesari

2019 3738 2210 3807 parcat
2261 3736 2453 3805 lingua
2509 3735 2747 3789 Romana
2800 3734 3064 3801 (Tertull.
3115 3737 3390 3807 Apologet.
3415 3754 3542 3808 cap.
3575 3740 3664 3806 35,

2026 3841 2157 3897 pag.
2182 3824 2329 3895 454),
2362 3824 2419 3877 id
2446 3829 2555 3893 est,
2591 3829 2790 3894 parcat
2817 3824 3098 3892 dicteriis,
3130 3826 3356 3896 sannis,
3391 3828 3668 3883 conviciis

2025 3920 2082 3971 et
2113 3913 2507 3982 contumeliis,
2544 3913 2760 3983 quibus
2805 3914 3185 3984 imperatores
3236 3932 3374 3969 suos
3414 3915 3669 3971 insecta-

2024 4004 2259 4058 bantur.
2295 4004 2617 4057 Tantarum
2640 4002 2936 4058 enimvero
2961 4004 3535 4073 coatumeliarum,ait
3556 4004 3676 4075 ille,

2027 4092 2176 4146 testis
2228 4100 2304 4146 est
2363 4091 2566 4146 Tiberis
2617 4100 2667 4145 et
2705 4092 2888 4145 schola
2939 4091 3237 4146 bestiarum
3297 4092 3505 4161 (lbid.).
3564 4094 3674 4149 Sed

2030 4181 2349 4251 quodnam,
2386 4180 2614 4253 rogabit
2644 4180 2880 4252 aliquis,
2944 4183 3132 4252 potuit
3184 4199 3313 4238 esse
3363 4183 3522 4238 istud
3581 4183 3678 4238 Ti-

2030 4268 2185 4322 beris
2246 4268 2404 4323 fluvii
2468 4268 2873 4323 testimonium
2908 4269 2934 4323 ?
2990 4271 3360 4341 Respondent
3410 4271 3677 4328 nonnulli

2030 4373 2096 4411 eo
2129 4358 2365 4412 nomine
2424 4356 2722 4429 designari
2775 4363 2987 4413 nautas
3044 4359 3228 4429 ripam
3291 4360 3470 4431 hujus
3519 4360 3679 4416 ﬂuvii

2030 4444 2375 4511 incolentes,
2410 4446 2562 4500 feros
2594 4462 2987 4518 procacesque
3020 4446 3310 4514 homines,
3344 4449 3443 4519 qui
3495 4466 3676 4520 penu-

2033 4534 2132 4589 riae
2164 4539 2447 4603 tempore,
2505 4538 2563 4589 et
2611 4534 2916 4591 deficiente
2970 4537 3282 4607 frumento,
3322 4537 3588 4594 solebant
3618 4538 3679 4593 in

272 4605 672 4662 Tertullianus
730 4603 1039 4675 suggerit:
1078 4625 1105 4653 «
1145 4602 1201 4656 Si
1262 4602 1650 4673 lupanaribus
1709 4616 1921 4654 renun-

2030 4622 2225 4694 ipsum
2258 4623 2541 4678 Caesarem
2576 4622 3051 4694 petulantissima
3100 4623 3303 4696 lingua
3332 4625 3543 4682 invehi.
3577 4627 3684 4684 Ve-

270 4696 452 4761 tiasti,
486 4711 557 4749 ne
589 4693 850 4748 indueris
886 4692 1085 4746 domui
1130 4696 1239 4747 tua:
1284 4691 1487 4746 faciem
1522 4690 1650 4744 novi
1683 4689 1923 4760 lupana-

274 4787 353 4839 ris
392 4808 411 4832 η
449 4783 715 4855 (Tertull.
751 4782 816 4835 de
851 4781 1106 4837 ldololat.
1171 4781 1278 4836 loc.
1343 4781 1466 4851 cit.)
1508 4780 1651 4836 Nam
1685 4779 1922 4833 infamis

274 4874 454 4944 hujus
487 4874 700 4928 domus
724 4872 925 4942 januis
961 4871 1229 4926 solebant
1251 4887 1364 4925 non
1399 4870 1590 4925 solum
1623 4868 1796 4935 lauri,
1823 4868 1921 4923 sed

275 4962 528 5016 lucernis
560 4961 737 5017 etiam
773 4960 1044 5032 appendi.
1093 4960 1255 5015 Unde
1314 4959 1437 5015 haec
1497 4958 1651 5031 apud
1686 4962 1926 5029 Proper-

288 5051 431 5104 tium
460 5050 654 5119 januee
683 5049 1050 5120 querimonia
1083 5068 1096 5105 :

387 5166 494 5208 Non
523 5176 615 5220 ego
646 5164 884 5208 nocturnis
918 5170 1138 5219 potorum
1171 5164 1335 5208 saucia
1363 5164 1499 5209 rixis.

441 5225 633 5270 Pulsata
661 5226 864 5281 indignis
884 5238 1017 5281 smpe
1051 5239 1234 5282 queror
1262 5226 1501 5269 manibus:

385 5290 443 5334 Et
467 5290 579 5331 mihi
609 5301 701 5333 non
731 5289 905 5331 desunt
933 5294 1098 5344 turpes
1125 5288 1334 5345 pendere
1356 5288 1573 5332 corollae.

440 5356 637 5409 Semper
664 5360 712 5397 et
738 5350 950 5395 exclusis
978 5354 1124 5407 signa
1158 5351 1323 5407 jacere
1351 5351 1497 5396 faces.

844 5413 1077 5471 (Propert.
1112 5414 1186 5458 lib.
1214 5426 1242 5464 ι,
1270 5414 1391 5470 eleg.
1419 5414 1509 5469 16.)

282 5517 454 5571 Suam
486 5514 687 5587 itaque
718 5530 958 5569 uxorem
1016 5483 1418 5569 Tertullianus
1477 5512 1627 5568 serio
1658 5512 1934 5569 admonet

290 5606 492 5662 1051
533 5607 617 5661 fas
650 5622 755 5660 nec
789 5604 873 5659 illi
935 5620 1039 5660 nec
1099 5603 1203 5659 ulli
1261 5602 1605 5659 Christianae
1663 5619 1813 5673 esse,
1870 5608 1935 5659 ut

297 5714 319 5743 ι
354 5695 629 5752 omnibus
642 5694 1003 5752 solemnibus
1020 5707 1225 5768 regum
1243 5694 1520 5767 procedat
1534 5693 1929 5766 dejanualau-

2033 4730 2163 4767 rum
2198 4712 2318 4766 haec
2342 4712 2652 4783 explicatio
2684 4712 2775 4766 vix
2806 4712 2909 4767 ulli
2963 4714 3327 4785 probabitur,
3361 4733 3467 4772 nec
3497 4716 3683 4773 menti

2032 4801 2373 4857 Tertulliani
2404 4802 2632 4856 videtur
2656 4802 2988 4858 convenire.
3018 4802 3133 4857 Alii
3165 4808 3484 4876 opinantur
3508 4806 3679 4863 Tibe-

2036 4892 2115 4947 ris
2150 4891 2384 4946 nomine
2411 4890 2671 4945 denotari
2700 4895 2960 4962 pontem,
3003 4892 3091 4947 vel
3118 4892 3308 4948 locum
3341 4896 3679 4967 quemdam,

2035 4998 2103 5035 ex
2165 4998 2279 5051 quo
2332 4979 2599 5034 maledici
2633 4983 2687 5034 et
2745 4981 3165 5038 obtrectatores
3222 4984 3682 5055 projiciebantur

2035 5070 2094 5124 in
2127 5070 2421 5135 Tiberim;
2458 5070 2557 5124 sed
2616 5070 2671 5123 id
2735 5071 2977 5125 forsitan
3037 5089 3152 5127 non
3214 5073 3442 5129 melius.
3502 5074 3683 5128 Nobis

2038 5160 2233 5230 itaque
2268 5159 2495 5213 facilius
2528 5160 2902 5230 persuadebit
2960 5162 3383 5217 Tertullianum
3425 5161 3684 5218 alludere

2039 5251 2109 5305 ad
2146 5254 2371 5303 statuas
2404 5248 2712 5317 quasdam,
2772 5249 2829 5302 in
2882 5249 3129 5320 publicis
3179 5251 3370 5305 Roma
3427 5250 3570 5305 locis
3626 5256 3684 5305 et

2040 5338 2100 5393 in
2126 5338 2351 5393 Tiberis
2382 5337 2507 5407 ripa
2539 5336 2777 5406 positas,
2812 5339 2879 5391 ad
2916 5355 3063 5408 quas
3117 5340 3418 5394 mordaces
3476 5339 3681 5411 hujus-

2042 5428 2262 5483 cemodi
2298 5425 2479 5481 libelli
2537 5426 2948 5497 afﬁgebantur.
3008 5426 3157 5482 Alibi
3215 5428 3505 5498 siquidem
3559 5429 3681 5499 ipse

2042 5515 2443 5572 Tertullianus
2477 5531 2488 5567 :
2518 5538 2544 5563 «
2566 5516 3297 5587 Vanitatis,ait,sacrilegia
3319 5517 3681 5583 conveniam,

2044 5612 2101 5662 et
2130 5607 2319 5677 ipsius
2368 5603 2693 5659 vernacula:
2744 5604 2948 5660 1058
3016 5606 3208 5676 gentis
3248 5606 3681 5662 irreverentiam

2040 5710 2479 5767 recognoscam,
2551 5697 2608 5749 et
2664 5693 2899 5749 festivos
2981 5693 3230 5768 libellos,
3288 5711 3439 5767 quos
3481 5701 3687 5755 statuae
