4162 6378
554 326 709 386 1155

1073 278 1595 390 TEltTULLlANI
1639 327 1956 387 OPEHUM
2009 327 2204 386 PAHS
2247 325 2298 386 Ι.
2329 359 2399 369 —-
2431 325 2703 386 SERIES
2751 325 2793 394 Ι,
2845 322 3412 385 APOLOGETICA.

3801 316 3975 375 “56

557 461 765 524 sciunt,
801 467 858 516 et
884 460 984 516 illa
1040 459 1277 532 obliqua
1331 474 1753 529 nonnunquam
1798 457 1951 513 dicta
1981 475 2014 513 a
2043 473 2182 512 con-
2213 460 2267 524 Α
2298 457 2453 511 modi
2497 472 2740 512 munera
2772 454 2983 527 populo
3012 452 3231 525 largiri.
3293 451 3468 506 Plura
3527 451 3731 504 autem
3777 445 3974 516 hujus

553 548 706 619 cilio,
739 555 913 620 atque
962 548 1274 604 maledicta
1333 564 1458 618 quas
1512 546 1646 601 circi
1709 551 1920 600 sonant
1952 564 1964 612 ;
1999 545 2047 601 si
2080 561 2194 600 non

559 638 758 707 armis,
792 637 995 709 lingua
1049 654 1283 707 semper
1335 635 1578 690 rebelles
1609 635 1750 690 estis
1779 657 1806 684 »
1841 635 2046 705 (Idem,
2090 634 2192 687 lib.

553 757 571 795 ι
605 725 675 782 ad
703 729 926 784 Natio-1t.
961 743 1087 796 cap.
1129 726 1218 790 l7,
1282 742 1414 796 pag.
1477 723 1625 790 583).
1683 722 1884 778 Nonne
1926 724 2080 778 enim
2113 721 2194 776 ibi

553 815 685 870 aliis
715 816 908 870 verbis
938 813 1039 869 illa
1063 815 1178 868 duo
1237 813 1478 876 indicat,
1537 829 1663 883 quae
1696 812 1767 866 ab
1825 828 1890 866 eo
1912 811 2114 866 Tiberis
2141 815 2194 867 et

551 902 734 958 schola
773 904 1070 958 be.~.tiarum
1099 902 1156 956 in
1211 902 1544 972 Apologetico
1600 903 1880 955 vocantur
1906 899 1934 953 ?
1979 899 2190 955 Festivi

555 989 967 1063 quippelibelli
997 990 1436 1060 inimperatoris
1458 988 1870 1043 contumeliam
1897 989 2190 1059 appende-

557 1081 775 1135 bantur
804 1080 1179 1149 statuis,quaa
1222 1079 1278 1132 in
1313 1077 1561 1150 publicis
1591 1076 1962 1143 locis,Tiberi
1988 1077 2188 1148 procul

554 1167 729 1222 dubio
761 1166 988 1236 vicinis,
1043 1167 1329 1222 collocatis
1361 1167 1607 1220 fuerant.
1644 1171 1830 1234 Atque
1860 1165 1996 1218 hinc
2026 1165 2190 1220 Tibe-

555 1256 635 1310 ris
671 1258 872 1310 horum
907 1254 1106 1310 festive
1166 1259 1222 1308 et
1252 1251 1670 1309 contumeliose
1703 1252 1989 1308 dictorum
2024 1253 2190 1309 testis

553 1343 667 1400 dici
698 1344 906 1415 potuit.

623 1433 707 1486 Ad
767 1431 1089 1488 bestiarum
1149 1435 1341 1484 autem
1402 1427 1660 1484 scholam
1741 1431 1893 1499 quod
1943 1433 2186 1501 spectat,

553 1538 668 1576 non
699 1521 946 1576 deerunt
977 1521 1240 1588 fortasse,
1275 1517 1372 1589 qui
1407 1522 1612 1588 putent
1641 1533 1706 1572 eo
1756 1518 1991 1573 nomine
2039 1518 2190 1574 desi-

549 1611 712 1683 gnari
746 1609 980 1665 illarum
1011 1624 1268 1672 caveam,
1301 1607 1359 1660 in
1390 1606 1759 1676 cujusjanua
1789 1606 2186 1662 inscribeban-

550 1705 648 1755 tur
677 1698 780 1754 illa
802 1699 981 1752 facete
1011 1702 1066 1751 et
1104 1701 1272 1750 acute
1305 1694 1478 1759 dicta,
1539 1693 1751 1764 quibus
1806 1693 2188 1765 imperatores

548 1787 907 1859 pungebant.
940 1785 1088 1850 Quid
1119 1788 1338 1852 tamen,
1387 1783 1434 1838 si
1477 1782 1678 1838 schola
1707 1783 2048 1850 bestiarum,
2082 1799 2182 1839 seu

550 1876 696 1931 forte
727 1874 1131 1930 bestiariorum
1162 1889 1228 1926 su
1242 1878 1428 1925 matur
1467 1887 1567 1943 pro
1598 1876 1719 1925 tota
1747 1871 1921 1941 circo,
1967 1873 2036 1926 de
2067 1888 2184 1942 qua

551 1980 684 2018 mox
714 1979 746 2018 a
776 1961 1134 2016 Tertulliano
1192 1960 1410 2014 dictum
1471 1960 1800 2014 audivimus
1837 1977 1850 2014 :
1884 1961 2182 2015 Maledicta

549 2052 682 2106 circi
710 2055 903 2106 sonant
924 2052 949 2102 .9
977 2050 1083 2103 Vix
1113 2048 1266 2103 enim
1308 2047 1442 2102 alibi
1475 2048 1722 2119 gentiles
1754 2049 1972 2117 majore
2005 2047 2182 2102 licen-

548 2140 649 2208 tia,
684 2137 1068 2195 amarioribus
1127 2138 1383 2191 dicteriis
1441 2153 1506 2191 ac
1539 2139 1724 2207 magis
1764 2137 1994 2190 scurrili
2025 2136 2181 2191 dica-

547 2227 717 2284 citate
775 2227 1155 2298 imperatores
1229 2243 1367 2279 suos
1448 2224 1656 2279 laedere
1739 2229 2180 2280 consueverant.

547 2317 723 2372 Visne
747 2316 826 2384 id,
859 2315 1012 2386 quod
1047 2314 1191 2369 satis
1219 2318 1415 2368 tamen
1473 2316 1675 2368 notum
1736 2317 1844 2380 est,
1885 2312 2182 2385 aliquibus

547 2405 822 2476 exemplis
856 2402 1294 2475 probari?Audi
1329 2403 1448 2457 haec
1488 2402 1751 2457 Suetonii
1809 2403 1877 2456 de
1918 2404 2182 2473 Augusto

548 2499 788 2564 (lasere,
817 2493 924 2548 etsi
979 2493 1201 2563 optimo
1258 2491 1538 2562 principe,
1608 2494 1782 2546 verba
1814 2508 1826 2544 :
1862 2514 1888 2540 ‹‹
1923 2491 2182 2562 POpulus

550 2584 843 2654 quondam
886 2583 1194 2636 universus
1253 2580 1522 2634 ludorum
1582 2580 1694 2645 die,
1757 2583 1813 2634 et
1870 2581 2092 2651 accepit
2120 2579 2180 2634 in

550 2669 960 2726 contumeliam
997 2669 1143 2740 ejus,
1163 2673 1475 2723 etassensu
1501 2668 1754 2723 maximo
1789 2669 2186 2740 comprobavit

551 2775 785 2814 versum
818 2759 876 2812 in
920 2774 1094 2812 scena
1150 2756 1591 2828 pronuntiatum
1652 2758 1723 2811 de
1779 2756 1929 2828 gallo
1985 2757 2186 2814 Matris

550 2849 724 2904 deum
784 2846 1214 2919 tympanizante
1271 2866 1300 2894 ››
1360 2846 1616 2916 (Sueton,
1676 2848 1734 2900 in
1798 2847 1912 2900 Vita
1961 2847 2183 2916 August.

547 2938 742 3008 §68):

790 3085 990 3130 Videsne
1017 3089 1068 3128 ut
1093 3081 1310 3129 cinaedus
1338 3081 1503 3127 orbem
1524 3083 1670 3139 digito
1697 3088 1940 3141 temperet.

549 3243 757 3298 Postea
781 3255 916 3294 vero
947 3239 1016 3292 de
1047 3237 1276 3292 Tiberio
1335 3237 1715 3305 imperatore:
1758 3258 1783 3288 ιι
1807 3235 2062 3292 Urebant
2089 3236 2183 3291 in-

549 3347 729 3401 super
779 3327 1008 3383 anxiam
1070 3331 1323 3380 mentem
1382 3325 1539 3379 varia
1603 3323 1860 3395 undique
1909 3325 2185 3391 convicia,

554 3418 714 3472 nullo
747 3433 861 3471 non
902 3417 1308 3469 damnatorum
1341 3430 1513 3467 omne
1537 3414 1729 3483 probri
1762 3430 1946 3485 genus
1969 3430 2185 3484 coram,

552 3506 641 3561 vel
676 3521 776 3576 per
813 3502 1042 3558 libellos
1097 3502 1154 3555 iu
1196 3502 1493 3555 orchestra
1549 3501 1772 3571 positos
1830 3502 2127 3572 ingerente
2157 3522 2186 3550 ››

551 3594 734 3664 (Idem
767 3591 868 3645 lib.
901 3608 981 3654 ιιι,
1008 3591 1066 3644 in
1118 3589 1235 3644 Vita
1295 3589 1498 3643 Tiberii
1525 3590 1551 3656 §
1578 3589 1692 3659 66),
1749 3589 1937 3644 Julius
1993 3597 2184 3644 autem

552 3679 914 3752 Capitolinus
975 3679 1090 3733 haec
1149 3678 1220 3731 de
1285 3676 1433 3731 Vero
1519 3677 1869 3747 imperatore
1953 3681 2185 3732 narrat:

553 3794 580 3821 ‹‹
612 3768 971 3828 Circensium
1010 3771 1232 3820 tantam
1265 3781 1464 3818 curam
1522 3765 1745 3830 habuit,
1792 3771 1857 3820 ut
1914 3767 2186 3836 frequen-

556 3865 642 3913 ter
700 3853 1154 3927 provincialibus
1212 3851 1435 3906 litteras
1486 3868 1662 3906 causa
1726 3853 2074 3908 circensium
2132 3857 2189 3909 et

555 3944 774 4001 miserit
804 3949 860 3998 et
890 3943 1193 4013 acceperit.
1254 3940 1514 4010 Denique
1571 3941 1744 3995 etiam
1799 3958 2074 4012 prazsens,
2133 3947 2191 3997 et

552 4051 686 4091 cum
710 4033 902 4088 Marco
933 4031 1164 4097 sedens,
1199 4028 1414 4084 multas
1445 4045 1478 4082 a
1508 4028 1844 4086 Venetianis
1903 4037 1993 4086 est
2051 4047 2188 4102 pas-

553 4141 655 4180 sus
692 4121 964 4192 injurias,
987 4119 1140 4190 quod
1174 4117 1513 4188 turpissime
1571 4123 1772 4173 contra
1793 4135 1891 4174 eos
1922 4121 2188 4176 faceret»

551 4211 690 4284 (Jul.
723 4208 967 4281 Capitol.
1019 4208 1076 4262 in
1114 4207 1227 4262 Vila
1278 4206 1423 4274 Veri,
1483 4222 1614 4278 pag.
1674 4207 1820 4278 506).
1879 4209 1986 4263 Sed
2045 4208 2186 4279 haec,

552 4317 680 4373 quis
710 4303 829 4353 tam
861 4313 1010 4368 sape
1055 4296 1412 4367 obtigerunt,
1471 4294 1660 4350 fusius
1717 4298 1989 4368 prosequi
2047 4297 2188 4368 quid

553 4405 790 4446 necesse
820 4391 910 4442 est
931 4385 953 4440 ?

624 4478 800 4548 Urget
849 4473 1290 4530 Tertullianus:
1348 4473 1403 4526 Si
1464 4489 1588 4544 quis
1640 4474 1832 4529 cordis
1891 4474 2189 4546 animique

2305 545 2631 617 largitionis
2662 544 2926 616 exempla
2941 543 3096 615 apud
3129 536 3675 596 Romanaehistoriaa
3708 535 3972 606 scripto-

2305 651 2395 689 res
2426 633 2643 705 passim
2679 633 2930 706 reperire
2961 637 3068 688 est.
3102 631 3154 685 Si
3211 629 3344 701 quis
3375 633 3571 683 tamen
3622 623 3835 695 aliqua
3870 623 3977 677 de-

2302 721 2539 787 siderat,
2571 739 2639 777 ex
2667 721 2759 776 his
2794 738 2977 792 pauco
3013 719 3346 791 seligemus.
3405 714 3683 771 Claudius
3715 717 3975 786 postero

2301 811 2413 881 die,
2447 827 2561 882 quo
2594 811 2664 866 ad
2700 811 3012 881 imperium
3059 826 3092 863 a
3126 806 3410 862 militibus
3469 807 3694 875 raptus,
3756 801 3973 873 potius

2300 916 2476 969 quam
2508 899 2728 954 electus
2787 899 2915 965 fuit,
2980 902 3255 962 armatos,
3315 894 3397 949 ait
3452 891 3797 956 Suetonius,
3857 907 3971 962 pro

2298 989 2571 1043 concione
2603 988 2804 1044 1059
2855 988 3058 1058 jurare
3107 988 3165 1040 in
3228 1001 3437 1041 nomen
3495 998 3671 1037 suum
3732 997 3969 1052 passus

2297 1082 2404 1143 est,
2437 1078 2822 1148 promisitque
2854 1075 3104 1148 singulis
3136 1075 3466 1146 quinadena
3495 1071 3802 1137 sestertia,
3832 1069 3956 1141 pri-

2299 1182 2431 1220 mus
2462 1166 2750 1220 Caesarum
2785 1167 2954 1220 fidem
2991 1164 3193 1218 militis
3247 1164 3419 1218 etiam
3463 1159 3700 1234 praemio
3737 1159 3968 1229 pigne-

2297 1258 2520 1309 ratus»
2577 1254 2832 1325 (Sueton.
2891 1256 2951 1308 in
3016 1255 3133 1309 Vita
3163 1251 3466 1318 Claudii,§
3525 1248 3634 1318 10).
3695 1245 3964 1302 Claudio

2297 1347 2492 1398 autem
2525 1347 2774 1414 mortuo,
2803 1367 2830 1393 «
2865 1341 3061 1398 illatus
3091 1346 3179 1398 est
3205 1341 3408 1396 castris
3444 1339 3656 1406 Nero,»
3689 1335 3964 1391 Cornelii

2294 1431 2477 1488 Taciti
2507 1433 2682 1488 verba
2713 1437 2870 1500 sunt,
2904 1453 2928 1484 α
2963 1435 3020 1486 et
3050 1429 3431 1502 congruentia
3486 1425 3741 1498 tempori
3796 1441 3958 1495 pra:-

2297 1519 2474 1590 fatus,
2507 1522 2794 1592 promisso
2840 1520 3111 1575 donativo
3161 1519 3231 1574 ad
3289 1514 3619 1588 exemplum
3681 1517 3954 1585 paternae

2296 1607 2646 1681 largitionis,
2674 1609 2993 1681 imperator
3016 1608 3422 1663 consalutatur
3452 1628 3479 1654 »
3510 1603 3715 1676 (Tacit.
3743 1602 3804 1655 in
3837 1601 3949 1656 fin.

2295 1696 2396 1751 lib.
2431 1698 2786 1768 anmzat.).
2835 1698 3138 1752 Testatum
3199 1712 3331 1751 vero
3390 1695 3746 1766 Spartianus
3809 1691 3957 1746 facit

2294 1787 2366 1842 ab
2390 1786 2638 1842 Adriano
2666 1787 2862 1842 datam
2899 1786 3186 1841 militibus
3236 1783 3528 1857 duplicem
3586 1784 3659 1838 ob
3702 1779 3952 1853 imperii

2292 1876 2552 1946 auspicia
2595 1876 2958 1947 largitionem
3012 1874 3320 1947 (Spartian.
3384 1873 3438 1928 in
3506 1873 3622 1928 Vita
3671 1873 3950 1940 Adriani,

2293 1969 2421 2035 post
2455 1963 2630 2034 init.),
2655 1970 2709 2019 et
2743 1964 3114 2035 Lampridius
3168 1963 3312 2018 alias
3368 1962 3440 2017 ab
3481 1961 3766 2030 Macrino,
3801 1976 3943 2013 cum

2289 2053 2645 2107 Antoninum
2676 2053 3099 2107 Diadumenum
3134 2052 3539 2122 imperatorem
3576 2048 3948 2104 renuntiavit

2289 2141 2631 2212 (Lamprid.,
2667 2141 2792 2196 init.
2833 2143 2961 2197 Vita:
2994 2143 3185 2196 Anton.
3222 2139 3522 2210 Diadum.).
3585 2139 3687 2193 Cui
3731 2143 3941 2192 autem

2289 2229 2408 2285 haec
2440 2231 2582 2285 satis
2615 2248 2724 2284 non
2759 2239 2948 2299 erunt,
3007 2229 3102 2284 hic
3158 2231 3328 2285 adeat
3383 2226 3774 2283 Bobertellum
3835 2226 3942 2296 (de

2292 2318 2561 2374 Commod.
2592 2334 2812 2389 praem,
2841 2318 2964 2374 don.
2994 2319 3214 2389 milit.),
3275 2317 3644 2372 Pancirolum
3695 2315 3779 2386 (in
3823 2316 3941 2369 No-

2289 2409 2373 2464 tit.
2411 2424 2602 2479 imper.
2638 2409 2864 2473 0rient.,
2899 2408 3138 2479 cap.7li)
3195 2411 3252 2462 et
3309 2406 3473 2462 alios.
3524 2404 3790 2461 Gentiles
3823 2404 3943 2474 igi-

2291 2500 2388 2550 tur
2418 2495 2575 2551 lucro
2608 2513 2837 2567 semper
2869 2496 3048 2565 ducti,
3073 2501 3136 2550 ut
3167 2494 3504 2550 donativum
3537 2493 3756 2564 saepius
3788 2493 3946 2547 acci~

2291 2589 2512 2656 perent,
2547 2584 2843 2656 regnantis
2873 2584 3114 2640 Caesaris
3146 2588 3414 2654 mortem,
3475 2599 3540 2638 ac
3597 2582 3750 2649 novi,
3821 2581 3941 2637 cito

2293 2676 2485 2727 tamen
2519 2673 2782 2727 morituri
2818 2689 3053 2727 scenam
3093 2673 3391 2744 optabant.

2363 2761 2539 2832 Urget
2569 2761 2759 2815 adhuc
2791 2763 3001 2816 Auctor
3029 2765 3228 2816 noster
3257 2777 3322 2816 eo
3381 2767 3640 2831 tempore
3681 2759 3941 2830 ipsaque

2291 2849 2434 2904 hora
2462 2849 2609 2903 hanc
2641 2866 2896 2916 scenam,
2917 2857 3280 2920 mortemque
3310 2848 3548 2903 Cesaris
3579 2849 3651 2901 ab
3685 2847 3806 2902 illis
3837 2865 3942 2903 cu-

2294 2937 2490 3010 pidius
2522 2939 2857 3009 expetitam,
2886 2955 3018 2992 cum
3054 2939 3163 3009 ipsi
3200 2937 3640 2992 acclamabant:

2505 3060 2573 3105 De
2602 3061 2780 3106 nostris
2807 3059 2944 3105 annis
2967 3059 3048 3104 tibi
3069 3059 3285 3117 Juppiter
3311 3063 3485 3116 augeat
3512 3069 3679 3102 annos.

2293 3169 2402 3224 Sed
2437 3169 2494 3222 in
2545 3170 2759 3223 nostris
2819 3169 3117 3223 codicibus
3175 3173 3231 3222 et
3287 3167 3458 3222 editis
3512 3167 3945 3222 vetustioribus

2294 3257 2563 3328 legimus,
2600 3263 2768 3328 rupta
2800 3257 2964 3311 metri
3000 3258 3187 3312 forma
3220 3273 3232 3311 :
3271 3279 3298 3305 ‹‹
3355 3256 3534 3311 De...
3596 3260 3814 3326 augeat
3833 3255 3948 3309 tibi

2292 3345 2518 3415 Jupiter
2547 3363 2730 3400 annos
2762 3368 2788 3395 ››
2824 3345 3088 3416 ('l‘ertull.
3152 3346 3423 3416 Apologct.
3485 3361 3612 3414 cap.
3673 3344 3766 3410 35,
3804 3360 3943 3414 pag.

2295 3435 2438 3504 456).
2487 3439 2556 3487 At
2577 3451 2810 3504 quoquo
2859 3436 3030 3488 modo
3087 3432 3335 3506 legatur,
3394 3434 3472 3487 ibi
3531 3431 3944 3487 Tertullianus

2295 3521 2485 3576 innuit
2516 3521 2849 3577 simulatam
2886 3521 3172 3593 planeque
3209 3523 3546 3577 mendacem
3578 3520 3765 3574 fuisse
3789 3520 3949 3574 hanc

2296 3609 2769 3666 acclamationem
2804 3611 3238 3681 gentilium,qui
3274 3617 3397 3664 tum
3429 3610 3947 3665 Caesarismortem

2295 3704 2415 3754 toto
2448 3700 2643 3754 animo
2676 3700 3042 3769 appetebant.
3077 3699 3190 3754 Nec
3223 3698 3378 3753 ullus
3412 3697 3744 3768 ambigendi
3774 3696 3950 3751 locus

2296 3804 2424 3843 esse
2452 3787 2702 3854 videtur,
2745 3788 2885 3858 quin
2932 3787 3108 3842 simili
3171 3787 3472 3842 mendacio
3525 3785 3767 3842 Ovidius
3830 3794 3951 3839 Au-

2296 3882 2467 3948 gusto
2499 3877 2704 3931 Czesari
2738 3875 3145 3931 acclamaverit
3165 3876 3274 3930 hoc
3296 3875 3554 3930 carmine
3579 3891 3592 3930 :

2555 4026 2746 4082 Augeat
2772 4025 3020 4082 imperium
3047 4025 3197 4070 nostri
3219 4024 3370 4076 ducis,
3399 4027 3573 4080 augeat
3595 4035 3766 4067 annos.

3035 4105 3192 4157 (Ovid.
3227 4105 3304 4150 lib.
3329 4116 3347 4149 ι
3376 4105 3553 4148 Fauor.
3581 4116 3626 4148 ν.
3659 4103 3776 4157 611.)

2298 4216 2511 4267 Verum
2545 4212 2590 4267 si
2624 4212 3060 4284 baecgentilium
3087 4211 3428 4268 acclamatio
3461 4211 3744 4267 simulata
3767 4212 3949 4282 plane

2297 4302 2425 4371 fuit,
2457 4307 2686 4359 constat
2712 4303 3176 4358 sincerissimum
3212 4303 3393 4358 fuisse
3450 4302 3597 4357 illud
3645 4303 3952 4359 Ambrosii

2298 4407 2401 4462 pro
2429 4391 2838 4446 Valentiniano
2871 4391 3241 4463 imperatore,
3274 4391 3409 4446 licet
3437 4397 3903 4451 mortuo.votum
3934 4408 3947 4446 :

2305 4499 2331 4532 α
2361 4479 2475 4534 Nec
2505 4497 2609 4551 ego
2641 4481 2832 4535 abnuo
2889 4480 3203 4535 immatura
3254 4481 3470 4535 obiisse
3530 4484 3719 4544 aetate,
3765 4497 3949 4550 quem

553 4565 795 4622 humani
816 4565 1064 4618 fenestra
1093 4561 1165 4616 ad
1198 4563 1543 4616 scrutandos
1568 4577 1778 4618 sensus
1800 4565 1928 4632 ejus
1955 4563 2194 4620 intimos
2224 4550 2270 4614 D
2305 4573 2517 4624 nostris
2545 4550 2671 4623 vitae
2703 4570 3064 4640 temporibus
3097 4570 3300 4625 fulcire
3341 4586 3712 4641 caperemus,
3751 4577 3815 4624 ut
3880 4573 3952 4625 de

553 4657 794 4726 pateret,
828 4656 970 4706 tunc
999 4655 1152 4705 certe
1180 4666 1632 4720 agnosceremus
1689 4652 1928 4722 quantis
1985 4669 2189 4709 omnes

548 4743 700 4798 votis
754 4740 1056 4812 optabant,
1085 4740 1215 4794 novi
1268 4755 1333 4792 ac
1368 4741 1497 4794 novi
1525 4741 1760 4796 Caesaris
1793 4757 2048 4810 scenam,
2082 4741 2189 4797 hoc

551 4836 662 4898 est,
720 4829 1082 4899 frequentem
1135 4828 1375 4883 Cesaris
1433 4836 1699 4896 mortem,
1739 4834 1795 4884 et
1850 4829 2188 4886 electionem

552 4919 791 4977 alterius
849 4917 1124 4987 congiaria
1175 4915 1465 4971 dividendo
1521 4918 1869 4987 praesidentis
1926 4918 2185 4988 (Tertull.

551 5009 839 5080 Apologet.
873 5023 997 5076 cap.
1027 5005 1116 5074 35,
1151 5021 1279 5074 pag.
1314 5006 1460 5073 455).
1521 5007 1767 5068 Quidam
1830 5014 2023 5062 autem
2078 5008 2188 5077 legi

549 5097 764 5154 vellent
788 5093 1224 5167 praesiderentis,
1274 5094 1374 5148 sed
1409 5093 1517 5148 levi
1560 5097 1913 5165 conjectura,
1947 5101 2003 5151 et
2057 5112 2190 5151 con-

550 5192 642 5243 tra
670 5185 935 5242 codicum
970 5183 1164 5247 fidem,
1228 5181 1627 5237 Tertullianus
1684 5184 1837 5238 enim
1896 5183 2190 5255 significat

551 5275 816 5332 ethnicos
883 5288 1114 5342 semper
1167 5274 1397 5340 optasse
1455 5287 1689 5326 scenam
1742 5273 1871 5328 novi
1923 5272 2187 5340 Cesaris,

551 5365 651 5435 qui
684 5361 974 5434 congiario
998 5361 1116 5415 sive
1147 5358 1396 5424 muneri,
1442 5359 1779 5432 plerumque
1829 5361 2186 5432 pecuniario,

551 5452 706 5524 plebi
765 5455 866 5505 aut
922 5448 1208 5504 militibus
1258 5447 1565 5504 dividendo
1626 5457 1920 5520 praeesset,
1979 5455 2080 5504 aut
2128 5465 2190 5505 se

553 5545 831 5612 prasente
861 5537 1040 5592 dividi
1073 5537 1328 5606 jubeiet.
1370 5539 1491 5591 Mos
1547 5539 1763 5610 quippe
1820 5544 1944 5592 erat
2001 5541 2186 5594 Cresa-

551 5630 716 5686 ribus
743 5643 946 5684 recens
975 5623 1198 5696 electis,
1227 5629 1329 5680 aut
1382 5627 1446 5680 ut
1501 5625 1637 5698 eligi
1693 5632 1956 5700 possent,
1988 5627 2190 5700 hujus.

2298 4657 2514 4711 nostris
2545 4658 2714 4712 annis
2744 4659 2977 4724 viveret,
3013 4658 3111 4729 qui
3157 4658 3316 4728 fungi
3351 4675 3465 4713 non
3526 4657 3715 4728 potuit
3746 4659 3875 4713 suis
3919 4683 3949 4707 ››

2299 4747 2592 4818 (Ambros.
2653 4747 2718 4802 de
2772 4746 2891 4800 Obit
2955 4748 3157 4802 Valent.
3219 4750 3244 4814 ἓ
3301 4747 3386 4810 43,
3447 4761 3576 4817 pag.
3608 4745 3787 4815 I186).
3828 4747 3949 4801 Nos

2297 4851 2430 4889 vero
2459 4834 2598 4889 olim
2630 4835 3065 4891 observavimus
3097 4836 3171 4890 ibi
3208 4836 3582 4890 Ambrosium
3624 4834 3716 4888 his
3749 4836 3949 4890 verbis

2300 4923 2571 4979 allusisse
2603 4926 2672 4979 ad
2707 4929 2969 4980 notatam
3003 4941 3032 4980 ιι
3065 4923 3424 4979 Tcrtulliano
3483 4922 3810 4979 solemnem
3847 4941 3946 4978 ae-

2299 5011 2590 5067 clamandi
2649 5013 2985 5068 formulam.
3045 5011 3245 5068 Plures
3295 5028 3466 5082 porro
3526 5011 3616 5065 his
3688 5011 3950 5076 similes,

2299 5101 2512 5171 quibus
2544 5101 2775 5173 longam
2805 5102 3096 5157 Caesarum
3156 5101 3332 5156 vitam
3364 5105 3564 5172 optare
3610 5099 3837 5156 ethnici
3879 5102 3950 5154 vi-

2298 5190 2605 5261 debantur,
2638 5192 2850 5262 saepius
2873 5190 3118 5260 legimus
3149 5191 3206 5245 in
3239 5207 3441 5246 eorum
3477 5188 3776 5259 libris,qni
3799 5191 3951 5245 vitas

2296 5275 2712 5345 imperatorum
2738 5278 3064 5347 Commodi,
3087 5276 3424 5347 Pertinacis,
3459 5277 3652 5345 Probi,
3688 5275 3952 5347 Balbini,

2297 5362 2665 5457 aliorumque
2693 5367 3071 5457 scripseru.nt.
3107 5366 3215 5420 Sed
3276 5365 3435 5421 adire
3466 5370 3747 5438 praeterea
3782 5370 3949 5435 pote-

2298 5452 2378 5507 ris
2408 5453 2770 5510 Brissonium
2793 5455 2916 5525 (lib.
2952 5452 2997 5520 ιζ
3023 5453 3086 5510 de
3116 5454 3363 5509 Format.
3400 5471 3532 5526 pag.
3564 5454 3634 5507 95
3667 5459 3722 5507 et
3751 5454 3952 5524 seqq.)

2295 5545 2354 5595 et
2383 5543 2722 5598 Bernardini
2751 5542 2997 5598 Ferrarii
3029 5541 3284 5613 primum
3317 5544 3388 5599 de
3417 5540 3954 5599 acclamationibus

2297 5632 2353 5686 et
2407 5629 2620 5704 plausu
2665 5631 2882 5688 librum
2939 5631 3190 5706 (Ferrar.
3229 5631 3332 5689 lib.
3357 5650 3398 5705 ι,
3445 5633 3515 5689 de
3541 5631 3784 5688 Aeetam.
3818 5647 3955 5708 cap.
