4162 6368
254 328 403 388 1157

1161 330 1232 389 D.
1280 328 1375 390 LE
1423 330 1748 394 NOUHRY
1793 330 2439 395 OBSERVATIONES
2490 340 2743 399 NUV/E.

3510 345 3666 406 1158

253 479 339 544 19’
370 478 439 531 20
469 480 526 531 et
582 478 791 548 seqq).
844 476 1127 533 (Laterum
1177 479 1575 535 Tertullianus
1628 485 1782 537 recte
1832 497 1901 536 εχ
1931 468 1987 532 Α
2020 463 2110 520 his
2142 466 2331 520 tribus
2362 469 2851 540 explicationibus
2886 472 2986 528 tibi
3024 474 3211 546 magis
3268 475 3541 543 arrideat,
3597 493 3662 533 ac

251 567 422 622 dictis
472 565 693 637 colligit
756 566 1025 636 gentiles,
1085 568 1185 639 qui
1246 568 1588 639 hujusmodi
1642 574 1774 626 vcta
1834 571 1905 627 de

252 654 516 728 proxima
547 655 918 726 imperatoris
953 661 1133 711 morte
1166 656 1479 725 faciebant,
1514 658 1706 730 reipsa
1757 659 1903 716 fuis-

253 761 316 801 se
373 748 430 800 et
486 743 646 798 illius
704 747 759 798 et
818 744 1150 816 reipublicae
1212 746 1408 801 hostes
1469 748 1756 819 publicos,
1817 748 1902 804 uti

254 834 446 891 adhuc
475 850 543 911 ex
575 833 645 887 iis
681 833 917 904 patebit,
952 850 1078 904 ques
1112 835 1169 889 in
1204 836 1471 907 sequenti
1508 837 1755 893 articulo
1815 838 1902 893 di-

255 924 439 980 cenda
470 940 535 977 su
547 927 627 976 nt.

854 1045 1173 1085 ARTICULUB
1224 1047 1295 1084 ιν.

255 1119 483 1189 Majores
504 1118 914 1191 imperatorum
943 1118 1121 1173 hostes
1149 1120 1317 1186 luisse
1368 1123 1607 1175 ethnicos
1650 1122 1901 1191 prodito-

328 1188 430 1262 res.
486 1188 717 1259 Cassios,
746 1189 984 1262 ANigros,
1028 1192 1247 1245 Atbinos
1297 1200 1349 1245 et
1400 1194 1558 1258 alios,
1619 1188 1715 1262 qui
1763 1196 1905 1247 inter

326 1261 464 1335 duas
495 1262 701 1335 1060
736 1260 926 1315 lauros
958 1262 1227 1318 Caesarem
1258 1264 1583 1319 obsederunt
1604 1260 1741 1335 {qui
1768 1267 1901 1335 fau-

325 1334 475 1389 cibus
500 1334 621 1403 ejus
666 1335 1039 1403 exprimendis
1086 1340 1451 1389 exercuerunt
1484 1334 1860 1406 palaestricam
1883 1354 1903 1397 ,-

325 1407 422 1478 qui
444 1406 763 1478 irruperunt
791 1408 849 1478 in
881 1407 1174 1475 palatium,
1203 1408 1458 1463 omnibus
1484 1411 1721 1475 Sigeriis
1741 1413 1905 1478 atque

330 1476 645 1551 Partheniis
692 1476 1009 1532 audaciores
1029 1480 1195 1551 ;_qui
1242 1480 1597 1551 scelestarum
1656 1476 1904 1551 partium

328 1550 465 1603 socii
490 1564 555 1602 ac
579 1550 869 1619 plausores
894 1548 1136 1619 quotidie
1185 1550 1615 1612 revelc-bantur;
1656 1548 1723 1606 ac
1771 1561 1903 1606 tan-

327 1620 449 1693 dem
477 1621 573 1690 qui
600 1621 920 1690 astrologos,
977 1622 1275 1693 aruspices,
1327 1639 1564 1693 augures
1615 1626 1668 1677 et
1717 1639 1904 1691 magos

329 1690 395 1747 de
421 1693 821 1762 imperatorum
846 1694 1033 1765 capite
1061 1690 1472 1765 consultabant,
1527 1711 1592 1750 ac
1638 1702 1750 1749 tam
1784 1690 1905 1765 fal-

329 1780 394 1837 sa
418 1780 735 1837 procorum
765 1762 949 1819 salute
974 1764 1253 1835 faciebant
1282 1770 1433 1832 vola,
1482 1782 1643 1837 quam
1684 1762 1907 1821 sincera

336 1834 661 1891 Christiani.

331 1942 386 1995 Si
418 1940 567 1996 laesae
599 1941 925 2012 majestatis
956 1941 1221 1997 humana:
1255 1942 1334 1996 rei
1368 1943 1606 2000 fuerunt
1636 1943 1905 2016 gentiles,

262 2030 363 2101 qui
387 2034 633 2085 mortem
667 2047 949 2086 caesarum
979 2036 1035 2085 et
1060 2030 1481 2101 imperatorum
1506 2038 1625 2088 tam
1668 2034 1907 2089 nefariis

261 2119 406 2175 votis
442 2119 863 2191 efﬂagitabant,
899 2118 1069 2189 longe
1100 2121 1336 2189 gravius
1370 2122 1570 2192 procul
1615 2122 1794 2177 dubio
1845 2122 1904 2177 in

261 2207 392 2263 illos
427 2207 763 2280 peccabant,
796 2207 892 2262 alii
926 2207 1253 2279 perduelles
1305 2213 1477 2281 atque
1527 2210 1719 2281 ignavi
1770 2228 1905 2283 pro-

262 2298 499 2367 ditores,
531 2296 632 2368 qui
665 2296 750 2351 vel
782 2298 852 2351 ab
884 2314 1083 2351 eorum
1118 2298 1386 2368 partibus
1416 2299 1767 2369 defecerant,
1822 2298 1906 2355 vel

261 2387 378 2443 vita
406 2385 523 2441 illis
544 2391 741 2457 erepta
765 2390 1065 2441 tentarunt
1086 2403 1370 2457 occupare
1404 2388 1794 2459 tyrannidem.
1829 2390 1908 2443 Ex

262 2474 501 2529 illorum
541 2472 743 2544 procul
785 2473 964 2527 dubio
1020 2489 1262 2527 numero
1320 2474 1557 2529 fuerunt
1602 2474 1908 2530 memorati

266 2580 299 2619 a
356 2560 715 2617 Tertulliano
775 2560 1036 2627 (Tertull.
1091 2562 1367 2632 Apologet.
1426 2579 1552 2634 cap.
1615 2564 1705 2629 35,
1776 2580 1907 2635 pag.

268 2653 392 2722 457)
452 2650 647 2717 Cassii,
706 2658 757 2705 et
792 2650 971 2717 Nigri,
1026 2654 1077 2705 et
1134 2652 1338 2719 Albini,
1398 2651 1451 2705 id
1507 2656 1613 2718 est,
1674 2651 1910 2707 Cassius

267 2742 554 2806 Clemens,
587 2739 943 2794 Pescennius
973 2740 1149 2811 Niger
1202 2746 1257 2795 et
1313 2740 1582 2811 Albinus,
1631 2742 1727 2812 qui
1790 2759 1911 2797 mo-

268 2830 354 2885 liti
388 2834 525 2885 sunt
556 2829 614 2883 in
649 2829 843 2883 Severi
873 2827 1266 2899 imperatoris,
1321 2834 1382 2884 ut
1430 2847 1609 2901 supra
1656 2830 1914 2886 vidimus

267 2920 462 2991 (Supr.
524 2935 649 2989 cap.
719 2920 772 2983 2,
860 2924 968 2972 art.
1060 2918 1132 2989 1),
1223 2918 1535 2990 imperium
1620 2920 1910 2975 invadere.

265 3008 487 3063 Publici
518 3022 656 3078 ergo
688 3006 885 3061 hostes
915 3012 1101 3073 erant,
1134 3011 1190 3061 et
1221 3007 1368 3063 laesae
1427 3008 1755 3078 majestatis
1808 3008 1914 3063 hu-

268 3113 453 3151 mana:
486 3096 582 3151 rei.

338 3186 612 3256 Ejusdem
646 3201 877 3256 quoque
908 3183 1146 3240 sceleris
1180 3184 1214 3239 ii
1249 3189 1443 3255 aperte
1463 3184 1913 3255 convincuntur,

271 3300 290 3325 ι
319 3275 421 3347 qui
452 3276 603 3330 inter
632 3275 780 3329 duas
813 3274 1029 3330 lauros.
1068 3298 1095 3323 »
1128 3274 1474 3329 Tertulliani
1526 3274 1716 3329 adhuc
1747 3276 1921 3330 verba

268 3368 429 3429 sunt,
453 3385 479 3413 «
504 3364 775 3419 obsident
807 3364 1114 3428 Czesarem,
1149 3364 1249 3435 qui
1279 3362 1551 3418 faucibus
1576 3365 1703 3433 ejus
1732 3363 1924 3435 expri-

269 3453 498 3508 mendis
531 3451 915 3523 palaestricam
949 3458 1219 3508 exercent
1254 3477 1273 3502 ι
1315 3451 1579 3524 (Tertull.
1618 3451 1727 3507 loc.
1779 3451 1923 3523 cit.).

268 3542 395 3597 Non
427 3542 677 3597 obscure
716 3547 909 3597 autem
984 3542 1148 3613 loqui
1200 3543 1432 3598 videtur
1491 3543 1561 3597 de
1609 3542 1926 3598 Commodo

268 3632 642 3703 imperatore,
676 3631 845 3701 cujus
878 3631 1005 3685 vitae
1031 3648 1143 3686 non
1179 3632 1357 3686 semel
1391 3631 1627 3686 insidiae
1672 3631 1927 3686 instruc-

273 3724 340 3774 tae
373 3726 536 3775 sunt.
572 3720 766 3774 Primo
800 3718 956 3774 enim
990 3719 1410 3791 Pompeianus,
1445 3719 1585 3788 sive,
1611 3725 1675 3774 ut
1706 3719 1804 3775 alii
1834 3736 1928 3776 vo-

268 3807 417 3863 lunt.
444 3809 778 3872 Quadratus
801 3807 929 3862 vita:
969 3808 1098 3878 ejus
1130 3807 1445 3863 insidiatus
1468 3812 1576 3873 est,
1601 3809 1660 3861 in
1692 3817 1927 3880 angusto

270 3895 504 3967 quodam
545 3898 811 3964 introitu,
847 3896 1021 3951 sicuti
1053 3901 1109 3950 in
1163 3896 1364 3951 Dionis
1419 3896 1683 3967 Epitome
1717 3896 1930 3967 legitur

270 3988 428 4057 (pag.
477 3985 626 4056 284),
685 3992 807 4054 aut,
870 3989 934 4039 ut
997 3985 1077 4040 ait
1130 3985 1478 4039 Ammianus
1532 3984 1927 4051 Marcellinus,

272 4074 396 4143 (lib.
457 4090 610 4143 xxxx,
706 4090 839 4144 pag.
917 4074 1068 4144 550),
1145 4075 1206 4127 in
1283 4073 1691 4144 amphitheatri
1762 4091 1929 4130 cavea

270 4166 392 4231 aut,
426 4162 926 4233 quemadmodum
959 4161 1323 4217 Herodianus
1378 4162 1500 4229 (lib.
1534 4179 1551 4216 ι
1601 4163 1738 4216 Hist.
1793 4178 1924 4234 pag.

273 4251 421 4322 472),
452 4251 714 4320 tradidit,
747 4252 806 4304 in
831 4251 987 4305 aditu
1029 4251 1427 4321 amphitheatri
1450 4259 1501 4305 et
1529 4253 1754 4306 obscuro
1792 4251 1925 4307 loco.

275 4344 346 4395 At
369 4341 417 4395 si
442 4340 497 4394 in
534 4340 640 4395 hoc
666 4338 1083 4411 amphitheatri
1109 4339 1270 4394 aditu
1300 4338 1572 4411 plantataa
1601 4344 1769 4395 erant
1801 4339 1927 4395 lau-

273 4447 394 4499 rus,
428 4429 583 4483 haud
618 4428 933 4483 difﬁciliter
963 4428 1286 4500 intelligere
1316 4434 1402 4483 est
1434 4445 1538 4483 cur
1568 4429 1926 4484 Commodus

274 4519 426 4574 inter
456 4519 603 4573 duas
638 4517 831 4572 lauros
866 4517 1144 4573 obsessus
1177 4518 1425 4573 dicatur.
1456 4517 1671 4573 Verum
1695 4517 1833 4589 quia
1866 4517 1922 4572 id

276 4606 655 4676 rigidioribus
688 4604 907 4660 criticis
942 4604 1105 4661 facile
1139 4624 1251 4661 non
1288 4608 1595 4677 probatur,
1655 4607 1930 4678 opinatus

278 4704 365 4751 est
395 4695 683 4768 Rigaltius
712 4695 805 4750 his
858 4695 1123 4751 Auctoris
1157 4697 1339 4751 nostri
1393 4696 1581 4751 verbis
1637 4694 1930 4767 designari

279 4785 569 4840 lauretum
630 4784 805 4840 variis
868 4786 1048 4855 (Idem
1108 4785 1294 4854 ibid.),
1352 4790 1501 4841 teste
1582 4784 1930 4852 Ilerodiano,

281 4875 591 4930 arboribus
623 4892 687 4929 ac
738 4874 984 4946 pulchra
1036 4876 1389 4946 copiosaque
1440 4876 1601 4930 lauro
1653 4874 1930 4941 obsitum,

283 4979 421 5033 quo,
454 4965 594 5017 dum
654 4963 835 5034 pestis
886 4964 1077 5019 Romae
1136 4971 1523 5035 grassaretur,
1578 4964 1936 5020 Commodus

286 5052 644 5105 medicorum
677 5052 920 5106 consilio
952 5059 1293 5107 secesserat.
1328 5054 1449 5108 Non
1484 5053 1722 5108 omnino
1762 5051 1934 5107 forsi-

286 5143 384 5194 tan
419 5139 636 5210 inepte,
670 5140 782 5194 nisi
816 5139 1183 5195 Herodianus
1215 5141 1459 5196 dixisset
1516 5158 1630 5197 non
1680 5142 1780 5210 ibi,
1833 5140 1933 5195 sed

286 5230 342 5283 in
378 5227 799 5299 amphitheatri
832 5227 993 5282 aditu
1029 5234 1260 5299 paratas
1313 5230 1492 5284 fuisse
1544 5230 1733 5285 eidem
1773 5229 1941 5284 Com-

285 5320 457 5373 modo
490 5316 759 5371 insidias.
796 5317 1045 5381 Quidam
1081 5317 1277 5389 itaque
1318 5319 1697 5390 suspicantur
1749 5319 1939 5373 laurus

283 5408 521 5463 nomine
549 5406 865 5479 significari
899 5407 1014 5461 duo
1042 5408 1345 5477 Commodi
1375 5408 1609 5479 palatia,
1637 5408 1788 5463 inter
1811 5425 1937 5479 quae

282 5498 592 5553 insidiator
622 5514 753 5552 eum
788 5513 1103 5569 aggressus
1136 5503 1243 5553 est.
1289 5499 1503 5553 Laurus
1552 5499 1791 5570 quippe,
1847 5497 1934 5551 uti

289 5589 558 5644 observat
591 5588 831 5655 Plinius,
858 5589 1108 5659 janilrix
1138 5595 1258 5644 erat
1302 5589 1579 5644 Caesarum
1628 5586 1800 5660 (Plin.
1836 5587 1938 5642 lib.

288 5692 362 5733 xv
391 5678 533 5733 Hist.
560 5682 747 5733 natur.
781 5692 908 5749 cap.
942 5675 1052 5747 30).
1088 5676 1381 5749 Expende,
1414 5693 1633 5750 quasso,
1683 5692 1812 5748 quas
1872 5688 1942 5731 ex

2014 556 2069 608 te
2099 557 2577 626 pronuntiantem
2614 560 2859 615 libenter
2885 562 3216 617 audiemus.
3269 566 3662 637 Quaecumque

2014 659 2183 714 porro
2242 644 2341 699 illa
2408 647 2502 715 sit,
2581 648 3019 706 evidentissime
3108 652 3242 707 inde
3320 654 3664 711 conficiatur

2013 731 2169 785 hunc
2224 734 2347 788 vitae
2405 736 2646 792 Caesaris
2702 736 3103 796 insidiatorem
3182 741 3361 797 fuisse
3432 742 3660 800 hostem

2013 820 2336 891 publicum.

2084 910 2331 966 Facilius
2365 912 2514 968 hand
2550 914 2724 970 dubie
2756 916 3029 988 explicari
3064 923 3311 990 possunt
3340 920 3462 975 haec
3520 921 3662 976 sub-

2013 1001 2319 1070 sequentia
2350 1002 2695 1059 Tertulliani
2729 1007 2940 1062 verba:
2991 1031 3017 1057 «
3054 1009 3159 1073 Qui
3218 1010 3487 1065 faucibus
3534 1011 3663 1082 ejus

2013 1089 2407 1159 exprimendis
2444 1091 2823 1163 palaestricam
2858 1102 3181 1153 exercent»
3216 1098 3479 1169 (Tertull.
3524 1101 3661 1171 Apo-

2015 1178 2171 1244 loget.
2199 1195 2323 1250 cap.
2360 1181 2446 1247 35,
2484 1198 2613 1253 pag.
2650 1184 2794 1255 457).
2833 1184 2973 1239 Nam
3008 1187 3198 1241 denuo
3230 1192 3461 1242 structis
3520 1193 3662 1244 sunt

2014 1266 2195 1323 eidem
2233 1268 2550 1325 Commodo
2582 1271 2832 1337 insidia‘,
2866 1274 3081 1344 quibus
3103 1293 3136 1329 a
3164 1277 3441 1345 Narcisso,
3476 1277 3660 1333 athle-

2014 1360 2094 1421 ta,
2158 1360 2219 1411 ut
2278 1358 2357 1411 ait
2414 1358 2748 1430 Xiphilinus
2807 1361 2997 1430 (Dicn.
3052 1366 3201 1435 Epit.
3254 1381 3382 1437 pag.
3448 1367 3550 1421 384
3604 1371 3661 1423 et
3772 1388 3775 1395 '

2014 1446 2223 1517 seqq),
2254 1446 2341 1501 vel
2381 1447 2531 1501 sicut
2564 1450 2761 1504 1061
2828 1452 3031 1507 scribit
3079 1453 3443 1511 Herodianus
3500 1455 3659 1527 (Hist.

2014 1532 2116 1589 lib.
2151 1551 2189 1601 ι,
2226 1552 2356 1607 pag.
2393 1537 2496 1590 486
2545 1542 2599 1593 ct
2650 1544 2940 1611 seqq.),'a
2994 1544 3275 1614 Narcisso,
3336 1545 3541 1600 audaci
3594 1562 3660 1600 ac

2015 1626 2253 1678 strenuo
2286 1624 2673 1691 adolescente,
2723 1628 2862 1697 sive,
2913 1632 3407 1701 quemadmodum
3460 1637 3662 1689 narrat

2015 1712 2286 1768 Aurelius
2344 1713 2541 1770 Victor
2597 1719 2755 1787 (Aur.
2814 1718 2963 1775 Vict.
3025 1719 3081 1774 in
3175 1722 3289 1776 Vita
3358 1722 3660 1794 Commod.)

1940 1839 1985 1903 B
2014 1801 2353 1857 validissimo
2383 1804 2604 1869 athleta,
2642 1823 2765 1873 seu,
2790 1807 2966 1863 veluti
2996 1809 3369 1882 Lampridius
3390 1812 3662 1868 testiﬁca-

2020 1894 2135 1959 tur,
2167 1908 2265 1961 pcr
2302 1892 2571 1947 athletam
2603 1912 2746 1966 eum,
2780 1912 2881 1968 quo
2911 1902 3159 1953 exerceri
3206 1899 3410 1955 solebat
3465 1899 3660 1972 (Lam-

2019 1980 2167 2051 prid.
2203 1980 2257 2035 in
2307 1983 2423 2037 Vita
2458 1982 2731 2039 Commod.
2770 2002 2899 2058 pag.
2932 1988 3079 2059 315),
3106 1989 3462 2060 compressis
3486 1990 3665 2045 fauci-

2018 2069 2129 2123 bus
2168 2071 2571 2141 strangulatus
2603 2079 2709 2128 est.

2092 2157 2260 2213 Addit
2290 2160 2687 2217 Tertullianus
2740 2162 2883 2219 alios
2932 2180 3164 2236 quoque
3218 2166 3483 2222 ethnicos
3533 2182 3664 2223 esse

2019 2246 2283 2315 publicos
2315 2247 2511 2303 hostes
2566 2266 2809 2322 reosque
2865 2253 3209 2324 majestatis,
3268 2257 3365 2327 qui
3409 2259 3466 2311 in
3505 2257 3663 2327 pala-

2018 2336 2159 2389 tium
2182 2337 2502 2403 irrumpunt
2532 2339 2793 2405 (Tertull.
2828 2341 3095 2412 Apologet.
3130 2360 3257 2415 cap.
3302 2346 3392 2411 25,
3421 2362 3475 2417 p.
3509 2344 3661 2415 457).

2018 2424 2056 2477 ii
2089 2424 2353 2479 videlicet
2386 2426 2711 2494 perduelles
2770 2428 2987 2497 sicarii,
3020 2450 3053 2487 a
3086 2432 3302 2503 quibus
3351 2434 3666 2489 crudeliter

2019 2514 2245 2569 occisus
2303 2520 2392 2569 est
2445 2517 2713 2572 Pertinax
2773 2519 3109 2589 imperator,
3162 2523 3662 2592 quemadmodum

2021 2603 2385 2659 Herodianus
2420 2604 2539 2672 (lib.
2578 2623 2615 2660 II
2649 2610 2791 2661 Hist.
2831 2626 2960 2679 pag.
2994 2610 3141 2679 598),
3175 2610 3539 2681 Capitolinus
3580 2611 3660 2678 (in

2027 2695 2126 2748 Vit.
2172 2694 2377 2747 Pertin.
2423 2711 2477 2764 p.
2537 2695 2683 2764 318),
2743 2713 2807 2751 ac
2875 2697 3208 2768 Xiphilinus
3264 2699 3451 2767 (Dion.
3514 2702 3660 2771 Epit.

2024 2798 2156 2853 pag.
2190 2782 2315 2849 390)
2349 2781 2554 2836 litteris
2588 2786 3027 2855 consignarunt.
3072 2788 3136 2841 At
3182 2790 3261 2853 lii,
3313 2788 3505 2859 inquit
3554 2794 3667 2844 Au-

2024 2876 2145 2925 ctor
2176 2876 2393 2931 noster.
2425 2872 2673 2926 omnibus
2712 2873 2939 2943 Sigeriis
2989 2884 3152 2946 atque
3206 2879 3519 2933 Partheniis
3562 2894 3666 2933 au-

2023 2961 2265 3015 daciores
2300 2960 2561 3027 (Tertull.
2606 2961 2713 3016 loc.
2749 2963 2892 3033 cit.).
2926 2981 2958 3018 a
2988 2965 3205 3034 quibus
3246 2966 3470 3020 scilicet
3518 2966 3671 3021 occi-

2026 3067 2125 3105 sus
2162 3049 2271 3101 iuit
2302 3048 2671 3105 Domitianus
2704 3051 3043 3122 imperator,
3091 3052 3242 3108 sicut
3289 3053 3429 3108 alibi
3477 3064 3672 3110 osten-

2029 3138 2224 3191 dimus
2262 3138 2566 3208 (Dissertat.
2616 3141 2675 3193 in
2720 3141 2847 3195 Luc.
2905 3141 3088 3197 Caecil.
3145 3158 3270 3213 cap.
3322 3144 3375 3209 6,
3423 3148 3532 3198 art.
3592 3142 3673 3215 2).

2029 3228 2392 3297 Quapropter
2452 3226 2596 3281 nihil
2667 3229 2835 3283 nobis
2892 3235 3161 3301 superest
3217 3232 3675 3303 observandum,

2033 3315 2146 3370 nisi
2188 3331 2254 3370 ea
2312 3315 2658 3371 Tertulliani
2716 3319 2888 3373 verba
2941 3318 3111 3390 plane
3166 3320 3503 3393 incorrupta
3561 3337 3678 3376 non

2033 3405 2235 3459 videri.
2286 3408 2347 3458 In
2408 3404 2839 3475 antiquioribus
2896 3408 3052 3463 enim
3112 3409 3330 3465 nostris
3378 3409 3680 3464 codicibus

2036 3495 2285 3549 habetur
2339 3501 2412 3548 tot
2463 3494 2720 3563 Sigeriis,
2780 3496 2835 3550 in
2888 3497 3238 3567 quibusdam
3299 3498 3678 3569 editionibus,

2037 3583 2326 3654 Stephanis
2357 3600 2369 3649 ;
2405 3582 2555 3637 haud
2593 3584 2789 3646 dubie,
2823 3586 2959 3656 quia
3008 3587 3321 3642 Suetonius
3373 3586 3499 3655 (lib.
3554 3602 3678 3655 vm,

2038 3675 2097 3727 in
2131 3674 2244 3727 Vita
2275 3672 2600 3739 Domitiam,
2630 3674 2657 3741 §
2690 3674 2796 3744 17),
2849 3673 3013 3728 nulla
3063 3675 3269 3747 Sigerii
3316 3676 3467 3731 facta
3516 3691 3681 3730 men-

2038 3764 2217 3825 tione,
2252 3767 2449 3815 narrat
2482 3760 2874 3817 Domitianum
2919 3763 3107 3834 primo
3156 3765 3395 3835 quidem
3449 3765 3683 3819 saucia-

2036 3858 2160 3906 tum
2197 3851 2379 3905 fuisse
2411 3868 2443 3905 a
2472 3851 2788 3922 Stephano,
2823 3869 2888 3907 ac
2919 3858 3120 3924 postea
3152 3870 3183 3906 a
3213 3853 3511 3916 Clodiano,
3545 3853 3683 3907 Par-

2037 3941 2237 3996 thenio
2258 3946 2313 3994 et
2342 3941 2571 3994 Saturio
2602 3940 3043 4013 interemptum.
3075 3942 3184 3996 Sed
3218 3942 3377 3997 dictu
3421 3940 3681 4009 difﬁcile,

2038 4046 2140 4084 cur
2172 4029 2247 4082 ibi
2281 4028 2566 4083 omissum
2602 4030 2774 4083 fuerit
2794 4047 3001 4085 nomen
3025 4030 3252 4101 Sigerii,
3280 4030 3447 4099 cujus
3469 4028 3687 4084 diserte

2039 4119 2307 4172 meminit
2341 4134 2455 4172 non
2490 4118 2661 4173 modo
2695 4118 3024 4188 Xiphilinus
3053 4117 3291 4189 (Xiphil.
3326 4119 3474 4188 Epit.
3523 4118 3684 4174 Dion.

2040 4224 2168 4278 pag.
2203 4208 2349 4277 335),
2383 4224 2584 4262 verum
2616 4208 2792 4261 etiam
2826 4207 3107 4262 Martialis
3139 4207 3369 4262 duobus
3425 4206 3521 4263 his
3568 4221 3689 4261 car-

2038 4296 2335 4351 minibus:

2255 4412 2317 4475 Et
2340 4425 2490 4460 sacro
2522 4412 2700 4461 decies
2730 4413 2927 4475 repetis
2962 4411 3157 4473 palatia
3182 4412 3320 4461 clivo

2255 4474 2591 4538 Sigeriosque
2619 4474 2826 4529 modos.
2860 4475 3277 4537 Partheniosque
3310 4487 3489 4523 sonas.

2755 4555 3003 4617 (Martial.
3040 4554 3132 4603 lib.
3167 4569 3235 4609 iv,
3269 4556 3439 4617 epigr.
3471 4556 3569 4609 79.)

2039 4689 2243 4743 Valeat
2272 4706 2408 4761 ergo
2442 4688 2675 4744 Heraldi
2707 4689 3067 4759 conjectura,
3101 4688 3197 4759 qui
3251 4687 3508 4759 primum
3561 4684 3691 4757 qui-

2043 4780 2171 4833 dem
2206 4780 2537 4849 suspicatus
2568 4783 2658 4833 est
2687 4779 2743 4832 in
2774 4776 3114 4833 Tertulliani
3151 4782 3307 4832 textu
3371 4776 3686 4849 legendum

2044 4867 2271 4937 Sergiis,
2305 4875 2359 4923 et
2393 4869 2625 4935 melius,
2660 4868 2743 4922 uti
2768 4868 2892 4938 ipse
2922 4866 3022 4936 ait,
3049 4867 3327 4938 deinceps
3358 4864 3686 4933 consultus,

2046 4959 2301 5025 Chwreis,
2337 4963 2437 5013 aut
2470 4958 2761 5012 Corneliis.
2797 4957 2941 5011 Nam
2977 4956 3070 5011 his
3096 4956 3447 5011 lectionibus
3491 4954 3695 5008 adver-

2046 5052 2211 5101 satur
2268 5052 2602 5102 nostrorum
2654 5046 2909 5101 melioris
2962 5051 3108 5101 notae
3159 5046 3426 5101 codicum
3480 5044 3693 5097 contir-

2046 5142 2201 5191 mata
2260 5136 2540 5191 Martialis
2596 5136 2964 5207 aliorumque
3019 5134 3354 5191 testimonio
3438 5130 3695 5187 auctori-

2048 5234 2154 5281 tas.

2120 5315 2398 5370 Praeterea
2445 5313 2849 5370 Tertullianus
2880 5318 3178 5368 asseverat
3210 5312 3342 5367 illos
3372 5310 3543 5366 etiam
3592 5324 3695 5379 pu-

2048 5405 2232 5461 blicos
2254 5405 2450 5459 hostes
2479 5420 2627 5469 esse,
2670 5426 2694 5456 α
2727 5402 2822 5473 qui
2859 5419 3013 5457 nunc
3036 5402 3415 5457 scelestarum
3440 5399 3695 5470 partium

2048 5492 2187 5547 socii
2223 5496 2325 5545 aut
2356 5490 2660 5562 plausores
2693 5489 2953 5561 quotidie
2988 5490 3319 5544 revelantur
3352 5511 3378 5536 ››
3428 5484 3693 5559 (Tertull.

2046 5582 2320 5653 Apologet.
2357 5597 2482 5651 cap.
2518 5580 2608 5643 35,
2644 5595 2773 5649 pag.
2810 5578 2954 5647 458).
2989 5582 3060 5633 Et
3106 5584 3258 5633 certe
3301 5579 3424 5649 jam
3460 5594 3492 5629 a
3525 5577 3691 5629 nobis

2050 5688 2229 5744 supra
2261 5673 2411 5744 (cap.
2442 5671 2496 5740 2,
2535 5673 2643 5725 art.
2696 5669 2754 5742 2)
2811 5672 3156 5726 annotatum
3216 5672 3306 5724 est
3359 5666 3454 5722 his
3506 5664 3701 5722 verbis
