4162 6386
543 329 699 391 “89

1063 324 1587 386 TERTULLIANI
1632 319 1950 383 OPERUM
1998 318 2196 379 PARS
2241 320 2289 378 l.
2323 350 2392 361 —
2428 317 2700 378 SERIES
2746 319 2794 390 Ι,
2840 317 3406 379 APOLOGETICA.

3796 317 3978 376 1160

549 458 846 532 designari
875 456 1131 512 Albiante
1161 455 1430 511 factionis
1477 453 1741 510 conscios
1793 452 2183 520 fautoresque,
2214 454 2267 518 Α
2297 453 2557 504 ratorum
2610 448 2819 514 salute,
2867 465 3044 520 quam
3097 448 3240 504 falsa
3296 447 3608 520 gentilium
3680 451 3846 517 vota,
3908 462 3978 500 ac

554 549 653 620 qui
683 549 743 603 in
777 545 968 602 Severi
999 544 1368 616 imperatoris
1396 542 1709 615 perniciem
1728 541 2192 610 conjuraverant.

550 638 785 694 Plenius
808 651 1042 707 quoque
1069 633 1213 688 illud
1238 633 1316 688 ibi
1341 629 1955 699 enucleavimus,quod
1987 629 2200 682 Auctor

553 733 754 785 noster
781 725 1032 797 adjecit:
1074 747 1094 773 σι
1129 724 1342 778 Eadem
1375 721 1567 776 ofﬁcia
1598 720 1954 790 dependunt,
1986 722 2041 773 et
2096 727 2197 788 qui

554 815 906 888 astrologos,
939 818 997 869 et
1026 811 1346 883 aruspices,
1379 816 1435 866 et
1459 826 1733 882 augures,
1779 813 1835 862 et
1884 822 2082 878 magos
2129 805 2200 860 de

552 907 839 962 Caesarum
876 901 1064 973 capite
1111 900 1452 957 consultant
1485 920 1512 946 ››
1561 896 1826 968 (Tertull.
1885 894 1994 950 loc.
2049 894 2198 962 cit.).

553 996 670 1052 Cur
702 993 860 1050 enim
892 1008 992 1047 eos
1027 994 1186 1045 tanta
1243 988 1581 1043 curiositate
1629 985 2034 1053 consulebant,
2085 982 2198 1037 nisi

555 1084 695 1157 quia
726 1086 830 1138 aut
883 1079 1219 1151 cogitabant
1266 1078 1335 1131 de
1395 1076 1590 1130 futura
1645 1076 1939 1130 Caesarum
1994 1075 2200 1139 morte,

555 1190 731 1244 quam
755 1181 908 1226 certe
939 1169 1254 1239 cupiebant
1279 1165 1435 1221 brevi
1458 1170 1714 1234 tempore
1739 1162 1990 1216 futuram
2011 1159 2037 1213 ?
2059 1165 2199 1213 Nam

553 1261 920 1318 continenter
951 1256 1048 1312 ille
1079 1255 1261 1311 dixit:
1298 1254 1412 1309 Non
1442 1271 1508 1308 ea
1566 1261 1744 1306 mente
1791 1250 1853 1305 de
1888 1249 2092 1313 charis,
2144 1248 2201 1302 id

552 1357 642 1408 est
697 1344 1147 1418 consanguineis
1208 1349 1384 1414 atque
1441 1341 1805 1414 parentibus,
1874 1338 2201 1425 consulitur,

552 1455 659 1511 qua
688 1438 754 1493 de
785 1435 1022 1492 dominis
1052 1431 1320 1504 (Tertull.
1354 1430 1466 1486 loc.
1507 1430 1607 1485 cit.
1671 1445 1802 1499 pag.
1855 1427 2001 1495 450),
2057 1442 2204 1497 quos

553 1528 778 1584 sincere
809 1541 921 1579 non
957 1521 1281 1593 diligimus.
1319 1521 1393 1574 De
1425 1517 1628 1589 primis
1662 1515 1958 1588 siquidem
1987 1517 2206 1570 curiosa

552 1625 651 1687 est,
685 1615 766 1670 ait
796 1613 914 1681 ille,
944 1610 1262 1666 sollicitudo
1297 1609 1609 1678 sanguinis,
1642 1605 1749 1660 hoc
1781 1611 1890 1670 est,
1945 1602 2202 1673 illorum,

553 1705 770 1776 quibus
825 1701 1028 1757 1062
1088 1697 1370 1770 sanguine
1423 1694 1721 1767 conjuncti
1771 1710 2001 1764 sumus,
2057 1709 2204 1763 quos

552 1793 791 1864 quidem
823 1790 1096 1860 cupimus
1134 1803 1263 1842 esse
1323 1784 1684 1840 incolumes:
1736 1781 1852 1838 alia
1893 1797 2030 1837 vero
2083 1797 2203 1836 ser-

549 1882 761 1946 uitutis,
807 1878 1000 1949 cujus,
1055 1877 1291 1947 jugum,
1360 1872 1590 1928 sublato
1639 1871 1896 1939 domino,
1959 1869 2203 1942 quilibet

555 1985 759 2026 servus
790 1967 903 2022 cito
934 1965 1109 2020 citius
1138 1963 1429 2018 discutere
1458 1964 1709 2032 exoptat.
1767 1961 1958 2014 Tuum
2005 1963 2201 2013 tamen

560 2073 633 2112 ne
663 2053 964 2110 induxeris
995 2053 1052 2106 in
1085 2051 1344 2106 animum
1379 2048 1626 2120 primam
1650 2048 1719 2102 de
1743 2046 2202 2118 propinquorum

566 2143 756 2201 salute
808 2140 1298 2198 consultationem
1357 2135 1716 2192 Tertulliano
1773 2135 2024 2206 probari.
2082 2133 2204 2188 Non

560 2233 718 2290 aliud
752 2231 967 2303 quippe
999 2228 1309 2300 signiﬁcat,
1345 2225 1455 2280 nisi
1487 2223 1863 2298 posteriorem
1899 2223 1968 2277 de
2017 2221 2204 2277 Caesa-

561 2337 693 2376 rum
719 2319 954 2374 interitu
990 2333 1116 2372 esse
1146 2315 1255 2370 hac
1285 2314 1456 2385 longe
1489 2313 1761 2384 pejorem.
1783 2314 1998 2366 Omnes
2021 2310 2205 2364 enim-

558 2425 691 2464 vero
747 2421 1055 2478 magorum
1115 2402 1576 2459 consultationes
1636 2400 1806 2472 plane
1856 2399 2208 2471 penitusque

561 2497 934 2566 condemnat,
967 2498 1166 2564 utpote
1195 2492 1268 2547 ab
1298 2491 1530 2558 angelis,
1562 2489 1756 2559 inquit
1783 2487 1989 2556 (Ibid.),
2022 2487 2206 2541 deser-

572 2586 798 2648 toribus,
832 2586 897 2638 ut
944 2599 1123 2653 supra
1183 2581 1455 2646 vidimus,
1500 2578 1770 2650 proditas,
1823 2587 1872 2631 et
1902 2593 1938 2631 a
1969 2577 2072 2631 Deo
2119 2578 2206 2630 in-

574 2673 826 2729 terdictas
856 2673 1070 2742 (Supr,
1105 2673 1211 2723 art.
1245 2670 1320 2734 5).

643 2777 782 2841 Quis
804 2793 972 2848 porro
987 2791 1102 2830 non
1120 2775 1354 2829 horreat
1376 2776 1688 2828 immanem
1714 2773 1920 2828 horum
1943 2771 2205 2826 omnium

574 2865 901 2938 perﬁdiam,
957 2864 1049 2934 qui
1115 2884 1142 2913 ‹‹
1175 2863 1282 2917 sub
1335 2862 1462 2932 ipsa
1518 2877 1704 2932 usque
1738 2861 2052 2932 impietatis
2081 2876 2207 2914 eru-

576 2956 772 3027 ptione
801 2959 858 3008 et
889 2969 1055 3008 sacra
1085 2951 1373 3005 faciebant
1402 2967 1505 3022 pro
1534 2949 1722 3004 salute
1768 2947 2206 3020 imperatoris...

576 3050 641 3098 ut
673 3048 801 3099 vota
833 3042 1065 3114 propria
1093 3041 1210 3111 jam
1244 3039 1538 3095 edicerent
1568 3038 1626 3092 in
1656 3037 1846 3093 aliena
1903 3036 2207 3109 [nimirum

570 3132 956 3204 imperatoris]
991 3128 1378 3198 solemnitate,
1411 3132 1465 3181 et
1495 3126 1824 3199 exemplum
1859 3131 2030 3198 atque
2062 3125 2208 3181 ima-

570 3221 765 3294 ginem
799 3219 922 3291 spei
953 3235 1071 3273 suae
1101 3217 1543 3287 inaugurarent,
1578 3233 1783 3270 nomen
1821 3214 2100 3287 principis
2147 3213 2208 3268 in

574 3310 745 3365 corde
805 3311 1159 3362 mutantes»
1211 3304 1474 3378 (Tertull.
1535 3304 1809 3376 Apotoget.
1871 3320 1918 3358 c.
1979 3304 2068 3369 35,
2150 3319 2206 3373 p.

575 3399 722 3467 459),
756 3398 811 3451 id
844 3402 952 3466 est,
987 3397 1117 3450 ﬁcta
1150 3411 1387 3466 prorsus
1429 3410 1530 3465 pro
1582 3394 1769 3448 salute
1820 3391 2208 3464 imperatoris,

573 3503 640 3541 ac
669 3504 807 3542 vera
838 3503 939 3557 pro
970 3484 1127 3539 illius
1160 3488 1364 3551 morte,
1398 3488 1455 3538 et
1486 3481 1748 3554 proximo
1799 3483 1925 3552 ejus
1975 3497 2210 3536 succes-

577 3591 708 3630 sore
739 3580 866 3629 vota
923 3577 1349 3643 nuncupantes,
1400 3571 1557 3626 illius
1597 3587 1806 3626 nomen
1867 3586 1964 3625 ore
2017 3575 2209 3637 tenus,

573 3663 814 3718 alterius
862 3667 1056 3717 autem
1109 3661 1316 3714 intimo
1372 3661 1542 3714 corde
1598 3658 2012 3730 appellabant?
2064 3657 2210 3721 Quid

580 3755 775 3806 autem
810 3750 917 3805 hac
950 3749 1189 3821 perﬁdia
1216 3751 1404 3819 magis
1435 3748 1841 3803 detestandum
1863 3746 1890 3800 ?

645 3856 838 3912 Mirari
870 3858 1068 3927 itaque
1100 3855 1244 3910 satis
1295 3871 1407 3909 non
1458 3871 1774 3924 possumus
1823 3854 2211 3908 temeritatem

577 3945 969 4008 ethnicorum,
1001 3943 1100 4015 qui
1131 3960 1262 3998 cum
1296 3947 1383 3998 tot
1412 3942 1693 4013 exemplis
1750 3942 1947 3997 hostes
1996 3941 2211 4013 publici

578 4034 807 4089 etlaesae
867 4032 1193 4103 majestatis
1253 4031 1332 4085 rei
1367 4031 1599 4099 fuerint,
1662 4030 1907 4101 hujusce
1949 4029 2213 4085 criminis

577 4123 938 4178 Christianos
971 4119 1139 4194 plane
1162 4120 1499 4175 innocentes
1522 4119 2033 4190 impudentissime
2051 4135 2215 4174 accu-

578 4213 806 4268 sabant.
836 4209 1045 4265 Nullus
1083 4211 1376 4264 enimvero
1413 4207 1565 4262 inter
1611 4212 1696 4261 tot
1744 4207 2069 4277 perduelles
2118 4207 2217 4263 ho-

578 4308 814 4370 stesque
844 4297 1109 4369 publicos
1137 4295 1505 4353 Christianus
1529 4311 1788 4366 unquam
1816 4295 2214 4366 deprehensus

579 4394 689 4445 est.
719 4387 1002 4452 Quocirca
1031 4388 1101 4441 ad
1132 4385 1437 4457 Scapulam
1487 4385 1692 4438 Africae
1741 4385 2043 4455 praesidem
2095 4383 2216 4439 haec

581 4475 978 4534 Tcrtullianus
1011 4479 1211 4530 noster
1240 4473 1476 4544 scripsit
1502 4472 1562 4526 in
1592 4472 1801 4527 verba:
1834 4495 1862 4521 ‹‹
1897 4472 2060 4528 Circa
2091 4489 2215 4528 ma-

2307 541 2468 593 tanto
2498 538 2692 593 studio
2712 542 2769 594 et
2789 538 3006 594 honore
3029 538 3412 610 imperatores
3434 536 3978 607 colebant,quanto

2307 626 2483 682 iidem
2523 626 2742 682 ethnici
2801 626 2933 682 odio
2977 643 3076 682 eos
3136 626 3664 698 prosequebantur.
3721 625 3976 680 Etenim

2315 733 2337 763 ι
2372 715 2556 786 pietas
2587 719 2642 770 et
2671 713 2874 787 religio
2901 719 2958 770 et
3007 716 3174 784 ﬁdes,
3222 715 3415 787 inquit
3461 719 3680 769 Auctor
3732 719 3977 781 noster,

2310 803 2760 874 imperatoribus
2791 804 3005 870 debita,
3057 821 3172 859 non
3229 804 3287 858 in
3347 802 3687 874 hujusmodi
3721 802 3979 870 ,officiis

2310 892 2596 958 consistit,
2630 891 2846 962 quibus
2871 891 3164 947 hostilitas
3195 892 3382 964 magis
3433 892 3504 946 ad
3555 891 3975 946 velamentum

2311 981 2402 1037 sui
2433 985 2622 1052 potest
2647 980 2809 1052 fungi
2838 1002 2866 1030 ››
2904 981 3108 1051 (Idem,
3129 981 3401 1052 Apotoget.
3431 996 3564 1052 cap.
3605 980 3694 1048 36,
3723 998 3785 1052 p.
3813 980 3978 1053 460),

2313 1071 2366 1126 id
2402 1076 2510 1140 est,
2542 1071 2758 1142 quibus
2796 1069 2998 1140 religio
3031 1070 3140 1126 sub
3172 1069 3468 1124 umbratili
3507 1068 3667 1124 falsae
3718 1069 3983 1140 pietatis

2310 1160 2470 1216 larva
2495 1164 2684 1232 potest
2707 1161 2994 1231 perﬁdum
3052 1157 3442 1228 hostilemque
3488 1157 3788 1214 occultare
3834 1159 3981 1214 ani-

2314 1268 2499 1306 mum.
2535 1255 2605 1304 At
2635 1250 2818 1322 pietas
2849 1255 2905 1306 et
2935 1248 3136 1321 religio
3168 1249 3386 1304 residet
3417 1271 3444 1299 ‹‹
3479 1249 3535 1302 in
3570 1248 3644 1303 iis
3665 1249 3981 1320 moribus,

2313 1340 2530 1412 quibus
2559 1340 2804 1395 civilitas
2837 1344 2956 1395 tam
3011 1354 3140 1393 vere
3185 1337 3244 1393 in
3296 1337 3733 1409 imperatorem,
3785 1355 3982 1409 quam

2315 1429 2469 1485 circa
2489 1445 2692 1484 omnes
2713 1429 2887 1484 habet
2916 1427 3198 1483 exhiberi.
3216 1451 3237 1480 ι
3264 1427 3350 1482 Ita
3371 1427 3609 1497 quidem
3626 1443 3697 1482 ex
3711 1430 3978 1482 Wouve-

2313 1519 2477 1574 riano
2507 1519 2723 1587 codice,
2776 1521 2831 1573 et
2861 1516 3216 1588 quibusdam
3276 1515 3700 1572 recentioribus
3751 1517 3980 1572 editio-

2315 1607 2511 1662 nibus.
2545 1611 2610 1660 In
2641 1605 3070 1678 antiquioribus
3100 1620 3234 1661 vero
3278 1609 3336 1660 et
3385 1605 3602 1660 nostris
3651 1605 3981 1661 codicibus

2314 1694 2732 1766 manuscriptis
2763 1694 2994 1765 legitur,
3029 1693 3101 1750 iis
3132 1715 3156 1746 α
3192 1693 3474 1764 moribus,
3499 1691 3713 1764 quibus
3743 1694 3978 1750 divini-

2312 1787 2402 1839 tas
2431 1784 2700 1855 imperat,
2735 1789 2854 1839 tam
2885 1799 3035 1854 vere,
3088 1799 3266 1854 quam
3324 1782 3478 1838 circa
3525 1799 3755 1853 omnes,
3792 1806 3822 1831 η
3852 1789 3974 1839 etc.

2313 1872 2514 1943 (Ibid.).
2576 1873 2776 1928 Nonne
2816 1876 3009 1927 autem
3064 1875 3151 1926 tot
3191 1871 3528 1927 vetustioris
3584 1871 3978 1944 meliorisque

2312 1965 2462 2015 nota:
2518 1961 2784 2015 codicum
2846 1959 3164 2016 auctoritas
3223 1960 3489 2030 majoris,
3551 1977 3731 2032 quam
3787 1961 3978 2016 unius

2311 2048 2707 2118 Wouveriani,
2740 2053 2828 2103 est
2857 2047 3174 2119 ponderis?
3232 2049 3438 2104 1063
3495 2049 3694 2120 Neque
3742 2049 3976 2105 dixeris

2316 2155 2526 2194 nomen
2556 2138 2814 2206 civilitas,
2847 2154 2962 2208 quo
2992 2137 3204 2193 civium
3247 2137 3494 2192 societas
3539 2143 3597 2193 et
3643 2139 3977 2194 concordia

2317 2226 2700 2299 signiﬁcatur,
2752 2225 2941 2297 magis
2991 2226 3294 2281 convenire
3346 2225 3691 2281 Tertulliani
3746 2243 3972 2298 propo-

2317 2318 2446 2372 sito.
2481 2315 2560 2370 De
2591 2315 2854 2370 moribus
2885 2315 3178 2369 enimvero
3219 2314 3478 2384 loquitur
3527 2331 3558 2370 a
3607 2314 3726 2369 Deo
3779 2315 3974 2386 impe-

2316 2405 2480 2470 ratis,
2515 2405 2728 2476 quibus
2760 2403 2962 2476 religio
2994 2409 3052 2458 et
3083 2403 3266 2473 pietas
3295 2402 3354 2458 in
3387 2403 3805 2475 imperatorem
3838 2420 3973 2459 om-

2318 2509 2536 2564 nesque
2567 2491 2712 2547 alios
2738 2492 2996 2547 exhiberi
3028 2491 3216 2546 debet.
3245 2491 3385 2547 Nam
3419 2491 3555 2547 inde
3611 2493 3792 2548 etiam
3848 2493 3972 2547 evi-

2318 2579 3496 2651 dentiusdemonstraturChristianos,qui
3520 2579 3974 2652 Deisuilegibus

2320 2687 2432 2725 non
2468 2685 2667 2741 parere
2699 2669 2862 2723 nefas
2893 2668 3204 2739 ducebant,
3254 2668 3478 2723 sincero
3529 2669 3726 2724 animo
3777 2669 3975 2740 impe-

2320 2764 2569 2813 ratorem
2605 2757 2998 2826 bonoravisse,
3030 2773 3095 2812 ac
3129 2757 3367 2828 proinde
3393 2773 3495 2812 nec
3527 2758 3727 2812 hostes
3776 2758 3975 2813 fuisse

2320 2846 2608 2919 publicos,
2641 2862 2746 2900 nec
2777 2862 2905 2901 reos
2941 2846 3084 2900 laesis
3118 2845 3443 2915 majestatis
3476 2845 3770 2900 humanae.

2933 3003 3249 3042 ARTICULUS
3288 3004 3345 3041 V.

2321 3097 2455 3165 Qum
2489 3097 2600 3150 sint
2630 3095 2847 3150 illicitze
2873 3095 3158 3163 factiones,
3191 3109 3256 3147 ac
3285 3096 3559 3164 quantum
3604 3095 3673 3148 ab
3722 3095 3803 3148 eis
3855 3093 3974 3149 dis-

2241 3190 2282 3256 c
2391 3177 2572 3256 crepent
2599 3169 2692 3256 pia
2725 3168 2951 3256 uiuendi
2978 3167 3120 3256 ratio
3155 3165 3754 3256 Christianorumqui
3772 3167 3978 3256 tinnie-

2392 3240 2500 3292 rito
2530 3239 2751 3307 factiosi
2779 3237 3118 3304 dicebantur,
3149 3239 3280 3308 quia
3299 3237 3737 3307 spectaculorum
3782 3240 3979 3308 fugie-

2393 3311 2521 3364 bant
2551 3312 2846 3378 voluptates
2900 3313 3122 3379 tamque
3161 3308 3339 3362 licitas
3387 3308 3753 3374 sectabantur,
3803 3326 3978 3379 quam

2389 3379 2529 3436 aliis
2557 3380 2848 3450 prohibitis
2879 3381 3133 3450 Epicurei
3162 3387 3212 3434 et
3240 3381 3344 3434 atii
3372 3380 3750 3450 indulgebant.

2390 3502 2578 3558 Nullis
2627 3518 2882 3573 unquam
2938 3502 3284 3568 rationibus,
3335 3506 3509 3558 etiam
3561 3501 3973 3568 validissimis,

2321 3592 2511 3648 sedari
2542 3592 2729 3663 potuit
2755 3589 3126 3661 implacabile
3156 3592 3466 3662 gentitium
3518 3592 3575 3646 in
3602 3591 3973 3648 Christianos

2321 3680 2518 3735 odium
2549 3695 2561 3734 :
2595 3679 2697 3734 sed
2730 3677 2916 3749 magis
2949 3679 3254 3749 magisque
3312 3679 3693 3734 clamitabant
3730 3679 3970 3735 illorum

2323 3768 2654 3836 factionem,
2696 3774 2754 3822 et
2802 3767 3250 3837 imperatoribus
3297 3772 3354 3822 et
3411 3766 3745 3839 reipublicae
3793 3769 3975 3838 plane

2323 3856 2696 3922 contrariam,
2720 3854 3078 3910 evellendam
3101 3871 3230 3912 esse
3252 3855 3690 3911 radicitus.Non
3715 3857 3976 3911 obscure

2325 3950 2516 4000 autem
2553 3943 2947 3999 Tcrtullianus
2978 3943 3174 3998 innuit
3205 3944 3471 3999 factionis
3503 3959 3711 4000 nomen
3761 3943 3817 3998 in
3869 3947 3976 4000 bo-

2326 4049 2462 4088 nam
2495 4033 2827 4104 malamque
2860 4035 3077 4100 partem
3128 4031 3311 4103 accipi
3355 4030 3622 4103 (Tertull.
3682 4032 3976 4103 Apotoget.

2327 4139 2454 4194 cap.
2484 4123 2572 4186 38,
2606 4137 2662 4191 p.
2696 4121 2841 4191 464).
2881 4121 3082 4175 Festus
3113 4136 3362 4190 quoque.
3422 4142 3449 4169 ‹‹
3485 4121 3699 4191 Factio,
3754 4121 3977 4192 inquit,

2327 4217 2384 4266 et
2413 4210 2688 4264 factiosus
2721 4209 2886 4264 initio
2942 4209 3190 4265 honesta
3241 4208 3522 4264 vocabula
3569 4213 3754 4264 erant.
3807 4208 3979 4266 Unde

2328 4299 2501 4356 etiam
2535 4298 2814 4354 factiones
2845 4297 3201 4353 histrionum
3235 4303 3292 4353 et
3313 4299 3738 4369 quadrigarum
3765 4299 3979 4354 dicun-

2327 4393 2446 4444 tur.
2479 4389 2642 4443 Μοᾶο
2674 4393 2867 4442 autem
2902 4386 3135 4442 nomine
3169 4386 3437 4443 factionis
3459 4387 3690 4452 seditio,
3722 4392 3782 4442 et
3811 4399 3982 4444 arma

2326 4482 2609 4534 vocantur
2639 4498 2667 4526 ››
2711 4476 2884 4544 (Fest.
2949 4477 3016 4531 de
3061 4477 3264 4548 Signif.
3317 4478 3464 4531 verb.
3515 4492 3640 4548 cap.
3691 4479 3745 4542 2,
3801 4477 3871 4531 ad
3924 4494 3978 4533 v.

573 4569 847 4638 jestatem
879 4563 1254 4635 imperatoris
1284 4562 1642 4616 infamamur
1665 4586 1678 4629 ;
1701 4566 1899 4617 tamen
1923 4578 2224 4633 nunquam
2254 4555 2302 4620 Ι)
2333 4565 2556 4637 Factio).
2588 4565 2945 4620 Circensium
2977 4564 3153 4619 etiam
3185 4565 3526 4631 factionum,
3554 4581 3702 4636 quas
3754 4565 3980 4620 ethnici

585 4654 898 4720 Albiniani,
934 4669 1038 4708 nec
1069 4651 1354 4722 Nigriani,
1385 4650 1472 4706 vel
1504 4651 1760 4705 Cassiani
1822 4651 2064 4706 inveniri
2117 4667 2221 4722 po-

583 4747 828 4797 tuerunt
855 4739 1172 4796 Christiani
1200 4759 1213 4807 ;
1243 4740 1346 4795 sed
1388 4739 1564 4794 iidem
1598 4739 1732 4810 ipsi,
1765 4740 1863 4810 qui
1893 4756 1993 4810 per
2021 4739 2222 4810 genios

587 4847 812 4900 eorum,
848 4850 875 4880 υ
908 4829 1060 4884 sicut
1081 4845 1261 4900 supra
1280 4828 1666 4896 ostendimus,
1695 4828 1803 4881 «in
1832 4828 2016 4899 pridie
2037 4845 2222 4898 usque

579 4921 938 4991 juraverant,
970 4916 1065 4988 qui
1102 4933 1205 4988 pro
1236 4915 1423 4971 salute
1453 4929 1649 4970 eorum
1685 4915 1909 4971 hostias
1967 4922 2021 4972 et
2070 4918 2222 4973 fece-

585 5012 720 5063 rant
747 5011 804 5062 et
830 5009 1124 5070 voverant,
1169 5003 1269 5075 qui
1317 5004 1679 5059 Christianos
1721 5022 1870 5075 saape
1918 5007 2225 5060 damnave-

583 5099 735 5163 rant,
769 5095 965 5150 hostes
1003 5109 1202 5149 eorum
1235 5097 1374 5146 sunt
1402 5090 1633 5162 reperti.
1669 5091 2031 5148 Christianus
2089 5093 2223 5148 nul-

583 5185 702 5240 lius
733 5190 822 5240 est
852 5183 1063 5251 hostis,
1099 5181 1315 5236 nedum
1349 5180 1741 5250 imperatoris,
1772 5197 1945 5248 quem
1969 5182 2159 5237 sciens
2190 5199 2224 5238 a

587 5273 704 5329 Deo
735 5273 1141 5337 constitutum,
1174 5284 1409 5324 necesse
1437 5273 1526 5324 est
1556 5272 1618 5322 ut
1653 5273 1707 5323 et
1757 5269 1950 5339 ipsum
1995 5271 2222 5342 diligat,

584 5373 641 5417 et
673 5366 1023 5430 revereatur,
1055 5364 1112 5415 et
1138 5358 1403 5422 honoret,
1434 5362 1489 5411 et
1519 5355 1740 5412 salvum
1772 5357 1911 5412 velit
1940 5374 2072 5413 cum
2103 5363 2223 5414 toto

585 5455 846 5506 Romano
879 5447 1122 5520 imperio
1155 5470 1182 5497 »
1215 5446 1422 5517 (Idem,
1455 5444 1556 5500 lib.
1588 5445 1659 5500 ad
1689 5445 1940 5517 Sceaput.
1968 5462 2094 5518 cap.
2143 5450 2220 5519 2).

584 5540 693 5596 Sed
726 5540 846 5595 haec
878 5539 1023 5595 satis
1054 5554 1086 5593 a
1117 5537 1284 5591 nobis
1316 5551 1496 5606 supra
1525 5535 1831 5606 explanata
1860 5543 2018 5592 sunt.

653 5627 793 5684 Tam
823 5643 958 5683 vera
985 5626 1183 5698 itaque
1211 5625 1378 5680 erant
1407 5622 1867 5680 Christianorum
1900 5643 2001 5698 pro
2040 5627 2224 5703 impo-

2333 4654 2519 4710 malas
2550 4670 2678 4709 esse
2708 4670 2822 4708 non
2857 4655 3160 4724 putabant,
3193 4652 3410 4709 mentio
3440 4653 3658 4724 saepius
3707 4653 3861 4708 facta
3892 4661 3984 4708 est

2330 4743 2389 4798 in
2421 4743 2678 4798 Suetonii
2710 4742 2833 4814 (lib.
2879 4759 2933 4811 v,
2982 4743 3048 4797 de
3098 4742 3289 4798 Ctaud.
3325 4743 3431 4809 §5,
3476 4748 3533 4796 et
3579 4741 3681 4798 lib.
3729 4757 3856 4807 vm,
3919 4743 3984 4798 de

2332 4835 2485 4890 Dom.
2521 4850 2648 4904 cap.
2679 4834 2755 4904 7),
2789 4832 3116 4888 Cassiodori
3144 4832 3270 4900 (lib.
3305 4849 3364 4887 ni
3405 4833 3620 4887 Variar.
3652 4831 3826 4904 epist.
3890 4833 3981 4900 41,

2333 4939 2463 4994 pag.
2526 4923 2617 4989 56,
2663 4921 2773 4977 col.
2830 4921 2907 4992 2),
2969 4919 3337 4992 aliorumque
3392 4919 3560 4976 libris
3616 4925 3673 4975 et
3729 4920 3982 4976 diversis

2332 5010 2837 5082 inscriptionibus.

2399 5097 2799 5154 Tcrtullianus
2828 5099 3022 5170 itaque
3073 5098 3337 5154 ethnicos
3391 5097 3759 5170 gravissimis
3821 5097 3983 5155 hisce

2329 5189 2522 5244 verbis
2555 5187 2843 5258 castigat:
2877 5209 2904 5236 ‹‹
2935 5185 3179 5242 Proinde
3210 5203 3313 5242 nec
3365 5185 3541 5258 paulo
3591 5186 3785 5240 lenius
3831 5185 3984 5242 inter

2332 5278 2522 5333 licitas
2597 5275 2877 5331 factiones
2933 5280 3154 5330 sectam
3212 5275 3386 5330 istam
3465 5274 3984 5346 [Christianorum]

2333 5363 2598 5435 deputari
2639 5362 2962 5432 oportebat,
2995 5378 3028 5416 a
3059 5377 3174 5432 qua
3205 5359 3350 5415 nihil
3407 5362 3522 5416 tale
3570 5359 3984 5428 committitur,

2334 5453 2506 5524 quale
2537 5452 2609 5506 de
2658 5451 2878 5506 illicitis
2928 5449 3282 5505 factionibus
3325 5448 3519 5504 timeri
3568 5448 3773 5504 solet»
3829 5449 3989 5517 (Tor-

2332 5541 2462 5597 tull.
2505 5541 2774 5612 Apotoget.
2826 5554 2954 5611 cap.
2997 5539 3087 5608 38,
3139 5555 3197 5610 p.
3250 5538 3391 5609 464).
3449 5537 3736 5593 Heraldus
3784 5543 3986 5593 autem

2333 5635 2539 5688 contra
2565 5629 2850 5701 omnium,
2874 5627 2994 5685 sive
3015 5628 3328 5700 editorum,
3385 5627 3506 5685 sive
3550 5627 3986 5702 manuscripts-
