4162 6388
353 392 501 453 1161

1267 390 1343 449 D.
1392 389 1485 449 LE
1526 388 1854 451 NOURRY
1897 388 2548 451 OBSERVATIONES
2593 389 2854 457 NOVE.

3608 384 3766 457 1162

351 540 483 579 rum
515 522 782 578 codicum
815 520 1288 577 reclamationem
1334 518 1646 591 legendum
1681 523 2007 592 auguratur
2033 521 2088 587 Α
2120 521 2337 594 quippe
2387 521 2696 593 conjurati,
2749 521 2897 578 alios
2944 521 3205 595 perditos
3267 518 3537 578 homines
3581 520 3766 595 pretio

352 614 602 681 illicitas,
637 628 752 667 non
782 627 915 665 vero
940 611 1119 665 licitas
1153 609 1454 665 factiones.
1480 610 1603 665 Non
1633 609 1789 665 enim
1823 609 2005 679 aliud,

352 702 567 774 inquit,
610 700 720 755 sibi
766 699 1163 755 Tertullianus
1210 698 1411 765 voluit,
1465 698 1577 754 nisi
1609 698 1888 754 leniorem
1920 700 2008 752 vi-

353 792 473 847 deri
509 790 901 862 quorumdam
937 789 1306 843 ethnicorum
1351 789 1724 855 sententiam,
1760 787 1859 860 qui
1891 788 2004 842 exi-

355 880 679 937 stimabant
726 878 1193 933 Christianorum
1252 884 1475 932 sectam
1527 876 1774 948 legibus,
1810 882 2010 932 contra

356 970 637 1025 factiones
677 968 1089 1040 promulgatis,
1141 966 1434 1038 prohiberi
1498 984 1510 1021 :
1570 966 1628 1021 in
1657 966 1765 1021 hoc
1812 971 2005 1020 tamen

354 1059 487 1113 illos
519 1073 766 1124 errasse,
802 1058 955 1127 quod
1002 1056 1153 1110 hanc
1203 1059 1420 1110 sectam
1454 1058 1507 1109 in
1544 1056 1861 1111 factionum
1897 1054 2005 1109 illi-

356 1149 603 1204 citarum
664 1162 908 1201 numero
980 1145 1365 1201 collocabant.
1419 1146 1528 1200 Sed
1590 1144 1729 1217 quid
1791 1145 2007 1199 audeas

356 1243 561 1295 contra
604 1235 941 1291 unanimem
992 1234 1259 1289 codicum
1301 1235 1566 1289 omnium
1601 1234 2009 1290 consensum?

356 1327 501 1391 Quid
536 1342 689 1391 vero,
723 1325 771 1379 si
814 1324 1175 1396 transposita
1218 1323 1292 1379 sit
1320 1324 1609 1395 particula
1639 1340 1754 1395 nec,
1789 1328 1889 1380 aut
1922 1340 2007 1379 re-

356 1416 593 1470 ferenda
640 1415 708 1469 ad
764 1429 977 1469 nomen
1027 1414 1226 1482 licitas,
1260 1412 1339 1468 ita
1392 1417 1453 1467 ut
1503 1413 1579 1469 sit
1615 1414 1707 1468 hic
1740 1412 2009 1469 Auctoris

354 1505 538 1560 nostri
574 1520 785 1559 sensus
817 1520 835 1558 .'
870 1502 1101 1558 Ethnici
1152 1502 1466 1557 falsissime
1508 1502 1870 1558 Christianos
1902 1502 2004 1557 ho-

359 1599 478 1650 stes
512 1592 777 1665 publicos
808 1608 936 1647 esse
976 1590 1330 1647 clamabant.
1364 1591 1477 1646 Nec
1527 1592 1699 1661 paulo
1747 1591 1939 1647 lenius
1973 1591 2007 1644 ii

358 1700 489 1738 cum
526 1681 639 1737 illis
672 1682 945 1754 agebant,
978 1698 1011 1735 a
1043 1679 1257 1751 quibus
1290 1696 1531 1735 numero
1564 1681 2010 1735 ascribebantur

359 1789 475 1827 non
514 1771 811 1826 licitarum
858 1769 1199 1835 factionum,
1253 1768 1608 1839 quibuscum
1642 1769 1787 1824 nihil
1830 1770 2008 1825 habe-

2119 628 2185 666 ac
2220 615 2483 667 mercede
2518 612 2575 668 in
2611 617 2802 683 partes
2836 612 3147 667 trahebant
3178 628 3340 667 suas.

2188 700 2342 755 Nihil
2378 710 2567 756 autem
2594 702 2725 769 tale,
2749 701 2835 756 vel
2860 702 3000 772 quid
3035 701 3123 755 his
3154 700 3465 756 minimum
3518 697 3713 757 simile
3734 718 3769 759 α

2117 789 2464 845 Christianis
2492 790 2821 845 timendum
2854 796 2997 845 erat.
3025 790 3213 844 Primo
3236 790 3390 846 enim
3422 789 3481 845 in
3513 789 3767 862 publicis

2119 880 2242 935 suis
2273 879 2587 951 synaxibus
2622 879 2764 934 nihil
2797 880 3098 949 agebatur,
3148 879 3258 933 nisi
3310 879 3475 950 pium
3527 882 3583 933 et
3630 896 3766 935 san-

2118 975 2278 1023 ctum
2307 987 2319 1036 ς
2353 976 2527 1040 atque
2558 969 2658 1038 ibi,
2692 970 2843 1023 sicut
2883 968 3042 1033 alibi,
3080 970 3248 1023 Deum
3280 973 3396 1023 toto
3427 968 3601 1023 corde
3630 984 3766 1025 ora-

2118 1060 2260 1113 bant
2305 1075 2406 1130 pro
2450 1058 2920 1129 imperatoribus,
2957 1057 3269 1129 tranquillo
3322 1056 3551 1127 imperii
3584 1064 3765 1127 statu,

2118 1165 2220 1219 pro
2273 1147 2396 1203 suis
2453 1148 2728 1213 inimicis,
2809 1164 2873 1201 ac
2951 1147 3173 1201 caeteris
3240 1146 3537 1202 omnibus.
3599 1147 3762 1216 (Ibid.

2117 1255 2243 1307 cap.
2286 1238 2377 1305 30,
2424 1254 2553 1309 pag.
2588 1236 2734 1307 468).
2769 1238 2901 1300 Quae
2951 1236 3185 1307 quidem
3217 1237 3416 1291 omnia
3445 1237 3563 1307 jam
3594 1252 3628 1290 a
3658 1253 3763 1292 no-

2116 1326 2208 1381 bis
2239 1328 2472 1382 abunde
2504 1328 2905 1381 demonstrata
2933 1330 3072 1381 sunt
3093 1326 3460 1398 (supra,cap.
3487 1326 3573 1393 14,
3594 1325 3765 1395 art.3,

2119 1421 2175 1471 et
2205 1432 2331 1486 cap.
2363 1417 2453 1479 21.
2488 1419 2598 1471 art.
2634 1416 2707 1482 1).

2189 1525 2454 1579 Secundo
2486 1523 2578 1578 his
2610 1523 2680 1577 ab
2715 1521 2873 1577 omni
2907 1521 3246 1587 ambitione,
3291 1538 3358 1577 ac
3407 1521 3764 1594 dignitatum

2119 1614 2526 1683 honorumque
2596 1612 2918 1679 cupiditate
2996 1628 3236 1683 prorsus
3295 1610 3764 1679 abhorrentibus,

2120 1704 2240 1757 sive
2272 1709 2336 1758 ut
2378 1702 2645 1757 Auctoris
2701 1700 2879 1755 nostri
2915 1701 3107 1756 verbis
3141 1706 3395 1769 utamur,
3430 1723 3459 1751 ‹‹
3492 1700 3662 1756 nobis
3695 1701 3765 1756 ab

2120 1794 2277 1847 omni
2309 1792 2506 1865 gloria:
2536 1796 2590 1845 et
2638 1790 2944 1860 dignitatis
2974 1790 3179 1844 ardore
3226 1790 3575 1861 frigentibus
3605 1789 3770 1846 nulla

358 1862 500 1916 bant
529 1875 859 1926 commune,
894 1862 950 1913 et
980 1875 1011 1912 a
1042 1858 1257 1929 quibus
1299 1858 1452 1913 nihil
1495 1859 1605 1913 tale
1650 1861 2007 1927 commititur,

2133 1888 2206 1937 3st
2239 1858 2558 1937 necessitas
2589 1858 2772 1935 emtus
2800 1902 2827 1929 »
2861 1878 3121 1951 (Tertull.
3146 1858 3326 1949 ibid),
3351 1878 3406 1933 id
3440 1882 3622 1945 est,ut
3644 1896 3767 1934 me-

360 1950 521 2022 quale
548 1949 613 2004 de
642 1950 859 2004 illicitis
882 1948 1227 2019 factionibus
1252 1949 1448 2003 timori
1476 1949 1610 2003 solet
1643 1948 1874 2019 (lbid.)..

430 2058 551 2121 Quo
583 2060 778 2113 autem
806 2058 978 2111 modo
1007 2061 1223 2111 sectam
1248 2055 1711 2111 Christianorum
1738 2073 1848 2111 non
1884 2072 2014 2111 esse

360 2146 618 2201 illicitam
652 2144 1001 2217 probaverit,
1035 2144 1476 2199 consideremus
1537 2162 1549 2199 :
1615 2167 1641 2193 «
1695 2144 2013 2199 Prohiben-

357 2236 588 2306 darum,
622 2235 722 2302 ait,
757 2234 1071 2289 factionum
1123 2250 1302 2287 causa
1351 2234 1421 2287 de
1469 2232 1834 2304 providentia
1882 2250 2014 2288 con-

358 2330 475 2381 stat
506 2323 803 2380 modestiaa
838 2322 1105 2394 publicae,
1138 2339 1209 2376 ne
1239 2321 1443 2377 civitas
1475 2321 1532 2376 in
1560 2326 1753 2393 partes
1784 2322 2012 2378 scinde-

358 2419 518 2469 retur
576 2434 604 2462 »
664 2412 870 2483 (ibid).
946 2412 1006 2465 In
1085 2410 1519 2481 antiquioribus
1576 2412 1783 2467 I064
1840 2412 2014 2466 editis

358 2502 631 2575 legimus,
682 2501 746 2555 de
792 2500 1139 2572 providentia
1190 2504 1240 2555 et
1289 2500 1548 2555 modestia
1599 2502 1841 2571 publica.
1902 2501 2013 2556 Sed

361 2609 473 2647 non
508 2591 590 2645 ita
618 2591 785 2655 bene,
822 2590 1058 2660 quando
1085 2590 1320 2660 quidem
1354 2592 1571 2645 Auctor
1596 2595 1794 2645 noster
1823 2590 2014 2645 decla-

361 2685 451 2736 rat
482 2679 980 2752 prohibendarum
1023 2679 1344 2733 factionum
1402 2679 1551 2735 hanc
1595 2697 1830 2737 causam
1863 2699 2013 2749 esse,

363 2775 427 2825 ut
477 2769 778 2824 modestiae
824 2766 1069 2839 publica:
1116 2767 1489 2838 provideatur
1537 2785 1603 2823 ac
1652 2770 2012 2828 consulatur.

362 2858 646 2915 Modestia
697 2872 831 2911 vero
891 2873 925 2912 a
982 2856 1185 2911 Latino
1244 2862 1473 2912 oratore
1532 2859 1616 2912 sic
1668 2860 1946 2915 definitur
2000 2878 2012 2916 :

363 2972 390 3000 ‹‹
425 2946 681 3004 Seientia
704 2961 904 3001 earum
928 2962 1143 3011 rerum,
1166 2962 1292 3017 quae
1324 2950 1574 3019 agentur
1605 2953 1706 3002 aut
1727 2949 2013 3019 dicentur,

359 3037 486 3094 loco
517 3054 626 3092 suo
654 3034 1156 3093 collocandarum.
1199 3040 1398 3106 Itaque
1440 3036 1670 3091 videtur
1697 3040 1895 3094 eadem
1930 3042 2017 3096 vis

361 3126 605 3192 ordinis,
638 3130 694 3181 et
722 3124 1118 3180 collocationis
1151 3124 1339 3179 fore...
1374 3124 1537 3180 Sicut
1565 3127 1851 3182 modestia
1876 3129 2016 3196 haec,

363 3233 543 3288 quam
576 3214 1053 3286 interpretamur,
1089 3218 1151 3267 ut
1183 3212 1321 3279 dixi,
1359 3214 1603 3268 scientia
1634 3215 1711 3269 sit
1740 3222 2014 3286 Opportu-

360 3305 560 3361 nitatis
598 3304 942 3359 idoneorum
993 3304 1063 3357 ad
1110 3303 1403 3375 agendum
1454 3308 1782 3375 temporum
1813 3326 1840 3355 »
1895 3306 2011 3374 (Ci—

358 3413 471 3451 cer.
508 3395 608 3449 lib.
652 3410 670 3448 I
714 3392 777 3449 de
808 3393 963 3464 Ofﬁc.
998 3410 1129 3465 pag.
1180 3392 1306 3459 370,
1348 3391 1453 3448 lin.
1506 3394 1572 3447 47
1602 3399 1659 3448 et
1689 3396 1899 3466 seqq.).
1938 3396 2011 3451 Eo

365 3489 559 3539 autem
590 3499 770 3538 sensu
801 3498 1013 3536 nomen
1049 3481 1345 3537 modestiae
1378 3486 1681 3554 sumptum
1714 3483 1946 3539 videtur
1983 3503 2015 3539 a

359 3572 723 3629 Tertulliano
772 3577 993 3637 nostro,
1044 3571 1142 3641 qui
1206 3570 1444 3639 idcirco,
1498 3571 1682 3627 malas
1738 3574 2015 3629 factiones

358 3663 569 3719 vetitas
611 3678 740 3717 esse
791 3665 1105 3727 asseverat,
1141 3676 1211 3715 ne
1260 3661 1495 3716 turbato
1546 3662 1748 3717 ordine
1797 3679 2013 3729 rerum,

358 3753 483 3808 loco
515 3754 571 3806 et
608 3754 871 3822 tempore
922 3751 1282 3821 agendarum
1317 3754 1415 3805 aut
1446 3750 1847 3817 dicendarum,
1883 3752 2017 3806 civi-

363 3846 455 3896 tas
488 3836 794 3895 scindatur
824 3837 883 3893 in
919 3843 1135 3910 partes.
1166 3838 1311 3892 Nam
1353 3856 1419 3893 ea
1450 3839 1660 3894 divisio
1693 3856 1758 3894 ac
1790 3841 2017 3895 dissen-

363 3930 449 3985 sio
504 3930 796 3999 inquietat,
833 3926 919 3982 uti
968 3926 1252 3997 loquitur,
1285 3927 1406 3982 sive
1440 3929 1737 3999 perturbat
1766 3932 2019 3996 comitia,

361 4016 420 4071 id
453 4022 561 4085 est,
596 4014 897 4087 generales
946 4014 1207 4069 omnium
1249 4016 1525 4070 ordinum
1574 4022 1779 4083 coetus,
1811 4024 1867 4072 et
1895 4034 2020 4072 con-

365 4106 503 4159 cilia
532 4103 804 4173 (Tertull.
838 4103 1110 4174 Apologet.
1136 4120 1260 4174 cap.
1296 4104 1383 4170 38,
1419 4121 1551 4175 pag.
1586 4104 1729 4175 465),
1772 4104 1880 4160 hoc
1911 4112 2022 4176 est,

367 4194 601 4249 illorum
664 4196 883 4264 partem
945 4198 1382 4263 congregatum.
1440 4192 1647 4248 Laelius
1682 4194 1835 4250 enim
1870 4196 2023 4250 Felix

368 4283 440 4337 ab
472 4282 619 4337 Aulo
651 4280 832 4336 Gellio
864 4280 1079 4336 citatus
1113 4298 1125 4335 :
1154 4304 1179 4329 α
1230 4281 1304 4347 Is,
1356 4281 1568 4352 inquit,
1596 4281 1695 4352 qui
1744 4300 1857 4337 non
1893 4284 2021 4338 uni-

368 4389 596 4428 versum
680 4369 985 4442 populum,
1068 4370 1169 4424 sed
1225 4375 1451 4440 partem
1509 4370 1768 4442 aliquam
1818 4373 2025 4428 adesse

358 4464 549 4532 jubet,
574 4478 687 4516 non
721 4459 978 4525 comitia,
1001 4476 1114 4514 non
1149 4458 1459 4514 concilium
1495 4460 1771 4515 adhibere
1796 4462 1966 4532 jubet
1995 4483 2022 4510 »

366 4552 533 4621 (Gell.
566 4552 710 4607 Noct.
744 4551 908 4605 Attio.
945 4548 1047 4604 lib.
1080 4565 1153 4603 xv
1184 4566 1311 4620 cap.
1343 4550 1398 4613 7,
1454 4566 1589 4621 pag.
1621 4550 1766 4621 847).
1803 4551 2026 4606 Turbat

366 4641 541 4698 etiam
591 4642 799 4706 curias,
846 4638 1062 4711 quibus
1116 4637 1255 4692 olim
1312 4640 1664 4709 sacerdotes,
1722 4644 1786 4694 ut
1844 4644 2025 4695 Varro
2057 4644 2101 4706 D

366 4732 634 4785 observat
664 4729 765 4784 lib.
802 4746 856 4783 1v
888 4728 954 4783 de
986 4729 1148 4796 Ling.
1186 4729 1367 4781 Latin.
1404 4744 1537 4799 pag.
1588 4730 1700 4799 51).
1758 4747 1849 4785 res
1880 4729 2024 4784 divi-

370 4838 496 4885 nas,
531 4826 588 4874 et
618 4823 861 4873 senatus
894 4818 1185 4871 humanas
1218 4819 1540 4882 curabant;
1583 4818 1781 4872 turbat
1810 4822 2025 4873 concio-

367 4925 484 4977 nes,
518 4909 640 4963 sive
671 4907 934 4979 publicas
968 4911 1349 4978 patronorum
1383 4906 1700 4977 orationes,
1735 4913 1789 4961 et
1825 4910 1891 4963 ad
1928 4925 2026 4963 eas

369 4996 699 5051 audiendas
754 4995 1056 5051 hominum
1103 5002 1465 5061 conventus;
1519 4995 1771 5066 denique
1834 4999 2029 5053 turbat

370 5085 696 5154 spectacula,
730 5083 1083 5138 circensium
1116 5082 1484 5153 aliorumque
1523 5083 1798 5139 ludorum
1834 5087 2026 5157 publi-

369 5190 593 5241 eorum,
627 5173 711 5227 uti
741 5172 909 5243 paulo
943 5178 1115 5227 antea
1147 5172 1515 5228 dicebamus.

444 5284 513 5336 At
546 5297 613 5335 ea
662 5279 883 5345 omnia,
914 5277 1102 5350 pergit
1152 5277 1573 5350 Tertullianus,
1608 5284 1747 5336 tunc
1786 5283 2025 5352 potissi-

374 5388 537 5427 mum
570 5369 831 5423 timenda
859 5372 1082 5435 erant,«
1112 5384 1246 5423 cum
1267 5368 1387 5437 jam
1420 5372 1477 5423 et
1504 5372 1561 5424 et
1588 5370 1647 5423 in
1680 5376 1907 5441 quaestu
1930 5373 2028 5428 ha-

373 5463 509 5516 bere
540 5460 855 5530 cmpissent
883 5456 1142 5512 venalem
1186 5460 1242 5512 et
1289 5458 1709 5513 mercenariam
1744 5460 2027 5519 violentia

373 5568 491 5605 suae
543 5565 778 5621 operam
834 5569 861 5597 »
911 5546 1175 5619 (Tertull.
1237 5548 1335 5601 loc.
1386 5547 1526 5619 cit.),
1579 5549 1649 5603 ad
1691 5550 2028 5609 excitandas

375 5641 650 5695 adversus
718 5638 1152 5710 imperatorem,
1214 5637 1709 5708 quemadmodum
1770 5640 2029 5699 animad-

371 5728 676 5796 vertimus,
728 5729 933 5783 turbas
980 5730 1155 5800 atque
1204 5725 1543 5783 seditiones.
1600 5728 1810 5786 Contra
1858 5730 2025 5787 illum

665 5860 927 5919 PATBOL.
976 5856 1021 5916 Ι.

2124 1972 2365 2027 moratis
2415 1970 2779 2025 ethnicorum
2832 1968 3077 2024 coetibus
3122 1967 3489 2039 intersimus,
3534 1968 3636 2024 ubi
3679 1968 3767 2023 di-

2122 2059 2391 2129 gnitates,
2417 2057 2818 2128 magistratus,
2844 2064 2899 2111 et
2930 2056 3215 2110 honorum
3250 2055 3505 2127 insignia
3537 2056 3767 2127 cupidis

2123 2147 2565 2217 ambitiosisque
2622 2146 2798 2201 tribui
2848 2145 3134 2201 solebant.
3182 2145 3263 2200 Ad
3319 2144 3439 2200 haec
3480 2161 3634 2214 vero,
3695 2146 3767 2201 ab

2122 2238 2318 2292 atibus
2374 2236 2625 2307 publicis
2672 2234 2867 2299 alieni,
2927 2250 3103 2289 unam
3162 2235 3447 2289 duntaxat
3504 2235 3770 2307 agnosci-

2125 2343 2257 2381 mus
2314 2325 2577 2379 omnium
2638 2323 2942 2378 hominum
2995 2322 3441 2394 rempublicam,
3502 2322 3773 2379 videlicet

2125 2415 2435 2478 mundum,
2463 2430 2634 2483 quem
2665 2411 3051 2483 tranquillum
3079 2416 3136 2467 et
3167 2416 3437 2483 pacatum
3471 2417 3768 2484 optamus.

2126 2506 2186 2559 ln
2219 2520 2395 2558 uuam
2430 2504 2608 2575 igitur
2640 2506 2861 2573 partem
2916 2518 3029 2556 non
3073 2500 3259 2574 magis
3292 2500 3560 2556 inclinati
3592 2518 3770 2573 quam

2124 2594 2387 2657 alteram,
2421 2590 2619 2661 procul
2655 2591 2726 2645 ab
2758 2590 2914 2644 omni
2951 2590 3188 2645 omnino
3221 2590 3580 2659 turbulenta,
3614 2591 3770 2647 sedi-

2124 2682 2296 2747 tiosa,
2330 2686 2386 2737 et
2414 2680 2617 2735 illicita
2649 2680 2901 2735 factione
2931 2681 3235 2735 absumus.

2198 2789 2477 2844 Praeterea
2514 2784 2825 2842 Christiani
2877 2785 3114 2858 publica
3143 2786 3512 2842 ethnicorum
3545 2789 3771 2859 specta-

2126 2880 2277 2947 cula,
2329 2895 2455 2950 quas
2508 2876 2985 2948 frequentissima
3032 2876 3352 2932 factionum
3394 2876 3775 2933 incitamenta

2127 2973 2311 3037 erant,
2355 2967 2557 3023 1065
2608 2965 2777 3038 plane
2825 2964 3176 3037 penitusque
3225 2965 3524 3036 fugiebant
3568 2970 3625 3021 et
3673 2967 3773 3023 de-

2124 3059 2508 3114 testabantur.
2554 3056 2679 3111 Non
2728 3054 2901 3110 aliam
2945 3056 3161 3127 quippe
3201 3054 3303 3110 illa
3332 3054 3550 3111 habent
3597 3054 3774 3128 origi-

2128 3147 2283 3218 nem,
2356 3146 2468 3201 nisi
2522 3147 2592 3200 de
2655 3146 3062 3216 superstitione,
3132 3145 3215 3199 uti
3275 3144 3357 3199 ait
3425 3145 3544 3200 sive
3592 3144 3773 3216 impio

2128 3237 2410 3292 falsorum
2443 3235 2752 3289 numinum
2787 3234 2968 3301 cultu,
3002 3233 3157 3289 sicut
3204 3232 3319 3288 alio
3365 3233 3490 3305 ipse
3518 3234 3575 3288 in
3624 3233 3773 3291 libro

2126 3327 2316 3381 fusius
2368 3330 2426 3380 et
2475 3322 2817 3395 singulatim
2868 3323 3253 3378 demonstrat.
3310 3323 3482 3378 Recte
3530 3338 3667 3395 ergo
3713 3324 3772 3380 in

2122 3416 2464 3487 Apoloyetico
2522 3430 2627 3468 suo
2683 3413 2831 3468 hanc
2879 3412 3014 3468 inde
3073 3412 3229 3467 elicit
3275 3411 3712 3468 conclusionem
3756 3429 3769 3468 :

2127 3528 2153 3556 ‹‹
2181 3504 2338 3559 Nihil
2369 3509 2457 3559 est
2488 3503 2656 3558 nobis
2687 3503 2869 3569 dictu,
2901 3502 3053 3569 visu,
3098 3503 3324 3568 auditu,
3358 3518 3492 3557 cum
3542 3501 3774 3558 insania

2126 3595 2284 3659 circi,
2346 3609 2478 3648 cum
2553 3591 2924 3663 impudicitia
2990 3591 3225 3657 theatri,
3280 3607 3412 3647 cum
3471 3592 3773 3648 atrocitate

2128 3699 2336 3742 arenae.
2361 3698 2491 3736 cum
2521 3681 2671 3753 xysti
2703 3680 2977 3735 vanitate.
3006 3702 3033 3728 »
3070 3685 3259 3751 Atque
3287 3681 3370 3736 ita
3403 3680 3461 3736 in
3495 3680 3772 3736 omnibus

2130 3771 2549 3842 manuscriptis
2607 3770 2927 3838 codicibus,
2962 3775 3018 3825 et
3062 3771 3322 3842 antiquis
3362 3770 3720 3826 editionibus
3756 3787 3770 3826 :

2129 3863 2228 3918 sed
2262 3879 2295 3916 a
2317 3858 2566 3932 Rigaltio
2593 3860 2837 3931 ejusque
2868 3860 3220 3931 sequacibus
3252 3860 3371 3915 haec
3398 3858 3770 3927 verba,dictu,

2130 3954 2271 4021 visu,
2323 3950 2539 4012 auditu,
2582 3948 2815 4005 sublata
2867 3954 3024 4016 sunt,
3073 3967 3143 4004 an
3177 3953 3351 4015 recte,
3411 3952 3465 4004 te
3514 3948 3779 4020 judioem

2131 4039 2380 4113 appello.
2415 4040 2494 4094 Ea
2536 4040 2693 4094 enim
2724 4040 2980 4111 genuina
3009 4044 3066 4093 et
3106 4037 3541 4093 consultissime
3573 4038 3644 4092 ab
3676 4036 3776 4093 illo

2132 4130 2332 4183 addita
2357 4133 2518 4194 sunt,
2552 4133 2617 4183 ut
2663 4128 2997 4182 ostenderet
3041 4127 3161 4181 haec
3218 4125 3552 4198 spectacula
3588 4124 3718 4181 ideo
3748 4143 3785 4182 a

2132 4218 2481 4275 Christianis
2539 4217 2801 4283 devitari,
2836 4216 2974 4287 quia
3022 4220 3229 4287 praeter
3274 4214 3618 4271 idololatrias
3670 4214 3782 4270 cri-

2133 4324 2267 4361 men
2317 4306 2479 4361 nefas
2522 4307 2812 4359 ducebant
2862 4304 3094 4359 illicitas
3146 4304 3328 4372 dictu,
3378 4305 3531 4371 visu,
3561 4309 3618 4360 et
3675 4320 3782 4360 au-

2133 4396 2257 4449 ditu
2309 4412 2513 4466 capere
2570 4394 2893 4465 voluptates
2945 4392 3206 4465 (Tertull.
3263 4393 3364 4449 toc.
3415 4395 3509 4448 cit.
3564 4398 3623 4449 et
3679 4393 3784 4449 lib.

2133 4484 2198 4539 de
2228 4483 2462 4555 Spectat.
2516 4499 2643 4554 cap.
2686 4484 2720 4536 6
2752 4488 2809 4537 et
2838 4484 2871 4535 7
2904 4488 2961 4537 et
2992 4482 3182 4553 seqq.)
3215 4484 3397 4547 Quam
3429 4487 3626 4537 autem
3659 4481 3783 4537 istae

2135 4574 2315 4627 noxiae
2348 4590 2413 4627 ac
2445 4572 2726 4643 pestiferae
2759 4576 2976 4635 essent,
3021 4571 3114 4627 his
3162 4572 3353 4626 disces
3396 4571 3525 4642 ejus
3568 4571 3784 4641 verbis,

2135 4662 2350 4733 quibus
2381 4662 2513 4717 illas
2544 4660 2682 4716 alibi
2714 4659 2971 4732 appellat
3002 4676 3015 4716 :
3049 4682 3075 4709 «
3115 4661 3407 4716 solemnes
3456 4659 3785 4732 voluptates

2136 4750 2273 4805 circi
2308 4750 2577 4819 furentis,
2625 4755 2682 4805 et
2724 4767 2905 4804 caveae
2946 4749 3259 4816 saevientis,
3292 4753 3349 4804 et
3396 4764 3582 4805 scenas
3613 4748 3785 4805 lasci-

2136 4840 2345 4895 vientis
2380 4863 2406 4890 »
2460 4840 2662 4910 (Idem,
2715 4839 2816 4894 lib.
2868 4857 2885 4892 ι
2933 4840 3148 4893 advers.
3193 4839 3476 4906 Marciam,
3510 4855 3637 4910 cap.
3669 4841 3781 4912 27).

2137 4930 2286 4984 Alibi
2320 4946 2451 4984 vero
2485 4947 2497 4983 :
2533 4952 2561 4979 ‹‹
2594 4928 2767 4993 Perit,
2801 4933 2856 4983 et
2889 4929 3074 4984 fidelis
3107 4929 3343 4999 elapsus
3376 4929 3435 4983 in
3480 4934 3788 5000 spectacu-

2138 5018 2259 5073 lum
2311 5017 2667 5090 quadrigarii
2720 5018 2934 5073 furoris
2965 5021 3021 5073 et
3065 5017 3398 5089 gladiatorii
3453 5018 3699 5084 cruoris,
3732 5022 3789 5073 et

2138 5108 2378 5163 scenica:
2410 5106 2708 5174 foeditatis,
2743 5112 2797 5162 et
2846 5108 3077 5179 xysticee
3112 5108 3384 5162 vanitatis
3427 5127 3454 5159 ι»
3509 5107 3690 5178 (Idem
3721 5107 3787 5163 de

2138 5199 2410 5264 Pudicit.,
2457 5214 2584 5268 cap.
2632 5198 2709 5269 7).
2762 5197 2874 5252 Sed
2926 5197 2997 5251 de
3045 5196 3138 5251 his
3196 5196 3366 5267 plura
3419 5196 3476 5250 in
3526 5194 3675 5251 libro
3723 5196 3789 5253 de

2139 5287 2494 5358 Spectaculis,
2537 5302 2759 5357 nosque
2788 5286 2845 5339 in
2880 5285 2987 5340 hac
3017 5292 3074 5340 et
3102 5284 3233 5340 aliis
3266 5284 3783 5340 dissertationibus

2139 5376 2377 5431 nostris.

2212 5465 2575 5536 Objiciebant
2618 5470 2813 5519 tamen
2864 5464 3111 5536 gentiles
3158 5463 3245 5518 vel
3294 5480 3359 5517 eo
3391 5461 3519 5533 ipso
3550 5464 3787 5521 nomine

2139 5555 2565 5626 prohibendam
2616 5555 3130 5624 damnandamque
3186 5552 3657 5609 Christianorum
3697 5569 3787 5609 se-

2141 5650 2317 5714 ctam,
2342 5645 2494 5716 quod
2520 5643 2602 5699 illi
2635 5650 2974 5699 caeterorum
3006 5642 3311 5697 hominum
3342 5644 3526 5697 enatus
3555 5643 3791 5715 adsper-

2144 5738 2443 5802 narentur,
2487 5750 2549 5789 ac
2600 5732 2968 5805 publicorum
3016 5729 3485 5803 spectaculorum
3536 5732 3788 5789 oblecta-

3430 5866 3507 5927 37
