4162 6388
537 367 693 430 1163

1056 367 1582 429 TERTULLIANI
1627 367 1952 430 OPERUM
1994 368 2194 428 PARS
2237 369 2689 430 l.—SEBIES
2733 371 2782 446 Ι,
2827 370 3400 434 APOLOGETICA.

3784 372 3942 432 1164

533 501 753 569 menta,
786 497 1000 570 quibus
1030 496 1414 570 inperatores,
1445 497 1925 570 anliquioresque
1959 499 2168 554 huma-
2200 503 2251 568 Α
2285 499 2601 567 tianorum,
2631 501 2730 572 qui
2766 500 3001 558 illicitas
3033 501 3341 574 gentilium
3389 501 3730 560 voluntates
3763 521 3942 576 repu-

533 605 621 645 nte
650 587 805 660 leges
834 588 1124 658 favebant,
1157 603 1272 642 non
1320 603 1489 643 secus
1521 604 1588 643 ac
1618 593 1840 660 pestem
1873 587 2166 660 publicam

532 677 876 733 devitarent.
919 677 1028 731 Sed
1061 676 1151 731 his
1194 675 1593 733 Tertullianus
1641 679 1952 749 respondet
1984 694 1996 732 :
2031 679 2165 733 Esto

534 770 652 822 tam
683 765 879 830 licitae,
912 781 1086 836 quam
1109 765 1363 833 nefariae,
1399 764 1519 819 sint
1540 766 1629 820 has
1659 764 1990 837 voluptates
2015 783 2028 821 :
2053 767 2164 834 Quo

529 871 640 924 vos,
673 853 884 925 inquit,
915 854 1266 925 oﬂendimus,
1289 856 1338 909 si
1384 855 1528 909 alias
1556 857 1947 924 praesumimus
1979 860 2162 910 secta-

530 959 780 1014 murque
809 943 1145 1013 voluptates?
1187 943 1330 1008 Quid
1379 959 1533 1009 vero,
1582 945 1632 998 si
1669 944 1928 998 obiectari
1955 945 2165 999 novisse

525 1032 804 1100 nolumus,
859 1047 924 1086 ac
972 1047 1142 1086 omne
1189 1030 1520 1103 respuimus
1572 1031 1885 1103 voluptatis
1933 1036 2164 1102 genus?

524 1123 690 1178 Certe
745 1125 932 1178 nostra
979 1121 1189 1189 injuria
1217 1129 1308 1190 est,
1357 1122 1408 1176 si
1447 1124 1587 1192 forte
1614 1138 1721 1178 non
1751 1125 1925 1177 vestra
1957 1122 2158 1194 (Idem,

519 1212 820 1283 Apologet.,
853 1226 978 1281 cap.
1011 1210 1099 1278 38,
1136 1226 1265 1282 pag.
1321 1211 1466 1281 467),
1514 1211 1621 1266 hoc
1672 1216 1780 1282 est,
1832 1210 1999 1266 nobis
2029 1215 2160 1265 tan-

519 1299 820 1354 tummodo
867 1299 1142 1354 damnum
1192 1298 1520 1370 inferimus,
1554 1315 1922 1370 nequaquam
1965 1305 2160 1355 autem

518 1390 706 1460 vobis,
727 1388 839 1444 nisi
871 1390 1016 1444 forte
1047 1393 1102 1445 et
1129 1394 1389 1445 vestrum
1424 1391 1708 1445 damnum
1741 1391 1818 1445 sit
1849 1393 1970 1445 tam
2000 1390 2159 1445 nefa-

517 1477 623 1534 riis
653 1494 754 1535 vos
786 1482 939 1534 totos
971 1479 1181 1534 dedere
1210 1477 1628 1550 voluptatibus.

588 1566 786 1638 Neque
833 1567 1092 1638 urgeatis
1142 1583 1208 1622 ea
1255 1583 1362 1621 nos
1411 1566 1742 1637 reprobare,
1787 1583 1907 1637 quae
1944 1566 2162 1638 placent

517 1655 664 1711 vobis
693 1654 900 1727 (Ibid).
950 1655 1076 1710 Non
1125 1655 1446 1711 diffitemur
1493 1655 1671 1725 enim,
1704 1655 1820 1710 imo
1867 1655 2002 1710 inde
2035 1654 2160 1726 glo-

514 1744 759 1801 riamur.
820 1745 929 1800 Sed
989 1745 1126 1816 quid
1185 1747 1374 1799 vestra
1432 1743 1575 1799 illud
1634 1744 1920 1800 interest?
1960 1744 2163 1799 Nonne

514 1833 690 1889 etiam
750 1849 848 1888 nec
901 1848 990 1889 vos
1035 1841 1231 1889 nostra
1278 1831 1600 1889 delectant?
1646 1832 1703 1887 Si
1748 1847 1884 1905 ergo
1931 1837 2163 1888 nostras

2277 588 2539 656 diabant,
2575 595 2791 645 sectam
2823 606 2936 645 non
2995 607 3124 646 esse
3183 592 3496 648 factionem
3556 593 3825 649 illicitam
3870 609 3939 650 ac

2277 677 2723 748 prohibendam,
2756 679 2857 734 sed
2903 679 3186 751 optimam
3219 697 3360 735 sane
3392 685 3448 736 et
3480 681 3616 736 aliis
3649 682 3936 738 omnibus

2274 766 2755 836 praestantiorem.
2789 767 3003 823 Contra
3031 784 3164 824 vero
3194 768 3423 825 factiosi
3473 769 3647 842 plane
3687 775 3743 826 et
3775 771 3937 826 sedi-

2272 855 2408 923 tiosi
2440 861 2606 911 erant
2635 855 2902 927 gentiles,
2946 856 3066 928 qui,
3121 862 3185 912 ut
3225 857 3487 912 articulis
3521 859 3935 930 superioribus

2266 943 2541 1010 vidimus,
2576 944 2956 1016 imperatores
2987 961 3124 1002 suos
3156 944 3377 1001 scurilli
3409 947 3739 1014 dicacitate,
3789 965 3934 1004 con-

2269 1032 2434 1088 viciis
2463 1049 2528 1088 ac
2559 1032 2929 1088 contumeliis
2951 1033 3146 1106 palam
3179 1034 3926 1106 insequebantur,mortem

2269 1137 2471 1177 eorum
2529 1123 2828 1194 optabant,
2889 1127 3093 1178 contra
3147 1123 3279 1179 illos
3331 1125 3772 1198 conspirahant,
3808 1127 3931 1183 vio-

2269 1209 2577 1282 lentaeque
2608 1211 2691 1266 eis
2723 1211 3052 1266 inferebant
3081 1227 3314 1267 manus.

2856 1353 3090 1410 CAPUT
3131 1354 3326 1411 XXIII.

2271 1440 2609 1498 Christianos
2663 1442 3014 1511 publicarum
3062 1444 3314 1500 cladium
3348 1462 3458 1501 non
3501 1462 3617 1502 esse
3657 1463 3925 1504 causam.

2789 1573 3109 1613 ARTICULUS
3148 1575 3390 1615 PRIMUS.

2272 1645 2403 1714 Quae
2425 1644 2540 1700 sint
2564 1645 2795 1716 publica
2823 1646 3021 1713 clades,
3056 1663 3300 1717 quarum
3349 1649 3689 1707 Christianos
3726 1657 3924 1708 aucto-

2342 1732 2425 1796 res
2457 1732 2584 1796 esse
2633 1721 2746 1772 tam
2796 1733 2936 1796 saepe
2979 1721 3337 1796 quamhfalso
3375 1723 3586 1778 ethnici
3609 1739 3924 1796 conquere-

2343 1789 2558 1855 bantur,
2593 1804 2656 1844 ac
2684 1790 2946 1861 quomodo
2978 1791 3338 1847 Tertullianus
3365 1808 3454 1848 eos
3481 1789 3732 1865 refellat:

513 1920 705 1976 licitas
752 1924 1060 1992 casiasque
1090 1919 1504 1977 delectationes
1534 1878 1876 1993 repudiatios,
1910 1936 2013 1976 cur
2065 1937 2162 1977 ve-
2191 1878 2238 1943 Β
2341 1900 2723 1993 9139?”an
2763 1921 2796 1993 β
2826 1903 2993 1960 Ποδίε
3026 1904 3135 1960 “ﬁt
3164 1905 3222 1960 in
3255 1907 3660 1978 superioribus
3691 1909 3922 1966 ἀίεεθτ-

515 2013 669 2066 stras
698 2009 870 2081 plane
889 2008 1256 2076 libidinosas,
1281 2015 1455 2082 atque
1478 2009 1714 2066 homine
1745 2009 1988 2066 rationis
2010 2025 2162 2065 com-

2267 1989 2589 2047 tationibus
2619 1992 2835 2048 nostris
2865 1995 3170 2062 (Dissertat.
3204 1997 3263 2050 in
3310 1996 3513 2053 Arnob.
3547 2013 3675 2069 cap.
3709 2000 3766 2064 6,
3804 2003 3924 2055 art.

515 2100 652 2170 pote
692 2079 933 2169 prorsus
973 2097 1265 2170 indignas,
1299 2079 1536 2170 rejieere
1566 2099 1735 2154 nobis
1765 2114 1880 2154 non
1909 2097 2107 2153 licebit
2133 2097 2160 2153 ?
2269 2079 2294 2134 1
2327 2085 2386 2170 θῬ
2412 2080 2490 2152 2)»
2526 2079 2746 2136 “uuam
2776 2081 2952 2137 Γυίεεθ
2982 2081 3444 2140 criminationem
3478 2102 3546 2142 θοι
3574 2088 3798 2159 sapius
3829 2105 3924 2145 πθ·

588 2205 970 2278 Prosequitur
989 2205 1674 2278 Tertullianus,illudque
1695 2205 2003 2262 confirmat
2022 2205 2156 2278 Epi-

519 2311 827 2351 cureorum
877 2294 1160 2367 exemplo,
1220 2296 1374 2366 quod
1432 2294 1525 2350 his
1591 2295 1834 2351 totidem
1887 2295 2152 2351 codicum

514 2387 850 2440 nostrorum
907 2383 1099 2440 verbis
1156 2383 1425 2456 proponit
1484 2399 1497 2440 :
1544 2405 1565 2432 ι
1614 2383 1800 2439 Licuit
1851 2383 2150 2456 Epicureis

510 2471 770 2543 aliquam
819 2472 1126 2529 decernere
1181 2471 1496 2544 voluptatis
1549 2472 1850 2528 veritatem
1907 2473 1989 2541 [id
2037 2477 2145 2541 est,

506 2560 689 2615 animi
718 2559 1096 2633 tequitatem],
1141 2564 1196 2616 et
1241 2561 1434 2633 ampla
1480 2560 1711 2633 negotia
1740 2562 2082 2617 Christianas
2115 2582 2144 2611 ››

504 2648 712 2720 (Ibid.).
742 2649 955 2704 Eadem
989 2665 1220 2720 quoque
1259 2649 1317 2704 in
1359 2649 1620 2720 antiquis
1650 2649 2008 2705 editionibus
2040 2649 2141 2705 ha-

498 2736 732 2802 bentur,
783 2737 834 2792 si
876 2742 1070 2792 tamen
1119 2737 1372 2809 excipias
1418 2737 1690 2792 ultimum
1731 2754 1941 2793 nomen
1980 2739 2142 2795 Chri-

495 2829 691 2880 stianaz
710 2844 734 2890 ;
756 2826 905 2895 quod
941 2826 1176 2897 quidem
1209 2826 1580 2882 librariorum
1623 2827 1930 2882 oscitantia
1979 2828 2137 2898 adje-

497 2917 656 2968 ctum
706 2929 877 2969 nemo
933 2931 1072 2970 sane
1115 2915 1425 2986 negaverit.
1459 2915 1672 2970 Verum
1708 2914 2013 2986 Rigaltius,
2051 2917 2134 2972 uti

496 3019 676 3074 supra
704 3003 1043 3058 monuimus
1075 3004 1224 3076 (cap.
1258 3005 1312 3068 3,
1361 3009 1467 3059 art.
1523 3006 1594 3073 1),
1628 3004 1748 3058 haec
1787 3007 2012 3059 tantum
2045 3021 2134 3061 re-

494 3090 671 3146 tinuit
699 3108 712 3146 :
748 3092 922 3148 Licuit
953 3094 1231 3164 Epicureis
1259 3093 1502 3164 aliquam
1549 3093 1840 3148 decernere
1870 3091 2130 3162 volupta-

494 3181 568 3234 tis
597 3181 1101 3252 veritatem,eoque
1133 3180 1255 3236 loco
1287 3198 1392 3236 sno
1425 3185 1582 3236 mota
1612 3181 1740 3236 istis
1771 3181 2124 3252 praeposuit:

2264 2168 2527 2241 petitam,
2568 2186 2684 2241 qua
2726 2171 2944 2226 ethnici
2993 2175 3500 2244 conquerebantur
3543 2175 3919 2234 Christianos

2263 2259 2458 2325 omnis,
2490 2257 2642 2314 sicut
2691 2259 2772 2314 ait
2814 2259 3209 2316 Tertullianus
3235 2264 3470 2333 publicae
3497 2264 3694 2332 cladis,
3725 2269 3920 2323 omnis

2256 2347 2540 2418 popularis
2570 2348 2903 2404 incommodi
2933 2365 3044 2404 esse
3071 2365 3316 2406 causam.
3339 2352 3594 2407 Taaderet
3624 2370 3729 2409 nos
3762 2372 3914 2412 sane

2258 2435 2533 2491 cramben
2567 2439 2686 2490 tam
2731 2453 2881 2508 sape
2925 2442 3236 2505 recoctam,
3289 2440 3502 2495 iterum
3560 2457 3906 2516 recoquere,

2255 2521 2406 2578 hanc
2436 2541 2642 2580 rursus
2673 2525 2988 2581 refellendo
3021 2525 3273 2583 insulam
3307 2529 3548 2585 omnino
3581 2547 3909 2603 argumen-

2253 2612 2553 2678 tationem,
2589 2612 2637 2668 si
2685 2613 2948 2668 ethnicos
2992 2612 3150 2670 illam
3183 2619 3300 2670 tum
3361 2617 3554 2688 inepte
3585 2619 3910 2678 obtrudere

2251 2699 2568 2772 aliquando
2591 2701 2977 2772 paenituisset.
3004 2703 3114 2758 Sed
3147 2703 3417 2761 homines
3441 2707 3659 2774 vesani,
3683 2707 3905 2765 imma-

2249 2791 2425 2860 nique
2476 2789 2536 2844 in
2593 2789 2958 2846 Christianos
3006 2792 3138 2847 odio
3185 2792 3465 2862 furentes,
3497 2794 3589 2849 vix
3628 2795 3793 2851 aliud
3827 2799 3904 2853 ad

2247 2879 2572 2950 perdendos
2595 2879 2953 2935 Christianos
2977 2879 3084 2935 hac
3113 2879 3408 2936 calumnia
3437 2883 3630 2954 aptius
3660 2888 3904 2959 excogi-

2242 2983 2400 3037 tasse
2457 2967 2894 3023 arbitrabantur
2949 2969 3213 3040 (Tertull.
3265 2969 3562 3042 Apologet.,
3609 2989 3737 3045 cap.
3802 2977 3896 3030 40.

2239 3072 2373 3128 pag.
2433 3057 2556 3119 479,
2615 3060 2670 3110 et
2724 3055 2823 3111 lib.
2883 3073 2902 3110 ι
2949 3056 3017 3112 ad
3047 3058 3290 3129 Nation.,
3321 3074 3448 3131 cap.
3479 3061 3534 3128 9,
3567 3077 3700 3133 pag.
3733 3064 3897 3136 571).

2239 3145 2626 3209 Quamobrem
2671 3145 3096 3201 Tertullianum
3147 3151 3413 3203 nostrum
3443 3165 3787 3221 sequamur,
3824 3171 3893 3209 ac

1159 3270 1280 3324 Non
1306 3274 1502 3326 autem
1534 3269 1615 3324 ibi
1647 3232 2126 3326 monritosr‘lOBB
2157 3244 2199 3311 α
2236 3232 2377 3342 ξῖυίά
2409 3249 2536 3342 eain
2584 3235 2942 3342 ex?one.ndo’
2971 3238 3511 3342 inquieveitendo’
3547 3245 3649 3342 fuit
3680 3240 3895 3342 Singu-

491 3371 620 3413 esse
640 3356 820 3413 voluit
841 3375 903 3414 se
932 3358 1082 3414 hanc
1103 3359 1568 3414 emendationem
1591 3358 1664 3413 ab
1699 3357 1767 3413 iis
1800 3358 2126 3430 collegisse,

489 3445 590 3516 qui
623 3445 972 3502 Fuldensem
1014 3448 1270 3502 codicem
1315 3447 1599 3502 viderant.
1648 3448 1756 3502 Sed
1789 3448 1898 3503 etsi
1927 3465 2016 3503 res
2047 3447 2128 3502 ita

487 3550 550 3590 se
581 3533 812 3600 haheat,
846 3536 1135 3606 numquid
1189 3535 1402 3590 idcirco
1436 3535 1611 3590 unius
1652 3534 1958 3591 Fuldensis
1988 3535 2123 3591 libri

487 3623 807 3678 auctoritas
838 3624 1059 3678 caeteris
1107 3624 1405 3689 omnibus,
1440 3641 1689 3696 quorum
1721 3623 1919 3696 plures
1952 3624 2124 3698 longe

481 3713 827 3768 vetustiores
860 3718 1018 3780 sunt,
1043 3712 1243 3768 debuit
1271 3713 1582 3767 anteferri?
1605 3713 1806 3768 Nonne
1829 3730 1896 3769 ea
1924 3715 2119 3782 verba,

480 3800 531 3857 si
564 3816 774 3856 nomen
808 3800 1157 3867 Christianae,
1185 3801 1683 3872 quemadmodum
1715 3802 2121 3870 diximus,tan-

482 3906 658 3963 quam
701 3890 1063 3961 superﬂuum
1105 3890 1412 3960 ademeris,
1449 3890 1710 3947 Auctoris
1759 3892 1940 3948 nostri
1993 3909 2120 3965 pro-

479 3979 668 4052 posito
696 3995 764 4036 ac
794 3980 975 4036 menti
1007 3980 1149 4035 satis
1177 3978 1325 4034 belle
1352 3979 1748 4035 conveniunt?

552 4087 698 4143 Eum
746 4086 1037 4142 enimvero
1087 4086 1146 4141 in
1197 4086 1435 4142 modum
1479 4091 1968 4159 argumentatur:
2002 4089 2116 4145 Cur

476 4174 821 4231 Christianis
851 4192 965 4231 non
987 4174 1179 4245 liceat,
1211 4192 1386 4247 quam
1415 4175 1722 4232 honestam
1753 4177 2111 4248 existimant,

473 4263 638 4334 sequi
660 4263 1043 4334 voluptatem,
1066 4281 1198 4320 cum
1224 4264 1520 4335 Epicureis
1537 4264 1766 4320 licuerit
1795 4265 1954 4322 illam
1977 4267 2110 4323 seli-

471 4368 606 4424 gere
663 4369 788 4424 quae
845 4357 1083 4424 praestat
1138 4355 1318 4409 animi
1370 4356 1712 4425 aequitatem,
1745 4354 1864 4410 sive
1914 4357 2109 4426 potius

2235 3320 2377 3392 lare,
2412 3327 2514 3378 aut
2544 3321 2716 3393 paulo
2760 3322 3067 3378 obscurius
3119 3323 3350 3394 dixerit,
3399 3326 3706 3384 enucleare
3755 3336 3891 3387 ten-

2235 3416 2450 3466 temus.

2305 3503 2345 3552 Δ
2387 3498 2667 3556 Romanis
2695 3504 2891 3555 autem
2933 3500 3017 3556 sic
3053 3499 3152 3557 ille
3199 3501 3468 3560 orditur:
3506 3526 3536 3554 «
3566 3504 3624 3560 Si
3652 3505 3890 3564 Tiberis

2231 3588 2435 3646 1067
2472 3588 2737 3644 ascendit
2767 3589 2837 3644 ad
2870 3589 3083 3645 muenia
3112 3610 3142 3640 ››
3195 3590 3403 3663 (Ibid.),
3437 3596 3539 3648 aut
3579 3597 3644 3648 ut
3668 3593 3788 3652 alio
3825 3597 3888 3654 in

2229 3677 2418 3733 libro:
2453 3700 2473 3727 α
2509 3677 2568 3733 Si
2601 3677 2828 3733 Tiberis
2860 3678 3289 3750 redundaverit,
3341 3702 3369 3731 »
3419 3681 3477 3736 id
3527 3686 3634 3750 est,
3687 3684 3740 3738 si
3790 3688 3889 3741 ni-

2231 3766 2414 3823 mium
2469 3767 2792 3836 exundans,
2857 3767 3028 3824 Urbis
3085 3768 3398 3836 mmnibus,
3451 3787 3519 3826 ac
3575 3776 3884 3830 terrarum

2227 3857 2402 3912 etiam
2435 3855 2717 3912 fertilitati
2769 3855 3070 3924 nocuerit;
3121 3863 3324 3914 contra
3353 3875 3506 3928 vero,
3541 3882 3568 3909 ‹‹
3603 3861 3661 3916 Si
3705 3861 3887 3920 Nilus

2226 3962 2342 4001 non
2375 3945 2635 4001 ascendit
2665 3946 2737 4000 ad
2769 3961 2923 4009 arva,
2960 3967 2986 3995 »
3039 3962 3144 4002 nec
3188 3963 3359 4019 agros
3407 3948 3579 4005 solita
3618 3949 3886 4008 inunda-

2223 4035 2398 4108 tione,
2431 4035 2550 4092 sive
2580 4039 2647 4090 ut
2673 4034 2830 4090 canit
2858 4033 3172 4106 Virgilius:

2623 4204 2637 4218 .
2703 4169 2863 4231 Nigra
2893 4181 3001 4216 non
3034 4167 3310 4219 fmcundat
3337 4183 3518 4221 arena.

2838 4231 3044 4294 (Virgil.
3075 4232 3168 4282 lib.
3199 4246 3250 4281 iv
3283 4231 3469 4298 Georg.
3498 4249 3550 4284 ν.
3583 4237 3717 4299 299.)

2289 4354 2564 4409 Praeterea
2592 4355 2642 4409 si
2669 4353 2884 4421 caelum,
2917 4353 3145 4409 addidit
3174 4358 3392 4411 Auctor
3434 4363 3653 4426 noster,
3685 4366 3878 4433 stetit,

466 4441 916 4514 aequabilitatem
965 4447 1022 4497 et
1052 4443 1556 4514 tranquillitatem,
1591 4461 1716 4515 quae
1755 4444 1914 4500 nullo
1947 4451 2106 4502 motu
2217 4443 2337 4498 sive
2368 4448 2432 4498 ut
2464 4452 2682 4513 postea,
2716 4465 2744 4492 ‹‹
2777 4458 2910 4498 cum
2959 4443 3029 4497 ab
3061 4442 3352 4500 imbribus
3383 4446 3580 4502 testiva
3611 4447 3877 4510 hiberna

463 4529 806 4602 injucundo,
857 4547 961 4586 nec
1008 4530 1220 4602 amplis
1269 4532 1518 4604 negotiis
1567 4533 1836 4588 turbetur
1873 4533 1900 4588 ?
1957 4534 2102 4590 Nam
2215 4533 2583 4604 suspendunt
2615 4554 2634 4579 ι
2673 4529 2930 4600 (Tertull.
2989 4529 3099 4586 loc.
3151 4532 3274 4605 cit.)
3317 4549 3331 4588 :

3383 4539 3442 4590 et
3473 4535 3552 4589 ibi
3584 4537 3714 4592 caeli
3757 4557 3878 4596 no-

461 4641 490 4670 «
523 4636 775 4686 summa,
808 4620 1111 4691 inquiebat
1159 4619 1374 4688 Cicero,
1423 4620 1689 4693 voluptas
1729 4626 1835 4690 est,
1871 4627 1935 4678 ut
1974 4625 2105 4695 Epi-
2140 4609 2182 4674 Ι)
2215 4619 2370 4676 mine
2395 4619 2530 4691 quid
2562 4619 2817 4685 denotet,
2836 4619 2885 4674 si
2917 4619 3200 4691 postules,
3225 4620 3334 4676 tibi
3367 4626 3878 4694 respondebimus

459 4725 599 4764 curo
640 4708 846 4780 placet,
898 4708 1043 4763 nihil
1073 4709 1268 4765 dolere
1311 4732 1338 4760 »
1377 4710 1574 4781 (Cicer.
1608 4710 1708 4765 lib.
1744 4728 1763 4766 ι
1793 4711 1857 4767 de
1885 4713 2093 4782 Finib.,

2206 4709 2297 4766 his
2340 4708 2507 4764 Tullii
2554 4709 2745 4763 verbis
2799 4724 2812 4763 :

2866 4729 2894 4756 ‹‹
2944 4706 3166 4763 Ccelum
3215 4711 3344 4777 hoc,
3378 4712 3437 4767 in
3497 4730 3611 4785 quo
3644 4717 3873 4790 nubes,

2205 4800 2422 4854 imbres
2452 4797 2724 4868 ventique
2753 4800 3041 4868 coguntur
3081 4818 3110 4849 ››
3163 4798 3365 4870 (Cicer.
3401 4800 3503 4856 lib.
3538 4819 3576 4857 ιι
3611 4805 3867 4876 Tuscut.,

2205 4905 2336 4960 pag.
2372 4887 2492 4954 122,
2527 4885 2629 4940 lin.
2665 4886 2790 4956 1/1);
2842 4902 2909 4940 ex
2951 4885 3059 4941 hoc
3092 4885 3231 4942 ccelo
3263 4888 3311 4943 si
3341 4888 3561 4946 imbres
3593 4909 3863 4966 opppor-

2201 4980 2344 5030 tuno
2377 4972 2602 5045 hyemis
2634 4971 2718 5027 vel
2748 4973 2962 5028 astatis
3001 4977 3262 5045 tempore
3294 4992 3408 5030 non
3441 4978 3698 5047 efﬂuant,
3733 4987 3865 5040 ter-

2202 5079 2446 5134 ramque
2502 5077 2615 5116 non
2674 5061 2919 5116 reddant
2976 5061 3260 5132 fertilem;
3321 5067 3474 5137 quod
3519 5068 3862 5140 Cyprianus

2201 5151 2625 5210 Tertullianum
2659 5154 2916 5218 secutus,
2949 5149 3058 5205 hoc
3090 5150 3173 5206 ita
3219 5155 3507 5224 expressit
3561 5173 3574 5210 :
3636 5180 3663 5207 ‹‹
3698 5159 3859 5218 Cum

2199 5243 2360 5298 dicas
2410 5239 2694 5313 plurimos
2739 5239 3017 5309 conqueri
3049 5239 3200 5309 quod
3235 5241 3455 5299 imbres
3511 5247 3566 5300 et
3616 5245 3863 5317 pluvias

2199 5348 2404 5388 serena
2430 5329 2605 5400 longa
2633 5327 3044 5398 suspendunt;
3101 5350 3121 5376 υ
3180 5332 3237 5384 et
3276 5329 3419 5386 alibi
3469 5348 3484 5386 :
3538 5354 3566 5382 «
3599 5334 3860 5398 Quando

439 5421 560 5476 iam
619 5424 984 5476 commovent
1044 5420 1222 5476 animi
1272 5419 1790 5492 perturbationem.
1865 5429 1938 5478 De
1987 5422 2088 5480 illa
2196 5423 2437 5478 imbrem
2489 5417 2650 5473 nulla
2695 5431 2898 5472 serena
2943 5417 3314 5488 suspendunt
3351 5441 3380 5469 »
3427 5419 3616 5493 (Cypr.
3665 5429 3854 5484 tract.

439 5525 606 5580 porro
638 5510 865 5582 Epicuri
913 5513 1382 5582 sectatorumque
1435 5511 1561 5581 ejus
1607 5509 1879 5582 opinione
1924 5511 2082 5579 alibi,
2192 5511 2262 5567 ad
2292 5513 2548 5576 Demetr.,
2598 5510 2656 5563 et
2698 5505 2801 5573 lib,
2834 5503 2900 5560 de
2943 5505 3261 5578 Μυκη-ιιι).
3293 5507 3434 5564 item
3463 5511 3514 5565 si
3537 5513 3692 5568 terra
3723 5531 3859 5572 mo-

439 5613 545 5652 nec
575 5598 755 5654 semel
785 5598 1235 5669 disputavimus.
1263 5599 1657 5654 Tertullianus
1687 5616 1857 5670 porro
1888 5617 1956 5658 ex
1991 5602 2083 5658 bis
2192 5603 2289 5671 vit,
2320 5601 2562 5671 ejusque
2590 5594 2825 5652 insolito
2884 5598 3044 5651 motu
3094 5595 3308 5668 oppida
3361 5601 3710 5672 corruerint,
3743 5612 3858 5663 aut

440 5685 710 5742 cmnibus
741 5686 1038 5743 rationum
1072 5688 1385 5744 momentis
1417 5693 1572 5744 recte
1605 5687 1898 5746 concludit
1925 5689 2080 5748 Chri-
2189 5692 2318 5762 ejus
2377 5689 2539 5745 hiatu
2587 5683 2847 5756 absorpti
2894 5685 3014 5741 sint
3043 5685 3330 5757 homines,
3365 5686 3450 5743 uti
3481 5689 3657 5760 paulo
3706 5701 3855 5766 post

459 4813 594 4868 pag.
645 4796 731 4867 45,
782 4796 885 4850 lin.
935 4797 1049 4866 28),
1083 4797 1168 4852 vel
1200 4799 1372 4854 sicuti
1403 4799 1642 4854 tradidit
1671 4800 2094 4872 Theodoretus,

457 4901 525 4941 ea
554 4885 844 4957 voluptas,
879 4901 1006 4956 quae
1035 4903 1207 4942 omne
1245 4903 1512 4943 curarum
1548 4888 1881 4960 fastidiique
1909 4907 2094 4962 genus

456 4990 522 5031 ac
581 4973 823 5046 proinde
890 4976 1073 5046 ampla
1135 4977 1350 5046 negotia
1405 4975 1657 5032 excludit
1722 4977 2090 5048 (Theodoret.

453 5080 630 5121 serm.
667 5067 731 5118 12
762 5065 825 5119 de
858 5064 959 5119 Vit.
994 5068 1158 5130 beat,
1192 5083 1247 5136 p.
1298 5066 1449 5135 675).
1513 5065 1570 5120 Si
1617 5072 1808 5121 autem
1843 5067 1937 5123 hic
1969 5069 2091 5140 ipse

450 5158 536 5210 est
565 5152 909 5210 Tertulliani
962 5171 1192 5224 sensus,
1242 5154 1299 5208 in
1351 5157 1478 5223 ejus
1520 5159 1677 5210 textu
1711 5157 1889 5212 scribi
1920 5157 2091 5213 debet

445 5258 563 5310 nec,
617 5259 732 5298 non
780 5259 912 5298 vero
961 5246 1012 5297 et
1060 5244 1242 5313 ampla
1284 5245 1521 5312 negotia,
1568 5244 1679 5299 nisi
1718 5245 1825 5301 hoc
1857 5245 2089 5302 nomine

443 5347 512 5388 ea
553 5331 785 5403 negotia
817 5331 1182 5398 intellexerit,
1229 5349 1354 5403 quae
1406 5331 1790 5404 amplitudine
1819 5351 1928 5391 sua
1958 5334 2086 5390 nul-
