4162 6388
548 451 703 512 1167

548 583 891 652 corruptum
921 575 1067 632 illud
1115 566 1461 627 vocabulum
1508 560 1921 624 Hierannapen.
1969 547 2185 601 Verum
2216 543 2270 608 Α

546 638 640 727 his
673 638 840 724 facile
869 665 1165 728 cedemus,
1198 656 1299 729 qui
1332 652 1571 709 meliora
1599 638 2020 718 suggesserint.

620 777 899 848 Superest
926 769 1133 825 ultimo
1163 762 1360 819 insula
1401 776 1435 814 a
1485 750 1842 811 Tertulliano
1891 741 2191 800 nominata

552 867 642 936 Co,
674 861 767 920 vel
799 861 931 928 Cha,
964 863 1030 913 ut
1058 858 1117 910 in
1149 850 1365 908 nostris
1394 843 1713 908 codicibus,
1747 853 1813 893 ac
1847 838 1970 905 jam
2017 830 2190 884 citato

556 914 642 936 —~,
689 914 767 920 -ν-

550 955 702 1010 libro
753 951 940 1022 primo
991 946 1060 1001 ad
1095 942 1387 1006 Nationes,
1423 939 1522 990 aut
1553 931 1706 995 Coro,
1738 923 1917 980 veluti
1947 921 2006 974 in
2039 914 2190 972 anti-

553 1043 685 1115 quis
715 1005 1093 1102 editionibus,
1125 1029 1208 1087 vel
1247 1005 1420 1090 Coos,
1472 1022 1625 1077 sicut
1669 1018 1729 1070 in
1779 1010 2032 1068 editione
2079 1005 2193 1060 He-

553 1091 725 1187 ;aldi.
752 1131 823 1182 At
853 1091 1144 1182 Pamelius
1175 1114 1586 1186 corrigendum
1617 1106 1884 1162 autumat
1911 1091 2195 1164 Coo;quia

552 1221 613 1276 in
662 1215 895 1273 Eusebii
944 1211 1225 1266 Chronico
1276 1183 1530 1274 legimus
1581 1213 1593 1250 :
1651 1218 1678 1244 ιι
1728 1194 1790 1248 In
1841 1185 2037 1242 insula
2083 1183 2194 1236 Coo

553 1269 917 1364 terrisrmotu
944 1298 1199 1370 plurima
1221 1269 1600 1348 conciderunt
1651 1303 1679 1331 ››
1727 1279 1948 1349 (Chron.
2003 1269 2194 1324 Euseb.

556 1397 650 1452 ad.
683 1393 751 1448 38
777 1356 912 1445 ann.
948 1356 1240 1456 lAugust.).
1274 1385 1398 1434 Non
1429 1373 1666 1430 omnino
1721 1365 1960 1422 forsitan
2009 1356 2194 1422 male;

557 1499 696 1540 nam
725 1479 928 1535 Strabo
968 1445 1323 1530 mentionem
1374 1463 1512 1519 facit
1557 1456 1761 1514 insulsa
1811 1454 1937 1510 Κῶς
1985 1445 2194 1517 (Strab.

558 1534 979 1636 Geogr.,
1015 1576 1144 1633 pag.
1176 1557 1297 1625 121,
1329 1560 1388 1607 et
1417 1552 1516 1605 lib.
1561 1565 1618 1612 x,
1672 1559 1802 1616 pag.
1852 1537 1999 1607 489),
2047 1534 2200 1590 sicut

561 1664 621 1716 et
658 1655 996 1714 alii.Verum
1028 1649 1268 1720 quidam
1302 1659 1407 1697 nos
1433 1637 1786 1693 monuerunt
1805 1631 1863 1684 in
1889 1621 2198 1681 Eusebiani

563 1744 833 1805 Chronioi
864 1746 1021 1796 textu
1045 1716 1362 1806 scriptum,
1393 1728 1454 1783 in
1487 1725 1716 1796 Cyprio,
1750 1719 1922 1788 idque
1968 1716 2196 1768 Seneca

560 1830 897 1891 testimonio
928 1825 1273 1882 confirmare
1305 1817 1596 1872 nituntur.
1647 1807 1908 1876 Denique
1960 1800 2198 1873 quidam

1069 429 1592 500 TERTULLIANI
1637 417 1960 485 opacum
2001 390 2202 475 PARS

2329 397 2708 463 —-SEBIES
2753 395 2803 466 Ῑ,
2848 379 3414 451 APOLOGETIGA.

3787 369 3959 431 1168

2421 533 2474 583 Si
2505 542 2712 596 quaeras
2742 523 2973 596 Helicen:
3003 522 3055 596 et
3082 504 3806 596 Sjquam,_ac_hgi‘ciaanrhf,

2423 571 2974 648 invishies-sub'aquis
3003 585 3055 630 et
3077 578 3253 648 adhuc
3281 571 3566 648 ostendere
3596 571 3777 638 nautas

2422 629 2682 708 Inclinato
2710 629 3329 700 solent'cumimcenibus
3358 634 3557 698 Oppida
3586 629 3836 680 summis.

2791 726 2962 789 (Ovid.
2999 715 3336 781 Metamorph.
3367 715 3458 764 lib.
3487 727 3575 775 xv,
3601 724 3652 758 ν.
3677 710 3788 769 293,
3822 705 3957 766 etc.)

2302 845 2372 894 At
2402 835 2575 910 paulo
2607 835 2778 888 antea
2807 826 2901 881 ille
2930 838 3042 879 non
3072 817 3310 890 quidem
3337 815 3409 870 de
3439 811 3711 875 urbibus,
3747 807 3854 862 sed
3883 807 3966 860 de

2299 929 2495 991 terris,
2527 937 2674 994 quas
2702 922 2917 974 Auctor
2949 914 3150 968 noster
3195 901 3539 968 nominavit,
3592 899 3768 953 hosce
3814 895 3967 950 fecit

2395 1111 2513 1162 Vidi
2543 1122 2660 1168 ego,
2690 1102 2841 1168 quod
2863 1100 3033 1168 fuerat
3059 1091 3339 1168 quondam,
3358 1085 3689 1168 solidissima
3715 1082 3904 1140 tellus,

2397 1154 2521 1223 11353;.
2548 1154 2767 1225 Fatum,
2799 1163 2905 1212 vidi
2936 1154 3194 1225 factaaex
3216 1164 3444 1225 aequore
3477 1154 3679 1220 terras;

2396 1239 2458 1285 Et
2488 1231 2678 1298 procul
2704 1243 2734 1277 a
2754 1211 2948 1298 pelago
2971 1220 3191 1298 conchae
3210 1211 3427 1298 jac—uere
3455 1211 3696 1298 mlarinss,

2396 1301 2460 1349 Et
2481 1269 2638 1345 ictus
2666 1269 2992 1341 inviintaoest
3014 1269 3074 1333 in
3102 1269 3372 1330 montibus
3393 1273 3631 1325 anchora
3656 1269 3906 1320 summis.

2304 1394 2530 1452 Videsis
2561 1407 2686 1464 quae
2717 1390 2776 1444 in
2809 1381 3104 1456 superiore
3134 1373 3546 1434 dissertatione
3593 1386 3627 1424 a
3675 1367 3850 1423 nobis
3903 1365 3969 1420 in

2307 1454 2631 1541 Arnobium
2699 1454 2981 1532 adnotata
3036 1471 3175 1524 sunt
3232 1464 3539 1536 (Dissertat.
3601 1459 3660 1512 in
3722 1454 3967 1522 Amob.,

2307 1592 2433 1647 cap.
2476 1573 2531 1639 6,
2582 1572 2688 1624 art.
2739 1566 2816 1637 3).
2845 1561 2952 1616 Sed
2980 1561 3187 1630 arguet
3217 1552 3430 1624 aliquis
3460 1549 3585 1604 haec
3613 1546 3684 1601 ad
3711 1542 3965 1600 Tertul-

2305 1661 2449 1719 liani
2479 1655 2839 1732 propositum
2865 1667 2981 1706 non
3014 1645 3303 1711 sufﬁcere,
3335 1638 3448 1695 nisi
3483 1637 3709 1692 ratione
3753 1632 3966 1704 aliqua

2307 1723 2647 1809 ostendatur
2693 1758 2854 1799 mare
2900 1733 3285 1799 Corinthium,
3339 1729 3492 1785 sicut
3521 1724 3619 1780 ille
3651 1723 3754 1790 ait,
3787 1725 3960 1776 motu

2309 1846 2476 1897 terras
2504 1838 2799 1906 eruptum,
2819 1836 2876 1884 et
2901 1825 3240 1898 epotum.At
3269 1817 3404 1873 huic
3434 1815 3604 1888 plene
3633 1810 3970 1867 satisfaciet

562 1919 846 1993 “apicati
867 1920 1008 1972 sunt
1026 1909 1453 2002 Terminaimm
1476 1891 2201 2002 8°”ipsi?8°,c“ﬁ:1}“i‘ffl_‘{?
2231 1904 2278 1968 B
2305 1891 2674 2002 jam‘citatus
2704 1939 2736 1976 a
2767 1891 3099 1986 nobis-post
3128 1911 3407 1966 Senecam
3439 1897 3967 1970 Callisthenes,qui

565 1975 1035 2068 emendationem
1088 1995 1322 2071 probari
1379 2005 1549 2063 posse
1607 1988 1815 2059 putant
1876 1981 1969 2036 his
2025 1975 2197 2033 Plinii

562 2065 778 2163 verbis,
827 2117 855 2145 «
897 2110 966 2148 ex
1009 2065 1204 2145 insula
1250 2085 1360 2140 Cea
1405 2077 1662 2150 amplius
1719 2072 1962 2143 triginta
2018 2065 2200 2120 millia

566 2200 853 2262 passuum
877 2183 1125 2251 abrupta
1151 2173 1346 2231 subito
1376 2184 1512 2225 cum
1544 2162 1812 2238 plurimis
1861 2155 2199 2212 mortalium

564 2244 761 2347 rapuit
790 2293 818 2322 »
850 2244 1156 2342 (Plinilib.
1187 2280 1226 2318 ιι
1255 2262 1392 2317 Hist.
1425 2260 1628 2316 Natur.
1662 2269 1788 2323 cap.
1815 2249 1906 2314 92,
1941 2264 1996 2318 p.
2049 2244 2196 2311 239).

565 2365 768 2422 Nonne
798 2366 995 2416 autem
1027 2354 1161 2410 huic
1191 2351 1534 2420 conjecturae
1566 2339 1790 2398 roboris
1814 2334 2034 2406 aliquid
2067 2331 2202 2386 inde

569 2452 826 2520 accedet,
877 2445 1030 2518 quod
1068 2445 1268 2514 postea
1288 2438 1443 2493 idem
1473 2431 1695 2489 Plinius
1723 2428 1991 2483 observat
2019 2425 2137 2489 Cos,
2170 2435 2203 2472 α

570 2507 849 2612 Staphon
879 2507 1050 2590 Oeam
1068 2507 1362 2602 appellari
1392 2523 1555 2612 (Ibid.
1586 2520 1690 2575 lib.
1721 2534 1778 2586 v,
1811 2532 1936 2585 cap.
1969 2509 2065 2582 9)?
2095 2507 2202 2564 Sed

573 2595 789 2683 certius
811 2620 1014 2695 procul
1037 2595 1214 2673 dubio
1241 2615 1297 2668 id
1321 2595 1729 2676 stabilietur,91
1757 2599 1990 2674 probari
2023 2595 2207 2670 possit

573 2693 998 2771 Tertullianum
1031 2707 1100 2762 ad
1135 2702 1301 2759 Plinii
1333 2699 1656 2769 respexisse
1685 2693 1884 2749 libros.

641 2823 714 2876 At
755 2821 906 2873 certe
955 2815 1024 2869 ad
1057 2827 1190 2868 eum
1222 2807 1565 2864 collineasse
1593 2801 1824 2855 videtur
1853 2812 1984 2851 cum
2015 2791 2162 2848 dixit
2192 2807 2205 2846 :

569 2915 602 2961 ’‹‹
637 2907 920 2964 Memorat
949 2902 1108 2958 Plato
1140 2898 1421 2968 majorem
1451 2893 1598 2948 Asia:
1628 2887 1716 2944 vel
1746 2886 1947 2942 Africae
1993 2888 2204 2937 terram

569 2995 857 3054 Atlantico
891 2989 1038 3047 mari
1069 2992 1328 3058 ereptam
1349 3004 1376 3033 ιι
1410 2969 2207 3053 (Tertull.Apologet.,caleO,

571 3081 942 3158 pag.481).Et
971 3077 1083 3134 alio
1115 3090 1321 3130 rursus
1354 3071 1412 3126 in
1443 3069 1590 3123 libro
1625 3081 1638 3120 :
1671 3087 1699 3115 »
1736 3062 1894 3118 Plato
1929 3060 2214 3114 memorat

571 3174 855 3243 majorem
910 3167 1110 3222 Asiam
1163 3167 1266 3219 aut
1321 3159 1569 3215 Africam
1622 3154 1681 3208 in
1725 3150 2015 3207 Atlantico
2065 3143 2212 3201 mari

572 3232 828 3318 mersam
883 3278 912 3308 »
961 3254 1085 3326 (lib.
1137 3269 1155 3307 ι
1203 3251 1273 3305 ad
1322 3251 1570 3310 Nattam,
1607 3259 1745 3334 cap.
1793 3240 1849 3304 9,
1899 3251 2031 3308 pag.
2060 3232 2209 3304 571).
2241 3267 2284 3334 C
2321 3254 2391 3309 Et
2419 3251 2737 3306 Lucanus;

569 3349 864 3420 Scriptum
896 3343 1188 3414 siquidem
1221 3340 1292 3394 ab
1322 3337 1524 3392 eodem
1556 3331 1744 3386 Plinio
1774 3327 2027 3383 vidimus
2061 3341 2074 3380 :
2113 3328 2208 3376 «ιο

572 3412 759 3494 totum
793 3412 1038 3489 abstulit
1070 3437 1272 3496 terras,
1297 3425 1552 3496 primum
1585 3414 1977 3482 omnium,ubi
2007 3412 2208 3466 Atlan-

571 3527 756 3582 ticum
809 3536 970 3576 mare
1027 3521 1134 3585 est,
1187 3516 1237 3569 si
1287 3511 1508 3566 Platoni
1556 3505 1872 3567 credimus,
1922 3503 2210 3556 immenso

580 3612 771 3684 spatio
806 3631 828 3660 ι
864 3607 1035 3679 (Plin.
1063 3605 1165 3660 lib.
1201 3620 1241 3657 ιι
1271 3603 1405 3656 Hist.
1432 3601 1643 3664 natur.,
1675 3611 1804 3666 cap.
1836 3593 1927 3660 90,
1959 3607 2015 3662 p.
2059 3589 2206 3655 238).

572 3677 794 3758 Citatus
827 3677 994 3769 porro
1041 3694 1112 3748 ab
1163 3700 1407 3760 utroque
1453 3685 1710 3742 Platonis
1759 3682 1922 3737 locus
1975 3680 2034 3733 in
2083 3677 2211 3748 ejus

573 3791 772 3846 Timaeo
801 3766 1094 3840 invenitur
1125 3780 1291 3851 (tom.
1326 3777 1419 3844 Ill,
1445 3790 1577 3847 pag.
1603 3766 2210 3840 25),quemadmodum

573 3877 710 3935 alibi
757 3870 1192 3932 observavimus
1241 3867 1546 3937 (Dissertat.
1599 3863 1659 3916 in
1700 3857 1925 3923 Arnob.,
1977 3871 2099 3925 cap.
2153 3854 2208 3918 6,

575 3971 684 4024 art.
715 3966 791 4033 3).
823 3964 1106 4018 Gestarum
1159 3955 1269 4010 etsi
1316 3950 1714 4008 Tertullianus
1754 3945 1897 4002 nihil
1950 3958 2211 4013 unquam

574 4057 646 4112 de
675 4053 857 4109 Plinio
889 4050 1008 4104 haec
1045 4043 1352 4101 scribendo
1382 4041 1716 4112 cogitasset,
1751 4052 1865 4090 non
1896 4033 2094 4088 minus
2123 4033 2210 4086 ta-

574 4161 708 4202 men
741 4141 875 4197 inde
906 4137 1308 4199 confirmatur,
1361 4130 1516 4202 quod
1566 4126 1662 4182 ille
1711 4123 1846 4181 alibi
1895 4122 2083 4177 adhuc
2131 4136 2213 4174 re-

574 4232 720 4306 petit
766 4232 825 4286 in
872 4225 1162 4283 Atlantico
1210 4221 1356 4278 mari
1414 4220 1776 4289 adaequatam
1827 4212 2064 4283 Libyam
2113 4213 2214 4264 aut

573 4320 792 4378 Asiam.

645 4409 752 4463 Sed
785 4422 918 4462 eum
949 4401 1140 4459 adhuc
1172 4392 1627 4468 sequamur,nisi
1657 4396 1742 4447 tot
1769 4387 2048 4460 exemplis
2070 4384 2211 4441 satis

573 4497 782 4555 1070
813 4496 939 4565 jam
993 4490 1300 4563 probatum
1350 4483 1564 4540 dixeris
1614 4479 1974 4536 Christianos
2023 4473 2210 4546 publi-

574 4602 775 4644 carum
799 4580 1201 4638 calamitatum
1227 4590 1462 4631 causam
1493 4589 1607 4627 non
1642 4569 1845 4635 fuisse,
1877 4572 2048 4636 teque
2080 4562 2211 4618 aliis

573 4675 765 4733 adhuc
791 4668 1020 4744 probari
1057 4684 1169 4722 non
1199 4665 1426 4720 tzsdeat.
1463 4659 1655 4731 Pergit
1684 4663 1875 4712 autem
1901 4653 2080 4724 ille,et
2109 4651 2208 4705 ait:

572 4787 601 4815 ‹‹
633 4739 1182 4818 Mare-Corinthium
1215 4760 1376 4808 terra)
1405 4756 1601 4805 motus
1631 4746 1814 4803 ebibit
1861 4763 1886 4796 ιι
1943 4739 2204 4814 (Tertull.

571 4853 637 4908 de
660 4849 830 4920 Pall.,
863 4864 984 4917 cap.
1017 4845 1106 4916 2);
1141 4847 1196 4898 et
1229 4843 1283 4895 in
1315 4840 1462 4894 libro
1490 4838 1559 4894 ad
1605 4837 1860 4892 Nationes
1892 4851 1904 4888 :
1940 4818 2209 4884 {Terris

572 4944 736 4998 motu
786 4953 946 4993 mare
988 4931 1354 4990 Corinthium
1384 4933 1645 4998 ereptum
1678 4929 1787 4980 est.
1821 4945 1849 4972 »
1881 4920 2211 4992 Opinantur

571 5026 839 5088 nonnulli
859 5041 993 5082 eum
1017 5023 1096 5077 ibi
1129 5018 1398 5076 allusisse
1431 5018 1498 5071 ad
1521 5015 1756 5070 urbium
1775 5010 1961 5065 Elices
1978 5007 2209 5064 etBura:

569 5121 826 5185 ruinam,
859 5115 929 5170 de
960 5112 1173 5184 quibus
1205 5122 1440 5162 rursum
1474 5103 1696 5158 Plinius
1731 5118 1743 5156 :
1774 5124 1800 5150 «
1835 5102 2052 5155 Pontus
2083 5095 2212 5150 abs-

571 5207 710 5267 tulit
739 5205 953 5262 Elicem
985 5205 1040 5256 et
1070 5204 1281 5253 Buram
1315 5195 1371 5248 in
1405 5193 1537 5249 sinu
1581 5189 1900 5255 Corinthio,
1959 5198 2206 5258 quarum

569 5299 631 5353 in
681 5295 796 5353 alto
848 5289 1093 5360 vestigia
1148 5287 1428 5357 apparent
1472 5304 1501 5331 »
1549 5280 1719 5350 (Plin.
1768 5277 1870 5333 lib.
1917 5292 1956 5330 ιι
2011 5273 2206 5328 Ναιιιν.

567 5388 729 5453 Hist,
781 5399 909 5454 cap.
957 5359 1048 5445 92,
1096 5391 1228 5448 pag.
1279 5371 1425 5440 239).
1484 5369 1654 5426 Plura
1701 5367 1750 5423 si
1801 5364 1940 5421 velis
1973 5359 2210 5417 consule

567 5449 912 5532 Strabonem
978 5466 1103 5538 (lib.
1155 5481 1172 5517 ι
1224 5460 1431 5531 Οεοθν.,
1481 5475 1611 5531 pag.
1661 5457 1786 5525 59];
1859 5449 2207 5506 Pausaniam

567 5565 691 5632 (lib.
722 5578 822 5626 vn,
856 5575 983 5630 pag.
1015 5553 1120 5610 212
1149 5557 1205 5606 et
1232 5551 1395 5621 231);
1427 5552 1702 5602 Senecam
1737 5545 1953 5616 (Senec.
2001 5539 2100 5594 lib.
2151 5553 2206 5590 v1

567 5624 764 5708 Hatur.
811 5624 1015 5715 Qui»,
1063 5659 1190 5712 cap.
1243 5639 1334 5707 23,
1381 5654 1514 5708 pag.
1546 5636 1695 5706 893),
1728 5648 1794 5688 ac
1827 5629 2025 5685 missis
2057 5624 2207 5695 aliis,

570 5736 861 5806 Ovidium,
892 5732 993 5803 qui
1025 5729 1271 5786 canebat
1304 5743 1316 5781 :

2240 4633 2286 4697 Ι)
2321 4629 2446 4684 cap.
2489 4610 2568 4674 2).

2306 1988 2472 2075 docet
2502 2015 2676 2071 urbes
2707 2015 3005 2075 terrasque
3033 2001 3102 2057 ab
3132 1992 3563 2054 exundantibus
3586 1988 3760 2061 aquis
3786 2003 3967 2059 posse

2305 2105 2474 2164 facile
2507 2096 2824 2163 absorberi,
2845 2109 2974 2150 cum
3008 2089 3249 2162 spiritus
3280 2100 3382 2156 per
3409 2079 3636 2137 occulta
3666 2075 3969 2131 foramina

2307 2196 2578 2266 illapsus,
2637 2192 2852 2243 terram
2910 2175 3168 2236 concutit
3223 2173 3439 2244 (Senec.
3503 2166 3605 2220 lib.
3657 2181 3712 2218 v1
3763 2163 3965 2217 Nalur.

2313 2251 2538 2354 (luant,
2563 2251 2697 2348 Icap.
2728 2275 2819 2343 85,
2851 2286 2982 2342 pag.
3014 2266 3159 2335 895).
3193 2263 3342 2317 Tum
3379 2257 3592 2312 etenim
3622 2253 3687 2308 ﬁt
3731 2251 3965 2314 hiatus,

2313 2388 2428 2448 quo
2475 2340 2675 2426 omnia
2716 2340 3128 2419 absumuntur.
3159 2349 3520 2419 Quapropter
3548 2343 3702 2398 idem
3736 2340 3968 2396 Seneca

2319 2426 2419 2448 1--

2311 2477 2518 2518 rursus
2551 2454 2741 2513 dixit:
2777 2471 2801 2502 ι
2853 2449 3028 2506 Vasta
3075 2436 3379 2496 concussio
3429 2434 3577 2488 duas
3629 2426 3970 2501 suppressit

2542 2543 2799 2602 Hclicem
2857 2542 2913 2592 ct
2971 2531 3190 2589 Burim.
3241 2549 3268 2576 ι)
3321 2527 3393 2580 At
3438 2521 3610 2577 Buris
3659 2523 3718 2574 et
3765 2515 3969 2572 Helice

2316 2637 2516 2697 isthmi
2549 2623 3042 2704 PeIOponn-gsiaci,
3075 2636 3174 2675 seu
3209 2611 3513 2681 Corinthii,
3547 2608 3723 2664 urbes
3771 2609 3968 2672 erant,

2316 2747 2444 2803 quae
2475 2724 2644 2797 aquis
2676 2716 2857 2790 mergi
2891 2731 3003 2769 non
3036 2707 3372 2783 potuerunt,
3406 2699 3547 2773 quia
3589 2694 3771 2753 simili
3822 2711 3969 2749 casu

2318 2786 2478 2873 mare
2522 2786 2888 2868 Oorintbium
2935 2801 3278 2869 absorptum
3336 2789 3531 2847 fuerit.
3585 2786 3711 2842 Non
3771 2787 3967 2838 totum

2318 2872 2516 2963 tamen
2537 2900 2881 2969 absorptum
2904 2894 3012 2957 est,
3045 2886 3145 2943 sed
3195 2879 3410 2953 duplex
3458 2874 3646 2933 effecit
3696 2887 3862 2928 mare
3897 2872 3973 2926 de

2320 3011 2431 3067 quo
2463 2989 2703 3047 Ovidius
2739 3006 2750 3040 :

2411 3107 2618 3170 Quique
2643 3099 2803 3151 maris
2831 3092 3031 3160 gemini
3059 3087 3282 3170 dist‘igeat
3301 3081 3743 3170 isthmusoaq‘pas;

3126 3147 3292 3213 (Ovid.
3325 3145 3478 3209 epist.
3513 3143 3588 3202 12,
3609 3136 3670 3188 'v.
3705 3136 3840 3197 10L)

2556 3380 2568 3392 .
2701 3378 2713 3390 .
2843 3370 2857 3384 .
2988 3365 3002 3380 .
3274 3321 3510 3382 Qualiter
3535 3331 3608 3367 un
3619 3316 3712 3392 d‘as

2319 3412 2418 3473 Qui
2448 3380 2607 3473 εθεὲιι
2640 3377 3667 3473 svspensam“?saxeas
3714 3377 3978 3436 ίδίδωοι

2449 3443 3160 3535 ἱῖιῖἷίῖιίέδᾶᾦιίῖἐῖςθῖυω,
3193 3451 3236 3500 si
3264 3452 3408 3498 terra
3435 3443 3650 3495 recedat

2317 3523 2557 3589 ionicum
2589 3530 2765 3592 1Eng
2794 3523 3003 3584 franget
3029 3529 3194 3566 mare.
3264 3546 3276 3560 .
3344 3545 3368 3592 ,Α
3427 3543 3441 3557 .
3512 3541 3523 3553 .

3095 3594 3308 3658 (Lucan.
3335 3587 3427 3637 lib.
3458 3595 3516 3644 ii,
3547 3597 3603 3632 v.
3633 3579 3735 3641 99.)

2391 3718 2678 3777 Omnibus
2706 3726 2877 3785 porro
2907 3722 2976 3762 ea
3004 3700 3244 3776 cognitu
3273 3696 3443 3767 longe
3490 3688 3748 3748 faciliora
3798 3688 3975 3752 sunt,

2321 3775 2448 3884 quis
2475 3775 2876 3865 Tertullianus
2908 3775 3213 3864 subjunxit
3245 3805 3258 3844 :
3293 3783 3426 3839 «Vis
3458 3779 3752 3838 undarum
3784 3775 3978 3829 Luca-

2325 3864 2441 3884 ,"
2491 3864 2506 3865 η

2321 3901 2478 3957 niam
2509 3895 2682 3952 Italiae
2715 3887 3053 3950 abscissam,
3084 3882 3143 3936 in
3173 3875 3381 3934 Siciliae
3410 3886 3622 3928 nomen
3654 3864 3972 3936 relegavit»

2320 3952 2586 4061 (ﬁ'I—‘e—rtull.
2621 3979 2925 4053 Apotoget.,
2957 3988 3082 4043 cap.
3117 3969 3203 4036 40,
3256 3981 3384 4037 pag.
3430 3959 3578 4027 481).
3625 3952 3805 4061 Paulo
3859 3970 3973 4007 au-

2468 4041 2891 4130 iusius-aliain
2914 4041 3069 4117 libro
3101 4075 3113 4113 :
3152 4078 3178 4107 «
3228 4052 3399 4110 italia)
3445 4046 3743 4120 quondam
3783 4041 3974 4096 latus.

2319 4129 2980 4232 adriaThyrrhenoque
3012 4142 3450 4221 quassantibus,
3481 4134 3854 4192 mediotenus
3884 4129 3978 4183 in-

2320 4217 2669 4326 terceptum,
2700 4217 2978 4315 reliquias
3010 4217 3268 4294 Siciliam
3305 4227 3464 4295 facit,
3512 4239 3647 4280 cum
3695 4223 3822 4275 tota
3868 4217 3975 4273 illa

2325 4306 2399 4313 *τ’
2417 4306 2508 4326 ν-ι-
2529 4306 2536 4307 ί
2652 4306 2668 4316 ι
2825 4306 2842 4315 -

2321 4346 2493 4420 plaga
2505 4335 2735 4397 discidii
2749 4329 3146 4390 contentiones
3158 4333 3458 4394 aequorum
3471 4314 3661 4370 coitus
3674 4306 3975 4381 angustiis

2322 4405 2908 4502 retorquensnovum
2937 4415 3058 4470 vitii
3091 4411 3237 4468 mari
3271 4405 3482 4470 induit,
3517 4416 3633 4458 non
3674 4412 3971 4467 exspuen-

2320 4483 2772 4585 ti'swnaufragie,
2816 4509 2914 4565 sed
2965 4501 3291 4560 devorantis
3340 4517 3367 4545 n
3418 4493 3620 4566 (Idem,
3670 4487 3737 4542 de
3777 4483 3970 4553 Ραιι.,

2621 4578 2754 4668 Qua:
2804 4597 3004 4654 1071
3059 4589 3296 4662 quidem
3328 4601 3362 4640 a
3390 4578 3796 4651 compluribus
3829 4589 3971 4645 geo-

2318 4667 2577 4774 graphia,
2628 4691 2812 4766 poetis
2863 4686 3111 4754 aliisque
3163 4673 3457 4733 memoris
3515 4668 3749 4741 prodita
3802 4667 3969 4718 sunt.

2320 4752 2371 4774 ετ-
2568 4752 2576 4759 ν
2629 4752 2645 4766 ι
3019 4752 3029 4754 -

2320 4788 2558 4845 Ovidius
2588 4786 2780 4838 autem
2816 4775 3228 4840 eodem.quem
3263 4761 3436 4836 paulo
3467 4762 3604 4815 ante
3633 4752 3971 4818 citavimns,

2317 4878 2443 4933 loco
2473 4876 2543 4931 de
2572 4869 2780 4928 Zancle
2808 4881 2928 4921 una
2965 4857 3170 4916 Sicilia:
3203 4853 3345 4910 urbe
3377 4845 3631 4905 cantavit
3663 4860 3676 4898 :

2801 4977 2989 5031 Zancle
3017 4983 3230 5038 quoque
3248 4968 3436 5038 juncta
3463 4961 3632 5038 fuisse

2506 5021 2708 5101 bicitur
2737 5021 3382 5101 Italiae-,v‘donscu'con'ﬂnta
3409 5029 3606 5101 pontus

2505 5082 2980 5172 XiiiEi'iiJ'Ei'Eea
2988 5082 3054 5172 isi
3065 5082 3306 5172 tellurem
3337 5082 3567 5172 reppulit
3582 5082 3746 5172 unda;

2908 5170 3081 5237 (Ovid.
3111 5167 3205 5216 lib.
3233 5176 3302 5213 xv
3331 5162 3604 5210 Metamor.
3634 5167 3687 5201 v.
3717 5153 3852 5203 290.)

2393 5291 2690 5349 Laudatus
2719 5286 2896 5341 etiam
2930 5297 2963 5335 ο.
2993 5274 3161 5332 nobis
3196 5273 3469 5327 Lucanus
3499 5261 3700 5319 eadem
3735 5258 3808 5312 de
3849 5261 3975 5312 tota

2321 5381 2537 5446 Sicilia,
2571 5392 2677 5434 nec
2709 5371 2888 5429 semel
2918 5367 3155 5438 quidem
3203 5355 3415 5415 cecinit
3457 5355 3721 5425 (Lucam,
3762 5345 3872 5400 lib.
3907 5361 3972 5413 ιι,

2317 5435 2537 5536 ἶ-543ξ
2564 5470 2620 5522 et
2650 5464 2746 5518 lib.
2781 5476 2865 5522 ιιι,
2894 5435 2951 5510 νζ
2983 5454 3052 5508 58
3093 5456 3151 5506 et
3197 5447 3409 5520 seqq.),
3460 5435 3971 5513 quemadmodum

2319 5559 2597 5629 Virgilius
2629 5552 2721 5608 his
2750 5547 3016 5605 versibus
3044 5558 3057 5597 :

2409 5658 2532 5706 Haec
2559 5654 2678 5702 loca
2705 5649 2757 5698 vi
2786 5643 3060 5706 quondam
3085 5642 3138 5688 et
3163 5636 3316 5706 vasta
3345 5623 3811 5706 convulsa‘ru‘ina,

2409 5661 2532 5706 Haec
2560 5661 2678 5702 loca
2705 5663 2757 5698 vi
2823 5661 3060 5695 uonoam
3085 5661 3138 5688 ei.
3170 5661 3316 5686 vuabu
3345 5661 3604 5681 υυωυισι.
3632 5661 3792 5673 ........

2407 5721 2634 5770 Tantum
2674 5661 3101 5771 mviﬁonginque
3131 5701 3273 5750 valet
3300 5698 3508 5747 mutare
3537 5689 3792 5744 vetustas,
