  <div class='ocr_page' id='page_1' title='image "/cluster/home/n/w/nwhite01/storage/ocr_20150623/1/umn.31951002477295j/588.png"; bbox 0 0 4162 6360; ppageno 0'>
   <div class='ocr_carea' id='block_1_1' title="bbox 256 345 408 406">
    <p class='ocr_par' dir='ltr' id='par_1_1' title="bbox 256 345 408 406">
     <span class='ocr_line' id='line_1_1' title="bbox 256 345 408 406; baseline 0.007 -1"><span class='ocrx_word' id='word_1_1' title='bbox 256 345 408 406; x_wconf 80' lang='grc'><strong>1169</strong></span> 
     </span>
    </p>
   </div>
   <div class='ocr_carea' id='block_1_2' title="bbox 304 468 1565 529">
    <p class='ocr_par' dir='ltr' id='par_1_2' title="bbox 304 468 1565 529">
     <span class='ocr_line' id='line_1_2' title="bbox 304 468 1565 529; baseline -0.005 -8"><span class='ocrx_word' id='word_1_2' title='bbox 304 474 587 522; x_wconf 81' lang='lat' dir='ltr'>Dissiluisse</span> <span class='ocrx_word' id='word_1_3' title='bbox 616 474 785 524; x_wconf 84' lang='lat' dir='ltr'>ferunt,</span> <span class='ocrx_word' id='word_1_4' title='bbox 810 483 919 516; x_wconf 81' lang='lat' dir='ltr'>cum</span> <span class='ocrx_word' id='word_1_5' title='bbox 953 469 1169 529; x_wconf 78' lang='lat' dir='ltr'>protinus</span> <span class='ocrx_word' id='word_1_6' title='bbox 1196 474 1395 526; x_wconf 85' lang='lat' dir='ltr'>utraque</span> <span class='ocrx_word' id='word_1_7' title='bbox 1421 468 1565 515; x_wconf 88' lang='lat' dir='ltr'>tellus</span> 
     </span>
    </p>
   </div>
   <div class='ocr_carea' id='block_1_3' title="bbox 304 533 1470 591">
    <p class='ocr_par' dir='ltr' id='par_1_3' title="bbox 304 533 1470 591">
     <span class='ocr_line' id='line_1_3' title="bbox 304 533 1470 591; baseline -0.009 -6"><span class='ocrx_word' id='word_1_8' title='bbox 304 540 411 585; x_wconf 76' lang='lat' dir='ltr'>Una</span> <span class='ocrx_word' id='word_1_9' title='bbox 441 539 578 589; x_wconf 83' lang='lat' dir='ltr'>foret,</span> <span class='ocrx_word' id='word_1_10' title='bbox 608 536 735 581; x_wconf 82' lang='lat' dir='ltr'>venit</span> <span class='ocrx_word' id='word_1_11' title='bbox 764 535 923 580; x_wconf 88' lang='lat' dir='ltr'>medio</span> <span class='ocrx_word' id='word_1_12' title='bbox 953 535 997 578; x_wconf 91' lang='lat' dir='ltr'><strong>vi</strong></span> <span class='ocrx_word' id='word_1_13' title='bbox 1028 540 1212 591; x_wconf 79' lang='lat' dir='ltr'>pontus.</span> <span class='ocrx_word' id='word_1_14' title='bbox 1245 539 1292 577; x_wconf 81' lang='lat' dir='ltr'>et</span> <span class='ocrx_word' id='word_1_15' title='bbox 1329 533 1470 577; x_wconf 81' lang='lat' dir='ltr'>undis</span> 
     </span>
    </p>
   </div>
   <div class='ocr_carea' id='block_1_4' title="bbox 301 594 1689 657">
    <p class='ocr_par' dir='ltr' id='par_1_4' title="bbox 301 594 1689 657">
     <span class='ocr_line' id='line_1_4' title="bbox 301 594 1689 657; baseline -0.004 -12"><span class='ocrx_word' id='word_1_16' title='bbox 301 602 587 657; x_wconf 82' lang='lat' dir='ltr'>Hesperium</span> <span class='ocrx_word' id='word_1_17' title='bbox 619 597 780 642; x_wconf 88' lang='lat' dir='ltr'>Siculo</span> <span class='ocrx_word' id='word_1_18' title='bbox 813 598 935 641; x_wconf 80' lang='lat' dir='ltr'>latus</span> <span class='ocrx_word' id='word_1_19' title='bbox 971 596 1192 645; x_wconf 79' lang='lat' dir='ltr'>abscidit,</span> <span class='ocrx_word' id='word_1_20' title='bbox 1222 608 1432 651; x_wconf 81' lang='lat' dir='ltr'>arvaque</span> <span class='ocrx_word' id='word_1_21' title='bbox 1452 600 1500 640; x_wconf 83' lang='lat' dir='ltr'>et</span> <span class='ocrx_word' id='word_1_22' title='bbox 1528 594 1689 646; x_wconf 88' lang='lat' dir='ltr'>urbes,</span> 
     </span>
    </p>
   </div>
   <div class='ocr_carea' id='block_1_5' title="bbox 302 659 1375 715">
    <p class='ocr_par' dir='ltr' id='par_1_5' title="bbox 302 659 1375 715">
     <span class='ocr_line' id='line_1_5' title="bbox 302 659 1375 715; baseline -0.006 -6"><span class='ocrx_word' id='word_1_23' title='bbox 302 664 483 709; x_wconf 86' lang='lat' dir='ltr'>Littore</span> <span class='ocrx_word' id='word_1_24' title='bbox 511 660 743 708; x_wconf 69' lang='lat' dir='ltr'>deductas</span> <span class='ocrx_word' id='word_1_25' title='bbox 770 664 974 715; x_wconf 75' lang='lat' dir='ltr'>angusto</span> <span class='ocrx_word' id='word_1_26' title='bbox 1004 659 1210 704; x_wconf 82' lang='lat' dir='ltr'>interluit</span> <span class='ocrx_word' id='word_1_27' title='bbox 1236 664 1375 703; x_wconf 80' lang='lat' dir='ltr'>aestu.</span> 
     </span>
    </p>
   </div>
   <div class='ocr_carea' id='block_1_6' title="bbox 696 727 1730 787">
    <p class='ocr_par' dir='ltr' id='par_1_6' title="bbox 696 727 1730 787">
     <span class='ocr_line' id='line_1_6' title="bbox 696 727 1730 787; baseline -0.005 -12"><span class='ocrx_word' id='word_1_28' title='bbox 696 730 885 787; x_wconf 80' lang='lat' dir='ltr'>(Virgil.</span> <span class='ocrx_word' id='word_1_29' title='bbox 920 730 981 775; x_wconf 87' lang='lat' dir='ltr'>lib</span> <span class='ocrx_word' id='word_1_30' title='bbox 1038 743 1089 774; x_wconf 87' lang='grc' dir='ltr'>ιιι</span> <span class='ocrx_word' id='word_1_31' title='bbox 1118 729 1299 776; x_wconf 77' lang='lat' dir='ltr'>/Eneid.</span> <span class='ocrx_word' id='word_1_32' title='bbox 1329 743 1372 773; x_wconf 76' lang='grc' dir='ltr'>ν.</span> <span class='ocrx_word' id='word_1_33' title='bbox 1400 729 1477 773; x_wconf 73' lang='grc'>414</span> <span class='ocrx_word' id='word_1_34' title='bbox 1501 733 1547 774; x_wconf 88' lang='lat' dir='ltr'>et</span> <span class='ocrx_word' id='word_1_35' title='bbox 1577 727 1730 784; x_wconf 90' lang='lat' dir='ltr'>seqq.)</span> 
     </span>
    </p>
   </div>
   <div class='ocr_carea' id='block_1_7' title="bbox 1170 334 2761 399">
    <p class='ocr_par' dir='ltr' id='par_1_7' title="bbox 1170 334 2761 399">
     <span class='ocr_line' id='line_1_7' title="bbox 1170 334 2761 399; baseline -0.005 0"><span class='ocrx_word' id='word_1_36' title='bbox 1170 340 1242 399; x_wconf 92' lang='lat' dir='ltr'>D.</span> <span class='ocrx_word' id='word_1_37' title='bbox 1288 338 1386 398; x_wconf 88' lang='lat' dir='ltr'>LE</span> <span class='ocrx_word' id='word_1_38' title='bbox 1431 338 1754 399; x_wconf 82' lang='lat' dir='ltr'>NOURRY</span> <span class='ocrx_word' id='word_1_39' title='bbox 1800 335 2454 398; x_wconf 81' lang='lat' dir='ltr'>OBSERVATIUNES</span> <span class='ocrx_word' id='word_1_40' title='bbox 2500 334 2761 395; x_wconf 67' lang='lat' dir='ltr'>NOV/E.</span> 
     </span>
    </p>
   </div>
   <div class='ocr_carea' id='block_1_8' title="bbox 3510 330 3665 390">
    <p class='ocr_par' dir='ltr' id='par_1_8' title="bbox 3510 330 3665 390">
     <span class='ocr_line' id='line_1_8' title="bbox 3510 330 3665 390; baseline 0.013 -2"><span class='ocrx_word' id='word_1_41' title='bbox 3510 330 3665 390; x_wconf 79' lang='lat' dir='ltr'>H70</span> 
     </span>
    </p>
   </div>
   <div class='ocr_carea' id='block_1_9' title="bbox 1929 462 3663 541">
    <p class='ocr_par' dir='ltr' id='par_1_9' title="bbox 1929 462 3663 541">
     <span class='ocr_line' id='line_1_9' title="bbox 1929 462 3663 541; baseline -0.005 -16"><span class='ocrx_word' id='word_1_42' title='bbox 1929 469 1981 536; x_wconf 74' lang='grc' dir='ltr'><strong>Α</strong></span> <span class='ocrx_word' id='word_1_43' title='bbox 2012 474 2109 540; x_wconf 88' lang='lat' dir='ltr'>pto</span> <span class='ocrx_word' id='word_1_44' title='bbox 2143 469 2498 541; x_wconf 80' lang='lat' dir='ltr'>migrassent</span> <span class='ocrx_word' id='word_1_45' title='bbox 2530 468 2587 522; x_wconf 91' lang='lat' dir='ltr'>in</span> <span class='ocrx_word' id='word_1_46' title='bbox 2623 465 3017 532; x_wconf 70' lang='lat' dir='ltr'>Palazstinam,</span> <span class='ocrx_word' id='word_1_47' title='bbox 3079 481 3143 519; x_wconf 92' lang='lat' dir='ltr'>ac</span> <span class='ocrx_word' id='word_1_48' title='bbox 3200 463 3443 535; x_wconf 87' lang='lat' dir='ltr'>proinde</span> <span class='ocrx_word' id='word_1_49' title='bbox 3489 462 3663 534; x_wconf 88' lang='lat' dir='ltr'>longe</span> 
     </span>
    </p>
   </div>
   <div class='ocr_carea' id='block_1_10' title="bbox 2012 550 3661 631">
    <p class='ocr_par' dir='ltr' id='par_1_10' title="bbox 2012 550 3661 631">
     <span class='ocr_line' id='line_1_10' title="bbox 2012 550 3661 631; baseline -0.004 -18"><span class='ocrx_word' id='word_1_50' title='bbox 2012 559 2281 631; x_wconf 84' lang='lat' dir='ltr'>pluribus</span> <span class='ocrx_word' id='word_1_51' title='bbox 2315 558 2562 625; x_wconf 59' lang='lat' dir='ltr'>sreculis,</span> <span class='ocrx_word' id='word_1_52' title='bbox 2599 557 2759 629; x_wconf 90' lang='lat' dir='ltr'>prius</span> <span class='ocrx_word' id='word_1_53' title='bbox 2821 572 2995 627; x_wconf 88' lang='lat' dir='ltr'>quam</span> <span class='ocrx_word' id='word_1_54' title='bbox 3055 552 3392 621; x_wconf 82' lang='lat' dir='ltr'>Christiani,</span> <span class='ocrx_word' id='word_1_55' title='bbox 3445 568 3511 605; x_wconf 90' lang='lat' dir='ltr'>ex</span> <span class='ocrx_word' id='word_1_56' title='bbox 3544 550 3661 607; x_wconf 80' lang='lat' dir='ltr'><strong>illis</strong></span> 
     </span>
    </p>
   </div>
   <div class='ocr_carea' id='block_1_11' title="bbox 2010 638 3658 714">
    <p class='ocr_par' dir='ltr' id='par_1_11' title="bbox 2010 638 3658 714">
     <span class='ocr_line' id='line_1_11' title="bbox 2010 638 3658 714; baseline -0.005 -13"><span class='ocrx_word' id='word_1_57' title='bbox 2010 648 2140 714; x_wconf 89' lang='lat' dir='ltr'>orti,</span> <span class='ocrx_word' id='word_1_58' title='bbox 2177 647 2474 702; x_wconf 80' lang='lat' dir='ltr'>venissent</span> <span class='ocrx_word' id='word_1_59' title='bbox 2506 646 2563 699; x_wconf 91' lang='lat' dir='ltr'>in</span> <span class='ocrx_word' id='word_1_60' title='bbox 2598 642 3237 714; x_wconf 85' lang='lat' dir='ltr'>mundum.Utriusque</span> <span class='ocrx_word' id='word_1_61' title='bbox 3260 643 3454 695; x_wconf 88' lang='lat' dir='ltr'>autem</span> <span class='ocrx_word' id='word_1_62' title='bbox 3479 638 3658 709; x_wconf 86' lang='lat' dir='ltr'>hujus</span> 
     </span>
    </p>
   </div>
   <div class='ocr_carea' id='block_1_12' title="bbox 2009 727 3656 803">
    <p class='ocr_par' dir='ltr' id='par_1_12' title="bbox 2009 727 3656 803">
     <span class='ocr_line' id='line_1_12' title="bbox 2009 727 3656 803; baseline -0.004 -13"><span class='ocrx_word' id='word_1_63' title='bbox 2009 736 2172 791; x_wconf 85' lang='lat' dir='ltr'>urbis</span> <span class='ocrx_word' id='word_1_64' title='bbox 2207 736 2377 790; x_wconf 89' lang='lat' dir='ltr'>ruina</span> <span class='ocrx_word' id='word_1_65' title='bbox 2409 734 2736 790; x_wconf 89' lang='lat' dir='ltr'>certissimo</span> <span class='ocrx_word' id='word_1_66' title='bbox 2768 748 2942 787; x_wconf 65' lang='lat' dir='ltr'>sacrae</span> <span class='ocrx_word' id='word_1_67' title='bbox 2975 730 3287 803; x_wconf 74' lang='lat' dir='ltr'>Scripturte</span> <span class='ocrx_word' id='word_1_68' title='bbox 3320 727 3656 783; x_wconf 88' lang='lat' dir='ltr'>testimonio</span> 
     </span>
    </p>
   </div>
   <div class='ocr_carea' id='block_1_13' title="bbox 246 816 3654 896">
    <p class='ocr_par' dir='ltr' id='par_1_13' title="bbox 246 816 3654 896">
     <span class='ocr_line' id='line_1_13' title="bbox 246 816 3654 896; baseline -0.005 -15"><span class='ocrx_word' id='word_1_69' title='bbox 246 825 452 881; x_wconf 88' lang='lat' dir='ltr'>Citatis</span> <span class='ocrx_word' id='word_1_70' title='bbox 485 827 678 879; x_wconf 88' lang='lat' dir='ltr'>autem</span> <span class='ocrx_word' id='word_1_71' title='bbox 712 822 802 877; x_wconf 88' lang='lat' dir='ltr'>his</span> <span class='ocrx_word' id='word_1_72' title='bbox 850 820 1115 876; x_wconf 79' lang='lat' dir='ltr'>versibus</span> <span class='ocrx_word' id='word_1_73' title='bbox 1164 825 1383 876; x_wconf 80' lang='lat' dir='ltr'>Seneca</span> <span class='ocrx_word' id='word_1_74' title='bbox 1440 818 1705 873; x_wconf 78' lang='lat' dir='ltr'>addidit:</span> <span class='ocrx_word' id='word_1_75' title='bbox 1741 841 1768 868; x_wconf 84' lang='lat'><strong>«</strong></span> <span class='ocrx_word' id='word_1_76' title='bbox 1804 816 1896 871; x_wconf 88' lang='lat' dir='ltr'>Sic</span> <span class='ocrx_word' id='word_1_77' title='bbox 2007 825 2423 896; x_wconf 63' lang='lat' dir='ltr'>comprobatur</span> <span class='ocrx_word' id='word_1_78' title='bbox 2455 824 2605 895; x_wconf 65' lang='lat' dir='ltr'>(Gen.</span> <span class='ocrx_word' id='word_1_79' title='bbox 2658 840 2774 892; x_wconf 65' lang='lat' dir='ltr'>nx,</span> <span class='ocrx_word' id='word_1_80' title='bbox 2832 821 2943 891; x_wconf 74' lang='grc'>24),</span> <span class='ocrx_word' id='word_1_81' title='bbox 3006 820 3115 875; x_wconf 81' lang='lat' dir='ltr'>sed</span> <span class='ocrx_word' id='word_1_82' title='bbox 3177 817 3447 891; x_wconf 72' lang='lat' dir='ltr'>quamvis</span> <span class='ocrx_word' id='word_1_83' title='bbox 3506 816 3654 871; x_wconf 82' lang='lat' dir='ltr'>illud</span> 
     </span>
    </p>
   </div>
   <div class='ocr_carea' id='block_1_14' title="bbox 241 906 1891 982">
    <p class='ocr_par' dir='ltr' id='par_1_14' title="bbox 241 906 1891 982">
     <span class='ocr_line' id='line_1_14' title="bbox 241 906 1891 982; baseline -0.007 -12"><span class='ocrx_word' id='word_1_84' title='bbox 241 912 771 981; x_wconf 89' lang='lat' dir='ltr'>hacinundatione,</span> <span class='ocrx_word' id='word_1_85' title='bbox 796 927 967 981; x_wconf 86' lang='lat' dir='ltr'>quam</span> <span class='ocrx_word' id='word_1_86' title='bbox 990 914 1290 982; x_wconf 91' lang='lat' dir='ltr'>poetarum</span> <span class='ocrx_word' id='word_1_87' title='bbox 1315 907 1549 963; x_wconf 77' lang='lat' dir='ltr'>maximi</span> <span class='ocrx_word' id='word_1_88' title='bbox 1575 906 1891 974; x_wconf 78' lang='lat' dir='ltr'>celebrant,</span> 
     </span>
    </p>
   </div>
   <div class='ocr_carea' id='block_1_15' title="bbox 240 996 1888 1071">
    <p class='ocr_par' dir='ltr' id='par_1_15' title="bbox 240 996 1888 1071">
     <span class='ocr_line' id='line_1_15' title="bbox 240 996 1888 1071; baseline -0.005 -13"><span class='ocrx_word' id='word_1_89' title='bbox 240 1004 313 1058; x_wconf 89' lang='lat' dir='ltr'>ab</span> <span class='ocrx_word' id='word_1_90' title='bbox 346 1001 512 1058; x_wconf 80' lang='lat' dir='ltr'>Italia</span> <span class='ocrx_word' id='word_1_91' title='bbox 542 999 740 1056; x_wconf 81' lang='lat' dir='ltr'>Sicilia</span> <span class='ocrx_word' id='word_1_92' title='bbox 770 1000 985 1071; x_wconf 84' lang='lat' dir='ltr'>rejects</span> <span class='ocrx_word' id='word_1_93' title='bbox 1015 1002 1103 1054; x_wconf 84' lang='lat' dir='ltr'>est</span> <span class='ocrx_word' id='word_1_94' title='bbox 1138 1021 1164 1047; x_wconf 84' lang='lat'>»</span> <span class='ocrx_word' id='word_1_95' title='bbox 1192 998 1418 1071; x_wconf 87' lang='lat' dir='ltr'>(Sonec.</span> <span class='ocrx_word' id='word_1_96' title='bbox 1454 996 1555 1051; x_wconf 91' lang='lat' dir='ltr'>lib.</span> <span class='ocrx_word' id='word_1_97' title='bbox 1606 1012 1661 1051; x_wconf 83' lang='lat' dir='ltr'><strong>IV</strong></span> <span class='ocrx_word' id='word_1_98' title='bbox 1692 998 1888 1051; x_wconf 83' lang='lat' dir='ltr'>Natur.</span> 
     </span>
    </p>
   </div>
   <div class='ocr_carea' id='block_1_16' title="bbox 238 1084 1888 1163">
    <p class='ocr_par' dir='ltr' id='par_1_16' title="bbox 238 1084 1888 1163">
     <span class='ocr_line' id='line_1_16' title="bbox 238 1084 1888 1163; baseline -0.004 -16"><span class='ocrx_word' id='word_1_99' title='bbox 238 1093 439 1162; x_wconf 67' lang='lat' dir='ltr'>Qumst.</span> <span class='ocrx_word' id='word_1_100' title='bbox 477 1108 603 1163; x_wconf 93' lang='lat' dir='ltr'>cap.</span> <span class='ocrx_word' id='word_1_101' title='bbox 636 1090 727 1157; x_wconf 84' lang='lat'>29,</span> <span class='ocrx_word' id='word_1_102' title='bbox 754 1105 887 1161; x_wconf 91' lang='lat' dir='ltr'>pag.</span> <span class='ocrx_word' id='word_1_103' title='bbox 918 1089 1066 1161; x_wconf 82' lang='lat'>898).</span> <span class='ocrx_word' id='word_1_104' title='bbox 1122 1087 1344 1145; x_wconf 87' lang='lat' dir='ltr'>Videsis</span> <span class='ocrx_word' id='word_1_105' title='bbox 1408 1085 1662 1141; x_wconf 88' lang='lat' dir='ltr'>Plinium</span> <span class='ocrx_word' id='word_1_106' title='bbox 1716 1084 1888 1156; x_wconf 86' lang='lat' dir='ltr'>(Plin.</span> 
     </span>
    </p>
   </div>
   <div class='ocr_carea' id='block_1_17' title="bbox 2006 904 3649 980">
    <p class='ocr_par' dir='ltr' id='par_1_17' title="bbox 2006 904 3649 980">
     <span class='ocr_line' id='line_1_17' title="bbox 2006 904 3649 980; baseline -0.004 -13"><span class='ocrx_word' id='word_1_107' title='bbox 2006 913 2173 969; x_wconf 90' lang='lat' dir='ltr'>nobis</span> <span class='ocrx_word' id='word_1_108' title='bbox 2203 914 2451 980; x_wconf 85' lang='lat' dir='ltr'>deesset,</span> <span class='ocrx_word' id='word_1_109' title='bbox 2485 911 2671 968; x_wconf 89' lang='lat' dir='ltr'>cladis</span> <span class='ocrx_word' id='word_1_110' title='bbox 2703 910 2859 965; x_wconf 89' lang='lat' dir='ltr'>illius</span> <span class='ocrx_word' id='word_1_111' title='bbox 2888 908 3175 963; x_wconf 91' lang='lat' dir='ltr'>indicium</span> <span class='ocrx_word' id='word_1_112' title='bbox 3214 906 3371 963; x_wconf 90' lang='lat' dir='ltr'>haud</span> <span class='ocrx_word' id='word_1_113' title='bbox 3404 904 3649 961; x_wconf 88' lang='lat' dir='ltr'>dubium</span> 
     </span>
    </p>
   </div>
   <div class='ocr_carea' id='block_1_18' title="bbox 2002 994 3646 1074">
    <p class='ocr_par' dir='ltr' id='par_1_18' title="bbox 2002 994 3646 1074">
     <span class='ocr_line' id='line_1_18' title="bbox 2002 994 3646 1074; baseline -0.004 -18"><span class='ocrx_word' id='word_1_114' title='bbox 2002 1002 2129 1074; x_wconf 91' lang='lat' dir='ltr'>ipsa</span> <span class='ocrx_word' id='word_1_115' title='bbox 2159 1002 2332 1057; x_wconf 86' lang='lat' dir='ltr'>etiam</span> <span class='ocrx_word' id='word_1_116' title='bbox 2371 1002 2555 1069; x_wconf 89' lang='lat' dir='ltr'>daret,</span> <span class='ocrx_word' id='word_1_117' title='bbox 2590 1018 2713 1073; x_wconf 67' lang='lat' dir='ltr'>quae</span> <span class='ocrx_word' id='word_1_118' title='bbox 2737 999 2820 1054; x_wconf 90' lang='lat' dir='ltr'>uti</span> <span class='ocrx_word' id='word_1_119' title='bbox 2850 997 3245 1053; x_wconf 87' lang='lat' dir='ltr'>Tertullianus</span> <span class='ocrx_word' id='word_1_120' title='bbox 3276 994 3436 1067; x_wconf 88' lang='lat' dir='ltr'>loqui</span> <span class='ocrx_word' id='word_1_121' title='bbox 3460 997 3646 1050; x_wconf 87' lang='lat' dir='ltr'>amat:</span> 
     </span>
    </p>
   </div>
   <div class='ocr_carea' id='block_1_19' title="bbox 2000 1083 3645 1157">
    <p class='ocr_par' dir='ltr' id='par_1_19' title="bbox 2000 1083 3645 1157">
     <span class='ocr_line' id='line_1_19' title="bbox 2000 1083 3645 1157; baseline -0.005 -11"><span class='ocrx_word' id='word_1_122' title='bbox 2000 1113 2027 1141; x_wconf 77' lang='grc' dir='ltr'>α</span> <span class='ocrx_word' id='word_1_123' title='bbox 2062 1090 2187 1147; x_wconf 87' lang='lat' dir='ltr'>Olet</span> <span class='ocrx_word' id='word_1_124' title='bbox 2218 1091 2409 1146; x_wconf 87' lang='lat' dir='ltr'>adhuc</span> <span class='ocrx_word' id='word_1_125' title='bbox 2440 1089 2710 1145; x_wconf 91' lang='lat' dir='ltr'>incendio</span> <span class='ocrx_word' id='word_1_126' title='bbox 2738 1091 2893 1143; x_wconf 87' lang='lat' dir='ltr'>terra</span> <span class='ocrx_word' id='word_1_127' title='bbox 2926 1105 2939 1155; x_wconf 87' lang='lat'><strong>;</strong></span> <span class='ocrx_word' id='word_1_128' title='bbox 2968 1092 3025 1143; x_wconf 91' lang='lat' dir='ltr'>et</span> <span class='ocrx_word' id='word_1_129' title='bbox 3056 1087 3101 1143; x_wconf 92' lang='lat' dir='ltr'>si</span> <span class='ocrx_word' id='word_1_130' title='bbox 3166 1102 3281 1157; x_wconf 87' lang='lat' dir='ltr'>qua</span> <span class='ocrx_word' id='word_1_131' title='bbox 3321 1083 3441 1139; x_wconf 92' lang='lat' dir='ltr'>illic</span> <span class='ocrx_word' id='word_1_132' title='bbox 3472 1083 3645 1138; x_wconf 91' lang='lat' dir='ltr'>arbo-</span> 
     </span>
    </p>
   </div>
   <div class='ocr_carea' id='block_1_20' title="bbox 235 1173 1895 1253">
    <p class='ocr_par' dir='ltr' id='par_1_20' title="bbox 235 1173 1887 1249">
     <span class='ocr_line' id='line_1_20' title="bbox 235 1173 1887 1249; baseline -0.005 -13"><span class='ocrx_word' id='word_1_133' title='bbox 235 1181 342 1237; x_wconf 91' lang='lat' dir='ltr'>lib.</span> <span class='ocrx_word' id='word_1_134' title='bbox 372 1198 413 1236; x_wconf 83' lang='grc' dir='ltr'>ιι</span> <span class='ocrx_word' id='word_1_135' title='bbox 444 1182 634 1237; x_wconf 78' lang='lat' dir='ltr'>Natur.</span> <span class='ocrx_word' id='word_1_136' title='bbox 694 1179 854 1245; x_wconf 63' lang='lat' dir='ltr'>Hist,</span> <span class='ocrx_word' id='word_1_137' title='bbox 904 1193 1031 1249; x_wconf 90' lang='lat' dir='ltr'>cap.</span> <span class='ocrx_word' id='word_1_138' title='bbox 1081 1178 1171 1243; x_wconf 91' lang='lat'>87,</span> <span class='ocrx_word' id='word_1_139' title='bbox 1230 1192 1363 1249; x_wconf 89' lang='lat' dir='ltr'>pag.</span> <span class='ocrx_word' id='word_1_140' title='bbox 1423 1175 1575 1246; x_wconf 79' lang='lat'>235),</span> <span class='ocrx_word' id='word_1_141' title='bbox 1636 1173 1887 1230; x_wconf 84' lang='lat' dir='ltr'>Statium</span> 
     </span>
    </p>
   </div>
   <div class='ocr_carea' id='block_1_21' title="bbox 1990 1173 3643 1253">
    <p class='ocr_par' dir='ltr' id='par_1_21' title="bbox 1998 1177 3643 1253">
     <span class='ocr_line' id='line_1_21' title="bbox 1998 1177 3643 1253; baseline -0.007 -16"><span class='ocrx_word' id='word_1_142' title='bbox 1998 1197 2127 1236; x_wconf 87' lang='lat' dir='ltr'>rum</span> <span class='ocrx_word' id='word_1_143' title='bbox 2162 1198 2335 1253; x_wconf 88' lang='lat' dir='ltr'>poma</span> <span class='ocrx_word' id='word_1_144' title='bbox 2357 1184 2643 1236; x_wconf 79' lang='lat' dir='ltr'>conantur</span> <span class='ocrx_word' id='word_1_145' title='bbox 2681 1177 2865 1233; x_wconf 90' lang='lat' dir='ltr'>oculis</span> <span class='ocrx_word' id='word_1_146' title='bbox 2914 1181 3108 1244; x_wconf 88' lang='lat' dir='ltr'>tenus,</span> <span class='ocrx_word' id='word_1_147' title='bbox 3170 1178 3443 1231; x_wconf 68' lang='lat' dir='ltr'>caeterum</span> <span class='ocrx_word' id='word_1_148' title='bbox 3503 1188 3643 1227; x_wconf 90' lang='lat' dir='ltr'>con-</span> 
     </span>
    </p>
   </div>
   <div class='ocr_carea' id='block_1_22' title="bbox 236 1261 3641 1341">
    <p class='ocr_par' dir='ltr' id='par_1_22' title="bbox 236 1261 3641 1341">
     <span class='ocr_line' id='line_1_22' title="bbox 236 1261 3641 1341; baseline -0.003 -13"><span class='ocrx_word' id='word_1_149' title='bbox 236 1271 432 1341; x_wconf 62' lang='grc' dir='ltr'>(δίει,</span> <span class='ocrx_word' id='word_1_150' title='bbox 478 1268 580 1324; x_wconf 86' lang='lat' dir='ltr'>lib.</span> <span class='ocrx_word' id='word_1_151' title='bbox 638 1284 701 1323; x_wconf 82' lang='lat' dir='ltr'><strong>III</strong></span> <span class='ocrx_word' id='word_1_152' title='bbox 744 1266 991 1322; x_wconf 73' lang='lat' dir='ltr'>Thebaie.</span> <span class='ocrx_word' id='word_1_153' title='bbox 1044 1269 1101 1320; x_wconf 75' lang='lat' dir='ltr'>et</span> <span class='ocrx_word' id='word_1_154' title='bbox 1141 1266 1241 1321; x_wconf 83' lang='lat' dir='ltr'>lib-</span> <span class='ocrx_word' id='word_1_155' title='bbox 1292 1284 1308 1321; x_wconf 87' lang='grc' dir='ltr'>ι</span> <span class='ocrx_word' id='word_1_156' title='bbox 1358 1264 1618 1337; x_wconf 79' lang='lat' dir='ltr'>Sylvar.),</span> <span class='ocrx_word' id='word_1_157' title='bbox 1678 1261 1884 1318; x_wconf 73' lang='lat' dir='ltr'>Silium</span> <span class='ocrx_word' id='word_1_158' title='bbox 1995 1274 2148 1326; x_wconf 89' lang='lat' dir='ltr'>tacta</span> <span class='ocrx_word' id='word_1_159' title='bbox 2175 1270 2545 1326; x_wconf 86' lang='lat' dir='ltr'>cinerescunt</span> <span class='ocrx_word' id='word_1_160' title='bbox 2581 1293 2600 1318; x_wconf 77' lang='grc' dir='ltr'>ι</span> <span class='ocrx_word' id='word_1_161' title='bbox 2639 1266 2903 1340; x_wconf 82' lang='lat' dir='ltr'>(Tertull.</span> <span class='ocrx_word' id='word_1_162' title='bbox 2943 1266 3048 1321; x_wconf 90' lang='lat' dir='ltr'>loc.</span> <span class='ocrx_word' id='word_1_163' title='bbox 3084 1265 3226 1335; x_wconf 90' lang='lat' dir='ltr'>cit.).</span> <span class='ocrx_word' id='word_1_164' title='bbox 3284 1267 3369 1318; x_wconf 83' lang='lat' dir='ltr'>Ita</span> <span class='ocrx_word' id='word_1_165' title='bbox 3401 1262 3641 1334; x_wconf 88' lang='lat' dir='ltr'>quidem</span> 
     </span>
    </p>
   </div>
   <div class='ocr_carea' id='block_1_23' title="bbox 236 1354 1178 1427">
    <p class='ocr_par' dir='ltr' id='par_1_23' title="bbox 236 1354 1178 1427">
     <span class='ocr_line' id='line_1_23' title="bbox 236 1354 1178 1427; baseline -0.003 -13"><span class='ocrx_word' id='word_1_166' title='bbox 236 1358 529 1427; x_wconf 88' lang='lat' dir='ltr'>Italicum,</span> <span class='ocrx_word' id='word_1_167' title='bbox 562 1356 894 1413; x_wconf 90' lang='lat' dir='ltr'>Cluverium</span> <span class='ocrx_word' id='word_1_168' title='bbox 926 1360 983 1410; x_wconf 89' lang='lat' dir='ltr'>et</span> <span class='ocrx_word' id='word_1_169' title='bbox 1012 1354 1178 1411; x_wconf 88' lang='lat' dir='ltr'>alios.</span> 
     </span>
    </p>
   </div>
   <div class='ocr_carea' id='block_1_24' title="bbox 1994 1349 3640 1431">
    <p class='ocr_par' dir='ltr' id='par_1_24' title="bbox 1994 1349 3640 1431">
     <span class='ocr_line' id='line_1_24' title="bbox 1994 1349 3640 1431; baseline -0.006 -17"><span class='ocrx_word' id='word_1_170' title='bbox 1994 1360 2051 1415; x_wconf 91' lang='lat' dir='ltr'>in</span> <span class='ocrx_word' id='word_1_171' title='bbox 2089 1358 2505 1431; x_wconf 82' lang='lat' dir='ltr'>manuscriptis</span> <span class='ocrx_word' id='word_1_172' title='bbox 2554 1357 2769 1413; x_wconf 86' lang='lat' dir='ltr'>nostris</span> <span class='ocrx_word' id='word_1_173' title='bbox 2828 1355 3129 1412; x_wconf 89' lang='lat' dir='ltr'>codicibus</span> <span class='ocrx_word' id='word_1_174' title='bbox 3190 1358 3245 1409; x_wconf 87' lang='lat' dir='ltr'>et</span> <span class='ocrx_word' id='word_1_175' title='bbox 3302 1352 3454 1408; x_wconf 90' lang='lat' dir='ltr'>aliis.</span> <span class='ocrx_word' id='word_1_176' title='bbox 3497 1349 3640 1405; x_wconf 89' lang='lat' dir='ltr'>Male</span> 
     </span>
    </p>
   </div>
   <div class='ocr_carea' id='block_1_25' title="bbox 304 1440 1895 1520">
    <p class='ocr_par' dir='ltr' id='par_1_25' title="bbox 304 1443 1884 1519">
     <span class='ocr_line' id='line_1_25' title="bbox 304 1443 1884 1519; baseline -0.004 -17"><span class='ocrx_word' id='word_1_177' title='bbox 304 1449 453 1514; x_wconf 87' lang='lat' dir='ltr'>Quid</span> <span class='ocrx_word' id='word_1_178' title='bbox 504 1446 675 1519; x_wconf 90' lang='lat' dir='ltr'>plura</span> <span class='ocrx_word' id='word_1_179' title='bbox 715 1444 743 1499; x_wconf 83' lang='lat'><strong>?</strong></span> <span class='ocrx_word' id='word_1_180' title='bbox 796 1448 942 1499; x_wconf 87' lang='lat' dir='ltr'>Ante</span> <span class='ocrx_word' id='word_1_181' title='bbox 999 1448 1315 1499; x_wconf 80' lang='lat' dir='ltr'>Saturnum</span> <span class='ocrx_word' id='word_1_182' title='bbox 1372 1443 1630 1513; x_wconf 88' lang='lat' dir='ltr'>aliosque</span> <span class='ocrx_word' id='word_1_183' title='bbox 1679 1458 1884 1496; x_wconf 90' lang='lat' dir='ltr'>omnes</span> 
     </span>
    </p>
   </div>
   <div class='ocr_carea' id='block_1_26' title="bbox 1990 1440 3637 1520">
    <p class='ocr_par' dir='ltr' id='par_1_26' title="bbox 1993 1440 3637 1520">
     <span class='ocr_line' id='line_1_26' title="bbox 1993 1440 3637 1520; baseline -0.005 -15"><span class='ocrx_word' id='word_1_184' title='bbox 1993 1466 2126 1506; x_wconf 88' lang='lat' dir='ltr'>vero</span> <span class='ocrx_word' id='word_1_185' title='bbox 2158 1450 2216 1505; x_wconf 93' lang='lat' dir='ltr'>in</span> <span class='ocrx_word' id='word_1_186' title='bbox 2260 1449 2635 1520; x_wconf 88' lang='lat' dir='ltr'>quihusdam,</span> <span class='ocrx_word' id='word_1_187' title='bbox 2692 1446 2955 1502; x_wconf 81' lang='lat' dir='ltr'>oriuntur</span> <span class='ocrx_word' id='word_1_188' title='bbox 3003 1449 3060 1501; x_wconf 90' lang='lat' dir='ltr'>et</span> <span class='ocrx_word' id='word_1_189' title='bbox 3102 1449 3429 1501; x_wconf 77' lang='lat' dir='ltr'>cernuntur.</span> <span class='ocrx_word' id='word_1_190' title='bbox 3492 1440 3637 1497; x_wconf 87' lang='lat' dir='ltr'>Nam</span> 
     </span>
    </p>
   </div>
   <div class='ocr_carea' id='block_1_27' title="bbox 230 1533 1881 1611">
    <p class='ocr_par' dir='ltr' id='par_1_27' title="bbox 230 1533 1881 1611">
     <span class='ocr_line' id='line_1_27' title="bbox 230 1533 1881 1611; baseline -0.003 -19"><span class='ocrx_word' id='word_1_191' title='bbox 230 1536 540 1611; x_wconf 85' lang='lat' dir='ltr'>gentilium</span> <span class='ocrx_word' id='word_1_192' title='bbox 574 1536 711 1591; x_wconf 89' lang='lat' dir='ltr'>deos</span> <span class='ocrx_word' id='word_1_193' title='bbox 742 1538 1013 1590; x_wconf 84' lang='lat' dir='ltr'>evenerat</span> <span class='ocrx_word' id='word_1_194' title='bbox 1042 1533 1113 1601; x_wconf 88' lang='lat' dir='ltr'>is,</span> <span class='ocrx_word' id='word_1_195' title='bbox 1163 1535 1263 1606; x_wconf 91' lang='lat' dir='ltr'>qui</span> <span class='ocrx_word' id='word_1_196' title='bbox 1291 1555 1317 1583; x_wconf 83' lang='lat'><strong>«</strong></span> <span class='ocrx_word' id='word_1_197' title='bbox 1356 1538 1543 1589; x_wconf 91' lang='lat' dir='ltr'>totum</span> <span class='ocrx_word' id='word_1_198' title='bbox 1597 1533 1812 1588; x_wconf 89' lang='lat' dir='ltr'>orbem.</span> <span class='ocrx_word' id='word_1_199' title='bbox 1852 1553 1881 1581; x_wconf 89' lang='lat'>»</span> 
     </span>
    </p>
   </div>
   <div class='ocr_carea' id='block_1_28' title="bbox 235 1621 2999 1695">
    <p class='ocr_par' dir='ltr' id='par_1_28' title="bbox 235 1621 2999 1695">
     <span class='ocr_line' id='line_1_28' title="bbox 235 1621 2999 1695; baseline -0.002 -12"><span class='ocrx_word' id='word_1_200' title='bbox 235 1626 390 1683; x_wconf 88' lang='lat' dir='ltr'>sicut</span> <span class='ocrx_word' id='word_1_201' title='bbox 420 1625 501 1680; x_wconf 87' lang='lat' dir='ltr'>ait</span> <span class='ocrx_word' id='word_1_202' title='bbox 520 1623 938 1693; x_wconf 86' lang='lat' dir='ltr'>Tertullianus,</span> <span class='ocrx_word' id='word_1_203' title='bbox 973 1645 999 1672; x_wconf 82' lang='lat'><strong>«</strong></span> <span class='ocrx_word' id='word_1_204' title='bbox 1030 1622 1420 1695; x_wconf 80' lang='lat' dir='ltr'>cataclysmus</span> <span class='ocrx_word' id='word_1_205' title='bbox 1462 1621 1736 1689; x_wconf 80' lang='lat' dir='ltr'>abolevit,</span> <span class='ocrx_word' id='word_1_206' title='bbox 1766 1623 1879 1686; x_wconf 81' lang='lat' dir='ltr'>vel,</span> <span class='ocrx_word' id='word_1_207' title='bbox 1988 1630 2214 1683; x_wconf 77' lang='lat' dir='ltr'>nuntur.</span> <span class='ocrx_word' id='word_1_208' title='bbox 2251 1626 2379 1683; x_wconf 91' lang='lat' dir='ltr'>Alio</span> <span class='ocrx_word' id='word_1_209' title='bbox 2411 1630 2607 1683; x_wconf 90' lang='lat' dir='ltr'>autem</span> <span class='ocrx_word' id='word_1_210' title='bbox 2637 1625 2695 1680; x_wconf 89' lang='lat' dir='ltr'>in</span> <span class='ocrx_word' id='word_1_211' title='bbox 2736 1624 2884 1679; x_wconf 92' lang='lat' dir='ltr'>libro</span> <span class='ocrx_word' id='word_1_212' title='bbox 2920 1640 2932 1678; x_wconf 90' lang='lat'><strong>:</strong></span> <span class='ocrx_word' id='word_1_213' title='bbox 2971 1645 2999 1673; x_wconf 84' lang='lat'><strong>«</strong></span> 
     </span>
    </p>
   </div>
   <div class='ocr_carea' id='block_1_29' title="bbox 241 1710 1876 1786">
    <p class='ocr_par' dir='ltr' id='par_1_29' title="bbox 241 1710 1876 1786">
     <span class='ocr_line' id='line_1_29' title="bbox 241 1710 1876 1786; baseline -0.002 -15"><span class='ocrx_word' id='word_1_214' title='bbox 241 1720 308 1771; x_wconf 90' lang='lat' dir='ltr'>ut</span> <span class='ocrx_word' id='word_1_215' title='bbox 339 1715 497 1771; x_wconf 82' lang='lat' dir='ltr'>Plato</span> <span class='ocrx_word' id='word_1_216' title='bbox 519 1714 767 1786; x_wconf 87' lang='lat' dir='ltr'>putavit,</span> <span class='ocrx_word' id='word_1_217' title='bbox 790 1719 1115 1783; x_wconf 87' lang='lat' dir='ltr'>campestre</span> <span class='ocrx_word' id='word_1_218' title='bbox 1149 1712 1519 1768; x_wconf 88' lang='lat' dir='ltr'>solummodo</span> <span class='ocrx_word' id='word_1_219' title='bbox 1552 1733 1581 1761; x_wconf 84' lang='lat'><strong>»</strong></span> <span class='ocrx_word' id='word_1_220' title='bbox 1615 1710 1876 1781; x_wconf 83' lang='lat' dir='ltr'>(Tertull.</span> 
     </span>
    </p>
   </div>
   <div class='ocr_carea' id='block_1_30' title="bbox 235 1800 1876 1876">
    <p class='ocr_par' dir='ltr' id='par_1_30' title="bbox 235 1800 1876 1876">
     <span class='ocr_line' id='line_1_30' title="bbox 235 1800 1876 1876; baseline -0.004 -16"><span class='ocrx_word' id='word_1_221' title='bbox 235 1804 532 1876; x_wconf 77' lang='lat' dir='ltr'>Apologet.,</span> <span class='ocrx_word' id='word_1_222' title='bbox 565 1819 693 1874; x_wconf 86' lang='lat' dir='ltr'>cap.</span> <span class='ocrx_word' id='word_1_223' title='bbox 735 1802 825 1867; x_wconf 77' lang='grc'>40,</span> <span class='ocrx_word' id='word_1_224' title='bbox 860 1820 915 1873; x_wconf 93' lang='lat' dir='ltr'>p.</span> <span class='ocrx_word' id='word_1_225' title='bbox 946 1802 1094 1872; x_wconf 79' lang='grc'>481).</span> <span class='ocrx_word' id='word_1_226' title='bbox 1137 1802 1375 1856; x_wconf 86' lang='lat' dir='ltr'>Brevius</span> <span class='ocrx_word' id='word_1_227' title='bbox 1396 1801 1454 1855; x_wconf 94' lang='lat' dir='ltr'>in</span> <span class='ocrx_word' id='word_1_228' title='bbox 1484 1800 1632 1854; x_wconf 89' lang='lat' dir='ltr'>libro</span> <span class='ocrx_word' id='word_1_229' title='bbox 1663 1801 1736 1854; x_wconf 82' lang='lat' dir='ltr'>ad</span> <span class='ocrx_word' id='word_1_230' title='bbox 1761 1803 1876 1854; x_wconf 88' lang='lat' dir='ltr'>Na-</span> 
     </span>
    </p>
   </div>
   <div class='ocr_carea' id='block_1_31' title="bbox 233 1884 1873 1962">
    <p class='ocr_par' dir='ltr' id='par_1_31' title="bbox 233 1884 1873 1962">
     <span class='ocr_line' id='line_1_31' title="bbox 233 1884 1873 1962; baseline -0.006 -13"><span class='ocrx_word' id='word_1_231' title='bbox 233 1895 406 1950; x_wconf 81' lang='lat' dir='ltr'>tiones</span> <span class='ocrx_word' id='word_1_232' title='bbox 446 1884 527 1948; x_wconf 69' lang='grc' dir='ltr'>ἐ‹‹</span> <span class='ocrx_word' id='word_1_233' title='bbox 585 1892 798 1947; x_wconf 91' lang='lat' dir='ltr'>Totum</span> <span class='ocrx_word' id='word_1_234' title='bbox 853 1890 1052 1946; x_wconf 86' lang='lat' dir='ltr'>orbem</span> <span class='ocrx_word' id='word_1_235' title='bbox 1111 1890 1501 1962; x_wconf 84' lang='lat' dir='ltr'>cataclysmus</span> <span class='ocrx_word' id='word_1_236' title='bbox 1550 1889 1800 1945; x_wconf 89' lang='lat' dir='ltr'>abolevit</span> <span class='ocrx_word' id='word_1_237' title='bbox 1844 1910 1873 1939; x_wconf 85' lang='lat'>»</span> 
     </span>
    </p>
   </div>
   <div class='ocr_carea' id='block_1_32' title="bbox 227 1978 1869 2054">
    <p class='ocr_par' dir='ltr' id='par_1_32' title="bbox 227 1978 1869 2054">
     <span class='ocr_line' id='line_1_32' title="bbox 227 1978 1869 2054; baseline -0.002 -17"><span class='ocrx_word' id='word_1_238' title='bbox 227 1981 352 2054; x_wconf 89' lang='lat' dir='ltr'>(lib.</span> <span class='ocrx_word' id='word_1_239' title='bbox 385 1999 425 2052; x_wconf 91' lang='grc' dir='ltr'><strong>ι,</strong></span> <span class='ocrx_word' id='word_1_240' title='bbox 457 1998 583 2052; x_wconf 89' lang='lat' dir='ltr'>cap.</span> <span class='ocrx_word' id='word_1_241' title='bbox 615 1981 670 2047; x_wconf 85' lang='lat'>9,</span> <span class='ocrx_word' id='word_1_242' title='bbox 705 1997 761 2051; x_wconf 92' lang='lat' dir='ltr'>p.</span> <span class='ocrx_word' id='word_1_243' title='bbox 789 1979 951 2050; x_wconf 71' lang='lat'>571);</span> <span class='ocrx_word' id='word_1_244' title='bbox 986 1979 1087 2035; x_wconf 90' lang='lat' dir='ltr'>sed</span> <span class='ocrx_word' id='word_1_245' title='bbox 1144 1980 1383 2035; x_wconf 88' lang='lat' dir='ltr'>uberius</span> <span class='ocrx_word' id='word_1_246' title='bbox 1431 1978 1545 2035; x_wconf 90' lang='lat' dir='ltr'>alio</span> <span class='ocrx_word' id='word_1_247' title='bbox 1580 1980 1636 2033; x_wconf 93' lang='lat' dir='ltr'>in</span> <span class='ocrx_word' id='word_1_248' title='bbox 1672 1979 1821 2034; x_wconf 92' lang='lat' dir='ltr'>libro</span> <span class='ocrx_word' id='word_1_249' title='bbox 1857 1996 1869 2034; x_wconf 92' lang='lat'>:</span> 
     </span>
    </p>
   </div>
   <div class='ocr_carea' id='block_1_33' title="bbox 227 2068 1874 2140">
    <p class='ocr_par' dir='ltr' id='par_1_33' title="bbox 227 2068 1874 2140">
     <span class='ocr_line' id='line_1_33' title="bbox 227 2068 1874 2140; baseline 0.001 -19"><span class='ocrx_word' id='word_1_250' title='bbox 227 2094 249 2121; x_wconf 72' lang='grc' dir='ltr'>α</span> <span class='ocrx_word' id='word_1_251' title='bbox 278 2071 477 2126; x_wconf 83' lang='lat' dir='ltr'>Adhuc</span> <span class='ocrx_word' id='word_1_252' title='bbox 507 2070 688 2125; x_wconf 89' lang='lat' dir='ltr'>maris</span> <span class='ocrx_word' id='word_1_253' title='bbox 720 2069 975 2133; x_wconf 70' lang='lat' dir='ltr'>conchas,</span> <span class='ocrx_word' id='word_1_254' title='bbox 1036 2068 1249 2140; x_wconf 90' lang='lat' dir='ltr'>inquit,</span> <span class='ocrx_word' id='word_1_255' title='bbox 1309 2074 1367 2123; x_wconf 90' lang='lat' dir='ltr'>et</span> <span class='ocrx_word' id='word_1_256' title='bbox 1410 2069 1669 2124; x_wconf 61' lang='lat' dir='ltr'>buccinae</span> <span class='ocrx_word' id='word_1_257' title='bbox 1716 2084 1874 2140; x_wconf 90' lang='lat' dir='ltr'>pere-</span> 
     </span>
    </p>
   </div>
   <div class='ocr_carea' id='block_1_34' title="bbox 222 2157 1875 2232">
    <p class='ocr_par' dir='ltr' id='par_1_34' title="bbox 222 2157 1875 2232">
     <span class='ocr_line' id='line_1_34' title="bbox 222 2157 1875 2232; baseline -0.001 -18"><span class='ocrx_word' id='word_1_258' title='bbox 222 2159 534 2232; x_wconf 89' lang='lat' dir='ltr'>grinantur</span> <span class='ocrx_word' id='word_1_259' title='bbox 562 2158 622 2213; x_wconf 90' lang='lat' dir='ltr'>in</span> <span class='ocrx_word' id='word_1_260' title='bbox 667 2160 988 2223; x_wconf 89' lang='lat' dir='ltr'>montibus,</span> <span class='ocrx_word' id='word_1_261' title='bbox 1021 2159 1324 2229; x_wconf 88' lang='lat' dir='ltr'>cupientes</span> <span class='ocrx_word' id='word_1_262' title='bbox 1379 2157 1601 2214; x_wconf 89' lang='lat' dir='ltr'>Platoni</span> <span class='ocrx_word' id='word_1_263' title='bbox 1632 2159 1875 2229; x_wconf 90' lang='lat' dir='ltr'>probare</span> 
     </span>
    </p>
   </div>
   <div class='ocr_carea' id='block_1_35' title="bbox 220 2247 1870 2319">
    <p class='ocr_par' dir='ltr' id='par_1_35' title="bbox 220 2247 1870 2319">
     <span class='ocr_line' id='line_1_35' title="bbox 220 2247 1870 2319; baseline -0.001 -15"><span class='ocrx_word' id='word_1_264' title='bbox 220 2249 401 2305; x_wconf 88' lang='lat' dir='ltr'>etiam</span> <span class='ocrx_word' id='word_1_265' title='bbox 429 2249 613 2303; x_wconf 86' lang='lat' dir='ltr'>ardua</span> <span class='ocrx_word' id='word_1_266' title='bbox 672 2248 987 2302; x_wconf 84' lang='lat' dir='ltr'>fluitasse»</span> <span class='ocrx_word' id='word_1_267' title='bbox 1046 2247 1249 2314; x_wconf 88' lang='lat' dir='ltr'>(Idem,</span> <span class='ocrx_word' id='word_1_268' title='bbox 1308 2247 1373 2303; x_wconf 84' lang='lat' dir='ltr'>de</span> <span class='ocrx_word' id='word_1_269' title='bbox 1412 2249 1556 2303; x_wconf 84' lang='lat' dir='ltr'>Pall.</span> <span class='ocrx_word' id='word_1_270' title='bbox 1616 2264 1741 2319; x_wconf 91' lang='lat' dir='ltr'>cap.</span> <span class='ocrx_word' id='word_1_271' title='bbox 1792 2248 1870 2317; x_wconf 90' lang='lat'>2).</span> 
     </span>
    </p>
   </div>
   <div class='ocr_carea' id='block_1_36' title="bbox 234 2336 1873 2408">
    <p class='ocr_par' dir='ltr' id='par_1_36' title="bbox 234 2336 1873 2408">
     <span class='ocr_line' id='line_1_36' title="bbox 234 2336 1873 2408; baseline -0.002 -14"><span class='ocrx_word' id='word_1_272' title='bbox 234 2338 416 2395; x_wconf 87' lang='lat' dir='ltr'>Nemo</span> <span class='ocrx_word' id='word_1_273' title='bbox 446 2342 535 2393; x_wconf 89' lang='lat' dir='ltr'>est</span> <span class='ocrx_word' id='word_1_274' title='bbox 564 2337 905 2407; x_wconf 89' lang='lat' dir='ltr'>autem,qui</span> <span class='ocrx_word' id='word_1_275' title='bbox 935 2352 1049 2390; x_wconf 91' lang='lat' dir='ltr'>non</span> <span class='ocrx_word' id='word_1_276' title='bbox 1084 2336 1370 2408; x_wconf 85' lang='lat' dir='ltr'>intelligat</span> <span class='ocrx_word' id='word_1_277' title='bbox 1399 2337 1568 2392; x_wconf 90' lang='lat' dir='ltr'>illum</span> <span class='ocrx_word' id='word_1_278' title='bbox 1599 2338 1678 2391; x_wconf 92' lang='lat' dir='ltr'>ibi</span> <span class='ocrx_word' id='word_1_279' title='bbox 1712 2337 1873 2408; x_wconf 91' lang='lat' dir='ltr'>loqui</span> 
     </span>
    </p>
   </div>
   <div class='ocr_carea' id='block_1_37' title="bbox 232 2424 1875 2497">
    <p class='ocr_par' dir='ltr' id='par_1_37' title="bbox 232 2424 1875 2497">
     <span class='ocr_line' id='line_1_37' title="bbox 232 2424 1875 2497; baseline 0 -15"><span class='ocrx_word' id='word_1_280' title='bbox 232 2428 303 2482; x_wconf 92' lang='lat' dir='ltr'>de</span> <span class='ocrx_word' id='word_1_281' title='bbox 334 2426 550 2482; x_wconf 91' lang='lat' dir='ltr'>diluvio</span> <span class='ocrx_word' id='word_1_282' title='bbox 582 2425 1083 2497; x_wconf 84' lang='lat' dir='ltr'>universali,quod</span> <span class='ocrx_word' id='word_1_283' title='bbox 1114 2424 1174 2479; x_wconf 93' lang='lat' dir='ltr'>in</span> <span class='ocrx_word' id='word_1_284' title='bbox 1206 2442 1372 2481; x_wconf 90' lang='lat' dir='ltr'>sacro</span> <span class='ocrx_word' id='word_1_285' title='bbox 1404 2426 1694 2483; x_wconf 88' lang='lat' dir='ltr'>Geneseos</span> <span class='ocrx_word' id='word_1_286' title='bbox 1726 2426 1875 2482; x_wconf 92' lang='lat' dir='ltr'>libro</span> 
     </span>
    </p>
   </div>
   <div class='ocr_carea' id='block_1_38' title="bbox 230 2513 1879 2585">
    <p class='ocr_par' dir='ltr' id='par_1_38' title="bbox 230 2513 1879 2585">
     <span class='ocr_line' id='line_1_38' title="bbox 230 2513 1879 2585; baseline 0 -15"><span class='ocrx_word' id='word_1_287' title='bbox 230 2515 586 2572; x_wconf 86' lang='lat' dir='ltr'>describitur</span> <span class='ocrx_word' id='word_1_288' title='bbox 614 2513 768 2585; x_wconf 71' lang='lat' dir='ltr'>(Gen.</span> <span class='ocrx_word' id='word_1_289' title='bbox 823 2530 875 2568; x_wconf 76' lang='lat' dir='ltr'>VI</span> <span class='ocrx_word' id='word_1_290' title='bbox 906 2519 965 2570; x_wconf 93' lang='lat' dir='ltr'>et</span> <span class='ocrx_word' id='word_1_291' title='bbox 992 2514 1114 2585; x_wconf 84' lang='lat' dir='ltr'>vn).</span> <span class='ocrx_word' id='word_1_292' title='bbox 1149 2514 1447 2570; x_wconf 87' lang='lat' dir='ltr'>Platonem</span> <span class='ocrx_word' id='word_1_293' title='bbox 1480 2532 1612 2571; x_wconf 90' lang='lat' dir='ltr'>vero</span> <span class='ocrx_word' id='word_1_294' title='bbox 1645 2516 1723 2571; x_wconf 90' lang='lat' dir='ltr'>ibi</span> <span class='ocrx_word' id='word_1_295' title='bbox 1757 2532 1879 2571; x_wconf 91' lang='lat' dir='ltr'>cor-</span> 
     </span>
    </p>
   </div>
   <div class='ocr_carea' id='block_1_39' title="bbox 230 2602 1877 2676">
    <p class='ocr_par' dir='ltr' id='par_1_39' title="bbox 230 2602 1877 2676">
     <span class='ocr_line' id='line_1_39' title="bbox 230 2602 1877 2676; baseline 0 -17"><span class='ocrx_word' id='word_1_296' title='bbox 230 2604 390 2676; x_wconf 86' lang='lat' dir='ltr'>ripit,</span> <span class='ocrx_word' id='word_1_297' title='bbox 423 2603 525 2675; x_wconf 86' lang='lat' dir='ltr'>qui</span> <span class='ocrx_word' id='word_1_298' title='bbox 557 2602 877 2659; x_wconf 83' lang='lat' dir='ltr'>arbitratus</span> <span class='ocrx_word' id='word_1_299' title='bbox 918 2607 1007 2658; x_wconf 89' lang='lat' dir='ltr'>est</span> <span class='ocrx_word' id='word_1_300' title='bbox 1064 2602 1243 2673; x_wconf 87' lang='lat' dir='ltr'>hujus</span> <span class='ocrx_word' id='word_1_301' title='bbox 1306 2603 1511 2660; x_wconf 90' lang='lat' dir='ltr'>diluvii</span> <span class='ocrx_word' id='word_1_302' title='bbox 1570 2621 1756 2676; x_wconf 85' lang='lat' dir='ltr'>aquas</span> <span class='ocrx_word' id='word_1_303' title='bbox 1804 2605 1877 2659; x_wconf 90' lang='lat' dir='ltr'>ad</span> 
     </span>
    </p>
   </div>
   <div class='ocr_carea' id='block_1_40' title="bbox 227 2692 1877 2764">
    <p class='ocr_par' dir='ltr' id='par_1_40' title="bbox 227 2692 1877 2764">
     <span class='ocr_line' id='line_1_40' title="bbox 227 2692 1877 2764; baseline -0.001 -15"><span class='ocrx_word' id='word_1_304' title='bbox 227 2709 465 2749; x_wconf 90' lang='lat' dir='ltr'>summa</span> <span class='ocrx_word' id='word_1_305' title='bbox 494 2709 610 2748; x_wconf 92' lang='lat' dir='ltr'>non</span> <span class='ocrx_word' id='word_1_306' title='bbox 643 2692 977 2762; x_wconf 89' lang='lat' dir='ltr'>pervenisse</span> <span class='ocrx_word' id='word_1_307' title='bbox 1001 2693 1285 2747; x_wconf 91' lang='lat' dir='ltr'>montium</span> <span class='ocrx_word' id='word_1_308' title='bbox 1307 2694 1702 2757; x_wconf 90' lang='lat' dir='ltr'>cacumina,in</span> <span class='ocrx_word' id='word_1_309' title='bbox 1722 2710 1877 2764; x_wconf 85' lang='lat' dir='ltr'>quas,</span> 
     </span>
    </p>
   </div>
   <div class='ocr_carea' id='block_1_41' title="bbox 230 2782 1875 2854">
    <p class='ocr_par' dir='ltr' id='par_1_41' title="bbox 230 2782 1875 2854">
     <span class='ocr_line' id='line_1_41' title="bbox 230 2782 1875 2854; baseline 0 -16"><span class='ocrx_word' id='word_1_310' title='bbox 230 2782 315 2838; x_wconf 91' lang='lat' dir='ltr'>uti</span> <span class='ocrx_word' id='word_1_311' title='bbox 344 2782 442 2837; x_wconf 91' lang='lat' dir='ltr'>ille</span> <span class='ocrx_word' id='word_1_312' title='bbox 475 2782 889 2848; x_wconf 89' lang='lat' dir='ltr'>somniaverat,</span> <span class='ocrx_word' id='word_1_313' title='bbox 923 2788 1189 2852; x_wconf 88' lang='lat' dir='ltr'>pastores</span> <span class='ocrx_word' id='word_1_314' title='bbox 1220 2782 1457 2854; x_wconf 90' lang='lat' dir='ltr'>plurimi</span> <span class='ocrx_word' id='word_1_315' title='bbox 1481 2783 1875 2851; x_wconf 89' lang='lat' dir='ltr'>convolantes,</span> 
     </span>
    </p>
   </div>
   <div class='ocr_carea' id='block_1_42' title="bbox 229 2870 1875 2943">
    <p class='ocr_par' dir='ltr' id='par_1_42' title="bbox 229 2870 1875 2943">
     <span class='ocr_line' id='line_1_42' title="bbox 229 2870 1875 2943; baseline -0.001 -16"><span class='ocrx_word' id='word_1_316' title='bbox 229 2887 365 2927; x_wconf 92' lang='lat' dir='ltr'>cum</span> <span class='ocrx_word' id='word_1_317' title='bbox 397 2870 529 2925; x_wconf 87' lang='lat' dir='ltr'>aliis</span> <span class='ocrx_word' id='word_1_318' title='bbox 560 2886 673 2925; x_wconf 89' lang='lat' dir='ltr'>non</span> <span class='ocrx_word' id='word_1_319' title='bbox 711 2872 895 2925; x_wconf 91' lang='lat' dir='ltr'>fecere</span> <span class='ocrx_word' id='word_1_320' title='bbox 926 2871 1299 2943; x_wconf 83' lang='lat' dir='ltr'>naufragium</span> <span class='ocrx_word' id='word_1_321' title='bbox 1344 2872 1593 2942; x_wconf 89' lang='lat' dir='ltr'>(Platon.</span> <span class='ocrx_word' id='word_1_322' title='bbox 1629 2878 1771 2928; x_wconf 92' lang='lat' dir='ltr'>tom.</span> <span class='ocrx_word' id='word_1_323' title='bbox 1806 2874 1875 2941; x_wconf 92' lang='lat' dir='ltr'>II,</span> 
     </span>
    </p>
   </div>
   <div class='ocr_carea' id='block_1_43' title="bbox 231 2959 1875 3033">
    <p class='ocr_par' dir='ltr' id='par_1_43' title="bbox 231 2959 1875 3033">
     <span class='ocr_line' id='line_1_43' title="bbox 231 2959 1875 3033; baseline 0.002 -19"><span class='ocrx_word' id='word_1_324' title='bbox 231 2960 334 3014; x_wconf 91' lang='lat' dir='ltr'>lib.</span> <span class='ocrx_word' id='word_1_325' title='bbox 371 2976 433 3014; x_wconf 92' lang='grc' dir='ltr'>ιιι</span> <span class='ocrx_word' id='word_1_326' title='bbox 464 2960 529 3015; x_wconf 86' lang='lat' dir='ltr'>de</span> <span class='ocrx_word' id='word_1_327' title='bbox 552 2959 713 3029; x_wconf 79' lang='lat' dir='ltr'>legib.</span> <span class='ocrx_word' id='word_1_328' title='bbox 748 2974 879 3030; x_wconf 90' lang='lat' dir='ltr'>pag.</span> <span class='ocrx_word' id='word_1_329' title='bbox 914 2959 1059 3026; x_wconf 84' lang='lat'><strong>677;</strong></span> <span class='ocrx_word' id='word_1_330' title='bbox 1092 2964 1149 3014; x_wconf 89' lang='lat' dir='ltr'>et</span> <span class='ocrx_word' id='word_1_331' title='bbox 1180 2965 1320 3015; x_wconf 91' lang='lat' dir='ltr'>tom.</span> <span class='ocrx_word' id='word_1_332' title='bbox 1356 2961 1432 3016; x_wconf 89' lang='lat' dir='ltr'><strong>III</strong></span> <span class='ocrx_word' id='word_1_333' title='bbox 1466 2962 1623 3027; x_wconf 88' lang='lat' dir='ltr'>Tim.,</span> <span class='ocrx_word' id='word_1_334' title='bbox 1661 2978 1716 3033; x_wconf 93' lang='lat' dir='ltr'>p.</span> <span class='ocrx_word' id='word_1_335' title='bbox 1760 2963 1875 3032; x_wconf 85' lang='grc'>22).</span> 
     </span>
    </p>
   </div>
   <div class='ocr_carea' id='block_1_44' title="bbox 232 3048 1878 3119">
    <p class='ocr_par' dir='ltr' id='par_1_44' title="bbox 232 3048 1878 3119">
     <span class='ocr_line' id='line_1_44' title="bbox 232 3048 1878 3119; baseline 0.001 -15"><span class='ocrx_word' id='word_1_336' title='bbox 232 3048 462 3104; x_wconf 82' lang='lat' dir='ltr'>Falsam</span> <span class='ocrx_word' id='word_1_337' title='bbox 492 3063 627 3103; x_wconf 92' lang='lat' dir='ltr'>vero</span> <span class='ocrx_word' id='word_1_338' title='bbox 658 3048 809 3103; x_wconf 87' lang='lat' dir='ltr'>hanc</span> <span class='ocrx_word' id='word_1_339' title='bbox 859 3048 1192 3119; x_wconf 89' lang='lat' dir='ltr'>opinionem</span> <span class='ocrx_word' id='word_1_340' title='bbox 1225 3049 1360 3105; x_wconf 90' lang='lat' dir='ltr'>inde</span> <span class='ocrx_word' id='word_1_341' title='bbox 1415 3053 1630 3106; x_wconf 85' lang='lat' dir='ltr'>Auctor</span> <span class='ocrx_word' id='word_1_342' title='bbox 1685 3056 1878 3107; x_wconf 88' lang='lat' dir='ltr'>noster</span> 
     </span>
    </p>
   </div>
   <div class='ocr_carea' id='block_1_45' title="bbox 230 3135 1878 3206">
    <p class='ocr_par' dir='ltr' id='par_1_45' title="bbox 230 3135 1878 3206">
     <span class='ocr_line' id='line_1_45' title="bbox 230 3135 1878 3206; baseline 0.001 -14"><span class='ocrx_word' id='word_1_343' title='bbox 230 3136 462 3201; x_wconf 80' lang='lat' dir='ltr'>refellit,</span> <span class='ocrx_word' id='word_1_344' title='bbox 496 3136 650 3206; x_wconf 90' lang='lat' dir='ltr'>quod</span> <span class='ocrx_word' id='word_1_345' title='bbox 683 3135 743 3190; x_wconf 86' lang='lat' dir='ltr'>in</span> <span class='ocrx_word' id='word_1_346' title='bbox 775 3136 1075 3192; x_wconf 90' lang='lat' dir='ltr'>montibus</span> <span class='ocrx_word' id='word_1_347' title='bbox 1106 3136 1351 3192; x_wconf 70' lang='lat' dir='ltr'>inventa:</span> <span class='ocrx_word' id='word_1_348' title='bbox 1387 3139 1601 3193; x_wconf 85' lang='lat' dir='ltr'>fuerint</span> <span class='ocrx_word' id='word_1_349' title='bbox 1656 3139 1878 3195; x_wconf 70' lang='lat' dir='ltr'>conchae</span> 
     </span>
    </p>
   </div>
   <div class='ocr_carea' id='block_1_46' title="bbox 1905 1850 1952 1915">
    <p class='ocr_par' dir='ltr' id='par_1_46' title="bbox 1905 1850 1952 1915">
     <span class='ocr_line' id='line_1_46' title="bbox 1905 1850 1952 1915; baseline 0 0"><span class='ocrx_word' id='word_1_350' title='bbox 1905 1850 1952 1915; x_wconf 92' lang='lat' dir='ltr'><strong>B</strong></span> 
     </span>
    </p>
   </div>
   <div class='ocr_carea' id='block_1_47' title="bbox 1990 1534 3634 1610">
    <p class='ocr_par' dir='ltr' id='par_1_47' title="bbox 1990 1534 3634 1610">
     <span class='ocr_line' id='line_1_47' title="bbox 1990 1534 3634 1610; baseline -0.005 -17"><span class='ocrx_word' id='word_1_351' title='bbox 1990 1537 2216 1610; x_wconf 88' lang='lat' dir='ltr'>ellipsis</span> <span class='ocrx_word' id='word_1_352' title='bbox 2246 1542 2354 1607; x_wconf 87' lang='lat' dir='ltr'>est,</span> <span class='ocrx_word' id='word_1_353' title='bbox 2381 1542 2437 1593; x_wconf 88' lang='lat' dir='ltr'>et</span> <span class='ocrx_word' id='word_1_354' title='bbox 2467 1537 2547 1592; x_wconf 90' lang='lat' dir='ltr'>ibi</span> <span class='ocrx_word' id='word_1_355' title='bbox 2603 1534 3076 1592; x_wconf 78' lang='lat' dir='ltr'>subaudiendum</span> <span class='ocrx_word' id='word_1_356' title='bbox 3134 1537 3503 1588; x_wconf 77' lang='lat' dir='ltr'>maturescere</span> <span class='ocrx_word' id='word_1_357' title='bbox 3544 1545 3634 1585; x_wconf 85' lang='lat' dir='ltr'>co-</span> 
     </span>
    </p>
   </div>
   <div class='ocr_carea' id='block_1_48' title="bbox 3064 1617 3631 1694">
    <p class='ocr_par' dir='ltr' id='par_1_48' title="bbox 3064 1617 3631 1694">
     <span class='ocr_line' id='line_1_48' title="bbox 3064 1617 3631 1694; baseline -0.012 -16"><span class='ocrx_word' id='word_1_358' title='bbox 3064 1621 3362 1694; x_wconf 91' lang='lat' dir='ltr'>Impietas,</span> <span class='ocrx_word' id='word_1_359' title='bbox 3419 1617 3631 1690; x_wconf 89' lang='lat' dir='ltr'>inquit,</span> 
     </span>
    </p>
   </div>
   <div class='ocr_carea' id='block_1_49' title="bbox 1987 1706 3634 1788">
    <p class='ocr_par' dir='ltr' id='par_1_49' title="bbox 1987 1706 3634 1788">
     <span class='ocr_line' id='line_1_49' title="bbox 1987 1706 3634 1788; baseline -0.004 -18"><span class='ocrx_word' id='word_1_360' title='bbox 1987 1716 2213 1788; x_wconf 91' lang='lat' dir='ltr'>ignium</span> <span class='ocrx_word' id='word_1_361' title='bbox 2246 1716 2461 1772; x_wconf 87' lang='lat' dir='ltr'>meruit</span> <span class='ocrx_word' id='word_1_362' title='bbox 2488 1716 2728 1771; x_wconf 86' lang='lat' dir='ltr'>imbres.</span> <span class='ocrx_word' id='word_1_363' title='bbox 2761 1714 3052 1769; x_wconf 88' lang='lat' dir='ltr'>Hactenus</span> <span class='ocrx_word' id='word_1_364' title='bbox 3081 1712 3352 1777; x_wconf 88' lang='lat' dir='ltr'>Sodoma,</span> <span class='ocrx_word' id='word_1_365' title='bbox 3384 1712 3441 1764; x_wconf 91' lang='lat' dir='ltr'>et</span> <span class='ocrx_word' id='word_1_366' title='bbox 3471 1706 3634 1763; x_wconf 90' lang='lat' dir='ltr'>nulla</span> 
     </span>
    </p>
   </div>
   <div class='ocr_carea' id='block_1_50' title="bbox 1988 1795 3626 1876">
    <p class='ocr_par' dir='ltr' id='par_1_50' title="bbox 1988 1795 3626 1876">
     <span class='ocr_line' id='line_1_50' title="bbox 1988 1795 3626 1876; baseline -0.007 -15"><span class='ocrx_word' id='word_1_367' title='bbox 1988 1805 2331 1876; x_wconf 86' lang='lat' dir='ltr'>Gomorrha,</span> <span class='ocrx_word' id='word_1_368' title='bbox 2366 1809 2423 1860; x_wconf 91' lang='lat' dir='ltr'>et</span> <span class='ocrx_word' id='word_1_369' title='bbox 2444 1804 2593 1860; x_wconf 89' lang='lat' dir='ltr'>cinis</span> <span class='ocrx_word' id='word_1_370' title='bbox 2626 1802 2845 1873; x_wconf 89' lang='lat' dir='ltr'>omnia,</span> <span class='ocrx_word' id='word_1_371' title='bbox 2868 1804 2923 1855; x_wconf 87' lang='lat' dir='ltr'>et</span> <span class='ocrx_word' id='word_1_372' title='bbox 2981 1797 3389 1872; x_wconf 88' lang='lat' dir='ltr'>propinquitas</span> <span class='ocrx_word' id='word_1_373' title='bbox 3423 1795 3626 1861; x_wconf 86' lang='lat' dir='ltr'>maris,</span> 
     </span>
    </p>
   </div>
   <div class='ocr_carea' id='block_1_51' title="bbox 1975 1885 3626 1965">
    <p class='ocr_par' dir='ltr' id='par_1_51' title="bbox 1975 1885 3626 1965">
     <span class='ocr_line' id='line_1_51' title="bbox 1975 1885 3626 1965; baseline -0.005 -18"><span class='ocrx_word' id='word_1_374' title='bbox 1975 1894 2145 1965; x_wconf 84' lang='lat' dir='ltr'>juxta</span> <span class='ocrx_word' id='word_1_375' title='bbox 2175 1911 2307 1949; x_wconf 90' lang='lat' dir='ltr'>cum</span> <span class='ocrx_word' id='word_1_376' title='bbox 2358 1893 2481 1949; x_wconf 90' lang='lat' dir='ltr'>solo</span> <span class='ocrx_word' id='word_1_377' title='bbox 2532 1896 2777 1948; x_wconf 89' lang='lat' dir='ltr'>mortem</span> <span class='ocrx_word' id='word_1_378' title='bbox 2836 1890 2974 1945; x_wconf 89' lang='lat' dir='ltr'>vivit</span> <span class='ocrx_word' id='word_1_379' title='bbox 3025 1910 3053 1939; x_wconf 89' lang='grc'>››</span> <span class='ocrx_word' id='word_1_380' title='bbox 3119 1888 3323 1959; x_wconf 89' lang='lat' dir='ltr'>(Idem,</span> <span class='ocrx_word' id='word_1_381' title='bbox 3370 1885 3437 1941; x_wconf 79' lang='lat' dir='ltr'>de</span> <span class='ocrx_word' id='word_1_382' title='bbox 3481 1885 3626 1940; x_wconf 85' lang='lat' dir='ltr'>Pall.</span> 
     </span>
    </p>
   </div>
   <div class='ocr_carea' id='block_1_52' title="bbox 1984 1974 3629 2054">
    <p class='ocr_par' dir='ltr' id='par_1_52' title="bbox 1984 1974 3629 2054">
     <span class='ocr_line' id='line_1_52' title="bbox 1984 1974 3629 2054; baseline -0.005 -17"><span class='ocrx_word' id='word_1_383' title='bbox 1984 1999 2110 2054; x_wconf 87' lang='lat' dir='ltr'>cap.</span> <span class='ocrx_word' id='word_1_384' title='bbox 2144 1984 2220 2054; x_wconf 87' lang='lat'>2).</span> <span class='ocrx_word' id='word_1_385' title='bbox 2249 1983 2460 2039; x_wconf 86' lang='lat' dir='ltr'>Verum</span> <span class='ocrx_word' id='word_1_386' title='bbox 2492 1982 2789 2037; x_wconf 89' lang='lat' dir='ltr'>enimvero</span> <span class='ocrx_word' id='word_1_387' title='bbox 2813 1976 3313 2049; x_wconf 84' lang='lat' dir='ltr'>narratJosephus</span> <span class='ocrx_word' id='word_1_388' title='bbox 3333 1974 3416 2031; x_wconf 90' lang='lat' dir='ltr'>ibi</span> <span class='ocrx_word' id='word_1_389' title='bbox 3437 1975 3629 2031; x_wconf 91' lang='lat' dir='ltr'>adhuc</span> 
     </span>
    </p>
   </div>
   <div class='ocr_carea' id='block_1_53' title="bbox 1982 2064 3695 2144">
    <p class='ocr_par' dir='ltr' id='par_1_53' title="bbox 1982 2064 3695 2144">
     <span class='ocr_line' id='line_1_53' title="bbox 1982 2064 3695 2144; baseline -0.005 -18"><span class='ocrx_word' id='word_1_390' title='bbox 1982 2072 2164 2127; x_wconf 88' lang='lat' dir='ltr'>videri</span> <span class='ocrx_word' id='word_1_391' title='bbox 2198 2071 2473 2144; x_wconf 89' lang='lat' dir='ltr'>reliquias</span> <span class='ocrx_word' id='word_1_392' title='bbox 2506 2070 2659 2142; x_wconf 87' lang='lat' dir='ltr'>ignis</span> <span class='ocrx_word' id='word_1_393' title='bbox 2692 2068 2957 2135; x_wconf 86' lang='lat' dir='ltr'>divini,et</span> <span class='ocrx_word' id='word_1_394' title='bbox 2987 2066 3247 2138; x_wconf 90' lang='lat' dir='ltr'>quinque</span> <span class='ocrx_word' id='word_1_395' title='bbox 3277 2064 3627 2137; x_wconf 90' lang='lat' dir='ltr'>oppidorum</span> <span class='ocrx_word' id='word_1_396' title='bbox 3672 2072 3695 2090; x_wconf 85' lang='lat'><strong>’</strong></span> 
     </span>
    </p>
   </div>
   <div class='ocr_carea' id='block_1_54' title="bbox 1983 2152 3635 2232">
    <p class='ocr_par' dir='ltr' id='par_1_54' title="bbox 1983 2152 3635 2232">
     <span class='ocr_line' id='line_1_54' title="bbox 1983 2152 3635 2232; baseline -0.005 -18"><span class='ocrx_word' id='word_1_397' title='bbox 1983 2160 2273 2232; x_wconf 88' lang='lat' dir='ltr'>imagines</span> <span class='ocrx_word' id='word_1_398' title='bbox 2304 2161 2644 2232; x_wconf 88' lang='lat' dir='ltr'>cineresque</span> <span class='ocrx_word' id='word_1_399' title='bbox 2675 2160 3047 2213; x_wconf 86' lang='lat' dir='ltr'>rcnascentes</span> <span class='ocrx_word' id='word_1_400' title='bbox 3080 2171 3146 2210; x_wconf 85' lang='lat' dir='ltr'>ex</span> <span class='ocrx_word' id='word_1_401' title='bbox 3189 2153 3496 2223; x_wconf 90' lang='lat' dir='ltr'>fructibus,</span> <span class='ocrx_word' id='word_1_402' title='bbox 3529 2152 3635 2223; x_wconf 89' lang='lat' dir='ltr'>qui</span> 
     </span>
    </p>
   </div>
   <div class='ocr_carea' id='block_1_55' title="bbox 1984 2242 3631 2317">
    <p class='ocr_par' dir='ltr' id='par_1_55' title="bbox 1984 2242 3631 2317">
     <span class='ocr_line' id='line_1_55' title="bbox 1984 2242 3631 2317; baseline -0.003 -15"><span class='ocrx_word' id='word_1_403' title='bbox 1984 2248 2218 2303; x_wconf 88' lang='lat' dir='ltr'>tametsi</span> <span class='ocrx_word' id='word_1_404' title='bbox 2240 2248 2516 2304; x_wconf 90' lang='lat' dir='ltr'>edulibus</span> <span class='ocrx_word' id='word_1_405' title='bbox 2548 2247 2792 2317; x_wconf 89' lang='lat' dir='ltr'>similes,</span> <span class='ocrx_word' id='word_1_406' title='bbox 2820 2246 3095 2301; x_wconf 91' lang='lat' dir='ltr'>manibus</span> <span class='ocrx_word' id='word_1_407' title='bbox 3150 2248 3349 2299; x_wconf 90' lang='lat' dir='ltr'>tamen</span> <span class='ocrx_word' id='word_1_408' title='bbox 3408 2242 3631 2309; x_wconf 89' lang='lat' dir='ltr'>attacti,</span> 
     </span>
    </p>
   </div>
   <div class='ocr_carea' id='block_1_56' title="bbox 1986 2330 3637 2404">
    <p class='ocr_par' dir='ltr' id='par_1_56' title="bbox 1986 2330 3637 2404">
     <span class='ocr_line' id='line_1_56' title="bbox 1986 2330 3637 2404; baseline -0.004 -13"><span class='ocrx_word' id='word_1_409' title='bbox 1986 2336 2044 2392; x_wconf 91' lang='lat' dir='ltr'>in</span> <span class='ocrx_word' id='word_1_410' title='bbox 2078 2337 2303 2391; x_wconf 91' lang='lat' dir='ltr'>fumum</span> <span class='ocrx_word' id='word_1_411' title='bbox 2329 2340 2385 2392; x_wconf 89' lang='lat' dir='ltr'>et</span> <span class='ocrx_word' id='word_1_412' title='bbox 2417 2336 2668 2392; x_wconf 87' lang='lat' dir='ltr'>cinerem</span> <span class='ocrx_word' id='word_1_413' title='bbox 2702 2334 3109 2390; x_wconf 87' lang='lat' dir='ltr'>dissolvuntur</span> <span class='ocrx_word' id='word_1_414' title='bbox 3137 2330 3400 2404; x_wconf 88' lang='lat' dir='ltr'>(Joseph.</span> <span class='ocrx_word' id='word_1_415' title='bbox 3460 2330 3563 2385; x_wconf 91' lang='lat' dir='ltr'>lib.</span> <span class='ocrx_word' id='word_1_416' title='bbox 3600 2346 3637 2384; x_wconf 89' lang='lat' dir='ltr'>v</span> 
     </span>
    </p>
   </div>
   <div class='ocr_carea' id='block_1_57' title="bbox 1986 2419 3634 2497">
    <p class='ocr_par' dir='ltr' id='par_1_57' title="bbox 1986 2419 3634 2497">
     <span class='ocr_line' id='line_1_57' title="bbox 1986 2419 3634 2497; baseline -0.005 -15"><span class='ocrx_word' id='word_1_417' title='bbox 1986 2426 2049 2482; x_wconf 85' lang='lat' dir='ltr'>de</span> <span class='ocrx_word' id='word_1_418' title='bbox 2078 2428 2225 2483; x_wconf 80' lang='lat' dir='ltr'>Bello</span> <span class='ocrx_word' id='word_1_419' title='bbox 2255 2426 2503 2497; x_wconf 84' lang='lat' dir='ltr'>Judaz&#39;co,</span> <span class='ocrx_word' id='word_1_420' title='bbox 2563 2443 2689 2497; x_wconf 90' lang='lat' dir='ltr'>cap.</span> <span class='ocrx_word' id='word_1_421' title='bbox 2748 2425 2801 2493; x_wconf 89' lang='lat'>5,</span> <span class='ocrx_word' id='word_1_422' title='bbox 2862 2438 2994 2495; x_wconf 87' lang='lat' dir='ltr'>pag.</span> <span class='ocrx_word' id='word_1_423' title='bbox 3053 2423 3198 2493; x_wconf 80' lang='grc'>892).</span> <span class='ocrx_word' id='word_1_424' title='bbox 3255 2420 3405 2484; x_wconf 90' lang='lat' dir='ltr'>Quin</span> <span class='ocrx_word' id='word_1_425' title='bbox 3458 2419 3634 2475; x_wconf 90' lang='lat' dir='ltr'>etiam</span> 
     </span>
    </p>
   </div>
   <div class='ocr_carea' id='block_1_58' title="bbox 1986 2510 3637 2589">
    <p class='ocr_par' dir='ltr' id='par_1_58' title="bbox 1986 2510 3637 2589">
     <span class='ocr_line' id='line_1_58' title="bbox 1986 2510 3637 2589; baseline -0.005 -17"><span class='ocrx_word' id='word_1_426' title='bbox 1986 2516 2346 2589; x_wconf 86' lang='lat' dir='ltr'>Augustinus</span> <span class='ocrx_word' id='word_1_427' title='bbox 2377 2515 2586 2572; x_wconf 89' lang='lat' dir='ltr'>asserit</span> <span class='ocrx_word' id='word_1_428' title='bbox 2618 2514 2761 2569; x_wconf 88' lang='lat' dir='ltr'>illud</span> <span class='ocrx_word' id='word_1_429' title='bbox 2789 2511 3096 2584; x_wconf 87' lang='lat' dir='ltr'>gentilium</span> <span class='ocrx_word' id='word_1_430' title='bbox 3148 2510 3495 2583; x_wconf 88' lang='lat' dir='ltr'>scriptorum</span> <span class='ocrx_word' id='word_1_431' title='bbox 3529 2524 3637 2563; x_wconf 89' lang='lat' dir='ltr'>au-</span> 
     </span>
    </p>
   </div>
   <div class='ocr_carea' id='block_1_59' title="bbox 1988 2597 3634 2675">
    <p class='ocr_par' dir='ltr' id='par_1_59' title="bbox 1988 2597 3634 2675">
     <span class='ocr_line' id='line_1_59' title="bbox 1988 2597 3634 2675; baseline -0.006 -15"><span class='ocrx_word' id='word_1_432' title='bbox 1988 2605 2251 2661; x_wconf 89' lang='lat' dir='ltr'>ctoritate</span> <span class='ocrx_word' id='word_1_433' title='bbox 2282 2604 2642 2661; x_wconf 77' lang='lat' dir='ltr'>corroborari</span> <span class='ocrx_word' id='word_1_434' title='bbox 2703 2604 2972 2675; x_wconf 86' lang='lat' dir='ltr'>(August.</span> <span class='ocrx_word' id='word_1_435' title='bbox 3032 2600 3135 2655; x_wconf 91' lang='lat' dir='ltr'>lib.</span> <span class='ocrx_word' id='word_1_436' title='bbox 3190 2616 3306 2670; x_wconf 72' lang='lat' dir='ltr'><strong>xxx,</strong></span> <span class='ocrx_word' id='word_1_437' title='bbox 3364 2598 3434 2655; x_wconf 83' lang='lat' dir='ltr'>de</span> <span class='ocrx_word' id='word_1_438' title='bbox 3471 2597 3634 2653; x_wconf 76' lang='lat' dir='ltr'>Cz’rit.</span> 
     </span>
    </p>
   </div>
   <div class='ocr_carea' id='block_1_60' title="bbox 1987 2686 3632 2768">
    <p class='ocr_par' dir='ltr' id='par_1_60' title="bbox 1987 2686 3632 2768">
     <span class='ocr_line' id='line_1_60' title="bbox 1987 2686 3632 2768; baseline -0.005 -18"><span class='ocrx_word' id='word_1_439' title='bbox 1987 2711 2113 2768; x_wconf 88' lang='lat' dir='ltr'>cap.</span> <span class='ocrx_word' id='word_1_440' title='bbox 2143 2696 2197 2765; x_wconf 92' lang='lat'>3,</span> <span class='ocrx_word' id='word_1_441' title='bbox 2221 2711 2354 2768; x_wconf 89' lang='lat' dir='ltr'>pag.</span> <span class='ocrx_word' id='word_1_442' title='bbox 2386 2694 2535 2766; x_wconf 82' lang='lat'>629).</span> <span class='ocrx_word' id='word_1_443' title='bbox 2565 2692 2624 2749; x_wconf 90' lang='lat' dir='ltr'>Si</span> <span class='ocrx_word' id='word_1_444' title='bbox 2654 2692 2788 2764; x_wconf 88' lang='lat' dir='ltr'>quis</span> <span class='ocrx_word' id='word_1_445' title='bbox 2820 2708 2954 2746; x_wconf 90' lang='lat' dir='ltr'>vero</span> <span class='ocrx_word' id='word_1_446' title='bbox 2988 2689 3241 2762; x_wconf 89' lang='lat' dir='ltr'>aliquem</span> <span class='ocrx_word' id='word_1_447' title='bbox 3296 2687 3408 2744; x_wconf 86' lang='lat' dir='ltr'>sibi</span> <span class='ocrx_word' id='word_1_448' title='bbox 3465 2686 3632 2743; x_wconf 89' lang='lat' dir='ltr'>citari</span> 
     </span>
    </p>
   </div>
   <div class='ocr_carea' id='block_1_61' title="bbox 1986 2777 3632 2855">
    <p class='ocr_par' dir='ltr' id='par_1_61' title="bbox 1986 2777 3632 2855">
     <span class='ocr_line' id='line_1_61' title="bbox 1986 2777 3632 2855; baseline -0.005 -16"><span class='ocrx_word' id='word_1_449' title='bbox 1986 2783 2144 2855; x_wconf 88' lang='lat' dir='ltr'>velit,</span> <span class='ocrx_word' id='word_1_450' title='bbox 2178 2784 2291 2840; x_wconf 91' lang='lat' dir='ltr'>cito</span> <span class='ocrx_word' id='word_1_451' title='bbox 2322 2784 2561 2855; x_wconf 88' lang='lat' dir='ltr'>quidem</span> <span class='ocrx_word' id='word_1_452' title='bbox 2617 2781 2891 2837; x_wconf 90' lang='lat' dir='ltr'>dabimus</span> <span class='ocrx_word' id='word_1_453' title='bbox 2948 2778 3281 2835; x_wconf 89' lang='lat' dir='ltr'>Cornelium</span> <span class='ocrx_word' id='word_1_454' title='bbox 3342 2777 3632 2848; x_wconf 88' lang='lat' dir='ltr'>Tacitum,</span> 
     </span>
    </p>
   </div>
   <div class='ocr_carea' id='block_1_62' title="bbox 1987 2867 3637 2945">
    <p class='ocr_par' dir='ltr' id='par_1_62' title="bbox 1987 2867 3637 2945">
     <span class='ocr_line' id='line_1_62' title="bbox 1987 2867 3637 2945; baseline -0.005 -16"><span class='ocrx_word' id='word_1_455' title='bbox 1987 2874 2158 2945; x_wconf 88' lang='lat' dir='ltr'>cujus</span> <span class='ocrx_word' id='word_1_456' title='bbox 2188 2873 2309 2928; x_wconf 84' lang='lat' dir='ltr'>haec</span> <span class='ocrx_word' id='word_1_457' title='bbox 2358 2876 2497 2929; x_wconf 90' lang='lat' dir='ltr'>sunt</span> <span class='ocrx_word' id='word_1_458' title='bbox 2534 2872 2759 2928; x_wconf 90' lang='lat' dir='ltr'>verba:</span> <span class='ocrx_word' id='word_1_459' title='bbox 2814 2892 2842 2921; x_wconf 89' lang='grc'>‹‹</span> <span class='ocrx_word' id='word_1_460' title='bbox 2900 2869 3062 2925; x_wconf 90' lang='lat' dir='ltr'>Haud</span> <span class='ocrx_word' id='word_1_461' title='bbox 3124 2867 3323 2940; x_wconf 90' lang='lat' dir='ltr'>procul</span> <span class='ocrx_word' id='word_1_462' title='bbox 3383 2867 3542 2934; x_wconf 89' lang='lat' dir='ltr'>inde,</span> <span class='ocrx_word' id='word_1_463' title='bbox 3603 2882 3637 2921; x_wconf 93' lang='lat' dir='ltr'>a</span> 
     </span>
    </p>
   </div>
   <div class='ocr_carea' id='block_1_63' title="bbox 1984 2955 3636 3031">
    <p class='ocr_par' dir='ltr' id='par_1_63' title="bbox 1984 2955 3636 3031">
     <span class='ocr_line' id='line_1_63' title="bbox 1984 2955 3636 3031; baseline -0.004 -15"><span class='ocrx_word' id='word_1_464' title='bbox 1984 2966 2209 3018; x_wconf 85' lang='lat' dir='ltr'>Mortuo</span> <span class='ocrx_word' id='word_1_465' title='bbox 2230 2962 2452 3018; x_wconf 89' lang='lat' dir='ltr'>scilicet</span> <span class='ocrx_word' id='word_1_466' title='bbox 2472 2961 2642 3031; x_wconf 89' lang='lat' dir='ltr'>mari,</span> <span class='ocrx_word' id='word_1_467' title='bbox 2677 2959 2868 3030; x_wconf 89' lang='lat' dir='ltr'>campi</span> <span class='ocrx_word' id='word_1_468' title='bbox 2921 2974 3068 3029; x_wconf 90' lang='lat' dir='ltr'>quos</span> <span class='ocrx_word' id='word_1_469' title='bbox 3101 2958 3295 3013; x_wconf 89' lang='lat' dir='ltr'>ferunt</span> <span class='ocrx_word' id='word_1_470' title='bbox 3315 2956 3453 3012; x_wconf 91' lang='lat' dir='ltr'>olim</span> <span class='ocrx_word' id='word_1_471' title='bbox 3490 2955 3636 3011; x_wconf 88' lang='lat' dir='ltr'>ube-</span> 
     </span>
    </p>
   </div>
   <div class='ocr_carea' id='block_1_64' title="bbox 1985 3045 3635 3124">
    <p class='ocr_par' dir='ltr' id='par_1_64' title="bbox 1985 3045 3635 3124">
     <span class='ocr_line' id='line_1_64' title="bbox 1985 3045 3635 3124; baseline -0.005 -18"><span class='ocrx_word' id='word_1_472' title='bbox 1985 3068 2099 3122; x_wconf 86' lang='lat' dir='ltr'>res,</span> <span class='ocrx_word' id='word_1_473' title='bbox 2119 3052 2466 3124; x_wconf 88' lang='lat' dir='ltr'>magnisque</span> <span class='ocrx_word' id='word_1_474' title='bbox 2498 3050 2745 3105; x_wconf 88' lang='lat' dir='ltr'>urbibus</span> <span class='ocrx_word' id='word_1_475' title='bbox 2777 3047 3095 3114; x_wconf 89' lang='lat' dir='ltr'>habitatos,</span> <span class='ocrx_word' id='word_1_476' title='bbox 3129 3045 3445 3101; x_wconf 85' lang='lat' dir='ltr'>fulminum</span> <span class='ocrx_word' id='word_1_477' title='bbox 3472 3045 3635 3116; x_wconf 89' lang='lat' dir='ltr'>jactu</span> 
     </span>
    </p>
   </div>
   <div class='ocr_carea' id='block_1_65' title="bbox 1989 3133 3635 3210">
    <p class='ocr_par' dir='ltr' id='par_1_65' title="bbox 1989 3133 3635 3210">
     <span class='ocr_line' id='line_1_65' title="bbox 1989 3133 3635 3210; baseline -0.005 -15"><span class='ocrx_word' id='word_1_478' title='bbox 1989 3142 2228 3209; x_wconf 75' lang='lat' dir='ltr'>arsisse,</span> <span class='ocrx_word' id='word_1_479' title='bbox 2258 3147 2313 3197; x_wconf 89' lang='lat' dir='ltr'>et</span> <span class='ocrx_word' id='word_1_480' title='bbox 2335 3157 2571 3196; x_wconf 88' lang='lat' dir='ltr'>manere</span> <span class='ocrx_word' id='word_1_481' title='bbox 2601 3138 2870 3210; x_wconf 87' lang='lat' dir='ltr'>vestigia,</span> <span class='ocrx_word' id='word_1_482' title='bbox 2906 3142 3242 3207; x_wconf 89' lang='lat' dir='ltr'>terramque</span> <span class='ocrx_word' id='word_1_483' title='bbox 3294 3133 3486 3206; x_wconf 88' lang='lat' dir='ltr'>specie</span> <span class='ocrx_word' id='word_1_484' title='bbox 3516 3137 3635 3188; x_wconf 87' lang='lat' dir='ltr'>tor-</span> 
     </span>
    </p>
   </div>
   <div class='ocr_carea' id='block_1_66' title="bbox 230 3223 3641 3300">
    <p class='ocr_par' dir='ltr' id='par_1_66' title="bbox 230 3223 3641 3300">
     <span class='ocr_line' id='line_1_66' title="bbox 230 3223 3641 3300; baseline -0.001 -19"><span class='ocrx_word' id='word_1_485' title='bbox 230 3231 281 3281; x_wconf 85' lang='lat' dir='ltr'>et</span> <span class='ocrx_word' id='word_1_486' title='bbox 313 3227 584 3291; x_wconf 65' lang='lat' dir='ltr'>buccinae,</span> <span class='ocrx_word' id='word_1_487' title='bbox 614 3225 736 3281; x_wconf 89' lang='lat' dir='ltr'>sive</span> <span class='ocrx_word' id='word_1_488' title='bbox 764 3225 1030 3288; x_wconf 89' lang='lat' dir='ltr'>buccina,</span> <span class='ocrx_word' id='word_1_489' title='bbox 1065 3230 1129 3280; x_wconf 91' lang='lat' dir='ltr'>ut</span> <span class='ocrx_word' id='word_1_490' title='bbox 1160 3227 1240 3281; x_wconf 88' lang='lat' dir='ltr'>ait</span> <span class='ocrx_word' id='word_1_491' title='bbox 1272 3226 1621 3300; x_wconf 90' lang='lat' dir='ltr'>Plinius,qui</span> <span class='ocrx_word' id='word_1_492' title='bbox 1654 3228 1876 3283; x_wconf 89' lang='lat' dir='ltr'>ibidem</span> <span class='ocrx_word' id='word_1_493' title='bbox 1911 3223 1954 3290; x_wconf 91' lang='lat' dir='ltr'><strong>C</strong></span> <span class='ocrx_word' id='word_1_494' title='bbox 1994 3230 2181 3285; x_wconf 88' lang='lat' dir='ltr'>ridam</span> <span class='ocrx_word' id='word_1_495' title='bbox 2239 3230 2354 3285; x_wconf 89' lang='lat' dir='ltr'>vim</span> <span class='ocrx_word' id='word_1_496' title='bbox 2418 3229 2754 3300; x_wconf 82' lang='lat' dir='ltr'>frugiferam</span> <span class='ocrx_word' id='word_1_497' title='bbox 2828 3226 3175 3299; x_wconf 89' lang='lat' dir='ltr'>perdidisse,</span> <span class='ocrx_word' id='word_1_498' title='bbox 3234 3241 3370 3280; x_wconf 90' lang='lat' dir='ltr'>nam</span> <span class='ocrx_word' id='word_1_499' title='bbox 3428 3226 3641 3279; x_wconf 90' lang='lat' dir='ltr'>cuncta</span> 
     </span>
    </p>
   </div>
   <div class='ocr_carea' id='block_1_67' title="bbox 232 3314 1876 3388">
    <p class='ocr_par' dir='ltr' id='par_1_67' title="bbox 232 3314 1876 3388">
     <span class='ocr_line' id='line_1_67' title="bbox 232 3314 1876 3388; baseline 0.001 -19"><span class='ocrx_word' id='word_1_500' title='bbox 232 3316 506 3370; x_wconf 86' lang='lat' dir='ltr'>observat</span> <span class='ocrx_word' id='word_1_501' title='bbox 536 3314 643 3369; x_wconf 93' lang='lat' dir='ltr'>hoc</span> <span class='ocrx_word' id='word_1_502' title='bbox 675 3315 875 3369; x_wconf 91' lang='lat' dir='ltr'>minus</span> <span class='ocrx_word' id='word_1_503' title='bbox 905 3330 1033 3369; x_wconf 89' lang='lat' dir='ltr'>esse</span> <span class='ocrx_word' id='word_1_504' title='bbox 1060 3316 1417 3370; x_wconf 91' lang='lat' dir='ltr'>concharum</span> <span class='ocrx_word' id='word_1_505' title='bbox 1440 3316 1710 3388; x_wconf 87' lang='lat' dir='ltr'>genus,in</span> <span class='ocrx_word' id='word_1_506' title='bbox 1737 3317 1876 3371; x_wconf 92' lang='lat' dir='ltr'>buc-</span> 
     </span>
    </p>
   </div>
   <div class='ocr_carea' id='block_1_68' title="bbox 232 3403 1874 3472">
    <p class='ocr_par' dir='ltr' id='par_1_68' title="bbox 232 3403 1874 3472">
     <span class='ocr_line' id='line_1_68' title="bbox 232 3403 1874 3472; baseline 0.001 -13"><span class='ocrx_word' id='word_1_507' title='bbox 232 3404 349 3459; x_wconf 89' lang='lat' dir='ltr'>oini</span> <span class='ocrx_word' id='word_1_508' title='bbox 380 3419 481 3459; x_wconf 89' lang='lat' dir='ltr'>seu</span> <span class='ocrx_word' id='word_1_509' title='bbox 515 3404 666 3459; x_wconf 62' lang='lat' dir='ltr'>tubas</span> <span class='ocrx_word' id='word_1_510' title='bbox 698 3403 1148 3459; x_wconf 90' lang='lat' dir='ltr'>similitudinem</span> <span class='ocrx_word' id='word_1_511' title='bbox 1186 3405 1354 3472; x_wconf 90' lang='lat' dir='ltr'>(Plin.</span> <span class='ocrx_word' id='word_1_512' title='bbox 1410 3405 1510 3461; x_wconf 92' lang='lat' dir='ltr'>lib.</span> <span class='ocrx_word' id='word_1_513' title='bbox 1572 3424 1627 3460; x_wconf 79' lang='lat' dir='ltr'>IX</span> <span class='ocrx_word' id='word_1_514' title='bbox 1680 3407 1874 3461; x_wconf 80' lang='lat' dir='ltr'>Natur.</span> 
     </span>
    </p>
   </div>
   <div class='ocr_carea' id='block_1_69' title="bbox 231 3492 1878 3568">
    <p class='ocr_par' dir='ltr' id='par_1_69' title="bbox 231 3492 1878 3568">
     <span class='ocr_line' id='line_1_69' title="bbox 231 3492 1878 3568; baseline 0.003 -21"><span class='ocrx_word' id='word_1_515' title='bbox 231 3493 393 3562; x_wconf 68' lang='lat' dir='ltr'>Hist,</span> <span class='ocrx_word' id='word_1_516' title='bbox 416 3508 542 3563; x_wconf 91' lang='lat' dir='ltr'>cap.</span> <span class='ocrx_word' id='word_1_517' title='bbox 575 3492 664 3559; x_wconf 88' lang='lat'>36,</span> <span class='ocrx_word' id='word_1_518' title='bbox 700 3508 833 3565; x_wconf 84' lang='lat' dir='ltr'>pag.</span> <span class='ocrx_word' id='word_1_519' title='bbox 865 3492 991 3561; x_wconf 87' lang='grc'>340,</span> <span class='ocrx_word' id='word_1_520' title='bbox 1024 3497 1081 3548; x_wconf 89' lang='lat' dir='ltr'>et</span> <span class='ocrx_word' id='word_1_521' title='bbox 1135 3510 1263 3565; x_wconf 90' lang='lat' dir='ltr'>cap.</span> <span class='ocrx_word' id='word_1_522' title='bbox 1311 3495 1402 3559; x_wconf 91' lang='lat'>33,</span> <span class='ocrx_word' id='word_1_523' title='bbox 1462 3512 1593 3568; x_wconf 90' lang='lat' dir='ltr'>pag.</span> <span class='ocrx_word' id='word_1_524' title='bbox 1628 3496 1774 3564; x_wconf 89' lang='grc'>328).</span> <span class='ocrx_word' id='word_1_525' title='bbox 1806 3498 1878 3551; x_wconf 92' lang='lat' dir='ltr'>At</span> 
     </span>
    </p>
   </div>
   <div class='ocr_carea' id='block_1_70' title="bbox 232 3579 1878 3655">
    <p class='ocr_par' dir='ltr' id='par_1_70' title="bbox 232 3579 1878 3655">
     <span class='ocr_line' id='line_1_70' title="bbox 232 3579 1878 3655; baseline 0.002 -18"><span class='ocrx_word' id='word_1_526' title='bbox 232 3579 404 3652; x_wconf 88' lang='lat' dir='ltr'>paulo</span> <span class='ocrx_word' id='word_1_527' title='bbox 437 3585 606 3636; x_wconf 85' lang='lat' dir='ltr'>antea</span> <span class='ocrx_word' id='word_1_528' title='bbox 645 3580 918 3636; x_wconf 91' lang='lat' dir='ltr'>Ovidium</span> <span class='ocrx_word' id='word_1_529' title='bbox 978 3581 1312 3649; x_wconf 89' lang='lat' dir='ltr'>oitavimus,</span> <span class='ocrx_word' id='word_1_530' title='bbox 1370 3584 1471 3655; x_wconf 93' lang='lat' dir='ltr'>qui</span> <span class='ocrx_word' id='word_1_531' title='bbox 1520 3584 1774 3640; x_wconf 88' lang='lat' dir='ltr'>conchas</span> <span class='ocrx_word' id='word_1_532' title='bbox 1822 3589 1878 3640; x_wconf 91' lang='lat' dir='ltr'>et</span> 
     </span>
    </p>
   </div>
   <div class='ocr_carea' id='block_1_71' title="bbox 231 3669 1877 3729">
    <p class='ocr_par' dir='ltr' id='par_1_71' title="bbox 231 3669 1877 3729">
     <span class='ocr_line' id='line_1_71' title="bbox 231 3669 1877 3729; baseline 0.002 -4"><span class='ocrx_word' id='word_1_533' title='bbox 231 3669 547 3725; x_wconf 89' lang='lat' dir='ltr'>anchoram</span> <span class='ocrx_word' id='word_1_534' title='bbox 603 3670 663 3724; x_wconf 90' lang='lat' dir='ltr'>in</span> <span class='ocrx_word' id='word_1_535' title='bbox 723 3669 967 3725; x_wconf 89' lang='lat' dir='ltr'>summis</span> <span class='ocrx_word' id='word_1_536' title='bbox 1025 3672 1326 3727; x_wconf 89' lang='lat' dir='ltr'>montibus</span> <span class='ocrx_word' id='word_1_537' title='bbox 1382 3675 1648 3728; x_wconf 89' lang='lat' dir='ltr'>inventas</span> <span class='ocrx_word' id='word_1_538' title='bbox 1694 3673 1877 3729; x_wconf 87' lang='lat' dir='ltr'>fuisse</span> 
     </span>
    </p>
   </div>
   <div class='ocr_carea' id='block_1_72' title="bbox 230 3758 1877 3834">
    <p class='ocr_par' dir='ltr' id='par_1_72' title="bbox 230 3758 1877 3834">
     <span class='ocr_line' id='line_1_72' title="bbox 230 3758 1877 3834; baseline 0.003 -21"><span class='ocrx_word' id='word_1_539' title='bbox 230 3758 598 3814; x_wconf 85' lang='lat' dir='ltr'>testiﬁcatur.</span> <span class='ocrx_word' id='word_1_540' title='bbox 633 3758 809 3830; x_wconf 83' lang='lat' dir='ltr'>Atqui</span> <span class='ocrx_word' id='word_1_541' title='bbox 840 3759 1131 3831; x_wconf 88' lang='lat' dir='ltr'>generalis</span> <span class='ocrx_word' id='word_1_542' title='bbox 1165 3760 1325 3816; x_wconf 92' lang='lat' dir='ltr'>illius</span> <span class='ocrx_word' id='word_1_543' title='bbox 1356 3761 1556 3816; x_wconf 90' lang='lat' dir='ltr'>diluvii</span> <span class='ocrx_word' id='word_1_544' title='bbox 1613 3767 1877 3834; x_wconf 91' lang='lat' dir='ltr'>tempore</span> 
     </span>
    </p>
   </div>
   <div class='ocr_carea' id='block_1_73' title="bbox 232 3846 1876 3918">
    <p class='ocr_par' dir='ltr' id='par_1_73' title="bbox 232 3846 1876 3918">
     <span class='ocr_line' id='line_1_73' title="bbox 232 3846 1876 3918; baseline 0.004 -18"><span class='ocrx_word' id='word_1_545' title='bbox 232 3846 496 3901; x_wconf 91' lang='lat' dir='ltr'>nondum</span> <span class='ocrx_word' id='word_1_546' title='bbox 528 3850 695 3901; x_wconf 88' lang='lat' dir='ltr'>erant</span> <span class='ocrx_word' id='word_1_547' title='bbox 749 3851 1037 3902; x_wconf 88' lang='lat' dir='ltr'>Saturnus</span> <span class='ocrx_word' id='word_1_548' title='bbox 1093 3848 1309 3918; x_wconf 87' lang='lat' dir='ltr'>aliique</span> <span class='ocrx_word' id='word_1_549' title='bbox 1361 3850 1442 3904; x_wconf 90' lang='lat' dir='ltr'>dii</span> <span class='ocrx_word' id='word_1_550' title='bbox 1499 3850 1570 3905; x_wconf 91' lang='lat' dir='ltr'>ab</span> <span class='ocrx_word' id='word_1_551' title='bbox 1628 3851 1876 3907; x_wconf 88' lang='lat' dir='ltr'>ethnicis</span> 
     </span>
    </p>
   </div>
   <div class='ocr_carea' id='block_1_74' title="bbox 232 3934 1875 4009">
    <p class='ocr_par' dir='ltr' id='par_1_74' title="bbox 232 3934 1875 4009">
     <span class='ocr_line' id='line_1_74' title="bbox 232 3934 1875 4009; baseline 0.004 -20"><span class='ocrx_word' id='word_1_552' title='bbox 232 3934 508 4006; x_wconf 90' lang='lat' dir='ltr'>deinceps</span> <span class='ocrx_word' id='word_1_553' title='bbox 540 3934 791 4002; x_wconf 84' lang='lat' dir='ltr'>conficti,</span> <span class='ocrx_word' id='word_1_554' title='bbox 826 3936 907 3990; x_wconf 88' lang='lat' dir='ltr'>uti</span> <span class='ocrx_word' id='word_1_555' title='bbox 940 3936 1112 4009; x_wconf 89' lang='lat' dir='ltr'>plane</span> <span class='ocrx_word' id='word_1_556' title='bbox 1144 3938 1550 3993; x_wconf 89' lang='lat' dir='ltr'>demonstrant</span> <span class='ocrx_word' id='word_1_557' title='bbox 1597 3939 1773 3995; x_wconf 90' lang='lat' dir='ltr'>urbes</span> <span class='ocrx_word' id='word_1_558' title='bbox 1805 3942 1875 3996; x_wconf 91' lang='lat' dir='ltr'>ab</span> 
     </span>
    </p>
   </div>
   <div class='ocr_carea' id='block_1_75' title="bbox 231 4024 1876 4095">
    <p class='ocr_par' dir='ltr' id='par_1_75' title="bbox 231 4024 1876 4095">
     <span class='ocr_line' id='line_1_75' title="bbox 231 4024 1876 4095; baseline 0.005 -18"><span class='ocrx_word' id='word_1_559' title='bbox 231 4024 305 4079; x_wconf 92' lang='lat' dir='ltr'>iis</span> <span class='ocrx_word' id='word_1_560' title='bbox 335 4024 602 4089; x_wconf 67' lang='lat' dir='ltr'>conditas,</span> <span class='ocrx_word' id='word_1_561' title='bbox 636 4028 738 4079; x_wconf 91' lang='lat' dir='ltr'>aut</span> <span class='ocrx_word' id='word_1_562' title='bbox 767 4024 828 4077; x_wconf 89' lang='lat' dir='ltr'>in</span> <span class='ocrx_word' id='word_1_563' title='bbox 858 4024 1074 4095; x_wconf 90' lang='lat' dir='ltr'>quibus</span> <span class='ocrx_word' id='word_1_564' title='bbox 1105 4026 1226 4081; x_wconf 84' lang='lat' dir='ltr'>nati</span> <span class='ocrx_word' id='word_1_565' title='bbox 1281 4032 1337 4081; x_wconf 91' lang='lat' dir='ltr'>et</span> <span class='ocrx_word' id='word_1_566' title='bbox 1376 4028 1616 4093; x_wconf 86' lang='lat' dir='ltr'>mortui,</span> <span class='ocrx_word' id='word_1_567' title='bbox 1649 4028 1739 4083; x_wconf 83' lang='lat' dir='ltr'>vel</span> <span class='ocrx_word' id='word_1_568' title='bbox 1798 4031 1876 4085; x_wconf 91' lang='lat' dir='ltr'>si-</span> 
     </span>
    </p>
   </div>
   <div class='ocr_carea' id='block_1_76' title="bbox 233 4111 1881 4188">
    <p class='ocr_par' dir='ltr' id='par_1_76' title="bbox 233 4111 1881 4188">
     <span class='ocr_line' id='line_1_76' title="bbox 233 4111 1881 4188; baseline 0.003 -20"><span class='ocrx_word' id='word_1_569' title='bbox 233 4113 350 4168; x_wconf 89' lang='lat' dir='ltr'>cuti</span> <span class='ocrx_word' id='word_1_570' title='bbox 380 4112 439 4167; x_wconf 90' lang='lat' dir='ltr'>in</span> <span class='ocrx_word' id='word_1_571' title='bbox 472 4111 620 4167; x_wconf 91' lang='lat' dir='ltr'>libro</span> <span class='ocrx_word' id='word_1_572' title='bbox 677 4111 747 4167; x_wconf 85' lang='lat' dir='ltr'>ad</span> <span class='ocrx_word' id='word_1_573' title='bbox 801 4112 1081 4183; x_wconf 79' lang='lat' dir='ltr'>Nationes,</span> <span class='ocrx_word' id='word_1_574' title='bbox 1142 4116 1283 4181; x_wconf 76' lang='lat' dir='ltr'>nati,</span> <span class='ocrx_word' id='word_1_575' title='bbox 1338 4119 1542 4171; x_wconf 79' lang='lat' dir='ltr'>morati</span> <span class='ocrx_word' id='word_1_576' title='bbox 1595 4127 1648 4172; x_wconf 81' lang='lat' dir='ltr'>et</span> <span class='ocrx_word' id='word_1_577' title='bbox 1675 4120 1881 4188; x_wconf 79' lang='lat' dir='ltr'>sepulti</span> 
     </span>
    </p>
   </div>
   <div class='ocr_carea' id='block_1_77' title="bbox 231 4200 1876 4274">
    <p class='ocr_par' dir='ltr' id='par_1_77' title="bbox 231 4200 1876 4274">
     <span class='ocr_line' id='line_1_77' title="bbox 231 4200 1876 4274; baseline 0.003 -17"><span class='ocrx_word' id='word_1_578' title='bbox 231 4210 358 4257; x_wconf 82' lang='lat' dir='ltr'>sunt</span> <span class='ocrx_word' id='word_1_579' title='bbox 384 4200 648 4274; x_wconf 87' lang='lat' dir='ltr'>(Tertull.</span> <span class='ocrx_word' id='word_1_580' title='bbox 682 4201 781 4256; x_wconf 87' lang='lat' dir='ltr'>loc.</span> <span class='ocrx_word' id='word_1_581' title='bbox 804 4203 897 4256; x_wconf 84' lang='lat' dir='ltr'>cit.</span> <span class='ocrx_word' id='word_1_582' title='bbox 934 4203 1011 4257; x_wconf 92' lang='lat' dir='ltr'>De</span> <span class='ocrx_word' id='word_1_583' title='bbox 1040 4201 1132 4258; x_wconf 90' lang='lat' dir='ltr'>his</span> <span class='ocrx_word' id='word_1_584' title='bbox 1162 4219 1355 4274; x_wconf 90' lang='lat' dir='ltr'>porro,</span> <span class='ocrx_word' id='word_1_585' title='bbox 1391 4221 1456 4259; x_wconf 91' lang='lat' dir='ltr'>ac</span> <span class='ocrx_word' id='word_1_586' title='bbox 1516 4206 1587 4260; x_wconf 92' lang='lat' dir='ltr'>de</span> <span class='ocrx_word' id='word_1_587' title='bbox 1634 4206 1876 4263; x_wconf 91' lang='lat' dir='ltr'>deorum</span> 
     </span>
    </p>
   </div>
   <div class='ocr_carea' id='block_1_78' title="bbox 233 4289 1876 4364">
    <p class='ocr_par' dir='ltr' id='par_1_78' title="bbox 233 4289 1876 4364">
     <span class='ocr_line' id='line_1_78' title="bbox 233 4289 1876 4364; baseline 0.004 -18"><span class='ocrx_word' id='word_1_588' title='bbox 233 4296 290 4347; x_wconf 92' lang='lat' dir='ltr'>et</span> <span class='ocrx_word' id='word_1_589' title='bbox 316 4289 656 4347; x_wconf 82' lang='lat' dir='ltr'>idololatrias</span> <span class='ocrx_word' id='word_1_590' title='bbox 687 4290 932 4362; x_wconf 89' lang='lat' dir='ltr'>origine,</span> <span class='ocrx_word' id='word_1_591' title='bbox 965 4291 1021 4345; x_wconf 88' lang='lat' dir='ltr'>in</span> <span class='ocrx_word' id='word_1_592' title='bbox 1056 4292 1458 4364; x_wconf 91' lang='lat' dir='ltr'>superioribus</span> <span class='ocrx_word' id='word_1_593' title='bbox 1512 4294 1876 4352; x_wconf 86' lang='lat' dir='ltr'>dissertatio-</span> 
     </span>
    </p>
   </div>
   <div class='ocr_carea' id='block_1_79' title="bbox 233 4379 1877 4455">
    <p class='ocr_par' dir='ltr' id='par_1_79' title="bbox 233 4379 1877 4455">
     <span class='ocr_line' id='line_1_79' title="bbox 233 4379 1877 4455; baseline 0.004 -20"><span class='ocrx_word' id='word_1_594' title='bbox 233 4380 409 4436; x_wconf 90' lang='lat' dir='ltr'>nibus</span> <span class='ocrx_word' id='word_1_595' title='bbox 437 4379 893 4453; x_wconf 89' lang='lat' dir='ltr'>disputavimus,</span> <span class='ocrx_word' id='word_1_596' title='bbox 924 4386 981 4438; x_wconf 82' lang='lat' dir='ltr'>et</span> <span class='ocrx_word' id='word_1_597' title='bbox 1009 4382 1202 4438; x_wconf 88' lang='lat' dir='ltr'>adhuc</span> <span class='ocrx_word' id='word_1_598' title='bbox 1258 4381 1457 4455; x_wconf 88' lang='lat' dir='ltr'>aliqua</span> <span class='ocrx_word' id='word_1_599' title='bbox 1512 4384 1759 4441; x_wconf 92' lang='lat' dir='ltr'>inferius</span> <span class='ocrx_word' id='word_1_600' title='bbox 1789 4387 1877 4441; x_wconf 89' lang='lat' dir='ltr'>di-</span> 
     </span>
    </p>
   </div>
   <div class='ocr_carea' id='block_1_80' title="bbox 234 4474 457 4526">
    <p class='ocr_par' dir='ltr' id='par_1_80' title="bbox 234 4474 457 4526">
     <span class='ocr_line' id='line_1_80' title="bbox 234 4474 457 4526; baseline 0 -1"><span class='ocrx_word' id='word_1_601' title='bbox 234 4474 457 4526; x_wconf 91' lang='lat' dir='ltr'>centur.</span> 
     </span>
    </p>
   </div>
   <div class='ocr_carea' id='block_1_81' title="bbox 844 4613 1277 4657">
    <p class='ocr_par' dir='ltr' id='par_1_81' title="bbox 844 4613 1277 4657">
     <span class='ocr_line' id='line_1_81' title="bbox 844 4613 1277 4657; baseline 0.005 -2"><span class='ocrx_word' id='word_1_602' title='bbox 844 4613 1161 4657; x_wconf 77' lang='lat' dir='ltr'>ARTICULUS</span> <span class='ocrx_word' id='word_1_603' title='bbox 1193 4615 1277 4657; x_wconf 78' lang='lat' dir='ltr'><strong>III.</strong></span> 
     </span>
    </p>
   </div>
   <div class='ocr_carea' id='block_1_82' title="bbox 238 4715 1874 4792">
    <p class='ocr_par' dir='ltr' id='par_1_82' title="bbox 238 4715 1874 4792">
     <span class='ocr_line' id='line_1_82' title="bbox 238 4715 1874 4792; baseline 0.003 -21"><span class='ocrx_word' id='word_1_604' title='bbox 238 4716 311 4772; x_wconf 88' lang='lat' dir='ltr'>De</span> <span class='ocrx_word' id='word_1_605' title='bbox 339 4715 607 4792; x_wconf 64' lang='lat' dir='ltr'>cladibus,</span> <span class='ocrx_word' id='word_1_606' title='bbox 655 4731 783 4789; x_wconf 73' lang='lat' dir='ltr'>quae</span> <span class='ocrx_word' id='word_1_607' title='bbox 836 4722 962 4792; x_wconf 80' lang='lat' dir='ltr'>ante</span> <span class='ocrx_word' id='word_1_608' title='bbox 1020 4720 1354 4777; x_wconf 63' lang='lat' dir='ltr'>christiana?</span> <span class='ocrx_word' id='word_1_609' title='bbox 1412 4721 1697 4791; x_wconf 76' lang='lat' dir='ltr'>religionis</span> <span class='ocrx_word' id='word_1_610' title='bbox 1751 4723 1874 4792; x_wconf 80' lang='lat' dir='ltr'>pri-</span> 
     </span>
    </p>
   </div>
   <div class='ocr_carea' id='block_1_83' title="bbox 305 4787 1876 4871">
    <p class='ocr_par' dir='ltr' id='par_1_83' title="bbox 305 4787 1876 4871">
     <span class='ocr_line' id='line_1_83' title="bbox 305 4787 1876 4871; baseline 0.003 -28"><span class='ocrx_word' id='word_1_611' title='bbox 305 4787 515 4871; x_wconf 81' lang='lat' dir='ltr'>mordia</span> <span class='ocrx_word' id='word_1_612' title='bbox 543 4787 1025 4871; x_wconf 48' lang='grc' dir='ltr'>εωείῖᾳιιεηοῖῆ</span> <span class='ocrx_word' id='word_1_613' title='bbox 1056 4796 1185 4846; x_wconf 87' lang='lat' dir='ltr'>sunt</span> <span class='ocrx_word' id='word_1_614' title='bbox 1227 4794 1363 4871; x_wconf 59' lang='lat' dir='ltr'>ign!</span> <span class='ocrx_word' id='word_1_615' title='bbox 1405 4787 1624 4871; x_wconf 74' lang='lat' dir='ltr'>ccelésti,</span> <span class='ocrx_word' id='word_1_616' title='bbox 1683 4787 1876 4871; x_wconf 51' lang='lat' dir='ltr'>et&#39;ho-</span> 
     </span>
    </p>
   </div>
   <div class='ocr_carea' id='block_1_84' title="bbox 304 4863 1873 4934">
    <p class='ocr_par' dir='ltr' id='par_1_84' title="bbox 304 4863 1873 4934">
     <span class='ocr_line' id='line_1_84' title="bbox 304 4863 1873 4934; baseline 0.005 -20"><span class='ocrx_word' id='word_1_617' title='bbox 304 4863 520 4916; x_wconf 87' lang='lat' dir='ltr'>minum</span> <span class='ocrx_word' id='word_1_618' title='bbox 550 4865 769 4934; x_wconf 88' lang='lat' dir='ltr'>armis:</span> <span class='ocrx_word' id='word_1_619' title='bbox 820 4863 887 4917; x_wconf 82' lang='lat' dir='ltr'>dc</span> <span class='ocrx_word' id='word_1_620' title='bbox 922 4863 1151 4918; x_wconf 85' lang='lat' dir='ltr'>Sodoma</span> <span class='ocrx_word' id='word_1_621' title='bbox 1207 4863 1265 4919; x_wconf 77' lang='lat' dir='ltr'>et</span> <span class='ocrx_word' id='word_1_622' title='bbox 1316 4863 1617 4921; x_wconf 86' lang='lat' dir='ltr'>Gomorrha</span> <span class='ocrx_word' id='word_1_623' title='bbox 1642 4868 1873 4934; x_wconf 77' lang='lat' dir='ltr'>exustis,</span> 
     </span>
    </p>
   </div>
   <div class='ocr_carea' id='block_1_85' title="bbox 306 4933 1879 5013">
    <p class='ocr_par' dir='ltr' id='par_1_85' title="bbox 306 4933 1879 5013">
     <span class='ocr_line' id='line_1_85' title="bbox 306 4933 1879 5013; baseline 0.006 -29"><span class='ocrx_word' id='word_1_624' title='bbox 306 4935 467 5013; x_wconf 69' lang='lat' dir='ltr'>atque</span> <span class='ocrx_word' id='word_1_625' title='bbox 521 4933 746 5013; x_wconf 79' lang='lat' dir='ltr'>illorurn</span> <span class='ocrx_word' id='word_1_626' title='bbox 802 4940 985 5013; x_wconf 76' lang='lat' dir='ltr'>terra,</span> <span class='ocrx_word' id='word_1_627' title='bbox 1042 4951 1164 5005; x_wconf 69' lang='lat' dir='ltr'>qua:</span> <span class='ocrx_word' id='word_1_628' title='bbox 1249 4947 1523 5013; x_wconf 72' lang='lat' dir='ltr'>conantur</span> <span class='ocrx_word' id='word_1_629' title='bbox 1569 4955 1756 5009; x_wconf 82' lang='lat' dir='ltr'>poma,</span> <span class='ocrx_word' id='word_1_630' title='bbox 1816 4933 1879 4994; x_wconf 79' lang='lat' dir='ltr'>ac</span> 
     </span>
    </p>
   </div>
   <div class='ocr_carea' id='block_1_86' title="bbox 304 5001 1879 5077">
    <p class='ocr_par' dir='ltr' id='par_1_86' title="bbox 304 5001 1879 5077">
     <span class='ocr_line' id='line_1_86' title="bbox 304 5001 1879 5077; baseline 0.007 -21"><span class='ocrx_word' id='word_1_631' title='bbox 304 5001 497 5077; x_wconf 78' lang='lat' dir='ltr'>deinde</span> <span class='ocrx_word' id='word_1_632' title='bbox 522 5009 777 5077; x_wconf 81' lang='lat' dir='ltr'>contacta</span> <span class='ocrx_word' id='word_1_633' title='bbox 817 5001 1195 5061; x_wconf 69' lang='lat' dir='ltr'>cinerescunt:</span> <span class='ocrx_word' id='word_1_634' title='bbox 1264 5008 1329 5064; x_wconf 79' lang='lat' dir='ltr'>de</span> <span class='ocrx_word' id='word_1_635' title='bbox 1388 5001 1659 5077; x_wconf 78' lang='lat' dir='ltr'>Volsiniis,</span> <span class='ocrx_word' id='word_1_636' title='bbox 1725 5001 1879 5066; x_wconf 79' lang='lat' dir='ltr'>Pom-</span> 
     </span>
    </p>
   </div>
   <div class='ocr_carea' id='block_1_87' title="bbox 304 5074 1878 5160">
    <p class='ocr_par' dir='ltr' id='par_1_87' title="bbox 304 5074 1878 5160">
     <span class='ocr_line' id='line_1_87' title="bbox 304 5074 1878 5160; baseline 0.007 -32"><span class='ocrx_word' id='word_1_637' title='bbox 304 5074 469 5160; x_wconf 64' lang='lat' dir='ltr'>peiis,</span> <span class='ocrx_word' id='word_1_638' title='bbox 490 5090 584 5130; x_wconf 79' lang='lat' dir='ltr'>seu</span> <span class='ocrx_word' id='word_1_639' title='bbox 618 5076 862 5160; x_wconf 59' lang='lat' dir='ltr'>Tarpeiis</span> <span class='ocrx_word' id='word_1_640' title='bbox 883 5078 1012 5160; x_wconf 71' lang='lat' dir='ltr'>igne</span> <span class='ocrx_word' id='word_1_641' title='bbox 1056 5078 1364 5160; x_wconf 67' lang='lat' dir='ltr'>absumptis</span> <span class='ocrx_word' id='word_1_642' title='bbox 1388 5097 1411 5143; x_wconf 85' lang='lat'><em>;</em></span> <span class='ocrx_word' id='word_1_643' title='bbox 1439 5081 1506 5136; x_wconf 83' lang='lat' dir='ltr'>de</span> <span class='ocrx_word' id='word_1_644' title='bbox 1549 5074 1703 5138; x_wconf 76' lang='lat' dir='ltr'>clade</span> <span class='ocrx_word' id='word_1_645' title='bbox 1733 5082 1878 5139; x_wconf 87' lang='lat' dir='ltr'>Can-</span> 
     </span>
    </p>
   </div>
   <div class='ocr_carea' id='block_1_88' title="bbox 305 5149 1879 5217">
    <p class='ocr_par' dir='ltr' id='par_1_88' title="bbox 305 5149 1879 5217">
     <span class='ocr_line' id='line_1_88' title="bbox 305 5149 1879 5217; baseline 0.007 -17"><span class='ocrx_word' id='word_1_646' title='bbox 305 5149 469 5201; x_wconf 81' lang='lat' dir='ltr'>nensi</span> <span class='ocrx_word' id='word_1_647' title='bbox 533 5154 657 5216; x_wconf 78' lang='lat' dir='ltr'>post</span> <span class='ocrx_word' id='word_1_648' title='bbox 707 5163 880 5217; x_wconf 83' lang='lat' dir='ltr'>quam</span> <span class='ocrx_word' id='word_1_649' title='bbox 945 5149 1182 5204; x_wconf 86' lang='lat' dir='ltr'>Annibal</span> <span class='ocrx_word' id='word_1_650' title='bbox 1258 5151 1638 5209; x_wconf 80' lang='lat' dir='ltr'>Romanorum</span> <span class='ocrx_word' id='word_1_651' title='bbox 1699 5156 1879 5211; x_wconf 64' lang='lat' dir='ltr'>caedes</span> 
     </span>
    </p>
   </div>
   <div class='ocr_carea' id='block_1_89' title="bbox 306 5218 1879 5293">
    <p class='ocr_par' dir='ltr' id='par_1_89' title="bbox 306 5218 1879 5293">
     <span class='ocr_line' id='line_1_89' title="bbox 306 5218 1879 5293; baseline 0.007 -22"><span class='ocrx_word' id='word_1_652' title='bbox 306 5222 593 5293; x_wconf 79' lang='lat' dir='ltr'>raptorum</span> <span class='ocrx_word' id='word_1_653' title='bbox 606 5218 957 5293; x_wconf 31' lang='lat' dir='ltr'>Aannulorum</span> <span class='ocrx_word' id='word_1_654' title='bbox 986 5219 1173 5276; x_wconf 86' lang='lat' dir='ltr'>modio</span> <span class='ocrx_word' id='word_1_655' title='bbox 1198 5236 1420 5278; x_wconf 83' lang='lat' dir='ltr'>mensus</span> <span class='ocrx_word' id='word_1_656' title='bbox 1449 5229 1549 5293; x_wconf 83' lang='lat' dir='ltr'>est,</span> <span class='ocrx_word' id='word_1_657' title='bbox 1582 5242 1646 5280; x_wconf 87' lang='lat' dir='ltr'>ac</span> <span class='ocrx_word' id='word_1_658' title='bbox 1682 5226 1748 5281; x_wconf 87' lang='lat' dir='ltr'>de</span> <span class='ocrx_word' id='word_1_659' title='bbox 1780 5227 1879 5283; x_wconf 86' lang='lat' dir='ltr'>Ca-</span> 
     </span>
    </p>
   </div>
   <div class='ocr_carea' id='block_1_90' title="bbox 304 5289 1200 5363">
    <p class='ocr_par' dir='ltr' id='par_1_90' title="bbox 304 5289 1200 5363">
     <span class='ocr_line' id='line_1_90' title="bbox 304 5289 1200 5363; baseline 0.003 -18"><span class='ocrx_word' id='word_1_660' title='bbox 304 5291 499 5363; x_wconf 82' lang='lat' dir='ltr'>pitolio</span> <span class='ocrx_word' id='word_1_661' title='bbox 531 5309 563 5345; x_wconf 87' lang='lat' dir='ltr'>a</span> <span class='ocrx_word' id='word_1_662' title='bbox 593 5289 897 5347; x_wconf 87' lang='lat' dir='ltr'>Senonibus</span> <span class='ocrx_word' id='word_1_663' title='bbox 926 5296 1200 5363; x_wconf 81' lang='lat' dir='ltr'>occupato.</span> 
     </span>
    </p>
   </div>
   <div class='ocr_carea' id='block_1_91' title="bbox 306 5406 1877 5480">
    <p class='ocr_par' dir='ltr' id='par_1_91' title="bbox 306 5406 1877 5480">
     <span class='ocr_line' id='line_1_91' title="bbox 306 5406 1877 5480; baseline 0.005 -19"><span class='ocrx_word' id='word_1_664' title='bbox 306 5407 385 5462; x_wconf 86' lang='lat' dir='ltr'>Ad</span> <span class='ocrx_word' id='word_1_665' title='bbox 415 5406 559 5463; x_wconf 88' lang='lat' dir='ltr'>alias</span> <span class='ocrx_word' id='word_1_666' title='bbox 590 5407 785 5464; x_wconf 90' lang='lat' dir='ltr'>clades</span> <span class='ocrx_word' id='word_1_667' title='bbox 812 5409 944 5480; x_wconf 88' lang='lat' dir='ltr'>igne</span> <span class='ocrx_word' id='word_1_668' title='bbox 974 5408 1216 5477; x_wconf 81' lang='lat' dir='ltr'>ccelesti,</span> <span class='ocrx_word' id='word_1_669' title='bbox 1248 5413 1304 5467; x_wconf 90' lang='lat' dir='ltr'>et</span> <span class='ocrx_word' id='word_1_670' title='bbox 1360 5411 1664 5468; x_wconf 90' lang='lat' dir='ltr'>hominum</span> <span class='ocrx_word' id='word_1_671' title='bbox 1697 5414 1877 5470; x_wconf 88' lang='lat' dir='ltr'>armis</span> 
     </span>
    </p>
   </div>
   <div class='ocr_carea' id='block_1_92' title="bbox 236 5496 1873 5575">
    <p class='ocr_par' dir='ltr' id='par_1_92' title="bbox 236 5496 1873 5575">
     <span class='ocr_line' id='line_1_92' title="bbox 236 5496 1873 5575; baseline 0.005 -24"><span class='ocrx_word' id='word_1_672' title='bbox 236 5496 511 5553; x_wconf 82' lang='lat' dir='ltr'>excitatas</span> <span class='ocrx_word' id='word_1_673' title='bbox 540 5498 698 5555; x_wconf 89' lang='lat' dir='ltr'>venit</span> <span class='ocrx_word' id='word_1_674' title='bbox 728 5498 1148 5569; x_wconf 86' lang='lat' dir='ltr'>Tertullianus,</span> <span class='ocrx_word' id='word_1_675' title='bbox 1181 5518 1247 5558; x_wconf 89' lang='lat' dir='ltr'>ac</span> <span class='ocrx_word' id='word_1_676' title='bbox 1295 5523 1322 5552; x_wconf 88' lang='lat'>«</span> <span class='ocrx_word' id='word_1_677' title='bbox 1355 5504 1628 5572; x_wconf 91' lang='lat' dir='ltr'>Sodoma,</span> <span class='ocrx_word' id='word_1_678' title='bbox 1659 5503 1873 5575; x_wconf 91' lang='lat' dir='ltr'>inquit,</span> 
     </span>
    </p>
   </div>
   <div class='ocr_carea' id='block_1_93' title="bbox 237 5583 1874 5664">
    <p class='ocr_par' dir='ltr' id='par_1_93' title="bbox 237 5583 1874 5664">
     <span class='ocr_line' id='line_1_93' title="bbox 237 5583 1874 5664; baseline 0.005 -26"><span class='ocrx_word' id='word_1_679' title='bbox 237 5588 293 5638; x_wconf 90' lang='lat' dir='ltr'>et</span> <span class='ocrx_word' id='word_1_680' title='bbox 318 5583 643 5643; x_wconf 84' lang='lat' dir='ltr'>Gomorrha</span> <span class='ocrx_word' id='word_1_681' title='bbox 672 5586 881 5660; x_wconf 89' lang='lat' dir='ltr'>igneus</span> <span class='ocrx_word' id='word_1_682' title='bbox 910 5587 1100 5645; x_wconf 89' lang='lat' dir='ltr'>imber</span> <span class='ocrx_word' id='word_1_683' title='bbox 1125 5590 1348 5647; x_wconf 81' lang='lat' dir='ltr'>exussit</span> <span class='ocrx_word' id='word_1_684' title='bbox 1379 5612 1406 5641; x_wconf 85' lang='grc'><strong>››</strong></span> <span class='ocrx_word' id='word_1_685' title='bbox 1438 5591 1702 5662; x_wconf 89' lang='lat' dir='ltr'>(Tertull.</span> <span class='ocrx_word' id='word_1_686' title='bbox 1736 5593 1874 5664; x_wconf 81' lang='lat' dir='ltr'>Apo-</span> 
     </span>
    </p>
   </div>
   <div class='ocr_carea' id='block_1_94' title="bbox 238 5672 1871 5755">
    <p class='ocr_par' dir='ltr' id='par_1_94' title="bbox 238 5672 1871 5755">
     <span class='ocr_line' id='line_1_94' title="bbox 238 5672 1871 5755; baseline 0.008 -28"><span class='ocrx_word' id='word_1_687' title='bbox 238 5672 418 5744; x_wconf 57' lang='grc' dir='ltr'>ωυρμ,</span> <span class='ocrx_word' id='word_1_688' title='bbox 452 5691 576 5748; x_wconf 91' lang='lat' dir='ltr'>cap.</span> <span class='ocrx_word' id='word_1_689' title='bbox 601 5677 691 5750; x_wconf 85' lang='grc'>40,</span> <span class='ocrx_word' id='word_1_690' title='bbox 724 5694 781 5751; x_wconf 88' lang='lat' dir='ltr'>p.</span> <span class='ocrx_word' id='word_1_691' title='bbox 807 5678 1274 5753; x_wconf 75' lang='lat' dir='ltr'>482),antequam</span> <span class='ocrx_word' id='word_1_692' title='bbox 1299 5681 1581 5755; x_wconf 68' lang='lat' dir='ltr'>lsraelitsa</span> <span class='ocrx_word' id='word_1_693' title='bbox 1613 5698 1681 5739; x_wconf 84' lang='lat' dir='ltr'>ex</span> <span class='ocrx_word' id='word_1_694' title='bbox 1708 5686 1871 5755; x_wconf 70' lang='lat' dir='ltr'>Egy-</span> 
     </span>
    </p>
   </div>
   <div class='ocr_carea' id='block_1_95' title="bbox 1903 4590 1952 4655">
    <p class='ocr_par' dir='ltr' id='par_1_95' title="bbox 1903 4590 1952 4655">
     <span class='ocr_line' id='line_1_95' title="bbox 1903 4590 1952 4655; baseline 0 -2"><span class='ocrx_word' id='word_1_695' title='bbox 1903 4590 1952 4655; x_wconf 92' lang='lat' dir='ltr'><strong>D</strong></span> 
     </span>
    </p>
   </div>
   <div class='ocr_carea' id='block_1_96' title="bbox 1989 3315 3638 3392">
    <p class='ocr_par' dir='ltr' id='par_1_96' title="bbox 1989 3315 3638 3392">
     <span class='ocr_line' id='line_1_96' title="bbox 1989 3315 3638 3392; baseline -0.005 -16"><span class='ocrx_word' id='word_1_696' title='bbox 1989 3325 2196 3392; x_wconf 86' lang='lat' dir='ltr'>sponte</span> <span class='ocrx_word' id='word_1_697' title='bbox 2228 3320 2407 3389; x_wconf 89' lang='lat' dir='ltr'>edita,</span> <span class='ocrx_word' id='word_1_698' title='bbox 2442 3323 2543 3374; x_wconf 89' lang='lat' dir='ltr'>aut</span> <span class='ocrx_word' id='word_1_699' title='bbox 2567 3334 2743 3372; x_wconf 90' lang='lat' dir='ltr'>manu</span> <span class='ocrx_word' id='word_1_700' title='bbox 2777 3320 2926 3386; x_wconf 88' lang='lat' dir='ltr'>sata,</span> <span class='ocrx_word' id='word_1_701' title='bbox 2960 3315 3079 3371; x_wconf 88' lang='lat' dir='ltr'>sive</span> <span class='ocrx_word' id='word_1_702' title='bbox 3102 3315 3282 3370; x_wconf 90' lang='lat' dir='ltr'>herba</span> <span class='ocrx_word' id='word_1_703' title='bbox 3312 3318 3503 3383; x_wconf 90' lang='lat' dir='ltr'>tenus,</span> <span class='ocrx_word' id='word_1_704' title='bbox 3537 3316 3638 3368; x_wconf 90' lang='lat' dir='ltr'>aut</span> 
     </span>
    </p>
   </div>
   <div class='ocr_carea' id='block_1_97' title="bbox 1988 3403 3644 3478">
    <p class='ocr_par' dir='ltr' id='par_1_97' title="bbox 1988 3403 3644 3478">
     <span class='ocr_line' id='line_1_97' title="bbox 1988 3403 3644 3478; baseline -0.005 -13"><span class='ocrx_word' id='word_1_705' title='bbox 1988 3409 2147 3478; x_wconf 88' lang='lat' dir='ltr'>ﬂore,</span> <span class='ocrx_word' id='word_1_706' title='bbox 2173 3426 2275 3465; x_wconf 90' lang='lat' dir='ltr'>seu</span> <span class='ocrx_word' id='word_1_707' title='bbox 2323 3408 2558 3463; x_wconf 90' lang='lat' dir='ltr'>solitam</span> <span class='ocrx_word' id='word_1_708' title='bbox 2610 3407 2668 3461; x_wconf 91' lang='lat' dir='ltr'>in</span> <span class='ocrx_word' id='word_1_709' title='bbox 2715 3404 2966 3478; x_wconf 88' lang='lat' dir='ltr'>speciem</span> <span class='ocrx_word' id='word_1_710' title='bbox 3026 3403 3347 3469; x_wconf 89' lang='lat' dir='ltr'>adolevere,</span> <span class='ocrx_word' id='word_1_711' title='bbox 3400 3406 3526 3458; x_wconf 87' lang='lat' dir='ltr'>atra</span> <span class='ocrx_word' id='word_1_712' title='bbox 3585 3404 3644 3457; x_wconf 89' lang='lat' dir='ltr'>et</span> 
     </span>
    </p>
   </div>
   <div class='ocr_carea' id='block_1_98' title="bbox 1988 3491 3639 3565">
    <p class='ocr_par' dir='ltr' id='par_1_98' title="bbox 1988 3491 3639 3565">
     <span class='ocr_line' id='line_1_98' title="bbox 1988 3491 3639 3565; baseline -0.004 -13"><span class='ocrx_word' id='word_1_713' title='bbox 1988 3498 2186 3554; x_wconf 88' lang='lat' dir='ltr'>inania</span> <span class='ocrx_word' id='word_1_714' title='bbox 2214 3497 2371 3554; x_wconf 87' lang='lat' dir='ltr'>velut</span> <span class='ocrx_word' id='word_1_715' title='bbox 2399 3497 2459 3551; x_wconf 86' lang='lat' dir='ltr'>in</span> <span class='ocrx_word' id='word_1_716' title='bbox 2506 3496 2757 3551; x_wconf 88' lang='lat' dir='ltr'>cinerem</span> <span class='ocrx_word' id='word_1_717' title='bbox 2786 3497 3111 3549; x_wconf 84' lang='lat' dir='ltr'>vanescunt</span> <span class='ocrx_word' id='word_1_718' title='bbox 3141 3513 3170 3542; x_wconf 83' lang='lat'>»</span> <span class='ocrx_word' id='word_1_719' title='bbox 3220 3492 3421 3565; x_wconf 88' lang='lat' dir='ltr'>(Tacit.</span> <span class='ocrx_word' id='word_1_720' title='bbox 3457 3491 3564 3547; x_wconf 92' lang='lat' dir='ltr'>lib.</span> <span class='ocrx_word' id='word_1_721' title='bbox 3604 3507 3639 3545; x_wconf 91' lang='lat' dir='ltr'>v</span> 
     </span>
    </p>
   </div>
   <div class='ocr_carea' id='block_1_99' title="bbox 1989 3580 3638 3659">
    <p class='ocr_par' dir='ltr' id='par_1_99' title="bbox 1989 3580 3638 3659">
     <span class='ocr_line' id='line_1_99' title="bbox 1989 3580 3638 3659; baseline -0.005 -15"><span class='ocrx_word' id='word_1_722' title='bbox 1989 3588 2415 3659; x_wconf 83' lang='lat' dir='ltr'>Histor.,paulo</span> <span class='ocrx_word' id='word_1_723' title='bbox 2448 3589 2579 3658; x_wconf 88' lang='lat' dir='ltr'>post</span> <span class='ocrx_word' id='word_1_724' title='bbox 2612 3584 2790 3655; x_wconf 88' lang='lat' dir='ltr'>init.).</span> <span class='ocrx_word' id='word_1_725' title='bbox 2840 3584 2949 3638; x_wconf 89' lang='lat' dir='ltr'>Sed</span> <span class='ocrx_word' id='word_1_726' title='bbox 3010 3582 3284 3638; x_wconf 90' lang='lat' dir='ltr'>ethnicus</span> <span class='ocrx_word' id='word_1_727' title='bbox 3333 3580 3528 3651; x_wconf 93' lang='lat' dir='ltr'>homo,</span> <span class='ocrx_word' id='word_1_728' title='bbox 3581 3583 3638 3635; x_wconf 89' lang='lat' dir='ltr'>et</span> 
     </span>
    </p>
   </div>
   <div class='ocr_carea' id='block_1_100' title="bbox 1987 3659 3636 3749">
    <p class='ocr_par' dir='ltr' id='par_1_100' title="bbox 1987 3659 3636 3749">
     <span class='ocr_line' id='line_1_100' title="bbox 1987 3659 3636 3749; baseline -0.006 -15"><span class='ocrx_word' id='word_1_729' title='bbox 1987 3695 2163 3734; x_wconf 74' lang='lat' dir='ltr'>sacrae</span> <span class='ocrx_word' id='word_1_730' title='bbox 2195 3677 2510 3749; x_wconf 62' lang='lat' dir='ltr'>Scriptura</span> <span class='ocrx_word' id='word_1_731' title='bbox 2560 3674 2823 3747; x_wconf 86' lang='lat' dir='ltr'>ignarus,</span> <span class='ocrx_word' id='word_1_732' title='bbox 2865 3672 3016 3727; x_wconf 88' lang='lat' dir='ltr'>hanc</span> <span class='ocrx_word' id='word_1_733' title='bbox 3060 3659 3364 3727; x_wconf 83' lang='lat' dir='ltr'>fructuum</span> <span class='ocrx_word' id='word_1_734' title='bbox 3418 3669 3636 3725; x_wconf 89' lang='lat' dir='ltr'>imma-</span> 
     </span>
    </p>
   </div>
   <div class='ocr_carea' id='block_1_101' title="bbox 1984 3754 3638 3836">
    <p class='ocr_par' dir='ltr' id='par_1_101' title="bbox 1984 3754 3638 3836">
     <span class='ocr_line' id='line_1_101' title="bbox 1984 3754 3638 3836; baseline -0.005 -14"><span class='ocrx_word' id='word_1_735' title='bbox 1984 3767 2286 3823; x_wconf 86' lang='lat' dir='ltr'>turitatem</span> <span class='ocrx_word' id='word_1_736' title='bbox 2319 3766 2454 3821; x_wconf 88' lang='lat' dir='ltr'>oriri</span> <span class='ocrx_word' id='word_1_737' title='bbox 2472 3754 2816 3836; x_wconf 82' lang='lat' dir='ltr'>suspicatur</span> <span class='ocrx_word' id='word_1_738' title='bbox 2859 3779 2927 3817; x_wconf 87' lang='lat' dir='ltr'>ex</span> <span class='ocrx_word' id='word_1_739' title='bbox 2954 3760 3118 3817; x_wconf 86' lang='lat' dir='ltr'>lacus</span> <span class='ocrx_word' id='word_1_740' title='bbox 3148 3759 3357 3828; x_wconf 85' lang='lat' dir='ltr'>halitu,</span> <span class='ocrx_word' id='word_1_741' title='bbox 3386 3775 3502 3831; x_wconf 87' lang='lat' dir='ltr'>quo</span> <span class='ocrx_word' id='word_1_742' title='bbox 3533 3775 3638 3814; x_wconf 88' lang='lat' dir='ltr'>su-</span> 
     </span>
    </p>
   </div>
   <div class='ocr_carea' id='block_1_102' title="bbox 1985 3850 3633 3929">
    <p class='ocr_par' dir='ltr' id='par_1_102' title="bbox 1985 3850 3633 3929">
     <span class='ocr_line' id='line_1_102' title="bbox 1985 3850 3633 3929; baseline -0.005 -18"><span class='ocrx_word' id='word_1_743' title='bbox 1985 3857 2259 3929; x_wconf 89' lang='lat' dir='ltr'>perfusus</span> <span class='ocrx_word' id='word_1_744' title='bbox 2291 3860 2454 3911; x_wconf 68' lang='lat' dir='ltr'>terraa</span> <span class='ocrx_word' id='word_1_745' title='bbox 2481 3850 3021 3927; x_wconf 89' lang='lat' dir='ltr'>spiritus,primum</span> <span class='ocrx_word' id='word_1_746' title='bbox 3055 3851 3479 3921; x_wconf 87' lang='lat' dir='ltr'>corrumpitur,</span> <span class='ocrx_word' id='word_1_747' title='bbox 3512 3853 3633 3904; x_wconf 89' lang='lat' dir='ltr'>ter-</span> 
     </span>
    </p>
   </div>
   <div class='ocr_carea' id='block_1_103' title="bbox 1988 3937 3637 4017">
    <p class='ocr_par' dir='ltr' id='par_1_103' title="bbox 1988 3937 3637 4017">
     <span class='ocr_line' id='line_1_103' title="bbox 1988 3937 3637 4017; baseline -0.006 -16"><span class='ocrx_word' id='word_1_748' title='bbox 1988 3961 2232 4017; x_wconf 87' lang='lat' dir='ltr'>ramque</span> <span class='ocrx_word' id='word_1_749' title='bbox 2289 3945 2498 4000; x_wconf 88' lang='lat' dir='ltr'>deinde</span> <span class='ocrx_word' id='word_1_750' title='bbox 2556 3940 2898 4013; x_wconf 90' lang='lat' dir='ltr'>corrumpit.</span> <span class='ocrx_word' id='word_1_751' title='bbox 2978 3940 3091 3995; x_wconf 88' lang='lat' dir='ltr'>Nec</span> <span class='ocrx_word' id='word_1_752' title='bbox 3160 3940 3359 3995; x_wconf 90' lang='lat' dir='ltr'>minus</span> <span class='ocrx_word' id='word_1_753' title='bbox 3421 3937 3637 3993; x_wconf 87' lang='lat' dir='ltr'>erravit</span> 
     </span>
    </p>
   </div>
   <div class='ocr_carea' id='block_1_104' title="bbox 1988 4027 3636 4106">
    <p class='ocr_par' dir='ltr' id='par_1_104' title="bbox 1988 4027 3636 4106">
     <span class='ocr_line' id='line_1_104' title="bbox 1988 4027 3636 4106; baseline -0.004 -16"><span class='ocrx_word' id='word_1_754' title='bbox 1988 4034 2245 4105; x_wconf 89' lang='lat' dir='ltr'>Solinus,</span> <span class='ocrx_word' id='word_1_755' title='bbox 2278 4033 2379 4106; x_wconf 89' lang='lat' dir='ltr'>qui</span> <span class='ocrx_word' id='word_1_756' title='bbox 2410 4033 2686 4089; x_wconf 88' lang='lat' dir='ltr'>similiter</span> <span class='ocrx_word' id='word_1_757' title='bbox 2728 4031 2888 4086; x_wconf 90' lang='lat' dir='ltr'>hunc</span> <span class='ocrx_word' id='word_1_758' title='bbox 2945 4029 3157 4085; x_wconf 82' lang='lat' dir='ltr'>divinae</span> <span class='ocrx_word' id='word_1_759' title='bbox 3197 4028 3466 4085; x_wconf 64' lang='lat' dir='ltr'>vindicta;</span> <span class='ocrx_word' id='word_1_760' title='bbox 3498 4027 3636 4083; x_wconf 73' lang='lat' dir='ltr'>effe-</span> 
     </span>
    </p>
   </div>
   <div class='ocr_carea' id='block_1_105' title="bbox 1989 4113 3636 4192">
    <p class='ocr_par' dir='ltr' id='par_1_105' title="bbox 1989 4113 3636 4192">
     <span class='ocr_line' id='line_1_105' title="bbox 1989 4113 3636 4192; baseline -0.004 -13"><span class='ocrx_word' id='word_1_761' title='bbox 1989 4127 2147 4191; x_wconf 86' lang='lat' dir='ltr'>ctum</span> <span class='ocrx_word' id='word_1_762' title='bbox 2182 4122 2290 4179; x_wconf 92' lang='lat' dir='ltr'>soli</span> <span class='ocrx_word' id='word_1_763' title='bbox 2321 4122 2502 4178; x_wconf 90' lang='lat' dir='ltr'>tribui</span> <span class='ocrx_word' id='word_1_764' title='bbox 2560 4120 2807 4192; x_wconf 83' lang='lat' dir='ltr'>caelesti,</span> <span class='ocrx_word' id='word_1_765' title='bbox 2841 4136 2956 4192; x_wconf 89' lang='lat' dir='ltr'>quo</span> <span class='ocrx_word' id='word_1_766' title='bbox 2987 4122 3205 4175; x_wconf 91' lang='lat' dir='ltr'>terram</span> <span class='ocrx_word' id='word_1_767' title='bbox 3236 4113 3388 4173; x_wconf 87' lang='lat' dir='ltr'>hanc</span> <span class='ocrx_word' id='word_1_768' title='bbox 3417 4120 3636 4173; x_wconf 87' lang='lat' dir='ltr'>tactam</span> 
     </span>
    </p>
   </div>
   <div class='ocr_carea' id='block_1_106' title="bbox 1986 4206 3639 4281">
    <p class='ocr_par' dir='ltr' id='par_1_106' title="bbox 1986 4206 3639 4281">
     <span class='ocr_line' id='line_1_106' title="bbox 1986 4206 3639 4281; baseline -0.004 -14"><span class='ocrx_word' id='word_1_769' title='bbox 1986 4213 2168 4269; x_wconf 86' lang='lat' dir='ltr'>fuisse</span> <span class='ocrx_word' id='word_1_770' title='bbox 2199 4213 2282 4269; x_wconf 91' lang='lat' dir='ltr'>sic</span> <span class='ocrx_word' id='word_1_771' title='bbox 2314 4214 2549 4268; x_wconf 90' lang='lat' dir='ltr'>enarrat</span> <span class='ocrx_word' id='word_1_772' title='bbox 2581 4229 2593 4268; x_wconf 92' lang='lat'>:</span> <span class='ocrx_word' id='word_1_773' title='bbox 2632 4234 2659 4260; x_wconf 86' lang='lat'><strong>«</strong></span> <span class='ocrx_word' id='word_1_774' title='bbox 2696 4209 2890 4281; x_wconf 84' lang='lat' dir='ltr'>Longo</span> <span class='ocrx_word' id='word_1_775' title='bbox 2950 4208 3022 4265; x_wconf 91' lang='lat' dir='ltr'>ab</span> <span class='ocrx_word' id='word_1_776' title='bbox 3081 4206 3497 4279; x_wconf 84' lang='lat' dir='ltr'>Hierosolymis</span> <span class='ocrx_word' id='word_1_777' title='bbox 3549 4223 3639 4262; x_wconf 80' lang='lat' dir='ltr'>re-</span> 
     </span>
    </p>
   </div>
   <div class='ocr_carea' id='block_1_107' title="bbox 1987 4295 3639 4371">
    <p class='ocr_par' dir='ltr' id='par_1_107' title="bbox 1987 4295 3639 4371">
     <span class='ocr_line' id='line_1_107' title="bbox 1987 4295 3639 4371; baseline -0.004 -13"><span class='ocrx_word' id='word_1_778' title='bbox 1987 4318 2179 4371; x_wconf 89' lang='lat' dir='ltr'>cessu,</span> <span class='ocrx_word' id='word_1_779' title='bbox 2210 4301 2400 4357; x_wconf 88' lang='lat' dir='ltr'>tristis</span> <span class='ocrx_word' id='word_1_780' title='bbox 2433 4301 2600 4356; x_wconf 89' lang='lat' dir='ltr'>sinus</span> <span class='ocrx_word' id='word_1_781' title='bbox 2632 4297 3116 4371; x_wconf 89' lang='lat' dir='ltr'>panditur,quem</span> <span class='ocrx_word' id='word_1_782' title='bbox 3142 4297 3212 4352; x_wconf 92' lang='lat' dir='ltr'>de</span> <span class='ocrx_word' id='word_1_783' title='bbox 3244 4295 3386 4352; x_wconf 76' lang='lat' dir='ltr'>cmlo</span> <span class='ocrx_word' id='word_1_784' title='bbox 3415 4299 3639 4351; x_wconf 88' lang='lat' dir='ltr'>tactum</span> 
     </span>
    </p>
   </div>
   <div class='ocr_carea' id='block_1_108' title="bbox 1986 4383 3639 4459">
    <p class='ocr_par' dir='ltr' id='par_1_108' title="bbox 1986 4383 3639 4459">
     <span class='ocr_line' id='line_1_108' title="bbox 1986 4383 3639 4459; baseline -0.003 -14"><span class='ocrx_word' id='word_1_785' title='bbox 1986 4393 2235 4446; x_wconf 90' lang='lat' dir='ltr'>testatur</span> <span class='ocrx_word' id='word_1_786' title='bbox 2262 4389 2483 4445; x_wconf 91' lang='lat' dir='ltr'>humus</span> <span class='ocrx_word' id='word_1_787' title='bbox 2517 4388 2704 4459; x_wconf 90' lang='lat' dir='ltr'>nigra,</span> <span class='ocrx_word' id='word_1_788' title='bbox 2738 4390 2795 4442; x_wconf 90' lang='lat' dir='ltr'>et</span> <span class='ocrx_word' id='word_1_789' title='bbox 2860 4386 2918 4441; x_wconf 90' lang='lat' dir='ltr'>in</span> <span class='ocrx_word' id='word_1_790' title='bbox 2952 4385 3208 4442; x_wconf 90' lang='lat' dir='ltr'>cinerem</span> <span class='ocrx_word' id='word_1_791' title='bbox 3254 4383 3465 4440; x_wconf 87' lang='lat' dir='ltr'>soluta.</span> <span class='ocrx_word' id='word_1_792' title='bbox 3512 4384 3639 4440; x_wconf 91' lang='lat' dir='ltr'>Duo</span> 
     </span>
    </p>
   </div>
   <div class='ocr_carea' id='block_1_109' title="bbox 1988 4472 3637 4552">
    <p class='ocr_par' dir='ltr' id='par_1_109' title="bbox 1988 4472 3637 4552">
     <span class='ocr_line' id='line_1_109' title="bbox 1988 4472 3637 4552; baseline -0.005 -17"><span class='ocrx_word' id='word_1_793' title='bbox 1988 4480 2068 4535; x_wconf 91' lang='lat' dir='ltr'>ibi</span> <span class='ocrx_word' id='word_1_794' title='bbox 2091 4479 2306 4552; x_wconf 84' lang='lat' dir='ltr'>Oppida</span> <span class='ocrx_word' id='word_1_795' title='bbox 2335 4479 2653 4535; x_wconf 92' lang='lat' dir='ltr'>Sodomum</span> <span class='ocrx_word' id='word_1_796' title='bbox 2688 4474 3077 4543; x_wconf 90' lang='lat' dir='ltr'>nominatum,</span> <span class='ocrx_word' id='word_1_797' title='bbox 3111 4472 3359 4530; x_wconf 88' lang='lat' dir='ltr'>alterum</span> <span class='ocrx_word' id='word_1_798' title='bbox 3390 4475 3637 4527; x_wconf 90' lang='lat' dir='ltr'>Gomor-</span> 
     </span>
    </p>
   </div>
   <div class='ocr_carea' id='block_1_110' title="bbox 1988 4559 3637 4641">
    <p class='ocr_par' dir='ltr' id='par_1_110' title="bbox 1988 4559 3637 4641">
     <span class='ocr_line' id='line_1_110' title="bbox 1988 4559 3637 4641; baseline -0.004 -17"><span class='ocrx_word' id='word_1_799' title='bbox 1988 4568 2347 4641; x_wconf 89' lang='lat' dir='ltr'>rhum,apud</span> <span class='ocrx_word' id='word_1_800' title='bbox 2375 4584 2503 4640; x_wconf 66' lang='lat' dir='ltr'>quae</span> <span class='ocrx_word' id='word_1_801' title='bbox 2531 4581 2770 4638; x_wconf 88' lang='lat' dir='ltr'>pomum</span> <span class='ocrx_word' id='word_1_802' title='bbox 2793 4563 2948 4635; x_wconf 92' lang='lat' dir='ltr'>quod</span> <span class='ocrx_word' id='word_1_803' title='bbox 2978 4561 3479 4635; x_wconf 87' lang='lat' dir='ltr'>gignitur,habeat</span> <span class='ocrx_word' id='word_1_804' title='bbox 3500 4559 3637 4617; x_wconf 90' lang='lat' dir='ltr'>licet</span> 
     </span>
    </p>
   </div>
   <div class='ocr_carea' id='block_1_111' title="bbox 1985 4652 3630 4731">
    <p class='ocr_par' dir='ltr' id='par_1_111' title="bbox 1985 4652 3630 4731">
     <span class='ocr_line' id='line_1_111' title="bbox 1985 4652 3630 4731; baseline -0.006 -16"><span class='ocrx_word' id='word_1_805' title='bbox 1985 4659 2241 4731; x_wconf 87' lang='lat' dir='ltr'>speciem</span> <span class='ocrx_word' id='word_1_806' title='bbox 2301 4655 2680 4722; x_wconf 89' lang='lat' dir='ltr'>maturitatis,</span> <span class='ocrx_word' id='word_1_807' title='bbox 2742 4652 2943 4708; x_wconf 87' lang='lat' dir='ltr'>mandi</span> <span class='ocrx_word' id='word_1_808' title='bbox 3008 4657 3198 4707; x_wconf 88' lang='lat' dir='ltr'>tamen</span> <span class='ocrx_word' id='word_1_809' title='bbox 3250 4667 3363 4705; x_wconf 90' lang='lat' dir='ltr'>non</span> <span class='ocrx_word' id='word_1_810' title='bbox 3420 4654 3630 4723; x_wconf 88' lang='lat' dir='ltr'>potest,</span> 
     </span>
    </p>
   </div>
   <div class='ocr_carea' id='block_1_112' title="bbox 1988 4740 3631 4820">
    <p class='ocr_par' dir='ltr' id='par_1_112' title="bbox 1988 4740 3631 4820">
     <span class='ocr_line' id='line_1_112' title="bbox 1988 4740 3631 4820; baseline -0.006 -16"><span class='ocrx_word' id='word_1_811' title='bbox 1988 4748 2292 4820; x_wconf 92' lang='lat' dir='ltr'>fuliginem</span> <span class='ocrx_word' id='word_1_812' title='bbox 2325 4746 2677 4802; x_wconf 89' lang='lat' dir='ltr'>intrinsecus</span> <span class='ocrx_word' id='word_1_813' title='bbox 2738 4740 3082 4798; x_wconf 89' lang='lat' dir='ltr'>favillaciam</span> <span class='ocrx_word' id='word_1_814' title='bbox 3128 4740 3369 4796; x_wconf 89' lang='lat' dir='ltr'>ambitio</span> <span class='ocrx_word' id='word_1_815' title='bbox 3400 4743 3631 4794; x_wconf 89' lang='lat' dir='ltr'>tantum</span> 
     </span>
    </p>
   </div>
   <div class='ocr_carea' id='block_1_113' title="bbox 1985 4829 3628 4904">
    <p class='ocr_par' dir='ltr' id='par_1_113' title="bbox 1985 4829 3628 4904">
     <span class='ocr_line' id='line_1_113' title="bbox 1985 4829 3628 4904; baseline -0.007 -9"><span class='ocrx_word' id='word_1_816' title='bbox 1985 4838 2211 4895; x_wconf 72' lang='lat' dir='ltr'>extimae</span> <span class='ocrx_word' id='word_1_817' title='bbox 2235 4836 2383 4893; x_wconf 88' lang='lat' dir='ltr'>cutis</span> <span class='ocrx_word' id='word_1_818' title='bbox 2402 4834 2657 4900; x_wconf 89' lang='lat' dir='ltr'>cohibet,</span> <span class='ocrx_word' id='word_1_819' title='bbox 2691 4849 2841 4904; x_wconf 80' lang='lat' dir='ltr'>quae,</span> <span class='ocrx_word' id='word_1_820' title='bbox 2897 4830 2986 4886; x_wconf 89' lang='lat' dir='ltr'>vel</span> <span class='ocrx_word' id='word_1_821' title='bbox 3045 4829 3155 4885; x_wconf 91' lang='lat' dir='ltr'>levi</span> <span class='ocrx_word' id='word_1_822' title='bbox 3215 4846 3418 4902; x_wconf 90' lang='lat' dir='ltr'>pressa</span> <span class='ocrx_word' id='word_1_823' title='bbox 3448 4833 3628 4898; x_wconf 91' lang='lat' dir='ltr'>tactu,</span> 
     </span>
    </p>
   </div>
   <div class='ocr_carea' id='block_1_114' title="bbox 1986 4918 3632 4991">
    <p class='ocr_par' dir='ltr' id='par_1_114' title="bbox 1986 4918 3632 4991">
     <span class='ocr_line' id='line_1_114' title="bbox 1986 4918 3632 4991; baseline -0.009 -8"><span class='ocrx_word' id='word_1_824' title='bbox 1986 4928 2211 4983; x_wconf 86' lang='lat' dir='ltr'>fumum</span> <span class='ocrx_word' id='word_1_825' title='bbox 2243 4924 2474 4983; x_wconf 81' lang='lat' dir='ltr'>exhalat</span> <span class='ocrx_word' id='word_1_826' title='bbox 2502 4928 2559 4980; x_wconf 91' lang='lat' dir='ltr'>et</span> <span class='ocrx_word' id='word_1_827' title='bbox 2613 4921 2832 4979; x_wconf 88' lang='lat' dir='ltr'>fatiscit</span> <span class='ocrx_word' id='word_1_828' title='bbox 2891 4921 2949 4975; x_wconf 89' lang='lat' dir='ltr'>in</span> <span class='ocrx_word' id='word_1_829' title='bbox 3007 4934 3224 4991; x_wconf 88' lang='lat' dir='ltr'>vagum</span> <span class='ocrx_word' id='word_1_830' title='bbox 3280 4918 3632 4991; x_wconf 84' lang='lat' dir='ltr'>pulverem»</span> 
     </span>
    </p>
   </div>
   <div class='ocr_carea' id='block_1_115' title="bbox 1985 5012 3118 5091">
    <p class='ocr_par' dir='ltr' id='par_1_115' title="bbox 1985 5012 3118 5091">
     <span class='ocr_line' id='line_1_115' title="bbox 1985 5012 3118 5091; baseline -0.01 -16"><span class='ocrx_word' id='word_1_831' title='bbox 1985 5018 2191 5091; x_wconf 89' lang='lat' dir='ltr'>(Solin.</span> <span class='ocrx_word' id='word_1_832' title='bbox 2230 5017 2525 5090; x_wconf 68' lang='lat' dir='ltr'>Polyhist,</span> <span class='ocrx_word' id='word_1_833' title='bbox 2557 5031 2686 5086; x_wconf 90' lang='lat' dir='ltr'>cap.</span> <span class='ocrx_word' id='word_1_834' title='bbox 2718 5012 2810 5082; x_wconf 87' lang='lat'>35,</span> <span class='ocrx_word' id='word_1_835' title='bbox 2840 5027 2974 5084; x_wconf 89' lang='lat' dir='ltr'>pag.</span> <span class='ocrx_word' id='word_1_836' title='bbox 3008 5012 3118 5082; x_wconf 87' lang='lat'>65).</span> 
     </span>
    </p>
   </div>
   <div class='ocr_carea' id='block_1_116' title="bbox 2058 5135 3639 5199">
    <p class='ocr_par' dir='ltr' id='par_1_116' title="bbox 2058 5135 3639 5199">
     <span class='ocr_line' id='line_1_116' title="bbox 2058 5135 3639 5199; baseline -0.005 0"><span class='ocrx_word' id='word_1_837' title='bbox 2058 5144 2264 5199; x_wconf 74' lang='lat'>1073</span> <span class='ocrx_word' id='word_1_838' title='bbox 2297 5143 2502 5197; x_wconf 89' lang='lat' dir='ltr'>Postea</span> <span class='ocrx_word' id='word_1_839' title='bbox 2523 5155 2655 5193; x_wconf 91' lang='lat' dir='ltr'>vero</span> <span class='ocrx_word' id='word_1_840' title='bbox 2679 5135 3081 5193; x_wconf 88' lang='lat' dir='ltr'>Tertullianus</span> <span class='ocrx_word' id='word_1_841' title='bbox 3115 5152 3127 5189; x_wconf 89' lang='lat'><strong>:</strong></span> <span class='ocrx_word' id='word_1_842' title='bbox 3162 5158 3187 5184; x_wconf 92' lang='grc'>‹‹</span> <span class='ocrx_word' id='word_1_843' title='bbox 3218 5135 3329 5190; x_wconf 88' lang='lat' dir='ltr'>Sed</span> <span class='ocrx_word' id='word_1_844' title='bbox 3362 5150 3467 5191; x_wconf 91' lang='lat' dir='ltr'>nec</span> <span class='ocrx_word' id='word_1_845' title='bbox 3496 5136 3639 5192; x_wconf 87' lang='lat' dir='ltr'>Tus-</span> 
     </span>
    </p>
   </div>
   <div class='ocr_carea' id='block_1_117' title="bbox 1987 5224 3634 5307">
    <p class='ocr_par' dir='ltr' id='par_1_117' title="bbox 1987 5224 3634 5307">
     <span class='ocr_line' id='line_1_117' title="bbox 1987 5224 3634 5307; baseline -0.005 -16"><span class='ocrx_word' id='word_1_846' title='bbox 1987 5234 2097 5305; x_wconf 90' lang='lat' dir='ltr'>cia,</span> <span class='ocrx_word' id='word_1_847' title='bbox 2122 5234 2336 5307; x_wconf 89' lang='lat' dir='ltr'>inquit,</span> <span class='ocrx_word' id='word_1_848' title='bbox 2355 5234 2481 5304; x_wconf 90' lang='lat' dir='ltr'>jam</span> <span class='ocrx_word' id='word_1_849' title='bbox 2512 5234 2653 5285; x_wconf 89' lang='lat' dir='ltr'>tunc</span> <span class='ocrx_word' id='word_1_850' title='bbox 2679 5232 2854 5298; x_wconf 89' lang='lat' dir='ltr'>atque</span> <span class='ocrx_word' id='word_1_851' title='bbox 2882 5225 3201 5296; x_wconf 89' lang='lat' dir='ltr'>Campania</span> <span class='ocrx_word' id='word_1_852' title='bbox 3257 5226 3328 5280; x_wconf 92' lang='lat' dir='ltr'>de</span> <span class='ocrx_word' id='word_1_853' title='bbox 3359 5224 3634 5282; x_wconf 83' lang='lat' dir='ltr'>Christia-</span> 
     </span>
    </p>
   </div>
   <div class='ocr_carea' id='block_1_118' title="bbox 1988 5313 3634 5396">
    <p class='ocr_par' dir='ltr' id='par_1_118' title="bbox 1988 5313 3634 5396">
     <span class='ocr_line' id='line_1_118' title="bbox 1988 5313 3634 5396; baseline -0.005 -17"><span class='ocrx_word' id='word_1_854' title='bbox 1988 5324 2079 5379; x_wconf 89' lang='lat' dir='ltr'>nis</span> <span class='ocrx_word' id='word_1_855' title='bbox 2110 5322 2485 5396; x_wconf 88' lang='lat' dir='ltr'>querebatur,</span> <span class='ocrx_word' id='word_1_856' title='bbox 2516 5315 2979 5374; x_wconf 89' lang='lat' dir='ltr'>cum.Vulsinios</span> <span class='ocrx_word' id='word_1_857' title='bbox 3028 5315 3098 5368; x_wconf 92' lang='lat' dir='ltr'>de</span> <span class='ocrx_word' id='word_1_858' title='bbox 3129 5313 3295 5382; x_wconf 87' lang='lat' dir='ltr'>coelo,</span> <span class='ocrx_word' id='word_1_859' title='bbox 3328 5315 3634 5386; x_wconf 89' lang='lat' dir='ltr'>Pompeios</span> 
     </span>
    </p>
   </div>
   <div class='ocr_carea' id='block_1_119' title="bbox 1987 5402 3629 5481">
    <p class='ocr_par' dir='ltr' id='par_1_119' title="bbox 1987 5402 3629 5481">
     <span class='ocr_line' id='line_1_119' title="bbox 1987 5402 3629 5481; baseline -0.004 -13"><span class='ocrx_word' id='word_1_860' title='bbox 1987 5417 2057 5468; x_wconf 90' lang='lat' dir='ltr'>de</span> <span class='ocrx_word' id='word_1_861' title='bbox 2089 5430 2195 5470; x_wconf 91' lang='lat' dir='ltr'>suo</span> <span class='ocrx_word' id='word_1_862' title='bbox 2254 5417 2450 5468; x_wconf 87' lang='lat' dir='ltr'>monte</span> <span class='ocrx_word' id='word_1_863' title='bbox 2505 5405 2757 5481; x_wconf 88' lang='lat' dir='ltr'>perfudit</span> <span class='ocrx_word' id='word_1_864' title='bbox 2814 5404 2970 5476; x_wconf 89' lang='lat' dir='ltr'>ignis</span> <span class='ocrx_word' id='word_1_865' title='bbox 2995 5423 3018 5454; x_wconf 67' lang='grc' dir='ltr'><strong>υ</strong></span> <span class='ocrx_word' id='word_1_866' title='bbox 3054 5402 3317 5475; x_wconf 89' lang='lat' dir='ltr'>(Tertull.</span> <span class='ocrx_word' id='word_1_867' title='bbox 3358 5405 3629 5476; x_wconf 80' lang='lat' dir='ltr'>Apologet.</span> 
     </span>
    </p>
   </div>
   <div class='ocr_carea' id='block_1_120' title="bbox 1985 5491 3625 5574">
    <p class='ocr_par' dir='ltr' id='par_1_120' title="bbox 1985 5491 3625 5574">
     <span class='ocr_line' id='line_1_120' title="bbox 1985 5491 3625 5574; baseline -0.004 -17"><span class='ocrx_word' id='word_1_868' title='bbox 1985 5518 2112 5573; x_wconf 90' lang='lat' dir='ltr'>cap.</span> <span class='ocrx_word' id='word_1_869' title='bbox 2146 5504 2234 5573; x_wconf 83' lang='grc'>40,</span> <span class='ocrx_word' id='word_1_870' title='bbox 2285 5520 2342 5574; x_wconf 92' lang='lat' dir='ltr'>p.</span> <span class='ocrx_word' id='word_1_871' title='bbox 2411 5500 2555 5571; x_wconf 68' lang='lat'>485).</span> <span class='ocrx_word' id='word_1_872' title='bbox 2608 5498 2832 5552; x_wconf 84' lang='lat' dir='ltr'>Rursus</span> <span class='ocrx_word' id='word_1_873' title='bbox 2890 5496 3085 5547; x_wconf 89' lang='lat' dir='ltr'>autem</span> <span class='ocrx_word' id='word_1_874' title='bbox 3142 5491 3256 5547; x_wconf 90' lang='lat' dir='ltr'>alio</span> <span class='ocrx_word' id='word_1_875' title='bbox 3316 5493 3375 5548; x_wconf 90' lang='lat' dir='ltr'>in</span> <span class='ocrx_word' id='word_1_876' title='bbox 3432 5492 3625 5551; x_wconf 87' lang='lat' dir='ltr'>libro:</span> 
     </span>
    </p>
   </div>
   <div class='ocr_carea' id='block_1_121' title="bbox 1990 5581 3625 5663">
    <p class='ocr_par' dir='ltr' id='par_1_121' title="bbox 1990 5581 3625 5663">
     <span class='ocr_line' id='line_1_121' title="bbox 1990 5581 3625 5663; baseline -0.005 -17"><span class='ocrx_word' id='word_1_877' title='bbox 1990 5614 2009 5641; x_wconf 72' lang='grc' dir='ltr'>α</span> <span class='ocrx_word' id='word_1_878' title='bbox 2044 5591 2123 5647; x_wconf 84' lang='lat' dir='ltr'><strong>Ex</strong></span> <span class='ocrx_word' id='word_1_879' title='bbox 2152 5590 2497 5663; x_wconf 86' lang='lat' dir='ltr'>hujusmodi</span> <span class='ocrx_word' id='word_1_880' title='bbox 2537 5587 2823 5655; x_wconf 79' lang='lat' dir='ltr'>nubilo,et</span> <span class='ocrx_word' id='word_1_881' title='bbox 2853 5583 3066 5639; x_wconf 83' lang='lat' dir='ltr'>Tuscia</span> <span class='ocrx_word' id='word_1_882' title='bbox 3098 5581 3391 5641; x_wconf 89' lang='lat' dir='ltr'>Vulsinios</span> <span class='ocrx_word' id='word_1_883' title='bbox 3422 5584 3625 5655; x_wconf 86' lang='lat' dir='ltr'>pristi-</span> 
     </span>
    </p>
   </div>
   <div class='ocr_carea' id='block_1_122' title="bbox 1983 5673 3625 5756">
    <p class='ocr_par' dir='ltr' id='par_1_122' title="bbox 1983 5673 3625 5756">
     <span class='ocr_line' id='line_1_122' title="bbox 1983 5673 3625 5756; baseline -0.004 -17"><span class='ocrx_word' id='word_1_884' title='bbox 1983 5699 2091 5740; x_wconf 88' lang='lat' dir='ltr'>nos</span> <span class='ocrx_word' id='word_1_885' title='bbox 2122 5683 2469 5756; x_wconf 87' lang='lat' dir='ltr'>deusta,quo</span> <span class='ocrx_word' id='word_1_886' title='bbox 2501 5679 2689 5751; x_wconf 81' lang='lat' dir='ltr'>magis</span> <span class='ocrx_word' id='word_1_887' title='bbox 2719 5677 2789 5733; x_wconf 90' lang='lat' dir='ltr'>de</span> <span class='ocrx_word' id='word_1_888' title='bbox 2819 5673 3120 5731; x_wconf 90' lang='lat' dir='ltr'>montibus</span> <span class='ocrx_word' id='word_1_889' title='bbox 3151 5674 3275 5732; x_wconf 88' lang='lat' dir='ltr'>suis</span> <span class='ocrx_word' id='word_1_890' title='bbox 3304 5675 3625 5749; x_wconf 85' lang='lat' dir='ltr'>Campania</span> 
     </span>
    </p>
   </div>
  </div>
