4162 6438
539 356 692 419 “71

543 489 756 561 speret,
790 489 987 558 erepta
1016 483 1320 555 Pompeios
1356 504 1376 533 ι
1413 481 1502 554 (de
1545 479 1754 551 Pallio,
1800 482 2026 550 cap.2).
2068 477 2176 531 Sed
2207 479 2262 543 Α

542 575 665 633 hac
695 573 1036 632 difﬁcultate
1063 589 1170 629 sua
1199 589 1313 628 non
1345 575 1565 627 carent.
1600 570 1746 625 Nam
1797 568 1855 622 in
1912 567 2062 622 libro
2119 565 2186 620 ad

1047 351 1572 415 TERTULLIANI
1617 346 1939 410 OPERUM
1983 346 2182 406 PARS
2227 345 2278 406 Ῑ.
2320 377 2396 388 --
2440 341 2713 404 SERIES
2756 341 2806 412 Ῑ,
2852 337 3418 400 APOLOGETICA.

3784 331 3953 390 {4.72

2396 475 2495 518 Aut
2525 471 2692 528 positis
2716 479 2974 516 nemorosa
3000 469 3121 512 inter
3135 467 3256 524 juga
3274 465 3517 511 Volsiniis.

3041 537 3270 593 (Juvenal.
3301 536 3432 582 satir.
3462 536 3502 588 3,
3527 546 3574 579 v.
3612 533 3728 586 181.)

540 666 801 722 Nationes
832 662 1122 736 legimus:
1157 683 1185 712 «
1218 659 1520 715 Vulsinios
1569 660 1639 713 de
1686 656 1850 723 ccelo,
1908 654 2187 726 Tarpeios
2297 651 2588 722 Oppidum
2622 649 3068 706 autemillorum
3094 647 3424 736 aStrabone
3442 642 3778 736 appellatur
3801 636 3958 695 Οὐλο

546 755 616 810 de
647 769 752 809 suo
785 755 984 808 monte
1021 749 1274 822 perfudit
1304 749 1458 821 ignis
1481 770 1508 797 ››
1539 748 1744 819 (Idem,
1777 745 1878 800 lib.
1912 761 1930 798 ι
1970 743 2040 797 ad
2077 743 2188 797 Na-

2297 739 2464 792 σίνιον
2507 742 2689 811 quod,
2724 741 2877 794 sicut
2908 738 2990 793 ait
3019 735 3434 802 Tertullianus,
3468 735 3600 803 igne
3633 731 3953 802 perfusum

545 843 686 910 tion,
715 858 844 913 cap.
879 841 936 911 9,
970 816 1100 912 pag.
1138 839 1251 909 54).
1290 816 1395 904 Qui
1427 816 1583 892 enim
1608 835 1688 890 ibi
1723 834 1962 905 Tarpeii,
2019 831 2076 886 hi
2132 830 2190 884 in
2300 828 2393 884 his
2426 827 2651 882 Plinius
2682 828 3043 896 totidemque
3097 825 3618 913 verbis‘memorat
3649 836 3662 874 :
3707 841 3733 871 ιι
3763 816 3965 913 Volsi-

547 929 678 988 aliis
709 929 939 984 duobus
970 925 1135 981 libris
1163 926 1410 997 Pompeii
1448 926 1730 979 vocantur
1762 918 2031 986 :tametsi
2051 917 2191 973 Ter-

548 1017 836 1075 tullianus
864 1016 1132 1072 videatur
1150 1015 1221 1069 de
1251 1013 1458 1068 iisdem
1491 1010 1722 1084 populis
1755 1010 1942 1064 facere
1971 1021 2195 1062 sermo-

552 1123 709 1165 nem.
741 1111 818 1162 At
855 1103 1112 1177 Pompeii
1146 1119 1260 1158 non
1291 1119 1499 1175 parum
1543 1099 1844 1156 distabant
1870 1115 1902 1151 a
1930 1095 2196 1167 Tarpeiis

554 1197 654 1267 qui
681 1194 994 1267 Tarpeium
1053 1209 1122 1248 ex
1175 1197 1398 1264 septem
1441 1191 1634 1246 Romae
1682 1185 1982 1243 montibus
2012 1199 2196 1239 unum

552 1283 907 1342 incolebant.
939 1281 1017 1337 De
1049 1281 1160 1336 hoc
1191 1284 1388 1336 autem
1420 1283 1617 1334 monte
1664 1275 1821 1332 canit
1867 1271 2147 1345 Virgilius
2181 1285 2195 1325 :

765 1386 886 1442 Hinc
904 1385 965 1430 ad
994 1385 1246 1442 Tarpeiam
1271 1383 1441 1442 sedem
1467 1387 1515 1442 et
1561 1378 1796 1442 Capitolia
1819 1376 1966 1442 ducit,

763 1441 930 1486 Aurea
956 1431 1234 1493 nunc,‘olim
1261 1436 1585 1495 sylvestribus
1614 1431 1812 1480 b'orrids
1840 1431 2014 1477 dumis.

1388 1508 1576 1565 (Virgil.
1607 1507 1686 1552 lib.
1713 1519 1784 1554 vn
1809 1504 1992 1554 ιΕηειά.
2019 1519 2068 1552 v.
2087 1505 2202 1566 347.)

556 1594 628 1651 Et
655 1608 892 1649 rursum
923 1595 1126 1664 postea
1159 1607 1172 1647 :

773 1691 826 1733 ιιι
846 1699 1037 1734 summo
1059 1691 1223 1742 custos
1246 1685 1700 1742 Tarpeiaa_Msslius
1727 1688 1858 1733 arcis

775 1743 942 1790 Stabat
970 1753 1058 1800 pro
1083 1740 1276 1797 templo,
1304 1739 1357 1786 et
1376 1739 1604 1797 Capitolia
1621 1742 1754 1787 celsa
1780 1740 1981 1786 tenebat.

1646 1813 1777 1866 (Ibid.
1797 1812 1910 1867 652.)

634 1900 903 1957 Ovidium
933 1898 1122 1973 (Ovid.
1155 1897 1256 1956 lib.
1284 1916 1303 1955 1
1341 1903 1552 1972 Pastor,
1584 1919 1638 1957 v.
1671 1904 1764 1973 79)
1820 1902 2082 1974 aliosque
2134 1899 2194 1956 in

567 2007 631 2048 re
661 1991 805 2048 satis
835 1995 972 2047 nota
993 1990 1171 2046 citare
1200 1990 1344 2046 nihil
1369 2008 1607 2049 necesse
1635 1997 1744 2049 est.

637 2083 1049 2155 Pompeiivero
1081 2083 1360 2154 oppidum
1390 2088 1514 2139 erat
1569 2085 1628 2140 in
1689 2101 1792 2141 ora
1834 2085 2158 2158 Campaniae
2189 2101 2202 2140 :

567 2193 596 2224 «
625 2173 791 2228 Haud
825 2171 1049 2244 procul,
1084 2171 1272 2242 inquit
1305 2171 1552 2243 Plinius,
1614 2177 1952 2246 aspectante
2010 2178 2207 2229 monte

559 2261 832 2329 Vesuvio,
857 2261 1110 2317 alluente
1139 2277 1270 2316 vero
1303 2260 1488 2317 Sarno
1539 2279 1709 2318 amne
1741 2283 1769 2312 υ
1793 2262 1965 2334 (Plin.
2000 2263 2106 2318 lib.
2142 2279 2206 2318 ιιι

555 2351 753 2407 Natur.
797 2351 963 2418 Hist.,
995 2365 1121 2419 cap.
1154 2349 1208 2414 4,
1243 2366 1370 2421 pag.
1423 2351 1565 2420 3'27).
1605 2351 1788 2406 Plinio
1839 2352 2200 2423 suffragatur

554 2440 714 2496 hisce
740 2437 928 2494 verbis
976 2437 1333 2508 Pomponius
1370 2437 1518 2493 Mela
1552 2455 1564 2492 :
1624 2462 1645 2488 ε
1710 2440 1947 2494 Vesuvii
1984 2439 2204 2494 montis

559 2531 799 2600 aspectu
825 2525 1106 2597 Pompeii,
1167 2525 1462 2597 Neapolis,
1495 2526 1718 2582 Puteoli
1751 2549 1778 2578 ››
1814 2527 1963 2598 (Mel.
1995 2528 2059 2582 de
2099 2526 2206 2582 Sit.

559 2616 700 2685 orb.,
733 2615 841 2671 lib.
890 2630 952 2685 ιι,
984 2630 1111 2684 cap.
1162 2614 1214 2668 4.
1253 2615 1414 2685 §65).
1471 2615 1683 2670 Eadem
1737 2616 1913 2671 etiam
1971 2617 2208 2671 tradunt

561 2704 767 2759 Strabo
788 2702 912 2774 (lib.
945 2719 979 2757 v
1010 2703 1218 2772 Geogr.,
1264 2719 1395 2774 pag.
1427 2703 1555 2775 247)
1606 2704 1822 2776 aliique
1852 2705 2196 2777 geographi.

567 2796 784 2848 Seneca
815 2794 1010 2846 autem
1044 2806 1157 2846 non
1181 2789 1369 2846 solum
1400 2791 1580 2862 hujus
1639 2793 1801 2848 urbis
1854 2793 2054 2863 situm,
2104 2795 2205 2848 sed

568 2879 732 2936 illius
764 2894 996 2951 quoque
1041 2878 1271 2934 ruinam
1304 2878 1388 2934 sic
1439 2879 1783 2952 descripsit:
1824 2904 1844 2930 ι
1903 2881 2207 2952 Pompeios

574 2967 863 3026 celebrem
912 2967 1240 3039 Campania
1298 2968 1523 3036 urbem,
1572 2967 1630 3023 in
1662 2986 1838 3041 quam
1897 2971 1969 3024 ab
2028 2970 2209 3024 altera

568 3062 732 3130 parte
761 3055 1171 3112 Surrentinum
1193 3055 1688 3129 Sabinianumque
1708 3057 1894 3130 littus,
1928 3058 1998 3114 ab
2029 3059 2208 3114 altera

565 3145 995 3204 Herculanense
1024 3145 1397 3212 conveniunt,
1427 3163 1703 3220 mareque
1745 3165 1813 3204 ex
1842 3153 2040 3219 aperto
2069 3164 2205 3203 con-

566 3237 812 3294 ductum
844 3236 1048 3310 cingit,
1079 3199 1571 3292 desedisse'terraa
1605 3199 2022 3304 inotu,ve;atis
2055 3255 2205 3310 quaa-
2237 3199 2280 3265 α

567 3340 819 3396 cumque
849 3325 1193 3395 adjacebant
1223 3324 1581 3396 regionibus,
1603 3325 1957 3393 audivimus,
1988 3329 2045 3380 et
2075 3327 2206 3398 qui-

567 3414 702 3469 dem
733 3413 938 3469 diebus
967 3413 1229 3469 hibernis
1268 3412 1447 3469 Nonis
1503 3414 1800 3469 Februarii
1850 3417 2046 3472 motus
2092 3414 2207 3485 hic,

569 3499 789 3570 Regulo
819 3505 877 3555 et
905 3499 1167 3572 Virginio
1199 3502 1540 3558 consulibus
1571 3523 1600 3553 ››
1631 3503 1851 3572 (Senec.
1883 3501 1984 3558 lib.
2017 3519 2072 3557 v1
2097 3503 2210 3558 Na-

573 3587 742 3644 tural.
777 3588 1000 3660 Quem,
1032 3604 1158 3660 cap.
1190 3590 1241 3659 1,
1267 3590 1554 3662 pag.881).
1582 3591 2210 3648 Paucioribustandem

573 3675 766 3732 verbis
793 3676 1095 3732 Cornelius
1124 3678 1384 3747 Tacitus,
1418 3679 1518 3734 ubi
1575 3679 1646 3735 de
1703 3681 1928 3736 Nerone
1960 3681 2210 3752 impera-

576 3769 740 3821 tore:
775 3787 803 3816 «
835 3765 991 3821 Motu
1046 3772 1210 3821 terra:
1263 3767 1505 3822 celebre.
1559 3769 1884 3840 Campania;
1931 3771 2212 3842 oppidum

576 3855 838 3928 Pompeii
870 3872 1083 3928 magna
1103 3873 1168 3912 ex
1204 3862 1368 3929 parte
1399 3859 1667 3930 proruit»
1723 3861 1928 3932 (Tacit.
1986 3861 2089 3916 lib.
2145 3877 2215 3915 xv

575 3944 802 4014 Annal.,
835 3944 990 4017 long.
1020 3945 1559 4016 postinit.).Verum
1591 3947 1711 4004 hac
1742 3966 1856 4004 non
1883 3949 2054 4022 plane
2075 3966 2215 4004 con-

577 4033 802 4089 ducunt
817 4033 891 4089 ad
921 4033 1260 4090 Tertulliani
1294 4035 1681 4107 propositum,
1711 4038 1810 4110 qui
1844 4038 2020 4110 hujus
2054 4037 2216 4093 urbis

576 4121 866 4178 excidium
899 4139 1014 4178 non
1045 4127 1211 4178 terrae
1242 4130 1424 4195 motu,
1457 4126 1557 4180 sed
1589 4125 1723 4198 igne
1755 4146 1768 4194 ;
1803 4145 1907 4183 nec
1939 4131 2218 4199 regnante

577 4210 822 4280 Nerone,
854 4212 955 4268 sed
995 4216 1128 4268 ante
1159 4214 1369 4269 Christi
1400 4219 1664 4286 tempora
1715 4217 2030 4289 contigisse
2056 4233 2217 4272 asse~

579 4300 1046 4374 rit.Quapropter
1090 4301 1140 4357 si
1171 4303 1311 4375 quid
1343 4303 1508 4358 illum
1539 4321 1652 4360 non
1680 4305 1750 4360 de
1780 4305 1888 4361 hoc
1922 4305 2219 4378 Pompeio-

582 4405 714 4445 rum
749 4390 982 4462 oppido,
1042 4391 1142 4446 sed
1199 4391 1272 4448 de
1321 4391 1566 4464 Tarpeia
1610 4409 1761 4464 arce,
1821 4394 2037 4450 caelesti
2087 4394 2220 4466 igne

582 4493 802 4544 eversa,
837 4477 1098 4535 locutum
1129 4495 1258 4536 esse
1284 4481 1789 4549 demonstraverit,
1823 4500 1938 4539 non
1964 4482 2220 4538 multum

2304 917 2382 972 nii
2411 917 2689 988 oppidum
2713 917 3036 970 Tuscorum
3058 911 3492 967 nobilissimum
3507 911 3963 965 concrematum

2303 1011 2391 1061 est
2421 1005 2684 1060 fulmine.
2719 1028 2745 1054 η
2777 1003 2946 1072 (Plin.
2996 1002 3098 1056 lib.
3153 1017 3193 1056 ιι
3243 1005 3441 1057 Natur.
3478 1003 3648 1066 Hist,
3691 1012 3828 1066 cap.
3861 993 3964 1058 52,

2305 1110 2436 1166 pag.
2467 1095 2616 1164 207).
2648 1094 2824 1148 Tacet
2854 1097 3047 1146 tamen
3076 1090 3157 1145 ibi
3187 1107 3303 1161 quo
3360 1094 3621 1160 tempore
3676 1085 3735 1139 id
3769 1083 3967 1138 conti-

2307 1186 2501 1257 gerit:
2561 1184 2658 1238 sed
2724 1199 3066 1253 persuasum
3130 1179 3394 1251 plerique
3468 1192 3672 1233 omnes
3729 1173 3966 1227 habent

2307 1277 2623 1342 utrumque
2653 1272 2722 1325 dc
2744 1271 2944 1325 eodem
2984 1269 3427 1340 intelligendum
3461 1263 3756 1331 incendio,
3791 1259 3962 1332 quod

2309 1366 2442 1417 ante
2471 1366 2628 1416 ortos
2648 1359 3009 1414 Christianos
3043 1358 3303 1428 contigit.

2382 1451 2566 1504 Instat
2596 1448 2787 1504 adhuc
2817 1444 3470 1516 Tertullianus,alioque
3501 1441 3966 1498 notissimoum-

2311 1538 2486 1593 nibus
2517 1537 2776 1607 exemplo
2797 1536 3060 1592 ethnicos
3099 1536 3183 1590 sic
3213 1539 3380 1606 urget
3415 1551 3427 1588 :
3465 1554 3488 1583 α
3547 1531 3728 1587 Nemo
3757 1529 3966 1583 adhuc

2313 1627 2508 1682 Romae
2527 1627 2709 1682 Deum
2741 1641 2940 1681 verum
2974 1624 3273 1688 adorabat,
3332 1639 3465 1677 cum
3506 1617 3760 1674 Annibal
3796 1616 3964 1687 apud

2313 1719 2540 1772 Cannas
2571 1732 2671 1788 per
2709 1719 2999 1770 Romanos
3029 1713 3278 1768 annulos
3327 1711 3512 1765 caedes
3571 1724 3711 1764 suas
3760 1704 3967 1760 medio

2237 1804 2707 1902 Bmetiebaturu
2759 1801 3022 1872 (Tertull.
3081 1801 3386 1900 Apologet.,
3445 1815 3493 1852 c.
3546 1797 3632 1865 40,
3691 1812 3750 1902 ρ..
3811 1793 3968 1858 435).

2316 1894 2488 1950 Eccui
2519 1894 2673 1949 enim
2705 1893 2900 1958 ignota
2927 1896 3016 1948 est
3044 1891 3365 1946 Cannensis
3387 1890 3746 1961 pugna,post
3775 1901 3850 1954 qu
3867 1899 3968 1936 am

2311 1984 2495 2039 victor
2521 1981 2792 2049 Annibal,
2826 1982 2910 2036 uti
2942 1986 3140 2036 narrat
3175 1980 3392 2045 Livius,
3425 2000 3454 2026 ‹‹
3495 1975 3712 2032 effundi
3748 1974 3809 2027 in
3858 1987 3972 2027 ve-

2314 2071 2531 2128 stibulo
2555 2071 2728 2126 curias
2773 2071 2955 2142 jussit
3011 2067 3262 2124 annulos
3312 2083 3541 2128 aureos,
3594 2063 3698 2135 qui
3755 2065 3975 2116 tantus

2315 2177 2556 2217 acervus
2587 2159 2710 2224 luit,
2736 2164 2800 2213 ut
2825 2158 3202 2213 metientibus
3263 2154 3574 2210 dimidium
3635 2167 3815 2222 super
3847 2155 3976 2202 tres

2315 2249 2543 2304 modios
2573 2247 2834 2319 explesse
2865 2247 2984 2301 sint
3017 2246 3258 2317 quidam
3294 2248 3580 2298 auctores.
3646 2240 3827 2296 Fama
3877 2241 3977 2290 te-

2316 2337 2462 2405 nuit,
2497 2353 2623 2408 quaa
2657 2336 2891 2408 prepior
2912 2351 3043 2389 vero
3069 2338 3180 2402 est,
3213 2332 3370 2387 haud
3432 2329 3566 2402 plus
3614 2328 3799 2382 fuisse
3838 2341 3974 2380 Ino-

2315 2427 2410 2482 dio
2445 2448 2472 2476 ››
2503 2425 2644 2497 (Liv.
2678 2425 2778 2480 lib.
2815 2441 2974 2490 χχιιι,
3010 2425 3037 2496 ἕ
3090 2424 3199 2493 12).
3259 2421 3368 2476 Sed
3429 2419 3538 2474 etsi
3590 2432 3773 2472 unum
3831 2419 3970 2468 tan-

2314 2515 2614 2570 tummodo
2638 2513 2894 2568 modium
2921 2513 3148 2581 fuisset,
3193 2511 3248 2564 id
3308 2509 3464 2564 haud
3504 2506 3680 2562 dubie
3713 2502 3969 2568 sufficit,

2316 2607 2380 2659 ut
2409 2602 2514 2658 hos
2544 2601 2970 2671 annulos,sicut
2999 2601 3081 2656 ait
3111 2601 3324 2654 Auctor
3353 2605 3567 2663 noster,
3603 2593 3798 2649 modio
3846 2609 3973 2647 tme-

2314 2693 2584 2748 tirentur.
2619 2690 2843 2745 Plinius
2874 2696 3070 2745 tamen
3101 2688 3338 2760 scripsit
3394 2686 3496 2742 lib.
3547 2699 3724 2739 χχχιιι
3756 2683 3967 2737 Ναιῐιιν.

2314 2783 2462 2837 Hist.
2492 2797 2618 2852 cap.
2654 2780 2704 2850 1,
2738 2796 2870 2852 pag.
2903 2780 3014 2850 12),
3046 2777 3326 2834 trimodia
3356 2775 3712 2831 annulorum
3745 2773 3822 2825 ab
3857 2774 3973 2824 An-

2316 2867 2508 2924 nibale
2539 2868 2721 2922 missa
2752 2865 3567 2938 Carthaginem,totidemque
3587 2859 3971 2932 Augustinus

2315 2956 2439 3028 (lib.
2476 2955 2547 3010 lIl
2579 2956 2654 3010 de
2685 2954 2873 3024 Civit.,
2904 2971 3030 3024 cap.
3067 2955 3174 3025 19).

2384 3057 2454 3109 At
2476 3053 2569 3109 hic
2598 3058 2788 3108 tacere
2809 3053 3049 3108 omnino
3082 3069 3194 3108 non
3230 3067 3546 3124 possumus
3599 3049 3659 3104 in
3718 3048 3972 3120 Rigaltii

2317 3143 2570 3199 editione
2600 3147 2800 3197 contra
2831 3143 3093 3196 codicum
3117 3147 3475 3210 nostrorum,
3497 3144 3554 3195 et
3578 3138 3970 3207 antiquorum

2315 3236 2603 3291 editorum
2622 3234 3027 3289 auctoritatem
3043 3235 3101 3288 in
3123 3233 3464 3289 Tertulliani
3488 3236 3644 3287 textu
3669 3231 3974 3286 omissum

2315 3340 2436 3394 per,
2467 3328 2524 3378 et
2543 3324 2826 3394 scriptum
2857 3323 2997 3378 caede
3024 3339 3144 3377 sua.
3168 3322 3293 3386 Qua
3342 3327 3535 3376 autem
3579 3320 3825 3388 ratione,
3861 3336 3971 3391 pe-

2317 3412 2478 3467 nitus
2507 3409 2606 3466 ille
2635 3409 3007 3473 siluit.Quam
3041 3410 3197 3465 enim
3219 3410 3433 3465 habere
3457 3407 3729 3480 poterat?
3760 3407 3975 3462 Nonne

2320 3503 2467 3560 satis
2499 3503 2578 3558 ibi
2637 3502 3092 3574 deprehenditur
3120 3501 3467 3558 Tertulliani
3499 3502 3708 3576 stylus,
3769 3507 3829 3556 et
3872 3501 3972 3554 hic

2320 3593 2448 3664 ejus
2479 3609 2688 3647 sensus
2738 3609 2750 3646 :
2803 3591 3054 3646 Annibal
3115 3596 3246 3664 post
3296 3592 3595 3648 victoriam
3647 3607 3973 3646 numerum

2322 3683 2718 3738 Romanorum
2751 3680 2807 3734 in
2841 3679 3035 3752 praelio
3092 3680 3419 3736 occisorum
3471 3680 3813 3752 singulatim
3852 3697 3973 3734 non

2323 3769 2633 3838 recensuit,
2667 3769 2767 3824 sed
2801 3769 2995 3824 modio
3028 3786 3128 3840 per
3157 3785 3355 3825 eorum
3383 3769 3633 3825 annulos
3681 3769 3972 3824 metieba-

2323 3864 2420 3915 tur
2448 3859 2475 3913 ‘I
2507 3856 3329 3928 Quapropterjamlaudatusa
3354 3859 3522 3915 nobis
3551 3858 3970 3930 Augustinus:

2324 3971 2352 3999 «
2386 3949 2528 4004 Tres
2562 3947 2788 4001 modios
2817 3946 3167 4001 annulorum
3199 3963 3531 4018 aureorum,
3561 3946 3776 4018 inquit,
3837 3950 3980 4000 Car-

2323 4035 2623 4107 thaginem
2654 4033 2836 4101 misit,
2867 4050 2982 4105 quo
3012 4033 3405 4107 intelligerent
3459 4040 3691 4092 tantum
3751 4035 3810 4088 in
3878 4035 3983 4090 illo

2327 4123 2521 4197 proelio
2552 4123 2897 4190 dignitatem
2955 4125 3232 4180 cecidisse
3271 4142 3598 4196 romanam,
3641 4131 3706 4180 ut
3745 4124 3984 4180 facilius

2326 4230 2452 4270 eam
2483 4219 2714 4284 caperet
2745 4229 3040 4281 mensura,
3066 4231 3244 4286 quam
3261 4231 3544 4270 numerus
3571 4232 3585 4270 :
3609 4219 3788 4286 atque
3815 4214 3983 4271 hinc-

2328 4306 2550 4373 strages
2581 4303 2764 4357 turbae
2794 4305 3011 4357 craterae
3059 4307 3220 4358 tanto
3262 4304 3465 4376 utique
3522 4303 3980 4372 numerosioris,

2329 4396 2548 4462 quanto
2581 4389 2921 4445 infirmioris
2979 4389 3269 4458 [videlicet
3316 4391 3644 4462 hominum]
3673 4407 3802 4462 quae
3851 4392 3984 4447 sine

2333 4479 2566 4535 annulis
2591 4479 2845 4550 jacebat,
2875 4478 3239 4548 conjicienda
3269 4478 3486 4551 potius,
3532 4497 3710 4552 quam
3776 4497 3988 4535 nume-

586 4567 822 4638 quidem
855 4567 1328 4625 reclamabimus.
1362 4569 1468 4624 Sed
1517 4570 1779 4639 observa,
1823 4587 2038 4642 quaeso,
2067 4571 2228 4626 Pom-
2255 4561 2303 4629 D
2337 4572 2520 4628 renda
2552 4575 2858 4640 putaretur
2880 4593 2909 4620 ››
2941 4570 3210 4642 (August.
3241 4569 3352 4626 loc.
3386 4571 3534 4643 cit.).
3584 4571 3692 4625 Sed
3752 4575 3810 4626 te
3865 4589 3983 4628 non

587 4654 852 4727 peiorum
885 4657 1088 4714 urbem
1119 4657 1177 4713 in
1209 4659 1409 4727 altero,
1464 4675 1640 4730 quam
1701 4659 1950 4716 Vesuvio
2005 4665 2224 4726 monte,

589 4743 774 4799 fuisse
804 4743 1075 4815 positam.
1106 4747 1279 4818 Atqui
1308 4748 1357 4803 si
1387 4748 1830 4818 erumpentibus
1880 4767 1949 4806 ex
1997 4749 2095 4805 illo
2125 4749 2229 4805 Ve-

590 4830 754 4888 suvio
786 4837 984 4888 monte
1016 4833 1433 4902 ﬂammis,ante
1451 4836 1809 4908 divulgatam
1841 4837 2230 4894 Christianam

589 4918 931 4990 religionem
964 4922 1279 4994 aliquando
1311 4928 1516 4980 exusta
1553 4931 1661 4993 est,
1693 4943 1887 4983 nonne
1942 4927 2052 4982 hoc
2109 4932 2233 4982 tan-

589 5025 770 5082 quam
799 5014 1328 5070 extraordinarium
1359 5015 1576 5070 factum
1608 5032 1642 5071 a
1691 5015 2048 5072 Tertulliano
2098 5032 2232 5072 nos-

588 5102 680 5156 tro
711 5102 900 5157 notari
933 5103 1172 5173 potuit?

663 5190 870 5245 1074
900 5191 1088 5248 Minor
1116 5208 1285 5264 porro
1319 5192 1637 5251 difﬁcultas
1670 5201 1758 5252 est
1806 5197 1878 5252 de
1925 5194 2234 5256 Vulsiniis.

592 5275 715 5333 sive
743 5277 1042 5348 Volsiniis,
1068 5297 1215 5354 quos
1238 5279 1376 5336 alibi
1403 5283 1664 5353 (Tertull.
1723 5287 2019 5356 Apologet.,
2063 5299 2112 5338 c.
2143 5283 2239 5338 24»

597 5385 658 5442 p.
691 5368 839 5441 421),
865 5369 950 5426 uti
971 5369 1124 5426 infra
1158 5373 1421 5428 dicemus
1451 5374 1612 5447 (Infr.
1663 5392 1792 5448 cap.
1842 5377 1932 5445 27,
1993 5379 2102 5430 art.
2159 5375 2238 5446 2),

597 5458 1001 5520 Volsinienses
1033 5463 1358 5521 nominavit
1387 5465 1466 5522 De
1517 5465 1610 5523 his
1650 5467 1938 5539 siquidem
1973 5466 2128 5523 canit
2144 5465 2243 5522 Ju-

601 5546 825 5607 venalis
855 5565 872 5607 :

737 5653 855 5705 Quis
870 5655 1004 5701 timet
1030 5661 1110 5702 aut
1136 5657 1286 5704 timuit
1302 5655 1462 5715 gelida
1489 5661 1733 5708 Prmneste
1759 5659 1958 5716 ruinam.

2341 4660 2530 4733 pigeat
2561 4659 2717 4714 hunc
2745 4659 3058 4731 Augustini
3090 4660 3250 4716 adire
3277 4659 3515 4733 librum,
3549 4661 3648 4716 ubi
3681 4677 3750 4716 ex
3781 4661 3896 4717 hac
3927 4667 3984 4717 et

2337 4748 2470 4804 aliis
2496 4747 2761 4804 cladibus
2791 4747 2850 4801 in
2880 4747 3164 4820 ethnicos,
3209 4749 3708 4822 quemadmodum
3762 4755 3992 4806 Auctor

2340 4842 2538 4893 noster
2554 4876 2569 4905 ,
2599 4841 3059 4907 argumentatur.

2412 4923 2723 4996 Antiquior
2751 4940 2912 4990 sane,
2945 4925 3046 4979 sed
3079 4941 3191 4980 non
3224 4925 3422 4981 minus
3451 4926 3696 4983 celebris
3726 4933 3989 5000 uotaque

2342 5013 2617 5070 omnibus
2645 5014 2754 5070 fuit
2784 5013 2896 5070 alia
2949 5019 3344 5072 Romanorum
3401 5017 3615 5088 clades,
3668 5035 3796 5074 cum
3860 5020 3997 5091 Capi

2345 5105 2566 5174 talium,
2602 5111 2664 5161 ut
2691 5123 2929 5162 rursum
2960 5105 3357 5164 Tertullianus
3393 5109 3599 5165 scribit
3651 5110 3991 5182 (ApologeL,

2346 5215 2377 5257 c
2397 5216 2473 5270 ip.
2501 5197 2608 5268 40),
2641 5197 2877 5252 Senones
2913 5198 3464 5268 oo:cupavei°unt,sive
3493 5203 3558 5253 ut
3590 5199 3647 5253 in
3683 5200 3997 5256 codicibus

2347 5287 2566 5345 nostris
2581 5287 3275 5358 legimus,occupaverant.
3304 5288 3410 5344 Sed
3431 5288 3571 5360 quid
3587 5288 4000 5360 sibi,inquies,

2346 5378 2473 5437 vult
2521 5392 2655 5431 cum
2713 5375 3333 5448 dixit,occupaverunt?
3379 5379 3585 5433 Nonne
3636 5377 3831 5433 Livius
3868 5379 4003 5446 (lib.

2347 5485 2402 5538 v,
2437 5469 2547 5538 §41
2582 5471 2639 5524 et
2667 5467 2836 5539 seq.).
2870 5466 3235 5540 Augustinus
3293 5465 3416 5538 (lib.
3442 5483 3482 5523 ιι
3529 5468 3597 5523 de
3637 5470 3825 5535 Ciuit.,
3863 5486 4009 5542 cap.

2347 5560 2439 5629 22,
2473 5573 2605 5629 pag.
2635 5558 2751 5629 51),
2783 5558 2984 5614 1075
3017 5561 3194 5629 atque
3224 5556 3505 5624 alii,certe
3531 5574 3708 5630 quam
3723 5558 4015 5630 plurimi,

2351 5651 2686 5704 constanter
2712 5650 2988 5708 asserunt
3015 5645 3358 5718 neutiquam
3388 5652 3793 5720 expugnatum
3825 5664 3862 5704 a
3895 5648 4018 5706 So-
