4162 6378
332 350 487 410 1173

1239 354 1313 412 D.
1362 356 1458 414 LE
1505 352 1831 415 NOUBRY
1876 349 2526 415 OBSERVATIONES
2573 354 2829 417 NOVIE.

3598 362 3753 424 1174

330 484 587 541 nonihus
648 483 1002 557 Cpitolium,
1054 486 1153 541 sed
1204 489 1451 543 Romam
1499 491 1729 543 tantum
1778 485 1850 541 ab
1895 484 2061 552 eisA
2093 484 2208 542 culi
2262 491 2681 560 temperavere,
2736 489 2922 545 multo
2984 493 3191 547 1076
3268 492 3483 551 leviora
3537 496 3755 552 fuerint

329 577 601 646 captam?
633 573 788 629 Nihil
830 579 982 631 certe
1028 577 1245 631 verius.
1299 576 1689 642 Quamobrem
1734 576 1976 631 verbum

326 671 742 735 occupaverant,
776 663 855 718 ibi
891 663 1175 737 accipitur
1209 682 1310 738 pro
1356 672 1649 722 tenuerant
1680 666 1981 721 abscessum

326 754 500 826 Atqui
536 758 671 809 tunc
706 755 993 809 Saturnus
1026 754 1243 827 aliique
1289 756 1601 828 gentilium
1633 756 1737 824 dii,
1772 754 1855 809 uti
1901 754 1982 809 ait

326 842 751 906 Tertullianus,
786 842 857 898 ab
891 843 1165 899 omnibus
1198 847 1318 899 tam
1354 844 1979 914 obsidentibus,quam

326 932 585 989 obsessis
617 930 1304 989 colebantur.Christiani
1338 933 1539 1005 igitur,
1563 933 1662 1005 qui
1694 938 1832 989 tunc
1865 949 1981 988 non

329 1027 516 1092 erant,
567 1038 755 1094 neque
802 1022 979 1095 hujus
1041 1022 1420 1092 calamitatis,
1491 1039 1680 1096 neque
1730 1023 1982 1080 aliarum

331 1128 479 1185 quas
528 1110 823 1169 haceenus
870 1111 1218 1185 retulimus,
1271 1118 1538 1171 auctores
1586 1128 1713 1169 esse
1780 1117 1983 1185 potue-

332 1205 491 1258 runt.

935 1335 1257 1374 ARTICULUS
1298 1335 1372 1374 ιν.

334 1426 511 1494 Quam
560 1425 845 1496 perspicue
911 1427 1279 1481 Tertullianus
1338 1424 1579 1481 ostendat
1636 1424 1986 1495 publicarum

398 1498 778 1553 calamitatum
810 1507 1063 1555 auctores
1095 1516 1201 1555 non
1232 1514 1345 1554 esse
1390 1498 1756 1564 Christianos,
1788 1497 1887 1568 qui
1918 1497 1987 1550 iis

402 1570 839 1633 imminentibus,
874 1572 992 1625 veri
1018 1572 1112 1625 Det
1156 1570 1597 1625 misericordiam
1634 1569 1787 1624 duris
1816 1569 1984 1639 paeni.

403 1643 591 1714 tentia;
644 1642 922 1697 laboribus
984 1643 1395 1714 implorabant;
1439 1642 1530 1697 sed
1594 1641 1845 1711 gentiles,
1892 1641 1989 1714 qui

398 1713 622 1785 ebriosi,
656 1714 905 1780 balneis,
939 1712 1245 1785 cauponis,
1288 1715 1670 1785 lupanaribus
1698 1712 1990 1785 operanti-

401 1784 532 1851 bus,
562 1785 841 1856 aquilicia
869 1786 995 1841 Jovi
1031 1783 1435 1851 immolabant,
1470 1784 1849 1855 nudipedalia
1887 1783 1981 1839 de-

400 1858 737 1912 nuntiabant
761 1859 986 1930 populo,
1032 1863 1087 1914 et
1118 1859 1320 1914 nubila
1352 1860 1421 1914 de
1468 1856 1846 1929 laquearibus
1886 1872 1981 1910 ea:-

397 1930 711 1999 pectabant.

397 2043 657 2099 Ethniois
689 2042 1127 2117 inquirentibus
1162 2044 1288 2116 qui,
1322 2043 1435 2101 nisi
1472 2042 1814 2109 Christiani,
1844 2042 1977 2099 deo-

329 2148 460 2186 rum
492 2131 693 2188 hostes
726 2133 1132 2200 infensissimi,
1168 2133 1537 2205 publicarum
1570 2132 1823 2188 cladium
1848 2147 1981 2186 cau-

327 2236 394 2276 sa
424 2237 553 2277 esse
584 2223 1195 2294 poterant,respondet
1224 2222 1624 2278 Tertullianus
1654 2237 1781 2277 eam
1814 2220 1870 2275 in
1896 2220 1979 2292 ip-

329 2315 551 2366 sosmet
590 2316 821 2367 tantum
873 2312 1120 2383 gentiles
1165 2328 1297 2367 esse
1344 2312 1769 2368 retundendam
1815 2310 1974 2381 (Apo-

330 2401 518 2470 loget.,
576 2401 665 2469 40,
719 2419 773 2472 ρ.
845 2401 993 2471 487).
1066 2401 1290 2457 Etenim
1364 2418 1376 2457 :
1438 2401 1662 2470 Semper
1707 2402 1972 2463 humana,

331 2489 544 2559 inquit,
574 2505 705 2559 gens
752 2490 897 2545 male
925 2492 993 2545 de
1038 2492 1161 2557 Deo,
1211 2506 1346 2545 vero
1403 2495 1461 2546 et
1507 2490 1701 2557 unico,
1749 2489 1972 2557 meruit,

331 2577 627 2649 duplicem
653 2579 724 2634 ob
753 2579 1060 2634 rationem.
1107 2584 1187 2634 Ac
1220 2578 1409 2651 primo
1436 2579 1697 2651 quidem,
1733 2587 1791 2635 ut
1836 2581 1977 2651 ina/-

332 2669 522 2740 ﬁciosa
549 2669 687 2740 ejus,
720 2685 883 2740 quam
912 2685 1038 2723 cum
1067 2670 1399 2738 intelligeret
1427 2686 1499 2724 ex
1549 2673 1726 2741 parte,
1758 2685 1869 2725 non
1897 2684 1977 2724 re-

332 2758 559 2827 quisivit
588 2757 796 2827 (Ibid.),
837 2757 893 2812 id
925 2762 1034 2825 est,
1068 2774 1196 2813 cum
1227 2758 1350 2814 solo
1383 2757 1607 2814 lumine
1639 2758 1978 2813 naturaliex

334 2851 499 2917 parte
542 2844 751 2902 saltem
805 2846 1176 2918 cognovisset
1218 2846 1382 2903 illum
1432 2863 1630 2903 revera
1675 2847 1975 2914 exsistere,

333 2951 439 2991 nec
471 2934 653 2991 alium
686 2952 815 2992 esse
846 2952 1016 3007 posse
1042 2936 1251 3004 Deum,
1285 2952 1400 2991 non
1450 2936 1676 2992 curavit
1724 2934 1978 3007 amplius

330 3023 687 3097 investigare
720 3024 855 3096 quis
887 3024 983 3080 ille
1028 3029 1203 3095 esset,
1246 3041 1351 3080 nec
1384 3025 1627 3097 proinde
1672 3024 1869 3081 debita
1895 3023 1980 3080 illi

332 3112 545 3179 ofﬁcia,
581 3113 951 3185 honoresque
982 3114 1211 3170 debitos
1242 3113 1590 3185 persolvere.

400 3200 689 3273 Secundo,
740 3204 944 3259 eadem
994 3219 1138 3275 gens
1184 3202 1441 3258 humana
1494 3202 1641 3258 alios
1690 3202 1830 3259 deos
1869 3202 1980 3292 sibi
2011 3224 2054 3292 ρ

329 3292 555 3363 insuper
581 3296 944 3348 commentata
988 3297 1082 3361 est,
1111 3308 1243 3365 quos
1288 3293 1504 3349 coleret.
1550 3292 1673 3347 Non
1724 3291 1979 3364 amplius

332 3381 530 3453 itaque
578 3384 879 3454 quaerendo
926 3385 1263 3452 magistrum
1312 3383 1648 3439 innocentiae
1692 3382 1896 3454 (Ibid.),
1925 3385 1983 3438 et

332 3470 618 3526 scelerum
665 3472 980 3539 vindicem,
1030 3489 1096 3528 eo
1144 3470 1439 3541 derelicto,
1483 3471 1544 3526 in
1592 3470 1980 3527 idololatriam

332 3564 389 3614 et
418 3576 593 3615 omne
624 3560 981 3632 ﬂagitiorum
1014 3578 1201 3633 genus
1223 3577 1352 3617 sese
1407 3560 1763 3633 praecipitem
1796 3561 1977 3616 dedit.

332 3648 517 3704 Deum
549 3664 687 3721 ergo
716 3650 957 3718 ethnici,
992 3667 1167 3722 quem
1198 3650 1665 3722 recognoscendo
1706 3666 1792 3717 ac,
1827 3650 1981 3705 sicut

331 3753 437 3809 par
468 3742 612 3805 erat,
644 3740 911 3808 colendo,
946 3739 1263 3812 propitium
1296 3739 1511 3795 habere
1544 3742 1829 3811 poterant,
1873 3756 1981 3795 sua

330 3826 403 3881 ob
442 3826 690 3884 crimina
736 3830 953 3884 iratum
1001 3829 1221 3901 experti
1279 3834 1437 3884 sunt.
1489 3828 1615 3883 Non
1664 3827 1975 3884 Christiani

329 3914 531 3987 igitur,
564 3916 663 3988 qui
694 3916 881 3973 Deum
910 3934 1113 3973 verum
1154 3917 1314 3973 cultu
1346 3916 1541 3973 debito
1592 3921 1650 3972 et
1692 3916 1804 3988 piis
1835 3934 1976 3988 ope-

327 4004 495 4059 ribus
544 4021 767 4076 semper
806 4005 1057 4073 coluere,
1125 4005 1496 4078 publicarum
1572 4005 1975 4062 calamitatum

333 4108 514 4149 causa
560 4097 749 4164 erant,
802 4095 901 4150 sed
958 4095 1189 4167 ingrata
1232 4094 1559 4165 ipsorumet
1608 4094 1978 4152 ethnicorum

325 4198 491 4254 gens,
526 4200 651 4256 quae
676 4182 840 4239 illum
862 4184 1215 4255 adspernata
1243 4188 1353 4252 est,
1376 4187 1433 4239 et
1464 4183 1794 4240 idololatria
1813 4184 1975 4240 aliis-

328 4287 441 4343 que
467 4271 791 4329 sceleribus
822 4272 1169 4345 gravissime
1216 4272 1477 4329 olfendit.
1528 4272 1731 4329 Totam
1780 4277 1974 4329 autem

330 4360 481 4418 hanc
512 4362 1078 4433 argumentationem
1111 4362 1203 4418 his
1253 4362 1615 4428 corroborat,
1668 4378 1817 4433 quas,
1849 4365 1977 4417 orta

326 4450 491 4507 clade
520 4452 717 4523 aliqua
747 4456 847 4508 aut
873 4450 1319 4521 imminente,ab
1344 4451 1609 4522 utrisque
1628 4449 1973 4507 Christianis

324 4543 383 4595 et
412 4541 733 4613 gentilibus
764 4541 1108 4614 agebantur.
1140 4542 1285 4597 Cum
1318 4541 1474 4597 enim
1508 4542 1575 4595 ab
1591 4539 1970 4608 imbribus,in-

326 4630 470 4701 quit,
500 4632 699 4687 xstan
726 4631 962 4687 hiberna
988 4629 1331 4702 suspendunt
1363 4630 1684 4698 fmcundos,
1712 4633 1775 4684 ut
1799 4628 1970 4701 paulo

325 4723 498 4775 antea
529 4719 783 4776 diximus
816 4720 1021 4794 (Ibid.),
1056 4737 1121 4776 ac
1153 4720 1511 4776 desideratos
1563 4719 1814 4775 maxime
1860 4719 1970 4774 im-

323 4808 493 4877 bres;
530 4813 581 4866 et
610 4828 791 4868 annus
822 4813 881 4867 in
909 4828 1042 4866 cura
1090 4815 1189 4879 est,
1239 4809 1361 4866 sive
1410 4810 1480 4865 de
1530 4808 1690 4866 illius
1729 4810 1972 4866 timetur

324 4898 651 4970 sterilitate,
684 4905 785 4957 aut
822 4901 979 4957 sicut
1026 4900 1163 4956 alibi
1198 4900 1324 4971 ipse
1375 4898 1657 4970 loquitur,
1709 4915 1835 4955 eum
1863 4904 1973 4955 stu-

321 4994 412 5055 pet
440 4989 654 5055 cazlum,
684 4998 738 5045 et
763 4999 882 5046 aret
910 5006 1094 5046 annus
1124 4988 1382 5061 (Tertull.
1414 4989 1648 5061 Apolog.
1702 4989 1812 5046 loc.
1847 4990 1968 5057 cit.,

323 5078 381 5128 et
410 5073 512 5130 lib.
546 5075 609 5131 de
637 5076 877 5147 Jejun.c.
914 5078 1024 5147 16),
1049 5082 1177 5133 tum
1208 5076 1523 5133 Christiani
1548 5078 1796 5149 jejuniis
1819 5078 1972 5135 aliis-

323 5180 436 5236 que
476 5164 813 5221 durissimis
863 5164 1219 5238 pmnitentite
1262 5165 1584 5235 laboribus,
1633 5168 1705 5224 de
1753 5168 1969 5239 quibus

324 5269 505 5323 supra
535 5253 763 5325 egimus
797 5254 1019 5327 (supra,
1052 5270 1184 5323 cap.
1227 5253 1315 5320 14,
1348 5257 1457 5309 art.
1481 5255 1507 5309 1
1543 5260 1600 5311 et
1627 5256 1681 5312 2.
1715 5272 1843 5328 cap.
1880 5258 1964 5326 15,

323 5347 433 5397 art.
469 5344 542 5415 1),
579 5343 869 5399 infinitam
902 5342 1004 5399 Dei
1037 5341 1501 5399 misericordiam
1544 5349 1711 5415 grata
1749 5345 1803 5400 vi
1830 5362 1962 5402 exo-

2091 575 2487 634 incommoda.
2524 580 2740 652 quibus
2773 580 3044 637 solebant
3076 582 3344 639 homines
3368 588 3538 640 antea
3564 586 3749 659 afﬂigi

2090 682 2157 721 80
2190 683 2327 722 vexa
2336 684 2379 722 ῐΊ
2390 710 2401 723 .

2163 758 2373 812 Contra
2399 774 2528 813 vero
2560 758 3187 831 ethnici,impendente
3209 760 3408 833 aliqua
3432 762 3517 818 vel
3550 768 3748 821 exorta

2091 844 2424 902 calamitate
2458 847 2642 916 magis
2676 849 3264 917 formidanda,Deum
3300 867 3498 907 verum
3523 868 3747 908 comes-

2092 935 2444 1003 sationihus,
2479 937 2775 1005 ebrietate,
2810 939 3054 1009 stupris,
3106 939 3433 1007 adulteriis,
3467 945 3525 996 et
3568 942 3751 1014 impia

2092 1024 2374 1079 falsorum
2408 1026 2649 1082 deorum
2686 1027 3051 1083 invocatione
3087 1028 3569 1085 irritabant.Tum
3589 1031 3747 1087 enim

2094 1136 2121 1163 ‹‹
2156 1115 2417 1185 quotidie
2443 1115 2651 1186 pasti,»
2674 1117 2756 1171 uti
2790 1116 3190 1174 Tertullianus
3208 1135 3305 1175 eos
3337 1118 3625 1176 allocutus
3647 1120 3747 1190 ait,

2100 1223 2123 1254 ι
2157 1203 2475 1275 statimque
2508 1205 2804 1276 pransuri,
2839 1205 3086 1274 balneis,
3141 1211 3196 1262 et
3227 1208 3533 1280 cauponis,
3567 1212 3623 1263 et
3660 1208 3747 1263 lu-

2095 1293 2416 1365 panaribus
2442 1295 2842 1363 operantibus,
2878 1295 3155 1367 aquilicia
3182 1296 3307 1352 Jovi
3358 1296 3681 1355 immolatis
3712 1318 3741 1348 »

2094 1382 2303 1454 (Ibid).
2336 1383 2405 1437 Et
2437 1382 2558 1439 hzec
2590 1385 2824 1456 quidem
2857 1388 2996 1440 sunt
3025 1386 3264 1441 totidem
3316 1387 3445 1457 ejus
3474 1387 3649 1442 verba
3684 1386 3741 1441 in

2096 1472 2313 1529 nostris
2345 1473 2764 1545 manuscriptis
2803 1473 2990 1541 libris,
3017 1475 3131 1530 nisi
3158 1476 3312 1547 quod
3345 1477 3403 1531 in
3436 1474 3520 1531 eis
3554 1478 3741 1547 scrip-

2095 1565 2220 1617 tum
2249 1566 2361 1631 est,
2391 1564 2831 1634 cauponiis,quo
2863 1564 3099 1619 nomine
3126 1564 3401 1620 Justinus
3426 1564 3738 1620 historicus

2096 1651 2300 1721 utitur,
2338 1652 2437 1706 sed
2470 1651 2698 1707 addidit
2727 1652 2940 1706 artibus
2969 1653 3208 1723 (Justin.
3260 1653 3360 1709 lib.
3411 1654 3475 1724 1).
3522 1653 3736 1709 Eadem

2097 1739 2418 1811 legimusin
2444 1741 2705 1813 antiquis
2723 1742 2985 1811 ejusdem
3010 1743 3340 1813 Apologetici
3358 1743 3736 1815 editionibus,

2012 1858 2057 1923 Β
2101 1830 2214 1884 nisi
2254 1830 2409 1901 quod
2460 1831 2746 1901 scriptum
2796 1835 2903 1901 est,
2953 1834 3221 1904 cauponis
3270 1835 3502 1903 operati,
3544 1834 3643 1887 sed
3679 1833 3738 1887 in

2090 1918 2222 1974 aliis
2272 1918 2485 1975 melius
2534 1921 2909 1991 operantibus,
2962 1922 3070 1977 hoc
3116 1926 3223 1990 est,
3276 1938 3515 1994 operam
3569 1938 3739 1977 suam

2088 2007 2706 2064 subministrantibus.
2739 2009 2956 2064 Verum
2994 2010 3284 2082 Rigaltius
3334 2011 3491 2067 nullo
3541 2011 3738 2066 codice

2087 2096 2287 2160 citato,
2321 2113 2386 2152 ac
2414 2098 2648 2169 propria
2675 2098 2876 2169 procul
2911 2099 3089 2153 dubio
3123 2100 3468 2155 auctoritate
3501 2100 3736 2171 penitus

2087 2184 2299 2241 delevit
2328 2186 2523 2258 priora
2554 2186 2675 2241 haec
2708 2187 2901 2257 verba,
2944 2189 3188 2258 quotidie
3230 2190 3395 2260 pasti,
3444 2190 3743 2259 statimque

2080 2278 2367 2347 pransuri.
2406 2277 2566 2331 ltane
2597 2292 2732 2347 ergo
2762 2276 2970 2331 editori
3002 2276 3137 2333 licet
3185 2278 3438 2335 auctoris
3488 2278 3580 2334 sui
3611 2282 3731 2333 tex-

2084 2368 2233 2434 tum,
2277 2363 2440 2420 nulla
2488 2364 2709 2420 ratione
2756 2365 2954 2436 allata,
3020 2367 3326 2438 corrigere,
3386 2366 3473 2423 vel
3533 2367 3729 2440 potius

2085 2469 2459 2525 corrumpere
2485 2456 2506 2508 Ρ
2532 2454 2927 2510 Tertullianus
2952 2456 3109 2511 enim
3142 2456 3506 2513 Christianos
3555 2473 3731 2528 oppo-

2086 2542 2175 2597 nit
2222 2542 2493 2606 etbnicis.
2544 2543 2918 2616 ostenditque
2976 2561 3155 2616 quam
3206 2546 3436 2602 diverso
3492 2545 3727 2617 utrique

2087 2635 2259 2690 modo
2282 2634 2653 2707 ingruentem
2688 2635 2984 2706 publicam
3034 2635 3429 2693 calamitatem
3479 2654 3511 2692 a
3542 2652 3603 2693 se
3636 2638 3730 2692 de-

2089 2728 2487 2796 precarentur.
2521 2724 2673 2780 Tum
2705 2741 2835 2780 vero
2866 2724 3202 2797 Christiani,
3236 2727 3448 2798 inquit,
3478 2743 3645 2783 sacco
3675 2730 3733 2781 et

2089 2816 2281 2869 cinere
2309 2812 2616 2884 sordidati,
2649 2813 2877 2869 nullum
2912 2814 3050 2870 totis
3082 2815 3290 2872 diebus
3320 2817 3631 2888 capiebant
3653 2816 3733 2871 ci-

2092 2902 2252 2957 bum.
2304 2902 2537 2959 Ethnici
2586 2918 2616 2957 e
2668 2902 2959 2959 contrario
3012 2921 3127 2960 non
3196 2910 3527 2977 exspectata
3593 2905 3737 2961 hora

2092 2991 2347 3064 prandii,
2382 2991 2547 3047 cibos
2580 2995 2751 3048 antea
2783 2994 3241 3065 prmgustabant,
3274 3011 3407 3050 mox
3436 2993 3655 3050 lautius
3678 2994 3738 3048 in

2092 3080 2375 3153 cauponis
2410 3081 2921 3153 pransuri.Postea
2952 3082 3293 3138 balnearum
3325 3083 3742 3141 recreabantur

2092 3171 2410 3242 voluptats,
2447 3175 2623 3242 atque
2654 3172 2715 3225 in
2750 3172 2908 3227 omni
2939 3176 3145 3246 stupro
3178 3188 3306 3229 sese
3336 3172 3395 3229 in
3446 3172 3741 3246 lupanari-

2093 3263 2204 3317 bus
2238 3260 2598 3316 volutabant.

2160 3350 2286 3406 Alio
2310 3354 2587 3422 praeterea
2625 3348 2967 3405 idololatrias
3017 3351 3262 3408 crimine
3311 3370 3513 3409 verum
3541 3352 3734 3409 irrita-

2090 3440 2231 3495 bant
2256 3439 2462 3494 Deum.
2496 3439 2660 3505 Nam,
2695 3456 2760 3495 eo
2791 3440 3138 3512 repudiatio,
3162 3442 3546 3498 immolabant
3573 3446 3733 3515 aqui-

2092 3530 2223 3585 licia
2249 3530 2386 3585 Jovi.
2416 3527 2769 3597 Aquilicium
2800 3533 2995 3585 autem
3027 3530 3149 3586 sive
3178 3531 3734 3603 aquazlicium,teste

2090 3618 2277 3682 Festo,
2318 3637 2337 3666 ι
2372 3616 2603 3685 dicitur,
2636 3634 2770 3673 cum
2806 3635 2959 3690 aqua
2988 3619 3260 3691 pluvialis
3294 3622 3568 3679 remediis
3601 3624 3729 3694 qui-

2089 3707 2337 3762 busdam
2370 3706 2620 3773 elicitur,
2654 3711 2716 3761 ut
2747 3708 3064 3779 quondam,
3098 3710 3148 3765 si
3178 3711 3452 3779 creditur,
3515 3712 3735 3768 manali

2088 3796 2284 3869 lapide
2314 3796 2373 3850 in
2408 3795 2621 3852 Urbem
2652 3797 2826 3851 ducto
2853 3817 2878 3848 ν
2917 3797 3093 3867 (Fest.
3141 3816 3268 3871 cap.
3318 3802 3388 3854 20
3418 3799 3483 3856 de
3518 3801 3733 3858 Verbor.

2086 3886 2297 3957 signi/.,
2327 3886 2397 3941 ad
2432 3886 2881 3959 v.Aqualicium).
2917 3887 3057 3951 Quis
3088 3904 3222 3944 vero
3255 3889 3332 3945 sit
3362 3890 3616 3946 manatis
3639 3890 3735 3946 ille

2085 3974 2256 4048 lapis,
2300 3976 2353 4030 si
2409 3992 2657 4047 quaeras,
2700 3976 2804 4031 tibi
2839 3975 2994 4031 idem
3047 3977 3255 4034 Festus
3303 3980 3728 4051 respondebit:

2090 4063 2432 4120 «Manalem
2481 4063 2736 4137 lapidem
2789 4067 3074 4121 vocabant
3120 4072 3347 4138 petram
3394 4069 3731 4139 quamdam,

2085 4170 2213 4224 quae
2244 4157 2369 4209 erat
2397 4157 2559 4209 extra
2589 4162 2812 4225 portam
2843 4154 3135 4226 Capenam
3162 4156 3333 4226 juxta
3370 4158 3552 4213 sedem
3586 4157 3735 4212 Mar-

2085 4241 2368 4312 tis,quam
2400 4258 2531 4296 cum
2565 4245 2802 4313 propter
2824 4241 3065 4298 nimiam
3089 4243 3410 4302 siccitatem
3434 4245 3494 4301 in
3518 4244 3731 4302 Urbem

2085 4329 2509 4402 protraherent.
2541 4328 2963 4401 insequebatur
2994 4330 3189 4403 pluvia
3216 4333 3442 4404 statim,
3476 4352 3729 4408 eumque

2084 4419 2239 4490 quod
2267 4434 2453 4490 aquas
2498 4422 2783 4485 manaret,
2836 4420 3124 4476 manalem
3174 4420 3426 4494 lapidem
3473 4424 3667 4480 dixere
3700 4448 3721 4475 ι

2082 4507 2290 4578 (Idem.
2325 4507 2419 4574 ad,
2452 4522 2508 4562 ν.
2544 4508 2865 4578 Μαηῑιαιιέ).
2914 4508 3205 4566 Siccitatis
3238 4510 3435 4582 itaque
3463 4517 3727 4586 tempore

2001 4592 2046 4656 D
2078 4596 2236 4652 hunc
2258 4595 2515 4668 lapidem
2548 4614 2617 4652 ex
2650 4597 2853 4652 Martis
2906 4599 3025 4652 inde
3071 4600 3501 4670 protrahentes,
3559 4620 3728 4660 sacra

2081 4685 2374 4741 faciebant
2400 4685 2551 4752 Jovi,
2594 4684 2751 4740 haud
2799 4685 2975 4741 dubie
3022 4687 3246 4761 Pluvio,
3299 4692 3418 4747 sive
3458 4691 3723 4766 Pluviali,

2081 4776 2179 4846 qui
2213 4792 2246 4830 a
2274 4775 2564 4830 Pausania
2599 4771 2768 4835 ὑέτιος
2800 4776 3093 4849 (Pansam,
3127 4777 3226 4835 lib.
3262 4798 3323 4848 II,
3359 4783 3584 4855 pag.6l,
3619 4783 3723 4839 lin.

2080 4866 2193 4936 44),
2226 4866 2297 4921 ab
2330 4864 2461 4920 aliis
2493 4857 2725 4936 ὄμϐριος
2754 4862 2881 4925 Ζεὺς
2914 4866 3261 4939 appellatur.
3319 4872 3479 4928 Unde
3524 4873 3725 4929 Tibul-

2080 4954 2173 5012 lus
2204 4956 2275 5011 de
2303 4958 2547 5027 IEgypto
2579 4954 2973 5027 haecécanebat
3006 4974 3019 5013 :

2203 5082 2271 5130 'l‘e
2301 5084 2521 5154 propter
2553 5080 2729 5154 nullos
2759 5079 2919 5129 tellus
2940 5084 3041 5153 tua
3072 5083 3308 5192 postulat
3336 5085 3550 5159 imbres,

2234 5144 2395 5192 Arida
2426 5158 2524 5192 nec
2554 5144 2739 5192 Pluvno
2772 5144 3039 5192 sunnlicat
3111 5146 3236 5192 erha
3264 5147 3398 5192 Jmn.

2234 5144 2395 5193 Arida
2426 5158 2524 5193 nec
2554 5144 2739 5194 Pluvio
2772 5144 3039 5206 supplicat
3072 5144 3236 5196 herba
3264 5147 3398 5198 Jovi.

2605 5224 2808 5286 (Tibutl.
2839 5224 2929 5273 lib.
2960 5237 2997 5286 1,
3030 5225 3163 5287 tleg.
3200 5232 3245 5288 7,
3287 5242 3330 5280 v.
3362 5233 3421 5279 25
3452 5233 3504 5280 et
3531 5232 3630 5288 26.)

2077 5350 2161 5405 Ad
2196 5349 2313 5404 haec
2342 5364 2497 5415 vero,
2530 5347 2747 5404 ethnici
2779 5347 2877 5404 illo
2910 5347 3190 5407 siccitatis
3223 5357 3502 5426 tempore,
3552 5360 3721 5415 nudi-

319 5434 549 5491 rabant.
585 5435 707 5499 Quo
746 5434 982 5506 quidem
1030 5434 1249 5489 factum
1301 5438 1411 5501 est,
1463 5438 1963 5505 quemadmodum
2069 5440 2297 5511 pedalia
2344 5438 2541 5509 populo
2587 5437 3008 5493 denuntiabant.
3062 5440 3187 5497 Mos
3235 5442 3391 5499 enim
3440 5446 3558 5503 illis
3606 5450 3719 5507 fuit

322 5522 575 5595 illejure
620 5525 826 5581 merito
877 5523 1291 5581 animadvertit
1336 5524 1602 5595 (Tertull.
1656 5528 1960 5598 Apologei.,

2075 5530 2431 5600 quibusdam
2477 5527 2684 5583 diebus
2734 5528 2898 5582 festis
2946 5532 3046 5583 aut
3092 5530 3456 5591 solemnibus
3494 5540 3715 5611 templa

322 5628 447 5684 cap.
482 5615 595 5686 40),
644 5619 707 5671 ut
756 5615 827 5671 ab
876 5631 942 5671 eo
990 5618 1275 5686 tempore,
1328 5630 1441 5685 quo
1492 5616 1805 5672 Christiani
1837 5617 1961 5674 vitea
2073 5618 2250 5673 nudis
2284 5617 2528 5689 pedibus
2559 5616 2739 5672 adire.
2772 5614 3012 5674 Ovidius
3060 5618 3216 5675 enim
3267 5622 3522 5685 Vestalia
3549 5627 3711 5687 hisce

322 5702 712 5761 sanctimonia
740 5708 798 5762 et
820 5704 983 5762 hisce
1013 5702 1129 5776 piis
1160 5702 1434 5776 operibus
1482 5703 1826 5778 iniquitates
1856 5722 1960 5764 sie-

2066 5706 2335 5766 versibus
2363 5705 2617 5763 celebrat
2644 5721 2659 5761 :
