4162 6388
443 367 600 429 H75

571 499 726 549 Forte
755 500 1064 549 revertebar
1092 499 1227 549 festa
1257 499 1573 561 Vestalibus,
1602 498 1694 547 illa

635 564 748 620 Qua
778 576 917 611 nova
948 576 1166 611 romano
1197 575 1340 611 nunc
1367 563 1456 611 via
1479 559 1667 624 juncta
1694 559 1933 624 foroest.

576 624 692 673 Huc
725 625 858 686 pede
887 631 1180 674 matronam
1215 625 1361 672 nudo
1391 623 1714 686 descendere
1746 623 1869 670 vidi.

637 685 896 750 Obstupui
927 688 1136 744 tacitus,
1170 687 1504 748 sustinuique
1536 685 1778 748 gradum.

1127 767 1275 815 Ovid.
1307 766 1396 814 lib.
1430 780 1479 814 v1
1510 766 1710 814 Faster.
1744 768 1767 823 §
1803 764 1874 826 9.)

445 892 654 948 Postea
681 908 816 948 vero
846 907 1023 962 quam
1075 895 1372 946 mortuum
1425 889 1672 961 Augusti
1723 884 2090 958 imperatoris

447 997 657 1050 corpus
688 981 886 1036 1077
923 980 1172 1036 solemni
1208 996 1420 1050 pompa
1449 985 1770 1034 crematum
1819 983 1909 1031 est
1943 992 1955 1029 :
1992 977 2087 1030 Ite-

447 1069 671 1142 liquias,
734 1071 816 1125 uti
874 1075 1073 1124 narrat
1121 1069 1451 1134 Suetonius,
1506 1068 1752 1138 legerunt
1817 1067 2092 1135 primores

447 1159 710 1230 equestris
744 1158 961 1214 ordinis
1012 1158 1271 1225 tunicati,
1329 1161 1381 1210 et
1436 1155 1703 1220 distincti,
1758 1153 2089 1224 pedibusque

447 1246 632 1313 nudis,
666 1263 729 1302 ac
768 1249 826 1300 in
855 1246 1133 1301 mausoleo
1183 1244 1543 1301 condiderunt
1591 1244 1858 1314 (Sueton.
1893 1241 1995 1296 lib.
2027 1258 2089 1305 ιι,

450 1337 511 1389 in
539 1337 641 1390 Vit.
673 1337 903 1404 August.
940 1333 969 1407 §
1001 1336 1144 1405 100).
1165 1333 1408 1398 Quidam
1441 1333 1682 1402 insuper
1711 1330 1932 1402 opinati
1955 1334 2095 1384 sunt

451 1424 524 1479 ad
555 1423 714 1478 hunc
737 1424 911 1478 ritum
947 1429 1243 1494 spectasse
1292 1421 1655 1487 Juvenalem,
1696 1419 1793 1474 ubi
1824 1420 1894 1473 de
1926 1417 2094 1489 gallis

454 1509 658 1566 Matris
687 1510 861 1566 deum
891 1509 1290 1566 sacerdotibus
1319 1507 1439 1562 haec
1469 1505 1677 1561 cecinit
1709 1521 1722 1560 :

612 1671 626 1684 .
756 1669 772 1685 .
905 1671 918 1684 .
1020 1671 1032 1682 .
1162 1665 1176 1681 .
1305 1630 1434 1680 Inde
1464 1630 1680 1694 superbi

607 1697 796 1760 Totum
828 1697 966 1760 regis
997 1709 1202 1760 agrum,
1233 1695 1378 1743 nuda
1407 1708 1466 1743 ac
1487 1688 1842 1742 tremebunda
1861 1688 2099 1740 cruentis

608 1759 863 1824 Erumpet
890 1759 1134 1823 genibus.
1232 1792 1245 1806 .
1345 1791 1358 1804 .
1458 1791 1470 1804 .
1571 1790 1582 1801 .
1683 1789 1696 1804 .

1132 1836 1398 1900 (Juvenal.
1428 1835 1572 1886 eatir.
1595 1838 1640 1895 6,
1671 1849 1722 1884 v.
1753 1835 1882 1896 466.)

455 1955 645 2013 Simili
673 1973 906 2028 quoque
937 1958 1109 2012 modo
1142 1956 1360 2011 Seneca
1393 1953 1609 2026 scripto
1640 1953 1880 2008 tradidit
1912 1967 1926 2008 :
1958 1950 2101 2005 Cum

456 2067 484 2096 «
519 2045 765 2102 sistrum
796 2045 1008 2116 aliquis
1039 2045 1376 2100 concutiens
1425 2061 1493 2099 ex
1523 2042 1768 2114 imperio
1800 2040 2102 2109 mentitur,

455 2150 590 2190 cum
639 2132 854 2206 aliquis
903 2133 1139 2189 secandi
1184 2133 1430 2188 lacertos
1461 2147 1600 2187 suos
1629 2129 1835 2186 artifex
1865 2128 2103 2183 brachia

454 2228 632 2294 atque
671 2220 948 2277 humeros
980 2237 1269 2292 suspensa
1312 2237 1487 2275 manu
1518 2223 1799 2283 cruentat,
1834 2233 1965 2272 cum
1997 2214 2102 2269 ali-

457 2327 576 2382 qua
615 2309 863 2382 genibus
923 2327 1023 2380 per
1075 2309 1226 2364 viam
1289 2325 1516 2379 repens,
1569 2305 1814 2361 ululat»
1863 2305 2092 2376 (Senec.

458 2398 561 2454 lib.
593 2398 657 2454 de
692 2400 793 2454 Vit.
827 2398 963 2453 beat.
998 2414 1123 2468 cap.
1156 2400 1246 2464 22,
1281 2413 1413 2467 pag.
1459 2397 1608 2464 640).
1661 2395 1770 2449 Sed
1804 2393 1918 2458 hic,
1952 2392 2104 2446 sicut

457 2487 778 2552 Juvenalis,
811 2489 881 2542 de
912 2488 981 2540 iis
1021 2488 1212 2556 potius
1245 2485 1501 2550 disserit,
1535 2483 1635 2555 qui
1683 2483 1928 2554 genibus
1982 2481 2102 2535 nixi

460 2576 901 2649 gradiebantur,
935 2591 1110 2647 quam
1162 2577 1261 2645 qui
1316 2573 1563 2644 pedibus
1613 2571 1784 2625 nudis
1830 2571 1993 2624 ibant
2042 2569 2101 2622 in

460 2663 767 2734 templum,
807 2663 904 2718 ubi
938 2665 1075 2718 deos
1107 2679 1245 2717 suos
1275 2667 1677 2733 precarentur.
1716 2659 1900 2730 Magis
1924 2657 2105 2728 igitur

461 2753 535 2807 ad
567 2749 911 2808 Tertulliani
941 2751 1306 2823 propositum
1339 2749 1517 2804 citata
1544 2747 1730 2803 Ovidii
1760 2747 1936 2802 verba
1966 2762 2100 2800 con-

460 2841 704 2896 ducunt.

526 2929 715 2985 Nudis
758 2928 950 2999 itaque
991 2927 1236 2999 pedibus
1268 2927 1601 2982 incedentes
1634 2923 1874 2989 ethnici,
1907 2922 2102 2978 venie-

456 3017 599 3074 bant
626 3018 688 3074 in
731 3017 1080 3089 Capitolium,
1113 3017 1193 3072 ait
1240 3015 1654 3082 Tertullianus,
1703 3015 1760 3069 id
1811 3018 1920 3080 est,
1956 3018 2101 3066 tem-

455 3106 620 3178 plum
678 3106 839 3163 Jovis
885 3104 1216 3178 Capitolini,
1271 3104 1469 3176 ibique
1518 3103 1853 3174 quaerebant
1906 3101 2103 3155 cwlum

457 3195 743 3268 pluvium,
777 3211 843 3250 ac
873 3195 1073 3250 nebula
1104 3193 1369 3249 fecundis
1417 3192 1705 3248 imbribus
1737 3190 1975 3262 gravida
2006 3207 2101 3244 ex-

460 3285 807 3357 spectabant
835 3283 901 3338 de
953 3283 1300 3355 laquearibus
1350 3281 1507 3337 illius
1554 3281 1832 3335 nimirum
1875 3277 2100 3349 templi,

460 3372 524 3427 in
574 3389 690 3442 quo
735 3388 1034 3427 summum
1062 3372 1261 3428 Jovem
1302 3386 1476 3426 suum
1512 3369 1772 3424 habitare
1803 3382 2106 3439 perperam

464 3459 921 3517 arbitrabantur.

538 3549 816 3613 Quamvis
863 3554 1058 3604 autem
1119 3548 1198 3603 ibi
1254 3551 1468 3603 Auctor
1525 3552 1721 3602 noster
1766 3544 1976 3600 dixerit
2000 3544 2108 3599 hoc

466 3638 597 3710 ipso
620 3635 960 3692 calamitose
1007 3644 1265 3708 tempore
1284 3635 1509 3691 nullum
1534 3636 1605 3691 ab
1629 3635 1743 3690 illis
1765 3633 2110 3705 praetermis-

468 3741 602 3781 sum
644 3724 1110 3795 intemperantiae
1137 3723 1514 3791 libidinisque
1544 3720 1924 3788 criinen;alio
1955 3717 2106 3772 nihi-

465 3811 725 3869 lominus
766 3811 824 3866 in
884 3812 1032 3866 libro
1074 3811 1419 3866 testiﬁcatur
1455 3810 1741 3880 quosdam
1774 3825 1885 3869 non
1917 3805 2106 3861 solum

464 3902 714 3974 pedibus
746 3901 940 3968 nudis,
965 3917 1164 3956 verum
1199 3897 1404 3970 positis
1433 3899 1609 3954 etiam
1631 3897 1987 3969 dignitatum
2018 3894 2106 3949 in-

466 3990 755 4063 signibus,
778 3989 1096 4062 quamdam
1131 4005 1247 4060 prze
1269 4003 1330 4043 se
1361 3985 1567 4042 tulisse
1598 3984 1947 4058 paenitentiae
1975 4000 2106 4054 spe-

467 4080 636 4136 ciem.
669 4083 815 4135 Nam
847 4079 958 4135 aiio
989 4079 1048 4133 in
1083 4079 1232 4132 libro
1259 4095 1270 4132 :
1295 4082 1436 4132 Cum
1465 4099 1492 4126 «
1525 4081 1744 4148 stupet,
1771 4075 2103 4147 inquit,cce-

466 4166 612 4236 lum,
667 4173 724 4223 et
779 4173 904 4222 aret
955 4183 1167 4236 annus,
1227 4165 1601 4238 nudipedalia
1663 4164 2105 4231 denuntiantur,

467 4254 848 4329 magistratus
879 4272 1170 4328 purpuras
1227 4261 1474 4327 ponunt,
1509 4256 1693 4310 fasces
1749 4257 1900 4308 retro
1943 4269 2106 4307 aver—

465 4347 620 4415 tunt,
644 4361 872 4416 precem
903 4343 1237 4416 indigitant,
1263 4343 1514 4399 hostiam
1546 4345 1876 4398 instaurant
1897 4363 1925 4390 ››
1947 4341 2104 4412 (Ter-

465 4432 598 4488 tull.
629 4433 702 4489 de
728 4433 934 4505 Jejun.,
967 4449 1094 4504 cap.
1130 4433 1236 4501 16).

535 4521 748 4578 Verum
780 4522 872 4578 his
902 4520 1244 4577 idololatriae
1283 4520 1555 4592 operibus
1604 4517 1751 4573 nihil
1784 4517 1955 4590 plane
2001 4533 2107 4572 nec

946 367 1470 429 TERTULLIANI
1516 367 1836 430 OPERUM
1881 367 2085 428 PARS
2129 367 2178 427 ῐ.
2224 401 2300 410 -
2345 368 2618 428 SERIES
2662 368 2712 439 Ι,
2761 366 3322 429 APOLOGETICA.

3703 367 3873 427 H76

2116 505 2170 566 Α
2200 499 2413 554 ethnici
2460 498 2824 571 publicarum
2875 498 3279 554 calamitatum
3327 515 3526 554 revera
3579 505 3870 555 auctores

2196 593 2379 658 erant,
2416 589 2657 643 minime
2704 604 2838 642 vero
2887 588 3227 656 Christiani,
3258 588 3359 660 qui
3411 605 3613 643 verum
3664 588 3864 644 Deum

2201 678 2380 732 Deum
2414 677 2742 746 adorantes,
2775 681 3038 748 poterant
3090 677 3292 749 utique
3333 677 3405 732 ab
3435 695 3502 733 eo
3536 677 3858 748 postulata

2199 766 2480 820 obtinere.

2813 898 3131 938 ARTICULUS
3169 899 3222 937 V.

2201 973 2620 1026 Examinantur
2651 972 2836 1024 aliaue
2867 990 2898 1024 a
2952 972 3289 1026 Tcrtulliano
3321 973 3587 1040 rationes,
3621 974 3687 1027 ob
3717 990 3866 1044 quas

2270 1044 2407 1097 Deus
2461 1045 2682 1112 patitur
2733 1044 3082 1097 Christianos
3130 1043 3366 1113 publicis
3432 1045 3865 1099 calamitatibus

2271 1116 2467 1184 afﬂigi,
2499 1123 2549 1169 et
2571 1130 2670 1168 cur
2693 1129 2767 1168 em
2795 1130 2892 1184 pro
2922 1116 3152 1170 ethnicis
3182 1116 3361 1170 valere
3389 1131 3499 1170 non
3527 1118 3762 1186 possint.

2269 1245 2622 1301 Graviasimo
2652 1252 2733 1301 tot
2760 1253 3176 1318 tantorumque
3201 1253 3678 1319 argumentorum
3706 1267 3867 1321 pon-

2202 1335 2336 1390 dere
2383 1335 2585 1389 1078
2626 1335 2818 1389 ebruti
2871 1335 3137 1404 gentiles,
3190 1337 3338 1392 mira
3387 1337 3712 1409 pertinacia
3762 1355 3859 1394 ce-

2203 1425 2338 1478 dere
2369 1439 2670 1493 nunquam
2703 1423 3007 1487 volebant;
3041 1426 3140 1478 sed
3166 1425 3380 1480 intorta
3422 1443 3455 1480 a
3500 1427 3860 1482 Christianis

2202 1511 2318 1567 tela
2347 1514 2405 1566 in
2437 1513 2596 1582 ipsos
2630 1518 2958 1582 retorquere
2989 1529 3224 1584 quoquo
3254 1514 3425 1570 modo
3457 1517 3857 1572 conabantur.

2205 1600 2265 1655 Si
2293 1600 2630 1665 Christiani,
2657 1601 3020 1672 inquiebant,
3047 1603 3412 1673 publicarum
3445 1604 3701 1659 cladium
3735 1622 3856 1660 non

2205 1694 2346 1744 sunt
2374 1705 2569 1744 revera
2599 1696 2884 1752 auctores,
2913 1707 3016 1745 cur
3044 1691 3277 1746 illorum
3311 1692 3548 1756 Deus,si
3580 1694 3856 1765 omnipo-

2204 1781 2336 1832 tens
2366 1777 2444 1831 sit
2472 1784 2527 1832 et
2549 1779 2769 1847 justus,
2802 1779 2944 1833 adeo
2991 1778 3303 1847 tranquille
3359 1781 3578 1852 patitur
3622 1798 3722 1838 eos
3753 1782 3861 1836 iis-

2126 1865 2173 1930 B
2204 1866 2334 1920 dem
2367 1864 2822 1935 calamitatibus,
2853 1883 2918 1921 ac
2961 1873 3198 1922 crateres
3231 1868 3499 1924 homines
3533 1871 3734 1925 noxios
3787 1887 3856 1925 ac

2211 1954 2542 2018 sceleratos,
2599 1955 2811 2024 vexari,
2871 1956 2998 2008 Isidi
3057 1963 3112 2010 et
3167 1957 3465 2028 opprimi?
3523 1959 3858 2030 Respondet

2210 2041 2602 2096 Tertullianus
2645 2042 2754 2097 hoc
2802 2042 2982 2097 telum
3015 2046 3336 2116 retorqueri
3371 2046 3646 2117 plumbea
3677 2047 3858 2118 plane

2210 2136 2267 2186 et
2295 2130 2486 2184 hebeti
2517 2131 2940 2185 caecutientium
2984 2131 3287 2188 hominum
3322 2150 3520 2199 manu,
3555 2135 3652 2206 qui
3688 2140 3858 2190 ister-

2210 2235 2316 2274 nas
2373 2219 2584 2273 summi
2639 2219 2737 2273 Dei
2785 2218 3164 2288 dispositiones
3219 2222 3459 2277 omnino
3505 2222 3866 2295 ignorabant

2210 2306 2472 2377 (Tertull.
2497 2309 2790 2378 Apologct.,
2817 2324 2943 2378 cap.
2967 2309 3077 2378 41).
3112 2309 3256 2364 Nam
3289 2310 3383 2366 hic
3417 2327 3694 2382 supremo
3725 2317 3863 2382 post

2211 2396 2413 2450 mundi
2449 2395 2621 2450 ﬁnem
2649 2397 2874 2464 judicio
2904 2397 3088 2451 bonos
3117 2398 3408 2454 discernet
3437 2416 3470 2454 a
3501 2399 3696 2466 malis,
3724 2399 3863 2456 hus-

2211 2500 2324 2554 que
2373 2500 2473 2553 pro
2533 2485 2737 2538 merito
2794 2483 3166 2556 sempiternis
3224 2491 3327 2541 aut
3383 2489 3690 2559 suppliciis
3752 2495 3864 2546 aut

2211 2573 2464 2642 praemiis
2495 2573 2725 2626 afficiet.
2751 2573 2982 2628 interim
3013 2591 3146 2630 vero
3179 2575 3364 2630 voluit
3393 2576 3666 2631 omnibus
3695 2593 3862 2633 com-

2212 2659 2410 2714 munia
2455 2675 2583 2714 esse
2626 2661 2800 2728 hujus
2832 2662 2963 2716 vitae
3009 2664 3317 2719 commoda
3346 2669 3404 2719 et
3431 2664 3810 2720 incommoda
3845 2683 3861 2721 :

2211 2771 2238 2798 «
2274 2747 2345 2803 Ut
2374 2749 2519 2819 pari,
2570 2748 2783 2819 inquit,
2831 2752 3120 2806 consortio
3167 2768 3373 2808 omnes
3421 2754 3796 2824 experientur
3829 2776 3859 2804 ιι

2213 2837 2416 2908 (lbid.),
2448 2841 2548 2891 aut
2576 2836 2872 2892 lenitatem
2921 2839 3050 2908 ejus
3101 2844 3201 2895 aut
3239 2841 3628 2906 severitatem,
3663 2841 3863 2897 illam-

2211 2941 2324 2997 que
2355 2924 2684 2996 diligerent,
2718 2931 2774 2980 et
2822 2925 2971 2982 hanc
3005 2933 3353 2986 metuerent.
3394 2928 3643 2984 Publicis
3675 2929 3866 3001 igitur

2211 3013 2573 3069 calamitates
2602 3013 2951 3069 Christianis
2979 3022 3145 3070 erant
3174 3016 3230 3070 in
3269 3017 3726 3073 admonitionem
3767 3019 3864 3072 of-

2212 3102 2348 3171 ficii,
2379 3101 2624 3158 ethnicis
2671 3119 2799 3157 vero
2841 3104 2898 3156 in
2929 3105 3212 3159 scelerum
3246 3105 3708 3177 castigationem.
3742 3107 3866 3162 Nec

2215 3206 2419 3262 urgere
2449 3191 2507 3244 hi
2537 3195 2804 3260 poterant
2835 3191 2887 3245 id
2916 3192 2986 3245 ab
3012 3192 3155 3262 ipsis
3179 3193 3528 3248 Christianis
3551 3211 3863 3265 perperam

2217 3279 2437 3331 fictum.
2472 3277 2616 3332 Nam
2664 3279 2799 3343 haec,
2836 3278 3018 3350 pergit
3069 3278 3187 3345 ille,
3240 3282 3325 3334 ita
3377 3279 3672 3336 didicimus
3711 3283 3868 3352 apud

2216 3368 2394 3435 ipsum
2422 3365 2604 3420 Deum
2652 3368 2858 3436 (lbip.),
2905 3366 3014 3422 hoc
3060 3373 3168 3435 est,
3203 3367 3263 3422 in
3313 3369 3496 3424 sacris
3545 3371 3773 3425 Veteris
3807 3375 3869 3425 et

2215 3453 2356 3508 Novi
2403 3454 2759 3508 Testamenti
2807 3454 2972 3510 libris
3030 3455 3254 3526 (Latth).
3310 3473 3365 3522 v,
3416 3458 3522 3523 45;
3575 3473 3702 3522 χιιι,
3742 3458 3865 3525 49;

2213 3558 2342 3610 xxv,
2391 3543 2460 3596 32
2487 3545 2544 3597 et
2575 3545 2779 3613 seqq.),
2825 3559 3076 3614 quorum
3125 3561 3449 3611 summam,
3475 3551 3542 3600 ut
3580 3546 3864 3617 superius

2213 3632 2469 3685 vidimus
2503 3633 2686 3701 (supr.
2717 3649 2846 3704 cap,
2878 3633 2932 3700 8,
2975 3637 3083 3687 art.
3114 3634 3139 3687 1
3185 3640 3242 3688 et
3268 3635 3324 3705 5)
3353 3634 3869 3691 demonstraverat

2217 3720 2641 3774 auctoritatem.

2285 3807 2550 3863 Secundo
2583 3809 2896 3880 respondet
2923 3809 3281 3868 Christianos
3326 3811 3503 3868 nullis
3553 3813 3728 3869 rebus
3757 3815 3867 3869 ad-

2213 3895 2395 3951 versis
2449 3897 2505 3951 in
2554 3896 2664 3952 hoc
2709 3899 2926 3953 mundo
2975 3899 3266 3971 afﬂictari,
3297 3903 3398 3957 sed
3448 3903 3643 3973 potius
3674 3901 3865 3958 lietari

2215 3984 2472 4054 (Tertull.
2526 3985 2628 4041 loc.
2677 3987 2842 4054 cit.);
2901 3989 3379 4059 quandoquidem
3437 3989 3582 4044 nihil
3632 3990 3871 4060 gratius

2213 4073 2564 4144 chariusque
2611 4073 2924 4145 habebant,
2957 4093 3135 4147 quam
3167 4077 3236 4132 de
3280 4077 3388 4132 hoc
3421 4079 3640 4134 mundo
3671 4078 3860 4146 exire,

2214 4167 2279 4216 ut
2299 4162 2470 4217 citius
2489 4166 2768 4218 mternam
2786 4161 2948 4218 illam
2971 4171 3472 4236 consequerentur
3492 4165 3834 4223 felicitatem
3857 4210 3872 4234 ,

2214 4267 2389 4320 quam
2433 4251 2781 4307 certissimis
2813 4267 2880 4306 ac
2908 4251 3124 4306 divinis
3153 4253 3403 4310 oraculis
3435 4254 3549 4310 sibi
3581 4271 3686 4310 nec
3729 4255 3872 4312 aliis

2214 4339 2564 4410 promissam
2615 4339 2796 4395 fuisse
2842 4344 2998 4395 certo
3028 4340 3244 4396 certius
3277 4350 3576 4398 noverant.
3629 4343 3870 4400 Ethnici

2212 4444 2348 4483 vero
2380 4428 2702 4498 nequibant
2727 4427 2906 4483 simili
2939 4429 3108 4484 modo
3140 4430 3318 4499 hujus
3341 4431 3868 4502 argumenti,quod

2214 4515 2274 4571 in
2306 4533 2404 4571 eos
2435 4516 2590 4572 solos
2623 4516 2868 4585 valebat,
2899 4517 3014 4572 vim
3063 4535 3324 4589 unquam
3357 4520 3676 4576 infirmare.
3709 4519 3864 4576 Nam

467 4627 502 4666 a
531 4611 643 4666 diis
673 4610 820 4678 suis,
851 4610 948 4682 qui
979 4609 1126 4665 nulli
1173 4615 1358 4679 erant,
1390 4627 1494 4664 nec
1526 4627 1560 4664 a
1590 4625 1720 4663 vero
1750 4614 1808 4662 et
1837 4606 2100 4676 omnipo-
2133 4593 2180 4659 D
2213 4606 2262 4660 si
2292 4605 2524 4660 illorum
2553 4605 2632 4659 dii
2669 4605 2956 4660 mundum
2989 4611 3223 4677 propter
3251 4606 3638 4672 Christianos,
3659 4609 3868 4666 hostes

467 4703 628 4754 tente
650 4699 787 4765 Deo,
809 4699 910 4770 qui
940 4698 1102 4754 solus
1123 4699 1383 4754 omnium
1416 4698 1698 4752 honorum
1729 4695 1969 4767 largitor
1999 4700 2108 4760 est,

467 4786 784 4858 impetrare
824 4804 1082 4858 unquam
1131 4791 1414 4857 poterant.
1449 4786 1586 4850 Quis
1619 4792 1808 4840 autem
1838 4787 1960 4855 jam
1993 4799 2108 4838 non

469 4873 746 4947 intelligit
773 4891 950 4947 quam
981 4891 1112 4929 vera
1141 4882 1412 4944 certaque
1433 4874 1510 4928 sit
1531 4873 1871 4928 Tertulliani
1903 4873 2107 4939 nostri,

471 4966 704 5020 eosdem
762 4962 1012 5035 gentiles
1063 4962 1437 5034 alloquentis,
1496 4962 1791 5017 conclusio
1844 4977 1857 5016 :
1917 4984 1944 5011 ‹‹
1992 4960 2110 5016 Vos

469 5051 655 5125 igitur
686 5051 1005 5124 importuni
1038 5052 1211 5106 rebus
1244 5050 1543 5120 humanis,
1573 5066 1676 5106 vos
1716 5050 1796 5105 rei
1849 5049 2109 5120 publico-

469 5158 602 5197 rum
633 5141 1160 5207 incommodorum,
1193 5155 1292 5194 vos
1325 5139 1612 5194 malorum
1646 5138 1830 5194 illices
1859 5154 2108 5209 semper,

469 5229 626 5302 apud
684 5246 829 5300 quos
888 5229 1040 5283 Deus
1099 5228 1415 5298 spernitur,
1459 5232 1658 5282 statuae
1707 5227 2022 5283 adorantur
2080 5248 2108 5276 ››

469 5317 670 5392 (idem,
703 5316 1006 5389 Apologet.,
1039 5333 1166 5388 cap.
1201 5316 1289 5385 41,
1321 5333 1452 5388 pag.
1485 5317 1630 5386 488).
1663 5316 1726 5371 In
1755 5316 2108 5387 quibusdam

469 5406 826 5464 editionihus
861 5423 874 5462 :
906 5407 1059 5461 Ilices
1094 5421 1324 5476 semper.
1370 5408 1611 5460 Summa
1655 5403 1946 5460 enimvero
1993 5404 2108 5459 im-

472 5497 685 5568 pietate
733 5495 912 5550 lalsos
939 5494 1100 5561 deos,
1133 5499 1475 5565 statuasque
1505 5494 1782 5556 adoratis,
1815 5510 1879 5551 ac
1909 5510 2107 5549 verum

474 5583 795 5653 repudiatis
823 5588 1026 5650 Deum,
1051 5583 1151 5652 qui
1182 5582 1396 5653 impios
1421 5587 1477 5638 et
1505 5582 1811 5638 sceleratos
1842 5582 2110 5638 homines

476 5669 732 5745 publicis
750 5669 1180 5727 calamitatibus
1200 5671 1408 5730 merito
1429 5671 1694 5744 castigat.
1716 5671 1738 5727 Ι
1744 5670 1958 5744 psimet
1973 5688 2108 5745 ergo

2217 4710 2375 4760 suos,
2410 4693 2662 4766 publicis
2712 4694 3052 4766 premebant
3094 4694 3548 4762 calamitatibus,
3580 4713 3695 4752 non
3729 4698 3867 4754 sine

2216 4783 2428 4854 ingrati
2461 4781 2640 4837 animi
2682 4782 2820 4838 vitio
2869 4782 3238 4853 patiebantur
3267 4783 3398 4840 illos
3429 4785 3683 4841 cultores
3717 4803 3866 4844 suos

2216 4871 2424 4927 iisdem
2456 4871 2722 4926 cladibus
2753 4871 2963 4926 involvi
3001 4887 3014 4927 :
3055 4891 3076 4920 ι
3108 4873 3284 4941 Quos,
3331 4878 3396 4929 ut
3425 4879 3576 4930 recte
3608 4875 3692 4930 ait
3720 4879 3866 4930 Ter-

2218 4959 2523 5024 tullianus,
2555 4975 2812 5031 separare
2853 4961 3141 5016 debebant
3190 4979 3223 5016 a
3270 4965 3487 5018 meritis
3519 4963 3872 5020 Christiano-

2217 5067 2343 5106 rum
2393 5049 2652 5120 (Tertull.
2704 5049 2883 5121 ibid.).
2937 5054 3249 5121 Postquam
3299 5067 3432 5107 vero
3482 5054 3782 5123 expositas
3839 5073 3875 5111 a

2220 5142 2389 5194 nobis
2420 5139 2476 5194 in
2509 5139 2848 5194 eorumdem
2893 5138 3358 5196 Christianorum
3402 5141 3648 5212 gratiam
3683 5142 3870 5198 ratic-

2218 5247 2320 5285 nes
2353 5227 2614 5300 protulit,
2643 5227 2906 5283 ethnicos
2935 5227 3028 5282 his
3063 5229 3274 5284 affatur
3300 5230 3492 5285 verbis
3525 5246 3538 5286 :
3573 5253 3600 5280 ‹‹
3635 5230 3695 5285 Si
3727 5247 3871 5288 vero

2217 5321 2289 5374 ab
2336 5319 2440 5385 eis,
2474 5333 2621 5389 quos
2677 5316 2890 5382 colitis,
2921 5317 3121 5373 omnia
3175 5316 3340 5373 vobis
3385 5317 3539 5374 mala
3583 5319 3872 5374 eveniunt

2216 5407 2404 5462 nostri
2433 5423 2630 5478 causa,
2653 5406 2790 5478 quid
2814 5405 3000 5461 colere
3031 5407 3411 5478 perseveratis
3432 5412 3548 5463 tam
3570 5408 3868 5479 ingratos,

2215 5499 2331 5551 tam
2378 5495 2652 5567 injustas,
2686 5495 2782 5567 qui
2824 5493 3012 5565 magis
3040 5511 3144 5550 vos
3172 5495 3232 5550 in
3262 5496 3518 5551 dolorem
3549 5497 3714 5567 (Mss.
3751 5514 3866 5553 no-

2217 5585 2322 5641 stri
2353 5587 2412 5639 in
2442 5585 2648 5654 dolore)
2680 5583 3144 5641 Christianorum
3189 5583 3462 5654 adjuvare
3491 5592 3549 5640 et
3594 5601 3866 5643 asserere

2215 5674 2560 5746 debuerunt,
2585 5689 2732 5745 quos
2760 5687 3029 5744 separare
3057 5671 3335 5731 deberent
3361 5689 3396 5731 a
3425 5673 3649 5730 meritis
3682 5673 3864 5732 Chri-
