4162 6364
263 354 420 415 ΗΠ

1178 357 1251 415 D.
1298 354 1395 415 LE
1439 355 1767 417 NOURRY
1812 353 2464 415 OBSERVATIONES
2510 355 2771 416 NOVE.

3528 354 3684 414 H78

258 486 589 541 stianorum
640 507 667 535 ››
718 486 921 557 (lbid.).
975 486 1150 542 Vides
1195 486 1315 542 haec
1368 486 1690 557 posteriora
1740 486 1914 541 verba
1946 498 1988 555 Α
2027 486 2123 540 lib.
2160 503 2235 553 v1,
2270 503 2397 559 cap.
2428 488 2477 557 4,
2513 504 2640 558 pag.
2684 488 2833 558 265),
2893 492 3227 544 asseverant
3294 484 3681 544 brachmanes

259 574 349 629 bis
382 575 583 646 repeti,
618 590 749 646 quas
780 574 997 631 idcirco
1030 574 1318 647 Rigaltlus
1350 581 1633 647 tanquam
1689 592 1913 647 prazpo-

258 669 411 718 stere
446 663 663 729 addita,
696 664 756 717 in
790 682 897 718 sua
938 664 1194 720 editione
1217 670 1421 720 contra
1468 665 1737 720 codicum
1797 681 1915 719 om-

262 753 450 819 nium,
485 753 601 807 sive
635 753 945 820 editorum,
989 755 1109 810 sive
1154 754 1692 826 manuscriptorum
1717 754 1911 822 fidem,

263 842 499 913 penitus
541 841 1025 897 abstulit.Verum
1060 844 1222 915 quid,
1256 844 1466 899 amabo
1493 847 1569 908 te,
1618 842 1917 914 prohibuit

264 929 581 1000 quominus
609 931 1009 987 Tertullianus
1043 933 1327 989 adversus
1392 932 1659 988 ethnicos
1718 932 1916 1003 dispu-

266 1020 462 1087 tando,
498 1020 699 1075 eadem
732 1021 926 1089 verba,
959 1022 1177 1092 quibus
1210 1022 1424 1077 thesim
1468 1038 1637 1077 suam
1699 1036 1913 1092 propo«

260 1110 401 1175 suit,
431 1112 561 1180 post
589 1108 796 1164 allatas
828 1110 898 1165 ad
934 1126 1063 1167 eam
1097 1112 1461 1182 probandam
1520 1110 1774 1166 rationes
1808 1109 1913 1165 ite-

267 1214 400 1253 rum
436 1199 771 1268 repeteret?

333 1288 405 1341 At
426 1285 566 1356 hac,
600 1286 829 1358 inquiet
847 1286 1083 1359 aliquis,
1118 1290 1267 1345 tanti
1302 1307 1415 1346 non
1440 1298 1579 1349 sunt
1609 1296 1913 1365 momenti,

263 1376 470 1446 quanti
504 1374 652 1431 scire
684 1378 926 1433 interest
970 1380 1124 1434 unde
1191 1380 1287 1436 ille
1332 1382 1616 1439 conficere
1662 1386 1917 1455 potuerit

265 1465 405 1520 deos
436 1464 768 1535 gentilium,
802 1467 851 1521 si
884 1467 1016 1537 quis
1046 1468 1101 1523 in
1135 1468 1218 1525 eis
1258 1470 1409 1541 grati
1444 1478 1499 1527 et
1532 1473 1680 1545 aequi
1732 1474 1913 1529 animi

266 1570 478 1609 sensus
510 1554 1021 1623 fuisset,debuisse
1049 1557 1203 1627 illos,
1236 1562 1292 1613 in
1327 1559 1578 1630 publicis
1609 1562 1909 1618 calamita-

2025 574 2200 628 Indiae
2234 573 2453 630 incolas
2489 576 2689 645 fuisse,
2721 592 2958 647 eosque,
2984 576 3070 630 uti
3116 574 3251 630 alibi
3315 573 3478 639 dixit,
3537 593 3679 645 γυμ-

2033 660 2400 733 vob:(nurlos)
2420 681 2519 719 seu
2557 665 3073 737 gymnosophistas
3105 663 3310 719 collem
3346 663 3678 717 habitantes

2026 768 2231 822 parum
2268 770 2298 805 a
2330 752 2440 805 Nili
2477 752 2620 824 ripis
2653 753 2993 808 distantem.
3042 752 3127 806 Ab
3169 752 3518 823 Hieronymo
3579 768 3681 805 au-

2026 843 2145 895 tem
2180 840 2392 895 alicubi
2428 865 2453 890 ‹‹
2492 841 2768 897 Indorum
2820 842 3215 909 brachmanaz,
3270 844 3326 895 et
3384 840 3679 911 .Egyptio-

2024 944 2156 983 rum
2208 930 2705 1001 gymnosophistas
2779 953 2806 980 ››
2852 932 3205 1003 (Hieronym.
3258 930 3428 1002 epist.
3469 930 3558 996 57,
3611 930 3681 983 ad

2024 1021 2156 1075 Lael.
2201 1026 2257 1074 et
2312 1018 2415 1074 lib.
2466 1037 2483 1073 1
2533 1020 2653 1075 allo.
2694 1022 2920 1091 Jovin.),
2976 1020 3113 1075 alibi
3164 1036 3323 1085 vero,
3365 1019 3522 1074 etab
3556 1017 3674 1086 illo,

2028 1112 2085 1162 et
2107 1107 2260 1175 aliis,
2298 1126 2443 1180 quos
2477 1109 2590 1164 alia
2622 1109 2678 1165 in
2731 1110 3146 1166 dissertatione
3199 1109 3528 1176 citavimus,
3581 1124 3679 1180 gy-

2029 1196 2448 1267 mnosophistas
2484 1199 2656 1253 India?
2689 1199 3061 1271 appellantur
3091 1203 3231 1268 (tom
3270 1197 3679 1269 tApparatJib.

2024 1297 2115 1351 ιιι,
2149 1285 2381 1339 dissert.
2415 1288 2467 1353 2,
2503 1304 2628 1359 cap.
2668 1289 2752 1354 19,
2781 1293 2885 1343 art.
2928 1290 2973 1359 t,
3007 1306 3135 1360 pag.
3189 1288 3324 1342 1160
3355 1293 3411 1342 et
3451 1286 3678 1359 scqq.).

2026 1375 2099 1427 At
2155 1374 2371 1429 ibidem
2426 1375 2669 1447 insuper
2725 1378 3133 1432 adnotavimus
3188 1376 3401 1448 duplex
3471 1376 3679 1431 saltem

2026 1463 2210 1519 fuisse
2242 1464 2475 1520 illorum
2507 1484 2712 1538 genus.
2748 1468 2805 1522 Si
2840 1468 2973 1538 quis
3000 1484 3169 1538 porro
3203 1466 3529 1539 probaverit
3549 1464 3678 1521 illos

2022 1569 2135 1607 non
2171 1552 2365 1609 solum
2400 1555 2457 1609 in
2493 1556 2677 1621 India,
2715 1558 2815 1611 sed
2842 1556 2895 1610 in
2931 1558 3173 1628 .«Egypto
3205 1556 3383 1612 etiam
3417 1573 3557 1612 suae
3580 1572 3681 1628 po-

267 1642 426 1697 tibus
457 1660 757 1699 secernere
781 1647 1042 1706 1079a
1093 1647 1459 1704 Christianis.
1508 1650 1616 1705 Sed
1677 1651 1733 1706 id
1778 1651 1913 1707 inde

2032 1642 2209 1697 suisse
2250 1644 2439 1709 sedes,
2497 1647 2545 1698 is
2597 1645 2765 1700 facile
2818 1646 3243 1713 Tertullianum
3315 1645 3580 1716 aliosque
3645 1662 3678 1700 a

268 1731 339 1786 ab
377 1747 442 1787 eo
486 1736 639 1788 recte
684 1732 1001 1806 colligitur,
1061 1736 1201 1807 quia
1249 1737 1500 1791 ethnicis
1523 1737 1682 1794 nulla
1740 1739 1913 1811 plane
2013 1729 2369 1811 Philostrato
2403 1732 2673 1789 laudatos
2709 1735 2858 1789 inter
2890 1752 2951 1790 se
2984 1735 3335 1792 conciliabit.
3385 1738 3667 1790 Ceterum

266 1816 424 1867 certa
447 1813 593 1868 ratio
643 1815 1013 1886 suppetebat,
1057 1832 1174 1887 qua
1222 1834 1456 1888 sperare
1505 1825 1736 1890 possent
1792 1820 1911 1876 fore

2023 1809 2129 1888 illi,
2165 1820 2334 1876 sicuti
2365 1823 2648 1879 et1080
2684 1824 3092 1892 brachmanes,
3136 1826 3207 1879 ab
3253 1824 3384 1879 aliis
3418 1823 3679 1879 homini-

268 1906 351 1968 ut,
381 1906 693 1973 postquam
725 1920 792 1959 ex
827 1904 935 1959 hac
955 1904 1076 1960 vita
1112 1906 1523 1972 excessissent,
1562 1913 1837 1964 aeternam
1886 1927 1919 1965 a
1947 1887 1995 1952 B
2026 1908 2135 1965 bus
2170 1910 2445 1982 sejuncti,
2480 1913 2861 1969 durissimam
2895 1915 3386 1970 consectabantur
3427 1915 3679 1982 vivendi,

268 1989 385 2045 diis
415 1991 563 2059 suis,
597 1992 693 2062 qui
722 1993 865 2047 nulli
898 1999 1086 2062 erant,
1117 1996 1448 2067 acciperent
1478 1998 1759 2052 virtutum
1788 2014 1921 2054 sua-

276 2095 406 2133 rum
434 2078 1109 2138 ‘mercedem.Christiani
1145 2101 1276 2139 vero
1309 2084 1491 2154 illam,
1530 2090 1593 2140 ut
1640 2087 1920 2159 diximus,

274 2167 345 2221 ab
378 2169 777 2241 omnipotente
814 2172 922 2227 Deo
949 2189 1056 2227 suo
1107 2172 1429 2229 certissime
1484 2175 1920 2246 exspectabant.

272 2255 398 2310 Non
430 2258 721 2314 debebant
751 2261 930 2331 igitur
974 2262 1190 2318 ethnici
1252 2263 1359 2318 hos
1408 2264 1547 2319 deos
1604 2264 1811 2331 colere,
1872 2265 1921 2321 si

272 2360 621 2415 persuasum
664 2347 958 2404 habebant
988 2367 1050 2406 se
1082 2352 1152 2405 ab
1186 2351 1301 2407 illis
1331 2353 1403 2407 ob
1428 2352 1794 2409 Christianos
1818 2372 1921 2426 pu-

276 2432 442 2488 blicis
464 2436 904 2493 calamitatibus
926 2440 1205 2495 vexari.Si
1234 2441 1390 2496 enim
1416 2442 1739 2497 cultoribus
1771 2443 1918 2511 suis,

275 2525 376 2595 qui
409 2524 654 2582 aliorum
689 2545 865 2584 causa
891 2530 1156 2600 publicas
1186 2530 1543 2588 calamitates
1576 2534 1634 2588 in
1668 2534 1771 2589 hac
1802 2534 1921 2589 vita

273 2615 535 2685 perpessi
576 2617 888 2686 sunt,nihil
922 2623 1054 2690 post
1095 2626 1343 2676 mortem
1375 2622 1635 2678 conferre
1668 2624 1917 2695 possint,

272 2702 487 2775 ingrati
514 2722 757 2776 prorsus
787 2710 844 2761 et
874 2708 1076 2778 injusti
1110 2713 1268 2777 sunt,
1319 2716 1421 2765 aut
1473 2716 1625 2768 certe
1679 2712 1917 2779 inﬁrmi,

278 2809 343 2846 ac
370 2794 614 2864 proinde
643 2796 969 2852 divinitatis
998 2814 1238 2869 prorsus
1270 2805 1555 2871 expertes.
1613 2800 1918 2856 Tertullia-

277 2899 389 2937 nus
411 2882 610 2954 itaque
628 2896 776 2940 recte
802 2885 1101 2943 concludit
1130 2887 1339 2943 horum
1372 2890 1613 2945 deorum
1646 2888 1918 2957 cultores,

276 2971 519 3026 minime
548 2989 680 3028 vero
697 2965 1080 3041 Christianos,
1106 2976 1475 3049 publicarum
1515 2978 1918 3034 calamitatum

275 3076 404 3116 esse
434 3067 723 3119 auctores.
768 3064 962 3121 Palam
997 3083 1130 3121 vero
1158 3082 1265 3122 nos
1289 3067 1427 3123 alibi
1479 3068 1724 3124 fecimus
1772 3068 1917 3137 (Dis-

272 3153 401 3203 sert.
431 3150 493 3205 in
521 3151 745 3220 Arnob,
780 3170 907 3225 cap.
954 3154 1010 3223 6,
1041 3159 1150 3210 art.
1205 3156 1237 3209 4
1275 3161 1330 3211 et
1375 3156 1564 3229 seqq.)
1625 3159 1918 3228 quomodo

2032 2003 2089 2052 et
2119 2016 2151 2053 a
2191 2000 2336 2054 cibis
2369 2002 2701 2057 abstinendi
2738 2003 3043 2072 rationem,
3075 2022 3107 2059 a
3160 2004 3329 2059 nobis
3388 2003 3511 2060 loco
3552 2004 3681 2075 jam

2034 2087 2210 2143 citato
2241 2090 2613 2161 explicatam.

2103 2177 2211 2233 Sed
2237 2180 2407 2251 longe
2447 2180 2774 2249 dissimilis,
2819 2186 2883 2236 ut
2931 2185 3080 2236 recte
3132 2181 3526 2237 Tertullianus
3573 2199 3678 2237 no-

2032 2270 2151 2320 ster
2180 2274 2632 2332 asseverat,erat
2656 2269 3013 2326 abstinentia
3051 2270 3540 2339 Christianorum,
3574 2271 3673 2342 qui

2031 2356 2191 2411 cibos
2223 2357 2335 2411 sibi
2362 2375 2393 2412 a
2423 2358 2536 2413 Deo
2559 2359 2726 2414 datos
2758 2376 2889 2413 cum
2918 2359 3241 2431 gratiarum
3296 2360 3521 2415 actione
3581 2377 3677 2415 su-

2031 2447 2288 2513 mebant,
2322 2448 2421 2501 sed
2455 2449 2699 2503 servatis
2730 2466 2962 2519 semper
2994 2448 3387 2519 temperantiae
3419 2448 3669 2520 legibus.

2027 2532 2227 2605 Neque
2277 2535 2430 2589 enim
2475 2536 2657 2591 ullum
2716 2540 2977 2608 fructum,
3024 2537 3215 2607 inquit
3260 2538 3375 2608 ille,
3448 2555 3672 2609 operum

2029 2622 2126 2677 Dei
2157 2624 2549 2694 repudiamus:
2597 2628 2757 2695 plane
2803 2630 3193 2696 temperamus,
3239 2643 3307 2681 ne
3350 2628 3505 2682 ultra
3552 2644 3672 2683 mo-

2027 2711 2183 2777 dum,
2216 2717 2314 2766 aut
2340 2729 2627 2783 perperam
2656 2720 2879 2769 utamur
2924 2714 3183 2785 (Tertull.
3217 2715 3519 2786 Apologet.,
3544 2733 3672 2788 cap.

2030 2802 2140 2872 42).
2173 2802 2369 2875 Neque
2402 2805 2577 2858 etiam
2605 2805 2780 2859 iidem
2820 2804 3131 2859 Christiani
3163 2811 3331 2860 erant
3378 2806 3673 2878 sylvarum

2029 2890 2254 2959 incola),
2288 2908 2352 2946 ac
2383 2892 2555 2947 veluti
2606 2893 2994 2949 brachmanes
3051 2898 3109 2949 et
3155 2894 3672 2966 gymnosophistae,

2027 2980 2243 3036 exsules
2272 2982 2403 3038 vita?
2432 2982 2760 3037 communis
2790 2982 3002 3050 (lbid.),
3035 2987 3089 3036 et
3122 3000 3155 3037 a
3180 2987 3517 3037 caeterorum
3569 2982 3672 3039 ho-

2029 3070 2254 3123 minum
2286 3070 2754 3142 consortioplane
2780 3071 3056 3142 separati.
3093 3072 3150 3124 In
3203 3071 3435 3142 oppidis
3484 3072 3672 3142 siqui-

2028 3160 2159 3214 dem
2192 3163 2249 3214 et
2278 3159 2521 3215 urbibus
2552 3177 2685 3215 cum
2717 3160 2989 3229 ethnicis,
3040 3160 3192 3215 sicut
3232 3162 3354 3229 jam
3397 3161 3673 3227 diximus,

275 3236 396 3291 haec
427 3239 762 3297 criminatio
794 3247 912 3298 tam
937 3261 1109 3316 saepe,
1139 3262 1313 3316 quam
1346 3245 1571 3301 insulse
1602 3247 1673 3301 ab
1726 3246 1916 3301 ethni-
1948 3256 1991 3323 α
2031 3249 2321 3303 commisti
2359 3249 2721 3315 habitabant,
2757 3266 2819 3303 ac
2853 3266 3197 3304 communes
3228 3266 3359 3303 cum
3393 3249 3511 3304 illis
3546 3250 3675 3304 ubi-

275 3325 359 3381 cis
384 3329 649 3400 repetita,
676 3331 747 3387 ab
772 3332 1027 3389 Arnobio
1078 3335 1378 3390 confutata
1416 3336 1608 3405 fuerit,
1659 3352 1723 3391 ac
1771 3352 1913 3407 quo-

276 3417 449 3471 modo
495 3418 776 3476 Minutius
821 3423 977 3477 Felix
1022 3428 1081 3479 et
1129 3424 1469 3480 Lactantius
1518 3427 1921 3481 demonstrent

274 3508 567 3563 imbecilla
600 3510 771 3581 plane
802 3517 858 3567 et
888 3512 1076 3569 futilis
1123 3530 1253 3569 esse
1277 3514 1511 3570 illorum
1552 3521 1917 3586 argumenta,

275 3598 375 3669 qui
409 3598 543 3653 inde
574 3600 829 3655 divinam
855 3602 1280 3673 providentiam
1330 3602 1681 3658 labefactare
1730 3603 1919 3659 conati

276 3692 412 3742 sunt
435 3689 679 3760 (Dissert.
716 3692 772 3745 in
803 3691 1029 3758 Μίνωα,
1062 3709 1190 3764 cap.
1213 3694 1267 3763 6,
1300 3694 1470 3760 art.3,
1494 3697 1550 3748 et
1582 3695 1639 3748 in
1671 3696 1917 3749 Lactant.

277 3793 405 3847 cap.
450 3778 534 3843 it,
568 3784 678 3834 art.
710 3780 785 3851 3).
818 3782 925 3836 Sed
954 3782 1081 3852 jam
1132 3782 1204 3836 ad
1258 3781 1533 3837 ultimum
1581 3783 1921 3838 eorumdem

276 3866 607 3937 gentilium,
650 3873 851 3925 contra
883 3869 1215 3926 christiana
1247 3869 1547 3942 religionis
1595 3872 1922 3940 veritatem,

277 3961 692 4026 argumentum
726 3959 1097 4014 accedamus.

870 4098 1099 4154 CAPUT
1128 4099 1314 4156 XXIV.

280 4187 459 4255 Quam
526 4187 762 4242 absurde
807 4189 1024 4243 ethnici
1067 4191 1539 4259 conquerebantur
1586 4190 1924 4245 Christianos

344 4259 663 4333 reipublicz
709 4275 826 4315 esse
872 4262 1121 4327 inutiles,
1189 4270 1351 4333 atque
1407 4263 1605 4317 idcirco
1669 4264 1926 4317 extermi-

342 4330 572 4386 nandos.

791 4453 1115 4494 ARTICULUS
1157 4456 1397 4495 PRIMUS.

276 4524 564 4599 Quomodo,
601 4527 971 4581 Tertullianus
1017 4529 1331 4599 probaverit
1389 4527 1729 4584 Christianos
1808 4545 1920 4585 non

2032 3354 2145 3409 que
2179 3338 2505 3394 miscebant
2534 3356 2758 3410 operas,
2792 3341 2849 3392 in
2889 3342 3027 3407 foro,
3084 3339 3332 3407 macello,
3390 3339 3676 3405 nundinis,

2029 3429 2198 3498 agris,
2233 3428 2468 3495 balneis,
2501 3428 2739 3483 tabernis
2763 3427 2970 3494 (Ibid),
3007 3444 3120 3481 non
3152 3428 3389 3498 quidem
3415 3426 3676 3497 vinariis,

2030 3517 2131 3571 sed
2164 3516 2678 3589 aediﬁciis,qute,ut
2705 3517 2787 3571 ait
2821 3517 3026 3571 Festus
3059 3517 3153 3588 (ad
3186 3533 3237 3571 ν.
3266 3516 3676 3583 Tabernacula),

2031 3606 2335 3660 extabulis
2367 3611 2722 3669 constructa,
2756 3607 2905 3670 usui,
2934 3611 3081 3661 teste
3114 3606 3321 3672 Nonio,
3364 3612 3534 3661 erant
3581 3621 3677 3677 po-

2030 3696 2217 3765 pulari
2245 3694 2587 3764 (Nonius,ad
2622 3712 2675 3748 v.
2710 3695 3116 3765 Taber.),Artes
3138 3694 3312 3750 etiam
3345 3712 3484 3750 suas
3516 3711 3682 3750 exer-

2032 3784 2241 3838 cebant
2271 3783 2328 3838 in
2352 3783 2589 3855 ofﬁcinis
2637 3782 2876 3838 cuilibet
2921 3783 3277 3855 patentibus,
3317 3800 3381 3838 ac
3421 3799 3679 3838 commo-

2032 3874 2314 3928 rabantur
2344 3873 2402 3927 in
2433 3873 2663 3927 stabulis
2694 3871 2958 3941 (Tertull.
2982 3872 3095 3926 ibid
3123 3876 3165 3939 ),
3197 3889 3298 3927 seu
3345 3872 3679 3927 diversoriis

2033 3966 2090 4017 et
2134 3961 2430 4034 hospitiis,
2483 3962 2579 4017 ubi
2631 3961 2893 4032 hospites
2943 3965 2999 4016 et
3036 3962 3375 4033 peregrinos
3429 3960 3678 4032 excipie-

2032 4052 2196 4119 bant,
2222 4068 2323 4107 seu
2376 4052 2573 4124 potius
2617 4050 3105 4115 habitationibus,
3152 4055 3208 4104 et
3256 4050 3494 4120 privatis
3544 4065 3684 4121 quo-

2033 4142 2330 4210 rumdam,
2360 4140 2537 4195 veluti
2570 4140 2957 4212 agricolarum
2984 4138 3279 4206 domibus,
3332 4138 3404 4193 de
3459 4138 3677 4210 quibus

2033 4229 2114 4283 ita
2142 4230 2297 4283 canit
2318 4228 2599 4300 Virgilius
2634 4246 2647 4283 :

2125 4352 2301 4401 Ardua
2330 4356 2468 4402 tecta
2493 4353 2625 4414 petit
2653 4351 2845 4401 stabuli
2878 4355 2932 4402 et
2961 4351 3025 4401 de
3060 4352 3292 4402 culmine
3323 4365 3533 4403 summo

2127 4416 2305 4464 Pastor
2317 4414 2397 4465 ale
2427 4416 2576 4465 canit
2604 4414 2835 4477 signum.

2621 4495 2825 4557 (Virgil.
2860 4494 2949 4544 lib.
2985 4507 3057 4544 vn
3087 4493 3300 4546 xEneid.
3321 4508 3369 4547 v.
3401 4494 3533 4552 512.)

345 4599 518 4657 fuisse
543 4598 929 4695 bracbmanas,
973 4615 1072 4683 nec
1105 4600 1375 4695 ludorum
1424 4602 1917 4695 gymnosophistas,

2032 4622 2319 4695 Atqueita
2349 4620 2687 4690 Christiani,
2714 4621 2796 4676 ait
2841 4624 3058 4677 Auctor
3106 4626 3324 4689 noster,
3387 4620 3684 4678 cohabita-

344 4686 445 4723 nec
471 4670 781 4741 sylvicolas,
813 4671 907 4726 sed
938 4673 1261 4743 reipublicae
1286 4670 1591 4744 plurimum
1610 4670 1790 4729 utiles.

344 4812 596 4884 Ethnici,
643 4812 870 4868 nullum
932 4831 1046 4869 non
1108 4818 1406 4871 moventes
1464 4815 1522 4870 in
1559 4815 1933 4872 Christianos-

271 4890 746 4962 lapidem.adhuc
773 4895 1141 4965 objectabant
1164 4894 1295 4951 illos
1321 4895 1653 4967 reipublicm
1682 4913 1923 4967 prorsus

274 4995 404 5034 esse
436 4981 696 5047 inutiles,
726 4998 909 5053 eoque
942 4983 1066 5038 solo
1097 4984 1335 5039 nomine
1366 4984 1604 5056 penitus
1647 4985 1920 5040 extermi-

276 5069 522 5125 nandos.
546 5071 653 5125 Sed
697 5070 776 5136 hi,
810 5071 1003 5141 inquit
1040 5072 1688 5145 Tertullianus,«neque
1713 5075 1921 5131 brach-

277 5174 485 5224 manae,
550 5162 652 5214 aut
709 5159 983 5214 Indorum
1036 5160 1552 5231 gymnosophistas,
1603 5162 1916 5234 sylvicolaz,

277 5253 332 5301 et
354 5248 583 5303 exsules
603 5248 731 5302 vita:
754 5252 891 5304 sunt
911 5268 938 5299 ι
975 5248 1238 5319 (Tertull.
1279 5250 1583 5321 Apologet.,
1628 5268 1755 5323 cap.
1803 5253 1915 5325 42).

276 5338 385 5392 Sed
429 5338 692 5409 quinam,
742 5337 968 5408 inquiet
1006 5338 1249 5393 fortasse
1302 5338 1537 5410 aliquis,
1591 5346 1758 5395 erant
1831 5342 1917 5397 illi

274 5427 645 5483 brachmanas
686 5430 741 5481 et
780 5426 1320 5499 gymnosophistas?
1365 5428 1663 5497 Numquid
1714 5429 1913 5499 iidem,

2036 4714 2176 4769 bant
2205 4713 2304 4768 hoc
2334 4711 2622 4777 saeculum,
2656 4710 2797 4780 sive,
2830 4711 2983 4768 sicut
3012 4712 3070 4767 in
3108 4711 3529 4787 manuscriptis
3576 4728 3680 4767 no-

2034 4802 2141 4859 tris
2173 4802 2410 4875 legitur,
2433 4804 2493 4857 in
2525 4801 2627 4858 hoc
2655 4802 2869 4858 saeculo.

2104 4894 2493 4959 Quamobrem
2518 4892 2765 4963 gentiles
2794 4892 2921 4963 ipos
2948 4891 3029 4947 sic
3078 4897 3247 4964 urget
3277 4909 3290 4948 :
3347 4893 3680 4964 Navigamus

2032 4986 2081 5038 cl
2111 4999 2209 5038 nos
2248 4982 2540 5051 vobiscum,
2573 4990 2627 5036 et
2646 4981 2919 5037 vobiscum
2944 4982 3075 5054 (hoc
3109 4982 3382 5038 ultimum
3432 4983 3679 5038 verbum

2031 5088 2064 5126 a
2093 5069 2511 5143 manuscriptis
2543 5070 2759 5126 nostris
2800 5070 2966 5127 libris
3014 5072 3200 5144 abest)
3248 5072 3574 5137 militamus,
3630 5078 3681 5127 et

2030 5164 2382 5225 rusticamur,
2427 5169 2481 5217 et
2526 5176 2860 5227 mercamur,
2900 5161 3129 5232 proinde
3171 5164 3463 5217 miscemus
3514 5168 3679 5229 arles,

2028 5266 2216 5322 Operas
2245 5254 2455 5306 nostras
2477 5250 2889 5321 (manuscripti
2910 5254 2967 5306 et
2998 5257 3129 5306 ante
3157 5250 3477 5322 Rigaltium
3537 5249 3678 5305 editi

2028 5342 2257 5395 codices
2287 5357 2454 5411 Opera
2504 5340 2715 5411 nostra)
2758 5339 3113 5411 publicamus
3163 5342 3289 5395 usui
3342 5348 3539 5405 vestro,
3596 5342 3677 5394 at-

2028 5450 2140 5506 que
2170 5432 2251 5487 ita
2282 5432 2503 5487 mutuis
2529 5432 2808 5503 operibus
2851 5449 2955 5487 nos
3004 5433 3249 5488 invicem
3299 5434 3674 5503 adjuvamus.

275 5521 376 5572 aut
423 5516 635 5572 diversi
683 5533 715 5571 a
770 5533 830 5571 se
869 5516 1116 5572 invicem
1163 5516 1364 5589 populi
1421 5518 1714 5574 fuerunt?
1769 5520 1915 5577 Nam
2024 5522 2203 5594 Atqui
2236 5520 2518 5577 eaomnia
2541 5536 2606 5576 eo
2641 5520 2925 5591 majorem
2977 5522 3083 5577 toti
3140 5521 3477 5593 reipublicae
3537 5521 3674 5575 affe-

274 5605 611 5676 Apollonius
634 5606 919 5677 Tyanaaus
944 5609 1002 5661 et
1031 5606 1327 5679 Damides,
1361 5623 1396 5663 a
1444 5605 1792 5665 Philostrato
1841 5608 1918 5664 ci-

2024 5613 2231 5667 rebant
2252 5610 2583 5680 utilitatem,
2616 5624 2732 5681 quo
2765 5612 2954 5681 major
2982 5616 3143 5681 tunc,
3175 5612 3330 5668 sicut
3369 5615 3541 5667 antea
3596 5609 3679 5666 vi-

276 5694 381 5750 tati
400 5694 524 5765 (lib.
556 5711 621 5751 m
652 5694 724 5752 de
758 5696 874 5753 Vita
905 5695 1190 5767 Apollon.,
1249 5712 1377 5769 cap.
1400 5697 1454 5767 4,
1478 5713 1607 5769 pag.
1641 5697 1790 5771 ~119,
1858 5702 1916 5755 et
2023 5701 2245 5771 dimus,
2278 5706 2405 5758 erat
2447 5700 2791 5757 eorumdem
2840 5700 3309 5761 Christianorum
3368 5715 3674 5759 numerus.
