4162 6392
481 349 635 408 U79

1003 341 1528 405 TERTULLIANI
1574 337 1898 401 OPERUM
1945 337 2142 398 PARS
2186 336 2337 398 I.—
2367 337 2642 398 SERIES
2688 340 2735 411 l,
2779 338 3350 402 APOLOGETICA.

3722 340 3895 401 1180

477 477 635 534 Nihil
667 492 800 548 ergo
833 493 866 532 a
896 475 1136 531 veritate
1167 472 1355 544 magis
1387 471 1641 528 alienum
1670 469 1979 542 excogitari
2013 485 2112 540 po-
2147 470 2201 537 Α
2233 473 2296 523 ut
2327 468 2689 540 probabilius
2720 473 2951 541 putant,
2985 471 3279 527 continuis
3303 471 3508 528 diebus
3539 479 3890 544 agerentur-

477 567 613 637 tuit,
647 582 822 638 quam
874 563 1236 621 Christianos
1285 561 1536 634 publicis
1587 561 1761 617 rebus
1814 575 1942 615 esse
1997 558 2120 612 inu-

480 655 634 710 tiles.

1097 755 1418 797 ARTICULUS
1457 755 1517 794 ΙΙ.

484 834 708 891 Nullum
737 829 1066 903 reipublicae
1110 831 1385 903 damnum
1427 826 1634 897 in/erri
1679 842 1716 903 ᾳ
1771 823 2119 903 Christianis,

552 908 645 977 qui
698 897 1043 977 ethnicorum
1097 901 1634 977 cszreiuonias___non_
1673 897 2122 977 frequentabant,

554 965 656 1033 hec
673 976 1066 1032 Saturnalibus
1120 973 1380 1027 lavabaul
1425 965 1686 1036 diluculo,
1723 965 1814 1024 sed
1854 969 1988 1023 hora
2035 965 2126 1020 de-

556 1051 688 1110 bila,
715 1063 813 1102 nec
840 1045 1166 1101 liberalibus
1187 1043 1597 1098 discumdebant
1620 1043 1678 1094 in
1705 1039 1946 1111 publico,
1986 1039 2127 1093 sicut

567 1120 842 1174 bestiariis
870 1133 1190 1189 supremum
1222 1113 1566 1169 coenantibus
1590 1128 1703 1167 mos
1733 1120 1829 1167 est.

558 1225 942 1292 Quantumvis
961 1224 1113 1280 clare
1145 1227 1200 1278 et
1233 1227 1388 1278 certo
1437 1219 1832 1277 Tertullianus
1882 1219 2126 1273 demon-

483 1317 752 1371 straverit
790 1313 1149 1370 Christianos
1183 1312 1356 1367 rebus
1391 1309 1642 1382 publicis
1693 1307 1959 1363 maxime:
1999 1321 2128 1361 esse

485 1403 727 1460 utilitati
753 1421 766 1470 ;
799 1401 1048 1474 gentiles
1078 1407 1272 1456 tamen
1302 1405 1500 1454 contra
1530 1397 1843 1452 reclamare
1874 1411 1989 1450 non
2032 1409 2127 1448 ve-

486 1492 766 1546 rebantur
796 1489 928 1545 illos
959 1487 1288 1559 reipublicaa
1321 1487 1447 1541 ideo
1480 1501 1594 1540 non
1619 1501 1742 1540 esse
1775 1484 2126 1547 fructuosos,

489 1580 630 1650 quia
676 1595 877 1634 omnes
926 1578 1186 1648 ipsorum
1235 1573 1632 1638 caeremonias,
1674 1571 2132 1640 secretioresque

486 1666 789 1739 religionis
817 1671 983 1722 actus
1007 1661 1364 1736 adspernati,
1399 1663 1470 1717 iis
1495 1663 1773 1716 interesse
1805 1659 1976 1732 plane
2035 1674 2132 1729 pe-

489 1756 769 1828 nitusque
817 1755 1190 1811 recusabant.
1233 1753 1342 1806 Sed
1384 1751 1491 1805 hoc
1542 1749 1940 1806 Tertullianus
1993 1763 2131 1801 con-

488 1861 676 1913 cesso,
707 1860 950 1916 prorsus
981 1847 1153 1913 negat
1183 1839 1419 1896 eosdem
1451 1839 1810 1894 Christianos
1845 1835 1992 1891 nulli
2038 1835 2122 1888 id-
2151 1837 2199 1902 Β

492 1932 646 1988 circo
679 1931 1006 2003 reipublicae
1039 1946 1168 1984 esse
1199 1927 1331 1984 usui
1353 1933 1411 1984 et
1460 1926 1874 1983 emolumento.
1927 1923 2127 1980 I081

493 2020 820 2085 Quamlibet
849 2021 1046 2092 itaque
1076 2019 1351 2090 gentilem
1383 2017 1468 2074 sic
1492 2015 1835 2088 compellat:
1871 2038 1898 2066 ‹‹
1927 2015 1984 2068 Si
2030 2029 2136 2068 cae-

499 2109 795 2166 remonias
818 2114 950 2164 tuas
983 2125 1096 2163 non
1138 2108 1460 2178 frequento,
1509 2110 1763 2161 attamen
1808 2109 1865 2160 et
1906 2103 2009 2158 illa
2047 2102 2140 2157 die

501 2199 674 2254 homo
695 2214 827 2253 sum
875 2218 902 2248 »
939 2195 1202 2267 (Tertull.
1242 2197 1485 2267 Apolog.,
1529 2211 1655 2266 cap.
1708 2193 1822 2263 42),
1863 2192 1962 2264 qui
2013 2191 2140 2263 qui-

504 2287 658 2354 dem,
731 2290 796 2342 ut
853 2301 985 2340 mox
1047 2283 1267 2339 dictum
1323 2287 1429 2351 est,
1465 2300 1582 2338 una
1606 2299 1740 2338 cum
1767 2281 2017 2337 ethnicis
2056 2279 2142 2334 vi-

503 2376 717 2443 vendo,
754 2391 1029 2446 measque
1063 2373 1495 2428 commiscendo
1521 2377 1700 2442 artes,
1750 2370 1855 2425 tibi
1897 2370 2145 2441 aliisque

509 2464 787 2536 plurima,
829 2480 955 2534 quae
1005 2463 1076 2517 ad
1129 2466 1290 2518 tuam
1336 2478 1403 2517 ac
1450 2466 1791 2517 caaterorum
1835 2459 2144 2514 hominum

507 2557 690 2608 vitam
720 2558 775 2607 et
806 2552 1140 2607 societatem
1176 2551 1506 2605 necessaria
1537 2549 1786 2617 sunt,ita
1813 2547 2143 2619 suppedito,

513 2646 580 2696 ut
613 2640 933 2695 maximum
958 2656 1026 2695 ex
1057 2639 1331 2710 operibus
1363 2639 1509 2693 meis
1536 2640 1789 2692 fructum
1822 2635 2147 2707 unusquis-

511 2745 625 2800 que
652 2728 950 2799 percipiat.

583 2817 765 2872 Nemo
805 2821 890 2870 est
949 2818 1167 2886 autem,
1208 2815 1308 2885 qui
1351 2831 1464 2870 non
1520 2815 1768 2869 fateatur
1813 2813 1922 2870 hoc
1964 2828 2146 2867 cuneo

519 2905 782 2961 funditus
813 2904 988 2960 everti
1020 2903 1305 2959 insulsam
1337 2903 1574 2958 omnino
1621 2900 1928 2974 gentilium
1977 2918 2147 2957 accu-

511 2994 820 3050 sationem.
870 2993 1283 3048 Verumtamen
1336 2991 1726 3047 Tertullianus
1755 2989 1930 3062 ultra,
1971 3005 2148 3062 quam

514 3083 657 3140 satis
703 3083 802 3153 sit,
848 3082 1226 3138 manifestum
1269 3081 1536 3153 pluribus
1584 3079 1864 3152 exemplis
1911 3079 2179 3137 cuilibet.

513 3171 668 3239 facit,
707 3189 740 3227 a
788 3170 1157 3236 Christianis,
1207 3169 1440 3226 etiamsi
1498 3169 1805 3241 gentilium
1856 3167 2150 3240 mysteriis

515 3277 628 3316 non
661 3259 955 3327 ail‘uerint,
978 3263 1078 3315 aut
1108 3257 1254 3314 nihil
1277 3260 1413 3314 inde
1438 3259 1773 3314 detrimenti
1814 3259 1990 3315 rebus
2037 3257 2152 3313 im-

514 3348 729 3420 portari
763 3348 1035 3421 publicis,
1066 3352 1168 3403 aut
1211 3347 1261 3402 si
1297 3347 1452 3418 quod
1496 3348 1876 3418 importatum
1917 3345 2153 3401 aliunde

519 3435 662 3492 illud
699 3436 868 3490 abiis
903 3436 1120 3491 affatim
1153 3437 1497 3492 resarcitum
1531 3435 1734 3491 fuisse.

588 3525 694 3579 Sed
727 3523 918 3590 illum,
951 3525 1001 3579 si
1033 3524 1216 3592 lubet,
1250 3543 1283 3579 a
1329 3523 1738 3580 Saturnalibus
1782 3524 2153 3580 ethnicorum

520 3613 690 3668 festis
719 3613 1094 3684 incipientem
1132 3614 1445 3670 audiamus
1479 3631 1492 3670 :
1524 3615 1642 3669 Non
1700 3614 1870 3681 lavor,
1938 3613 2152 3685 inquit,

521 3701 766 3757 diluculo
786 3701 1192 3772 Saturnalibus,
1214 3717 1283 3757 ne
1307 3710 1358 3757 el
1404 3708 1614 3758 noctem
1661 3705 1711 3757 el
1759 3702 1900 3757 diem
1930 3701 2156 3774 perdam

524 3788 729 3861 (lbid.).
789 3793 978 3860 Atque
1010 3790 1088 3845 ita
1120 3789 1354 3859 quidem
1411 3789 1532 3846 haec
1587 3791 1762 3846 verba
1821 3791 1879 3846 in
1938 3790 2156 3846 nostris

522 3877 953 3950 exemplaribus
984 3879 1402 3950 manuscriptis
1431 3884 1488 3935 et
1517 3879 1690 3934 editis
1729 3878 2156 3951 antiquioribus

523 3966 894 4023 exhibentur.
941 3966 1158 4022 Verum
1217 3967 1505 4040 Rigaltius
1562 3967 1762 4038 rejecit
1817 3968 2156 4023 adverbium

523 4055 790 4125 diluculo,
822 4059 877 4112 et
908 4056 1087 4113 scribi
1134 4057 1338 4128 jussit,
1388 4058 1562 4114 Lavor
1606 4055 1703 4111 sub
1758 4061 2010 4113 noctem:
2055 4058 2158 4112 sed

528 4160 720 4201 meras
751 4161 959 4217 nugas,
993 4145 1246 4218 genuino
1274 4146 1540 4202 Auctoris
1571 4146 1755 4201 nostri
1777 4146 1955 4202 textui
1979 4147 2158 4215 (Idem

527 4234 590 4290 de
622 4233 822 4290 ldolol.
856 4249 982 4306 cap.
1024 4235 1104 4306 10)
1163 4235 1464 4306 mentique
1519 4240 1934 4307 repugnantes,
1991 4235 2160 4292 nobis

527 4322 743 4378 vendit.
775 4323 860 4378 Ab
899 4323 1174 4378 omnibus
1201 4327 1418 4390 autem,
1454 4327 1517 4378 ut
1547 4323 1775 4379 facilius
1806 4323 1863 4378 id
1896 4323 2160 4396 dignosci

527 4414 724 4482 queat,
756 4410 1183 4466 observandum
1215 4416 1304 4466 est
1334 4411 1669 4468 Saturnalia
1691 4413 1854 4480 festa,
1915 4416 1980 4466 ut
2033 4411 2160 4483 ipse

527 4498 668 4554 alibi
706 4504 763 4554 et
794 4502 974 4555 Varro
1004 4499 1124 4571 (lib.
1156 4516 1191 4553 v
1221 4499 1285 4556 de
1312 4501 1474 4569 Ling.
1524 4502 1746 4566 Latina,
1805 4519 1861 4572 p.
1919 4501 2036 4572 51.)
2093 4517 2159 4556 ac

527 4587 732 4643 Festus
789 4589 880 4657 (ad
935 4568 1339 4658 v.VSaturnia)
1398 4568 1823 4660 testificantur,
1894 4568 2242 4646 instituta!)

529 4674 712 4730 fuisse
741 4674 802 4730 in
857 4675 1116 4747 Saturni,
1187 4693 1486 4749 agrorum,
1534 4678 1706 4734 sicuti
1753 4678 2164 4750 opinabantur,

532 4763 822 4836 praesidis,
845 4764 1147 4820 honorem.
1176 4765 1369 4822 Livius
1400 4783 1530 4823 vero
1576 4766 1811 4823 illorum
1861 4768 2165 4840 originem,

536 4856 596 4907 et
626 4856 909 4907 statutum
943 4869 1143 4909 eorum
1165 4853 1644 4911 celebrandorum
1666 4857 1819 4912 diem
1852 4856 1942 4913 his
1965 4857 2170 4928 pandit

534 4940 727 4996 verbis
761 4957 775 4997 :
811 4962 838 4992 ‹‹
869 4941 1168 4998 Decembri
1199 4945 1324 5015 jam
1358 4962 1558 5002 mense
1587 4946 1660 5001 ad
1691 4946 1871 5002 isdem
1931 4946 2168 5002 Saturni

533 5031 727 5088 Romm
756 5030 1122 5088 immolatum
1152 5038 1259 5099 est,
1317 5033 1863 5108 lectisterniumque
1917 5036 2170 5107 impera-

528 5124 680 5188 tum,
719 5125 777 5176 et
797 5137 930 5176 eum
963 5121 1175 5178 lectum
1209 5129 1506 5178 senatores
1547 5130 1895 5191 straverunt,
1931 5129 1988 5179 et
2034 5141 2170 5180 con-

530 5209 750 5264 vivium
784 5209 1107 5281 publicum,
1140 5227 1206 5266 ac
1235 5228 1338 5282 per
1368 5212 1578 5268 Urbem
1634 5212 1964 5269 Saturnalia
2014 5212 2170 5268 diem

535 5313 602 5354 ac
631 5302 859 5354 noctem
883 5298 1600 5373 clamatum,popu1usque
1629 5318 1763 5357 eum
1795 5301 1944 5357 diem
1957 5301 2171 5357 festum

533 5386 749 5444 habere
776 5405 842 5444 ac
871 5406 1102 5446 servare
1130 5389 1187 5445 in
1225 5396 1572 5462 perpetuum
1597 5391 1807 5462 jussus
1836 5413 1864 5441 ››
1899 5391 2041 5464 (Liv.
2066 5391 2168 5448 lib.

538 5493 602 5542 ιι,
633 5480 661 5546 §
689 5477 801 5548 2i).
833 5478 945 5534 Sed
975 5479 1306 5535 Macrobius
1336 5480 1460 5551 (lib,
1488 5497 1506 5535 ι
1545 5479 1849 5548 Salmal.,
1909 5497 1963 5537 ο.
2027 5482 2061 5536 8
2116 5486 2173 5537 et

541 5566 650 5634 10),
681 5581 747 5620 ac
778 5572 980 5635 postea
1006 5567 1232 5638 Lipsius
1263 5568 1382 5635 (tib.
1416 5586 1435 5623 ι
1464 5569 1714 5639 Salurn.,
1743 5585 1794 5625 c.
1827 5571 1881 5636 3,
1912 5575 2054 5627 tom.
2079 5571 2169 5634 ΙΙΙ)

543 5652 922 5722 disputarunt
950 5659 1149 5712 utrum
1178 5655 1300 5712 hac
1330 5672 1447 5714 uno
1477 5657 1778 5728 duntaxat,
1811 5674 1884 5714 an
1924 5665 2170 5732 septem,

2231 557 2378 614 Tum
2410 562 2630 628 autem,
2663 563 2811 615 teste
2843 560 3098 616 Luciano
3130 561 3411 632 (Lucian.,
3443 563 3588 618 Dial.
3618 567 3889 632 Salui-71.,

2231 664 2288 718 p.
2325 648 2504 718 1021),
2541 665 2655 704 non
2686 649 2898 706 licebat
2929 649 3145 706 serium
3179 649 3410 722 aliquod
3454 651 3749 722 privatum
3779 658 3891 706 aut

2231 737 2532 808 publicum
2565 739 2864 810 negotium
2894 740 3161 812 transigi,
3195 741 3295 795 sed
3329 746 3550 812 potare,
3573 740 3888 806 inebriari,

2231 826 2555 897 vociferari,
2588 826 2810 900 ludere,
2843 833 3064 884 certare
3093 827 3353 898 tesseris,
3409 829 3596 885 nudos
3645 845 3890 896 canere,

2236 914 2450 970 saltare
2480 915 2698 973 lascivo
2729 917 2990 990 corporis
3023 923 3205 988 motu,
3239 933 3367 974 sese
3411 917 3568 973 vultu
3630 917 3890 990 fuligine

2233 1002 2412 1060 oblito
2445 1005 2503 1060 in
2535 1022 2750 1076 aquam
2784 1007 3102 1079 aliquando
3133 1008 3291 1077 dare,
3327 1023 3394 1062 ac
3424 1006 3678 1064 famulos
3709 1006 3888 1063 adhi-

2235 1092 2370 1148 bere
2401 1094 2458 1148 in
2490 1095 2842 1161 convivium,
2877 1096 3372 1168 quemadmodum
3431 1097 3639 1152 Accius
3697 1097 3795 1153 his
3856 1114 3893 1151 a

2237 1181 2526 1238 Macrobio
2549 1185 2921 1256 transcriptis
2951 1186 3218 1241 versibus
3246 1185 3485 1242 cecinit:

2238 1289 2462 1338 Maxima
2496 1303 2619 1351 pars
2639 1290 2850 1339 Graium
2883 1290 3132 1350 Saturno,
3171 1295 3223 1340 et
3247 1289 3476 1340 maxime
3509 1290 3753 1349 Athenas,

2238 1351 2537 1401 Ccnﬁciunt
2557 1367 2722 1413 sacra,
2755 1367 2875 1414 quas
2909 1355 3107 1404 Cronia
3132 1368 3248 1403 esse
3283 1355 3552 1403 iterantur
3577 1354 3642 1403 ab
3674 1354 3780 1403 illis
3809 1369 3823 1414 ;

2237 1415 2475 1479 gumque
2507 1415 2648 1479 diem
2663 1415 2953 1479 celebrant.
2985 1431 3078 1479 per
3096 1430 3250 1478 agros
3272 1417 3540 1479 urbesque
3562 1417 3673 1466 fere
3692 1429 3892 1466 omnes

2238 1476 2501 1542 Exercent
2531 1477 2703 1539 epulis
2729 1478 2854 1535 laeti,
2881 1476 3214 1542 famulosque
3247 1476 3554 1542 procurant.

2239 1539 2473 1601 Quisque
2503 1553 2648 1599 suos,
2673 1541 2976 1602 nostrisque
3008 1539 3221 1602 itidem;
3245 1539 3296 1591 et
3325 1555 3441 1591 mos
3477 1541 3704 1591 traditus
3733 1539 3890 1590 illine

2240 1604 2360 1662 Iste,
2397 1605 2454 1650 ut
2482 1615 2603 1651 cum
2635 1602 2866 1652 dominis
2888 1602 3085 1654 famuli
3115 1609 3226 1654 tum
3259 1605 3548 1667 epulantur
3567 1604 3789 1654 ibidem.

2925 1684 3194 1744 (Macrob,
3217 1684 3310 1734 lib.
3343 1697 3361 1732 ι
3389 1683 3656 1734 Salumal.
3679 1698 3801 1747 cap.
3839 1688 3888 1732 7.

2317 1779 2440 1835 Non
2475 1780 2686 1836 mirum
2718 1781 2918 1854 itaque
2950 1782 3000 1838 si
3023 1782 3339 1838 Christiani
3362 1782 3467 1838 hos
3491 1781 3742 1838 nefarios
3765 1781 3888 1836 ido-

2240 1866 2502 1935 lolatriae,
2528 1869 2795 1938 laSClVlEB,
2830 1870 3150 1939 ebrietatis,
3183 1871 3468 1943 aliosque,
3498 1887 3643 1941 quos
3695 1883 3767 1924 ex
3814 1867 3894 1924 ci‘

2246 1957 2385 2012 tatis
2415 1959 2687 2028 superius
2718 1960 3098 2031 scriptoribus
3130 1960 3554 2028 recensuimus,
3585 1960 3892 2014 detestan-

2249 2045 2354 2100 dos
2385 2051 2550 2101 actus
2582 2046 3064 2118 improbaverint,
3095 2049 3508 2120 noluerintque
3539 2047 3793 2103 noctem"
3831 2050 3892 2101 et

2251 2133 2404 2188 diem
2437 2135 2640 2190 1082
2665 2136 2922 2206 perdere,
2958 2141 3077 2192 tam
3111 2136 3294 2208 impia
3324 2137 3473 2192 festa
3517 2134 3892 2192 celebrando.

2251 2223 2639 2286 Quamobrem
2670 2240 2780 2279 non
2803 2225 2944 2290 lavo,
2973 2225 3168 2298 inquit
3197 2224 3610 2294 Tertullianus,
3639 2223 3894 2280 diluculo

2254 2311 2649 2368 Saturnalibus
2681 2313 2942 2381 (Tertull.
2972 2315 3271 2387 Apologel.,
3305 2330 3354 2370 ο.
3389 2315 3478 2384 42,
3508 2331 3564 2385 ρ.
3613 2311 3762 2382 482),
3831 2317 3897 2366 ut

2253 2403 2324 2457 ad
2357 2401 2457 2457 illa
2489 2403 2713 2474 agenda
2743 2421 2833 2459 me
2864 2421 3204 2476 praeparem.
3261 2405 3402 2468 Quis
3456 2402 3611 2458 enim
3669 2401 3899 2457 nesciat

2256 2507 2475 2546 morem
2509 2492 2874 2548 ethnicorum
2907 2493 3090 2548 fuisse
3122 2507 3184 2548 se
3237 2497 3372 2548 ante
3429 2489 3756 2547 convivium
3810 2489 3894 2543 la-

2254 2579 2425 2634 vandi
2459 2584 2481 2636 ?
2513 2581 2621 2635 Sed
2655 2581 2969 2637 Christiani
3001 2581 3088 2637 fas
3117 2581 3227 2637 sibi
3258 2598 3386 2637 esse
3417 2597 3530 2636 non
3579 2579 3899 2634 credebant

2257 2687 2386 2726 sese
2417 2671 2489 2726 ad
2521 2670 2622 2727 illa
2650 2672 2902 2728 nefanda
2931 2672 3196 2728 convivia
3225 2677 3282 2728 et
3340 2670 3616 2744 mysteria
3670 2669 3900 2740 agenda

2254 2759 2528 2828 diluculo,
2561 2776 2693 2814 cum
2726 2760 2931 2832 hyeme
2964 2761 3260 2832 saeviebat,
3295 2760 3352 2816 in
3385 2759 3731 2832 tempestivo
3773 2755 3898 2811 bal-

2255 2864 2362 2904 neo
2385 2865 2729 2920 praeparare.

2326 2935 2566 2992 Nullum
2597 2941 2793 2993 tamen
2824 2937 2997 2994 rebus
3029 2937 3280 3010 publicis
3331 2935 3747 2992 detrimentum
3812 2934 3902 2987 id-

2257 3024 2408 3080 circo
2441 3025 2852 3096 importabant.
2893 3026 3114 3082 Etenim
3147 3026 3289 3097 lavo,
3323 3027 3406 3082 ait
3433 3027 3648 3082 Auctor
3670 3027 3897 3088 noster,

2257 3113 2479 3170 honesta
2508 3114 2642 3170 hora
2680 3122 2730 3170 el
2759 3115 2994 3170 salubri.
3028 3114 3316 3186 Rigaltius
3345 3130 3478 3170 vero
3536 3111 3711 3169 scribi
3772 3127 3908 3167 ma-

2183 3201 2224 3269 C
2262 3202 2374 3258 luit
2401 3203 2603 3270 debila,
2637 3220 2814 3275 quam
2847 3205 3069 3260 honesta
3097 3204 3234 3260 hora
3266 3220 3281 3259 :
3324 3203 3424 3260 sed
3474 3205 3677 3258 contra
3733 3199 3898 3256 codi-

2260 3308 2390 3348 cum
2423 3293 2687 3348 omnium
2719 3291 3207 3349 reclamationem.
3238 3292 3440 3348 Nonne
3464 3295 3659 3346 autem
3689 3291 3912 3344 Auctor

2261 3384 2460 3437 noster
2487 3381 2678 3436 dicere
2709 3381 2897 3452 potuit
2923 3381 3284 3438 Christianos
3306 3397 3420 3436 non
3444 3378 3740 3452 respuisse
3770 3376 3870 3432 bal
3887 3407 3904 3417 ο

2263 3486 2424 3539 neas,
2457 3469 2558 3524 sed
2591 3469 2846 3524 lavatum
2877 3470 3094 3526 abiisse
3121 3471 3255 3526 hora
3286 3470 3514 3524 honesta
3556 3476 3606 3522 el
3659 3467 3908 3530 salubri,

2263 3573 2380 3628 qua
2402 3557 2666 3614 videlicet
2695 3574 2830 3614 eum
2862 3558 3166 3615 honestate
3194 3563 3251 3614 et
3293 3557 3641 3614 salubritate
3697 3571 3908 3610 omnes

2265 3662 2326 3702 se
2357 3645 2548 3702 lavare
2579 3652 3019 3704 consueverant.
3045 3647 3174 3703 Hinc
3205 3652 3400 3703 autem
3432 3647 3648 3717 hyeme,
3709 3649 3772 3699 ut
3832 3643 3919 3698 ait

2265 3733 2511 3805 Plinius,
2541 3744 2820 3792 eralnona
2849 3736 2984 3792 hora
3008 3740 3203 3794 (estate
3233 3744 3421 3792 octava
3453 3733 3627 3803 (Plin.
3660 3731 3762 3786 lib.
3819 3748 3908 3797 Ill,

2266 3825 2437 3896 epist.
2473 3825 2523 3882 1.
2557 3841 2690 3898 pag.
2721 3826 2835 3897 90),
2864 3834 2964 3882 aut
2995 3829 3058 3881 ut
3095 3825 3196 3882 alii
3254 3825 3584 3893 observant,
3637 3839 3670 3878 a
3728 3821 3914 3876 meri-

2266 3912 2358 3972 die
2389 3914 2459 3969 ad
2483 3929 2807 3986 vesperam.
2841 3914 3117 3971 Horatius
3149 3918 3345 3970 autem
3377 3912 3660 3969 canebat:

2361 4019 2457 4069 Ast
2477 4019 2565 4068 ubi
2587 4033 2671 4069 me
2701 4019 2900 4070 fessum
2936 4021 3014 4070 sol
3040 4020 3212 4070 acrior
3266 4021 3343 4069 ire
3373 4018 3608 4068 lavatum

2359 4081 2666 4142 Admonuit,
2695 4084 2842 4142 fugio
2877 4084 3073 4134 rabiosi
3103 4087 3351 4145 tempora
3381 4082 3540 4145 signi.

2949 4155 3160 4220 (Horat.
3190 4155 3281 4204 lib.
3315 4168 3331 4203 ι
3360 4153 3508 4203 satir.
3567 4153 3613 4213 6,
3675 4163 3730 4200 ν.
3791 4151 3915 4200 125.

2340 4251 2542 4310 Nonne
2571 4268 2708 4326 ergo
2739 4252 3133 4309 Tertullianus
3163 4252 3472 4325 designare
3491 4250 3720 4307 videtur
3737 4248 3920 4304 meri-

2269 4339 2505 4396 dianam
2536 4340 2766 4411 horam,
2797 4359 2973 4414 quam
2998 4358 3198 4398 mense
3221 4340 3548 4412 Decembri,
3575 4355 3688 4411 quo
3714 4339 3927 4393 Satur-

2271 4428 2430 4485 nalia
2459 4431 2808 4502 agebantur,
2832 4431 3078 4487 honesta
3097 4436 3156 4488 et
3179 4429 3434 4488 salubris
3465 4433 3624 4496 erat;
3659 4433 3726 4483 ut
3753 4428 3929 4497 mihi,

2269 4516 2484 4590 inquit,
2522 4519 2758 4575 calorem
2787 4528 2842 4575 sl
2865 4522 3198 4592 sanguinem
3236 4528 3432 4575 servet.
3473 4518 3599 4574 Non
3658 4515 3754 4571 his
3812 4517 3928 4588 igi-

2272 4612 2370 4662 tur
2399 4607 2649 4680 frigidis,
2683 4609 2874 4682 pergit
2925 4609 3044 4680 ille,
3077 4609 3390 4681 impiorum
3448 4605 3927 4665 Saturnaliorum

2277 4696 2484 4752 diebus
2519 4706 2638 4753 lavo
2667 4698 2930 4770 diluculo,
2965 4699 3439 4769 quandoquidem
3479 4699 3656 4768 rigere
3690 4705 3744 4750 et
3797 4695 3928 4765 pal-

2279 4785 2392 4841 lere
2417 4789 2538 4858 post
2595 4787 2883 4842 lavacrum
2949 4796 3198 4843 mortuus
3251 4802 3492 4858 possum.
3550 4784 3771 4849 Quibus
3828 4781 3930 4838 ille

2277 4875 2472 4930 verbis
2503 4874 2714 4931 alludit
2761 4876 2961 4948 procul
3004 4875 3183 4932 dubio
3241 4877 3312 4932 ad
3371 4875 3552 4931 alium
3605 4872 3927 4943 antiquum

2279 4980 2499 5019 morem
2534 4969 2768 5020 mortua
2802 4965 3102 5021 hominum
3136 4981 3379 5035 corpora
3405 4962 3662 5030 lavandi,
3686 4978 3754 5018 ac
3776 4961 3932 5020 forte

2279 5054 2350 5109 ad
2382 5051 2505 5109 haec
2535 5053 2764 5126 Virgilii
2787 5054 3096 5126 delMiseni
3129 5055 3332 5110 funere
3362 5052 3624 5108 carmina
3653 5068 3668 5108 :

2373 5161 2503 5209 Pars
2533 5161 2728 5209 calidos
2757 5161 2939 5210 latices
2968 5165 3023 5210 et
3051 5161 3226 5209 ahena
3255 5160 3515 5209 undantia
3540 5157 3767 5208 ﬂammis

2373 5223 2697 5287 Expediunt,
2727 5237 3030 5287 corpusque
3060 5223 3238 5272 lavant
3265 5223 3506 5286 frigentis
3539 5226 3589 5271 et
3619 5216 3856 5284 tingunt.

2743 5304 2940 5368 (Virgil.
2971 5303 3065 5353 lib.
3093 5317 3146 5353 vr
3170 5299 3374 5352 Eneid.
3405 5316 3457 5352 ν.
3487 5303 3576 5352 217
3605 5304 3659 5350 et
3684 5300 3867 5363 seqq.)

2279 5402 2509 5458 Servius
2545 5419 2673 5458 vero
2703 5401 2762 5458 in
2795 5401 2921 5458 suis
2951 5402 3023 5458 ad
3054 5401 3175 5457 haec
3229 5400 3488 5457 carmina
3552 5398 3932 5455 animadver-

2281 5492 2548 5549 sionibus
2583 5493 2724 5548 citat
2750 5491 2896 5548 illud
2927 5491 3000 5548 ab
3033 5491 3216 5548 Ennio
3246 5490 3634 5563 compositum
3661 5506 3675 5545 :

2372 5600 2646 5666 Tarquinii
2668 5612 2862 5665 corpus
2881 5598 3027 5650 bona
3053 5597 3257 5649 femina
3286 5596 3434 5657 lavit,
3463 5599 3518 5646 et
3547 5595 3719 5646 unxit.

3193 5667 3368 5734 (Serv.
3397 5680 3519 5732 pag.
3541 5667 3676 5729 4H.)
