  <div class='ocr_page' id='page_1' title='image "/cluster/home/n/w/nwhite01/storage/ocr_20150623/1/umn.31951002477295j/594.png"; bbox 0 0 4162 6388; ppageno 0'>
   <div class='ocr_carea' id='block_1_1' title="bbox 345 364 2029 430">
    <p class='ocr_par' dir='ltr' id='par_1_1' title="bbox 345 364 2029 428">
     <span class='ocr_line' id='line_1_1' title="bbox 345 364 2029 428; baseline 0.004 -6"><span class='ocrx_word' id='word_1_1' title='bbox 345 364 495 423; x_wconf 87' lang='grc'><strong>1181</strong></span> <span class='ocrx_word' id='word_1_2' title='bbox 1257 365 1331 423; x_wconf 91' lang='lat' dir='ltr'>D.</span> <span class='ocrx_word' id='word_1_3' title='bbox 1377 366 1475 425; x_wconf 88' lang='lat' dir='ltr'>LE</span> <span class='ocrx_word' id='word_1_4' title='bbox 1519 365 1844 428; x_wconf 79' lang='lat' dir='ltr'><strong>NOURRY</strong></span> <span class='ocrx_word' id='word_1_5' title='bbox 1888 367 2029 428; x_wconf 89' lang='lat' dir='ltr'>OBS</span> 
     </span>
    </p>
   </div>
   <div class='ocr_carea' id='block_1_2' title="bbox 2151 364 3763 430">
    <p class='ocr_par' dir='ltr' id='par_1_2' title="bbox 2151 368 3763 430">
     <span class='ocr_line' id='line_1_2' title="bbox 2151 368 3763 430; baseline -0.002 0"><span class='ocrx_word' id='word_1_6' title='bbox 2151 369 2538 430; x_wconf 84' lang='lat' dir='ltr'>VATIONES</span> <span class='ocrx_word' id='word_1_7' title='bbox 2586 368 2849 429; x_wconf 76' lang='lat' dir='ltr'>NOV/E.</span> <span class='ocrx_word' id='word_1_8' title='bbox 3606 369 3763 430; x_wconf 81' lang='grc'><strong>1182</strong></span> 
     </span>
    </p>
   </div>
   <div class='ocr_carea' id='block_1_3' title="bbox 349 494 3759 572">
    <p class='ocr_par' dir='ltr' id='par_1_3' title="bbox 349 494 3759 572">
     <span class='ocr_line' id='line_1_3' title="bbox 349 494 3759 572; baseline 0.002 -22"><span class='ocrx_word' id='word_1_9' title='bbox 349 495 502 550; x_wconf 95' lang='lat' dir='ltr'>Dicit</span> <span class='ocrx_word' id='word_1_10' title='bbox 534 494 729 567; x_wconf 90' lang='lat' dir='ltr'>itaque</span> <span class='ocrx_word' id='word_1_11' title='bbox 760 495 1161 553; x_wconf 88' lang='lat' dir='ltr'>Tertullianus</span> <span class='ocrx_word' id='word_1_12' title='bbox 1190 513 1361 568; x_wconf 83' lang='lat' dir='ltr'>posse</span> <span class='ocrx_word' id='word_1_13' title='bbox 1392 497 1629 569; x_wconf 78' lang='lat' dir='ltr'>quidem</span> <span class='ocrx_word' id='word_1_14' title='bbox 1665 504 1796 569; x_wconf 89' lang='lat' dir='ltr'>post</span> <span class='ocrx_word' id='word_1_15' title='bbox 1853 517 2001 555; x_wconf 90' lang='lat' dir='ltr'>mor-</span> <span class='ocrx_word' id='word_1_16' title='bbox 2029 503 2084 567; x_wconf 85' lang='grc' dir='ltr'><strong>Α</strong></span> <span class='ocrx_word' id='word_1_17' title='bbox 2113 500 2269 555; x_wconf 85' lang='lat' dir='ltr'>Nihil</span> <span class='ocrx_word' id='word_1_18' title='bbox 2303 518 2438 572; x_wconf 84' lang='lat' dir='ltr'>ergo</span> <span class='ocrx_word' id='word_1_19' title='bbox 2463 500 2815 555; x_wconf 88' lang='lat' dir='ltr'>mutandum</span> <span class='ocrx_word' id='word_1_20' title='bbox 2838 498 2895 553; x_wconf 91' lang='lat' dir='ltr'>in</span> <span class='ocrx_word' id='word_1_21' title='bbox 2929 503 3087 553; x_wconf 88' lang='lat' dir='ltr'>textu</span> <span class='ocrx_word' id='word_1_22' title='bbox 3121 496 3759 570; x_wconf 88' lang='lat' dir='ltr'>Tertulliani,quiscite</span> 
     </span>
    </p>
   </div>
   <div class='ocr_carea' id='block_1_4' title="bbox 348 584 3769 660">
    <p class='ocr_par' dir='ltr' id='par_1_4' title="bbox 348 584 3769 660">
     <span class='ocr_line' id='line_1_4' title="bbox 348 584 3769 660; baseline 0.002 -22"><span class='ocrx_word' id='word_1_23' title='bbox 348 587 467 638; x_wconf 90' lang='lat' dir='ltr'>tem</span> <span class='ocrx_word' id='word_1_24' title='bbox 500 600 565 639; x_wconf 91' lang='lat' dir='ltr'>eo</span> <span class='ocrx_word' id='word_1_25' title='bbox 599 584 823 639; x_wconf 88' lang='lat' dir='ltr'>lavacro</span> <span class='ocrx_word' id='word_1_26' title='bbox 858 586 1038 656; x_wconf 82' lang='lat' dir='ltr'>rigere</span> <span class='ocrx_word' id='word_1_27' title='bbox 1077 590 1133 641; x_wconf 91' lang='lat' dir='ltr'>et</span> <span class='ocrx_word' id='word_1_28' title='bbox 1164 585 1397 657; x_wconf 89' lang='lat' dir='ltr'>pallere,</span> <span class='ocrx_word' id='word_1_29' title='bbox 1434 585 1587 641; x_wconf 86' lang='lat' dir='ltr'>nolle</span> <span class='ocrx_word' id='word_1_30' title='bbox 1615 593 1811 643; x_wconf 86' lang='lat' dir='ltr'>autem</span> <span class='ocrx_word' id='word_1_31' title='bbox 1861 589 2005 644; x_wconf 90' lang='lat' dir='ltr'>dum</span> <span class='ocrx_word' id='word_1_32' title='bbox 2111 605 2446 660; x_wconf 76' lang='lat' dir='ltr'>supremam,</span> <span class='ocrx_word' id='word_1_33' title='bbox 2482 589 2600 644; x_wconf 86' lang='lat' dir='ltr'>sive</span> <span class='ocrx_word' id='word_1_34' title='bbox 2634 588 2902 643; x_wconf 89' lang='lat' dir='ltr'>ultimam</span> <span class='ocrx_word' id='word_1_35' title='bbox 2937 586 3193 657; x_wconf 75' lang='lat' dir='ltr'>appellat</span> <span class='ocrx_word' id='word_1_36' title='bbox 3223 585 3637 643; x_wconf 74' lang='lat' dir='ltr'>bestiariorum</span> <span class='ocrx_word' id='word_1_37' title='bbox 3662 606 3769 645; x_wconf 73' lang='lat' dir='ltr'>coa-</span> 
     </span>
    </p>
   </div>
   <div class='ocr_carea' id='block_1_5' title="bbox 349 673 2008 748">
    <p class='ocr_par' dir='ltr' id='par_1_5' title="bbox 349 673 2008 748">
     <span class='ocr_line' id='line_1_5' title="bbox 349 673 2008 748; baseline 0.004 -21"><span class='ocrx_word' id='word_1_38' title='bbox 349 673 589 739; x_wconf 84' lang='lat' dir='ltr'>viveret,</span> <span class='ocrx_word' id='word_1_39' title='bbox 622 673 768 729; x_wconf 92' lang='lat' dir='ltr'>illud</span> <span class='ocrx_word' id='word_1_40' title='bbox 803 679 1145 746; x_wconf 63' lang='lat' dir='ltr'>praevertere</span> <span class='ocrx_word' id='word_1_41' title='bbox 1177 674 1586 746; x_wconf 88' lang='lat' dir='ltr'>intempestivo</span> <span class='ocrx_word' id='word_1_42' title='bbox 1612 676 1862 748; x_wconf 82' lang='lat' dir='ltr'>hyemali</span> <span class='ocrx_word' id='word_1_43' title='bbox 1888 678 2008 733; x_wconf 91' lang='lat' dir='ltr'>bal-</span> 
     </span>
    </p>
   </div>
   <div class='ocr_carea' id='block_1_6' title="bbox 356 765 2004 834">
    <p class='ocr_par' dir='ltr' id='par_1_6' title="bbox 356 765 2004 834">
     <span class='ocr_line' id='line_1_6' title="bbox 356 765 2004 834; baseline 0.004 -17"><span class='ocrx_word' id='word_1_44' title='bbox 356 780 481 829; x_wconf 91' lang='lat' dir='ltr'>neo,</span> <span class='ocrx_word' id='word_1_45' title='bbox 529 780 643 834; x_wconf 92' lang='lat' dir='ltr'>quo</span> <span class='ocrx_word' id='word_1_46' title='bbox 695 765 1026 819; x_wconf 80' lang='lat' dir='ltr'>Saturnalia</span> <span class='ocrx_word' id='word_1_47' title='bbox 1079 765 1526 820; x_wconf 89' lang='lat' dir='ltr'>inchoabantur.</span> <span class='ocrx_word' id='word_1_48' title='bbox 1576 766 1852 829; x_wconf 78' lang='lat' dir='ltr'>Quamvis</span> <span class='ocrx_word' id='word_1_49' title='bbox 1902 785 2004 822; x_wconf 93' lang='lat' dir='ltr'>au-</span> 
     </span>
    </p>
   </div>
   <div class='ocr_carea' id='block_1_7' title="bbox 353 853 2006 922">
    <p class='ocr_par' dir='ltr' id='par_1_7' title="bbox 353 853 2006 922">
     <span class='ocr_line' id='line_1_7' title="bbox 353 853 2006 922; baseline 0.002 -13"><span class='ocrx_word' id='word_1_50' title='bbox 353 858 470 909; x_wconf 91' lang='lat' dir='ltr'>tem</span> <span class='ocrx_word' id='word_1_51' title='bbox 502 853 623 907; x_wconf 69' lang='lat' dir='ltr'>haec</span> <span class='ocrx_word' id='word_1_52' title='bbox 656 854 798 908; x_wconf 87' lang='lat' dir='ltr'>ratio</span> <span class='ocrx_word' id='word_1_53' title='bbox 829 854 905 908; x_wconf 90' lang='lat' dir='ltr'>sit</span> <span class='ocrx_word' id='word_1_54' title='bbox 938 871 1092 910; x_wconf 91' lang='lat' dir='ltr'>mere</span> <span class='ocrx_word' id='word_1_55' title='bbox 1126 854 1436 922; x_wconf 82' lang='lat' dir='ltr'>naturalis,</span> <span class='ocrx_word' id='word_1_56' title='bbox 1469 871 1535 911; x_wconf 88' lang='lat' dir='ltr'>eo</span> <span class='ocrx_word' id='word_1_57' title='bbox 1567 861 1762 911; x_wconf 86' lang='lat' dir='ltr'>tamen</span> <span class='ocrx_word' id='word_1_58' title='bbox 1811 857 2006 912; x_wconf 89' lang='lat' dir='ltr'>acrius</span> 
     </span>
    </p>
   </div>
   <div class='ocr_carea' id='block_1_8' title="bbox 352 943 2008 1017">
    <p class='ocr_par' dir='ltr' id='par_1_8' title="bbox 352 943 2008 1017">
     <span class='ocr_line' id='line_1_8' title="bbox 352 943 2008 1017; baseline 0.002 -19"><span class='ocrx_word' id='word_1_59' title='bbox 352 943 618 998; x_wconf 87' lang='lat' dir='ltr'>ethnicos</span> <span class='ocrx_word' id='word_1_60' title='bbox 676 944 990 1015; x_wconf 86' lang='lat' dir='ltr'>pungebat,</span> <span class='ocrx_word' id='word_1_61' title='bbox 1052 961 1166 1017; x_wconf 93' lang='lat' dir='ltr'>quo</span> <span class='ocrx_word' id='word_1_62' title='bbox 1246 946 1564 1001; x_wconf 80' lang='lat' dir='ltr'>absurdius</span> <span class='ocrx_word' id='word_1_63' title='bbox 1648 945 2008 1016; x_wconf 86' lang='lat' dir='ltr'>objiciebant</span> 
     </span>
    </p>
   </div>
   <div class='ocr_carea' id='block_1_9' title="bbox 354 1032 2007 1107">
    <p class='ocr_par' dir='ltr' id='par_1_9' title="bbox 354 1032 2007 1107">
     <span class='ocr_line' id='line_1_9' title="bbox 354 1032 2007 1107; baseline 0.002 -20"><span class='ocrx_word' id='word_1_64' title='bbox 354 1032 719 1088; x_wconf 82' lang='lat' dir='ltr'>Christianos</span> <span class='ocrx_word' id='word_1_65' title='bbox 748 1032 877 1089; x_wconf 91' lang='lat' dir='ltr'>ideo</span> <span class='ocrx_word' id='word_1_66' title='bbox 909 1033 1244 1105; x_wconf 73' lang='lat' dir='ltr'>reipublicae</span> <span class='ocrx_word' id='word_1_67' title='bbox 1272 1052 1401 1090; x_wconf 90' lang='lat' dir='ltr'>esse</span> <span class='ocrx_word' id='word_1_68' title='bbox 1436 1034 1697 1105; x_wconf 88' lang='lat' dir='ltr'>inutiles,</span> <span class='ocrx_word' id='word_1_69' title='bbox 1731 1036 1869 1107; x_wconf 90' lang='lat' dir='ltr'>quia</span> <span class='ocrx_word' id='word_1_70' title='bbox 1900 1037 2007 1091; x_wconf 87' lang='lat' dir='ltr'>hoc</span> 
     </span>
    </p>
   </div>
   <div class='ocr_carea' id='block_1_10' title="bbox 359 1120 2009 1191">
    <p class='ocr_par' dir='ltr' id='par_1_10' title="bbox 359 1120 2009 1191">
     <span class='ocr_line' id='line_1_10' title="bbox 359 1120 2009 1191; baseline 0.002 -16"><span class='ocrx_word' id='word_1_71' title='bbox 359 1120 632 1175; x_wconf 84' lang='lat' dir='ltr'>balneum</span> <span class='ocrx_word' id='word_1_72' title='bbox 666 1124 840 1191; x_wconf 90' lang='lat' dir='ltr'>atque</span> <span class='ocrx_word' id='word_1_73' title='bbox 898 1121 1114 1191; x_wconf 87' lang='lat' dir='ltr'>impias</span> <span class='ocrx_word' id='word_1_74' title='bbox 1158 1121 1555 1189; x_wconf 81' lang='lat' dir='ltr'>caeremonias,</span> <span class='ocrx_word' id='word_1_75' title='bbox 1610 1121 1756 1177; x_wconf 92' lang='lat' dir='ltr'>illud</span> <span class='ocrx_word' id='word_1_76' title='bbox 1809 1124 2009 1179; x_wconf 87' lang='lat' dir='ltr'>subse-</span> 
     </span>
    </p>
   </div>
   <div class='ocr_carea' id='block_1_11' title="bbox 355 1209 2009 1283">
    <p class='ocr_par' dir='ltr' id='par_1_11' title="bbox 355 1209 2009 1283">
     <span class='ocr_line' id='line_1_11' title="bbox 355 1209 2009 1283; baseline 0.002 -19"><span class='ocrx_word' id='word_1_77' title='bbox 355 1213 621 1281; x_wconf 89' lang='lat' dir='ltr'>quentes,</span> <span class='ocrx_word' id='word_1_78' title='bbox 647 1209 1026 1266; x_wconf 90' lang='lat' dir='ltr'>meritissimo</span> <span class='ocrx_word' id='word_1_79' title='bbox 1051 1210 1185 1282; x_wconf 89' lang='lat' dir='ltr'>jure</span> <span class='ocrx_word' id='word_1_80' title='bbox 1218 1211 1521 1283; x_wconf 77' lang='lat' dir='ltr'>fugiebant</span> <span class='ocrx_word' id='word_1_81' title='bbox 1550 1218 1607 1268; x_wconf 93' lang='lat' dir='ltr'>et</span> <span class='ocrx_word' id='word_1_82' title='bbox 1631 1213 2009 1269; x_wconf 86' lang='lat' dir='ltr'>exsecraban-</span> 
     </span>
    </p>
   </div>
   <div class='ocr_carea' id='block_1_12' title="bbox 354 1303 471 1353">
    <p class='ocr_par' dir='ltr' id='par_1_12' title="bbox 354 1303 471 1353">
     <span class='ocr_line' id='line_1_12' title="bbox 354 1303 471 1353; baseline -0.009 0"><span class='ocrx_word' id='word_1_83' title='bbox 354 1303 471 1353; x_wconf 88' lang='lat' dir='ltr'>tur.</span> 
     </span>
    </p>
   </div>
   <div class='ocr_carea' id='block_1_13' title="bbox 430 1387 2008 1463">
    <p class='ocr_par' dir='ltr' id='par_1_13' title="bbox 430 1387 2008 1463">
     <span class='ocr_line' id='line_1_13' title="bbox 430 1387 2008 1463; baseline 0.004 -23"><span class='ocrx_word' id='word_1_84' title='bbox 430 1388 514 1442; x_wconf 86' lang='lat' dir='ltr'>Ad</span> <span class='ocrx_word' id='word_1_85' title='bbox 540 1387 801 1443; x_wconf 87' lang='lat' dir='ltr'>liberalia</span> <span class='ocrx_word' id='word_1_86' title='bbox 822 1387 1050 1455; x_wconf 90' lang='lat' dir='ltr'>deinde,</span> <span class='ocrx_word' id='word_1_87' title='bbox 1074 1388 1190 1445; x_wconf 87' lang='lat' dir='ltr'>sive</span> <span class='ocrx_word' id='word_1_88' title='bbox 1216 1389 1287 1444; x_wconf 90' lang='lat' dir='ltr'>ad</span> <span class='ocrx_word' id='word_1_89' title='bbox 1311 1389 1434 1446; x_wconf 60' lang='lat' dir='ltr'>dier-</span> <span class='ocrx_word' id='word_1_90' title='bbox 1459 1390 1744 1463; x_wconf 90' lang='lat' dir='ltr'>ludosque</span> <span class='ocrx_word' id='word_1_91' title='bbox 1783 1391 2008 1458; x_wconf 91' lang='lat' dir='ltr'>Libero,</span> 
     </span>
    </p>
   </div>
   <div class='ocr_carea' id='block_1_14' title="bbox 361 1476 2010 1551">
    <p class='ocr_par' dir='ltr' id='par_1_14' title="bbox 361 1476 2010 1551">
     <span class='ocr_line' id='line_1_14' title="bbox 361 1476 2010 1551; baseline 0.002 -20"><span class='ocrx_word' id='word_1_92' title='bbox 361 1476 481 1531; x_wconf 91' lang='lat' dir='ltr'>sive</span> <span class='ocrx_word' id='word_1_93' title='bbox 513 1476 755 1544; x_wconf 90' lang='lat' dir='ltr'>Baccho,</span> <span class='ocrx_word' id='word_1_94' title='bbox 788 1476 1034 1544; x_wconf 89' lang='lat' dir='ltr'>dicatos,</span> <span class='ocrx_word' id='word_1_95' title='bbox 1068 1478 1149 1532; x_wconf 83' lang='lat' dir='ltr'>sic</span> <span class='ocrx_word' id='word_1_96' title='bbox 1192 1480 1432 1535; x_wconf 85' lang='lat' dir='ltr'>transit:</span> <span class='ocrx_word' id='word_1_97' title='bbox 1467 1501 1495 1529; x_wconf 88' lang='lat'><strong>«</strong></span> <span class='ocrx_word' id='word_1_98' title='bbox 1528 1478 1651 1533; x_wconf 90' lang='lat' dir='ltr'>Non</span> <span class='ocrx_word' id='word_1_99' title='bbox 1684 1478 1740 1534; x_wconf 92' lang='lat' dir='ltr'>in</span> <span class='ocrx_word' id='word_1_100' title='bbox 1777 1479 2010 1551; x_wconf 91' lang='lat' dir='ltr'>publico</span> 
     </span>
    </p>
   </div>
   <div class='ocr_carea' id='block_1_15' title="bbox 363 1564 2011 1641">
    <p class='ocr_par' dir='ltr' id='par_1_15' title="bbox 363 1564 2011 1641">
     <span class='ocr_line' id='line_1_15' title="bbox 363 1564 2011 1641; baseline 0.001 -21"><span class='ocrx_word' id='word_1_101' title='bbox 363 1564 730 1621; x_wconf 88' lang='lat' dir='ltr'>Liberalibus</span> <span class='ocrx_word' id='word_1_102' title='bbox 752 1565 1059 1621; x_wconf 88' lang='lat' dir='ltr'>discumbo</span> <span class='ocrx_word' id='word_1_103' title='bbox 1089 1588 1116 1616; x_wconf 88' lang='lat'>»</span> <span class='ocrx_word' id='word_1_104' title='bbox 1141 1567 1399 1637; x_wconf 84' lang='lat' dir='ltr'>(Tertull.</span> <span class='ocrx_word' id='word_1_105' title='bbox 1434 1569 1733 1639; x_wconf 81' lang='lat' dir='ltr'>Apologet.,</span> <span class='ocrx_word' id='word_1_106' title='bbox 1766 1586 1891 1641; x_wconf 89' lang='lat' dir='ltr'>cap.</span> <span class='ocrx_word' id='word_1_107' title='bbox 1920 1571 2011 1635; x_wconf 79' lang='grc'>42,</span> 
     </span>
    </p>
   </div>
   <div class='ocr_carea' id='block_1_16' title="bbox 366 1656 2011 1729">
    <p class='ocr_par' dir='ltr' id='par_1_16' title="bbox 366 1656 2011 1729">
     <span class='ocr_line' id='line_1_16' title="bbox 366 1656 2011 1729; baseline 0.002 -18"><span class='ocrx_word' id='word_1_108' title='bbox 366 1673 496 1729; x_wconf 85' lang='lat' dir='ltr'>pag.</span> <span class='ocrx_word' id='word_1_109' title='bbox 530 1656 676 1727; x_wconf 82' lang='grc'>492).</span> <span class='ocrx_word' id='word_1_110' title='bbox 709 1658 1012 1712; x_wconf 84' lang='lat' dir='ltr'>Rationem</span> <span class='ocrx_word' id='word_1_111' title='bbox 1043 1658 1116 1712; x_wconf 89' lang='lat' dir='ltr'>ab</span> <span class='ocrx_word' id='word_1_112' title='bbox 1147 1674 1213 1713; x_wconf 90' lang='lat' dir='ltr'>eo</span> <span class='ocrx_word' id='word_1_113' title='bbox 1246 1658 1293 1713; x_wconf 85' lang='lat' dir='ltr'>si</span> <span class='ocrx_word' id='word_1_114' title='bbox 1345 1659 1628 1729; x_wconf 86' lang='lat' dir='ltr'>postules,</span> <span class='ocrx_word' id='word_1_115' title='bbox 1669 1658 1781 1714; x_wconf 90' lang='lat' dir='ltr'>alio</span> <span class='ocrx_word' id='word_1_116' title='bbox 1828 1659 1887 1714; x_wconf 89' lang='lat' dir='ltr'>in</span> <span class='ocrx_word' id='word_1_117' title='bbox 1941 1660 2011 1714; x_wconf 89' lang='lat' dir='ltr'>li-</span> 
     </span>
    </p>
   </div>
   <div class='ocr_carea' id='block_1_17' title="bbox 365 1745 2012 1819">
    <p class='ocr_par' dir='ltr' id='par_1_17' title="bbox 365 1745 2012 1819">
     <span class='ocr_line' id='line_1_17' title="bbox 365 1745 2012 1819; baseline 0.001 -18"><span class='ocrx_word' id='word_1_118' title='bbox 365 1746 469 1801; x_wconf 89' lang='lat' dir='ltr'>bro</span> <span class='ocrx_word' id='word_1_119' title='bbox 501 1762 626 1801; x_wconf 91' lang='lat' dir='ltr'>eam</span> <span class='ocrx_word' id='word_1_120' title='bbox 661 1745 754 1800; x_wconf 89' lang='lat' dir='ltr'>his</span> <span class='ocrx_word' id='word_1_121' title='bbox 780 1745 972 1801; x_wconf 89' lang='lat' dir='ltr'>verbis</span> <span class='ocrx_word' id='word_1_122' title='bbox 1004 1746 1202 1801; x_wconf 88' lang='lat' dir='ltr'>datam</span> <span class='ocrx_word' id='word_1_123' title='bbox 1234 1748 1493 1803; x_wconf 87' lang='lat' dir='ltr'>videbis:</span> <span class='ocrx_word' id='word_1_124' title='bbox 1537 1770 1564 1797; x_wconf 86' lang='grc'><em>‹‹</em></span> <span class='ocrx_word' id='word_1_125' title='bbox 1599 1752 1743 1803; x_wconf 92' lang='lat' dir='ltr'>Cum</span> <span class='ocrx_word' id='word_1_126' title='bbox 1792 1748 2012 1819; x_wconf 87' lang='lat' dir='ltr'>promi-</span> 
     </span>
    </p>
   </div>
   <div class='ocr_carea' id='block_1_18' title="bbox 365 1833 2011 1909">
    <p class='ocr_par' dir='ltr' id='par_1_18' title="bbox 365 1833 2011 1909">
     <span class='ocr_line' id='line_1_18' title="bbox 365 1833 2011 1909; baseline 0.001 -18"><span class='ocrx_word' id='word_1_127' title='bbox 365 1850 502 1891; x_wconf 91' lang='lat' dir='ltr'>scue</span> <span class='ocrx_word' id='word_1_128' title='bbox 532 1834 655 1889; x_wconf 90' lang='lat' dir='ltr'>ludi</span> <span class='ocrx_word' id='word_1_129' title='bbox 690 1833 977 1889; x_wconf 88' lang='lat' dir='ltr'>Liberalia</span> <span class='ocrx_word' id='word_1_130' title='bbox 1004 1836 1657 1901; x_wconf 88' lang='lat' dir='ltr'>vocarentur,honorem</span> <span class='ocrx_word' id='word_1_131' title='bbox 1691 1837 1877 1892; x_wconf 90' lang='lat' dir='ltr'>Liberi</span> <span class='ocrx_word' id='word_1_132' title='bbox 1912 1854 2011 1909; x_wconf 88' lang='lat' dir='ltr'>pa-</span> 
     </span>
    </p>
   </div>
   <div class='ocr_carea' id='block_1_19' title="bbox 364 1923 2015 1981">
    <p class='ocr_par' dir='ltr' id='par_1_19' title="bbox 364 1923 2015 1981">
     <span class='ocr_line' id='line_1_19' title="bbox 364 1923 2015 1981; baseline 0.001 -2"><span class='ocrx_word' id='word_1_133' title='bbox 364 1925 471 1980; x_wconf 88' lang='lat' dir='ltr'>tris</span> <span class='ocrx_word' id='word_1_134' title='bbox 504 1923 873 1979; x_wconf 87' lang='lat' dir='ltr'>manifestate</span> <span class='ocrx_word' id='word_1_135' title='bbox 903 1925 1206 1980; x_wconf 86' lang='lat' dir='ltr'>sonabant.</span> <span class='ocrx_word' id='word_1_136' title='bbox 1268 1926 1470 1981; x_wconf 89' lang='lat' dir='ltr'>Libero</span> <span class='ocrx_word' id='word_1_137' title='bbox 1523 1925 1678 1981; x_wconf 87' lang='lat' dir='ltr'>enim</span> <span class='ocrx_word' id='word_1_138' title='bbox 1714 1944 1747 1980; x_wconf 88' lang='lat' dir='ltr'>a</span> <span class='ocrx_word' id='word_1_139' title='bbox 1778 1926 2015 1981; x_wconf 86' lang='lat' dir='ltr'>rusticis</span> 
     </span>
    </p>
   </div>
   <div class='ocr_carea' id='block_1_20' title="bbox 364 2005 2013 2087">
    <p class='ocr_par' dir='ltr' id='par_1_20' title="bbox 364 2005 2013 2087">
     <span class='ocr_line' id='line_1_20' title="bbox 364 2005 2013 2087; baseline 0.001 -18"><span class='ocrx_word' id='word_1_140' title='bbox 364 2014 550 2085; x_wconf 89' lang='lat' dir='ltr'>primo</span> <span class='ocrx_word' id='word_1_141' title='bbox 582 2015 820 2081; x_wconf 82' lang='lat' dir='ltr'>ﬁebant,</span> <span class='ocrx_word' id='word_1_142' title='bbox 853 2016 924 2069; x_wconf 92' lang='lat' dir='ltr'>ob</span> <span class='ocrx_word' id='word_1_143' title='bbox 958 2014 1307 2070; x_wconf 77' lang='lat' dir='ltr'>beneficium</span> <span class='ocrx_word' id='word_1_144' title='bbox 1341 2005 1494 2087; x_wconf 87' lang='lat' dir='ltr'>quod</span> <span class='ocrx_word' id='word_1_145' title='bbox 1546 2016 1595 2070; x_wconf 92' lang='lat' dir='ltr'>ei</span> <span class='ocrx_word' id='word_1_146' title='bbox 1649 2016 2013 2085; x_wconf 89' lang='lat' dir='ltr'>adscribunt,</span> 
     </span>
    </p>
   </div>
   <div class='ocr_carea' id='block_1_21' title="bbox 365 2103 2013 2175">
    <p class='ocr_par' dir='ltr' id='par_1_21' title="bbox 365 2103 2013 2175">
     <span class='ocr_line' id='line_1_21' title="bbox 365 2103 2013 2175; baseline -0.001 -16"><span class='ocrx_word' id='word_1_147' title='bbox 365 2105 766 2159; x_wconf 87' lang='lat' dir='ltr'>demonstrata</span> <span class='ocrx_word' id='word_1_148' title='bbox 794 2103 982 2175; x_wconf 87' lang='lat' dir='ltr'>gratia</span> <span class='ocrx_word' id='word_1_149' title='bbox 1009 2103 1128 2158; x_wconf 86' lang='lat' dir='ltr'>vini</span> <span class='ocrx_word' id='word_1_150' title='bbox 1164 2126 1192 2152; x_wconf 89' lang='grc'>››</span> <span class='ocrx_word' id='word_1_151' title='bbox 1216 2104 1423 2175; x_wconf 90' lang='lat' dir='ltr'>(Idem,</span> <span class='ocrx_word' id='word_1_152' title='bbox 1484 2104 1549 2159; x_wconf 83' lang='lat' dir='ltr'>de</span> <span class='ocrx_word' id='word_1_153' title='bbox 1595 2105 1835 2174; x_wconf 86' lang='lat' dir='ltr'>Spectac.</span> <span class='ocrx_word' id='word_1_154' title='bbox 1886 2121 2013 2174; x_wconf 87' lang='lat' dir='ltr'>cap.</span> 
     </span>
    </p>
   </div>
   <div class='ocr_carea' id='block_1_22' title="bbox 363 2193 2014 2265">
    <p class='ocr_par' dir='ltr' id='par_1_22' title="bbox 363 2193 2014 2265">
     <span class='ocr_line' id='line_1_22' title="bbox 363 2193 2014 2265; baseline 0 -18"><span class='ocrx_word' id='word_1_155' title='bbox 363 2194 439 2265; x_wconf 87' lang='lat'>5).</span> <span class='ocrx_word' id='word_1_156' title='bbox 476 2196 601 2259; x_wconf 87' lang='lat' dir='ltr'>Qua</span> <span class='ocrx_word' id='word_1_157' title='bbox 648 2193 718 2248; x_wconf 90' lang='lat' dir='ltr'>de</span> <span class='ocrx_word' id='word_1_158' title='bbox 777 2210 837 2248; x_wconf 90' lang='lat' dir='ltr'>re</span> <span class='ocrx_word' id='word_1_159' title='bbox 893 2209 1007 2248; x_wconf 89' lang='lat' dir='ltr'>non</span> <span class='ocrx_word' id='word_1_160' title='bbox 1066 2193 1246 2248; x_wconf 87' lang='lat' dir='ltr'>semel</span> <span class='ocrx_word' id='word_1_161' title='bbox 1306 2194 1545 2264; x_wconf 88' lang='lat' dir='ltr'>quidem</span> <span class='ocrx_word' id='word_1_162' title='bbox 1604 2194 2014 2249; x_wconf 86' lang='lat' dir='ltr'>disseruimus.</span> 
     </span>
    </p>
   </div>
   <div class='ocr_carea' id='block_1_23' title="bbox 366 2281 2017 2352">
    <p class='ocr_par' dir='ltr' id='par_1_23' title="bbox 366 2281 2017 2352">
     <span class='ocr_line' id='line_1_23' title="bbox 366 2281 2017 2352; baseline -0.001 -15"><span class='ocrx_word' id='word_1_163' title='bbox 366 2282 652 2346; x_wconf 84' lang='lat' dir='ltr'>Quoniam</span> <span class='ocrx_word' id='word_1_164' title='bbox 684 2298 820 2352; x_wconf 88' lang='lat' dir='ltr'>ergo</span> <span class='ocrx_word' id='word_1_165' title='bbox 853 2281 973 2335; x_wconf 66' lang='lat' dir='ltr'>haec</span> <span class='ocrx_word' id='word_1_166' title='bbox 1006 2283 1151 2337; x_wconf 84' lang='lat' dir='ltr'>festa</span> <span class='ocrx_word' id='word_1_167' title='bbox 1180 2282 1386 2338; x_wconf 77' lang='lat'>1083</span> <span class='ocrx_word' id='word_1_168' title='bbox 1419 2282 1476 2336; x_wconf 92' lang='lat' dir='ltr'>in</span> <span class='ocrx_word' id='word_1_169' title='bbox 1514 2282 1644 2338; x_wconf 84' lang='lat' dir='ltr'>falsi</span> <span class='ocrx_word' id='word_1_170' title='bbox 1689 2283 1781 2337; x_wconf 88' lang='lat' dir='ltr'>Dei</span> <span class='ocrx_word' id='word_1_171' title='bbox 1832 2282 2017 2337; x_wconf 90' lang='lat' dir='ltr'>hono-</span> 
     </span>
    </p>
   </div>
   <div class='ocr_carea' id='block_1_24' title="bbox 370 2369 2017 2443">
    <p class='ocr_par' dir='ltr' id='par_1_24' title="bbox 370 2369 2017 2443">
     <span class='ocr_line' id='line_1_24' title="bbox 370 2369 2017 2443; baseline 0 -18"><span class='ocrx_word' id='word_1_172' title='bbox 370 2386 515 2439; x_wconf 89' lang='lat' dir='ltr'>rem,</span> <span class='ocrx_word' id='word_1_173' title='bbox 545 2387 660 2426; x_wconf 92' lang='lat' dir='ltr'>non</span> <span class='ocrx_word' id='word_1_174' title='bbox 693 2370 819 2425; x_wconf 88' lang='lat' dir='ltr'>sine</span> <span class='ocrx_word' id='word_1_175' title='bbox 849 2369 1190 2426; x_wconf 72' lang='lat' dir='ltr'>idololatriae</span> <span class='ocrx_word' id='word_1_176' title='bbox 1243 2371 1491 2442; x_wconf 90' lang='lat' dir='ltr'>aliisque</span> <span class='ocrx_word' id='word_1_177' title='bbox 1531 2388 1596 2426; x_wconf 89' lang='lat' dir='ltr'>ac</span> <span class='ocrx_word' id='word_1_178' title='bbox 1642 2371 2017 2443; x_wconf 89' lang='lat' dir='ltr'>potissimum</span> 
     </span>
    </p>
   </div>
   <div class='ocr_carea' id='block_1_25' title="bbox 371 2458 2017 2530">
    <p class='ocr_par' dir='ltr' id='par_1_25' title="bbox 371 2458 2017 2530">
     <span class='ocr_line' id='line_1_25' title="bbox 371 2458 2017 2530; baseline 0 -16"><span class='ocrx_word' id='word_1_179' title='bbox 371 2458 624 2530; x_wconf 68' lang='lat' dir='ltr'>crapulm</span> <span class='ocrx_word' id='word_1_180' title='bbox 675 2463 731 2513; x_wconf 92' lang='lat' dir='ltr'>et</span> <span class='ocrx_word' id='word_1_181' title='bbox 775 2458 1075 2515; x_wconf 86' lang='lat' dir='ltr'>ebrietatis</span> <span class='ocrx_word' id='word_1_182' title='bbox 1122 2459 1493 2528; x_wconf 85' lang='lat' dir='ltr'>criminibus,</span> <span class='ocrx_word' id='word_1_183' title='bbox 1547 2460 2017 2529; x_wconf 86' lang='lat' dir='ltr'>celebrabantur,</span> 
     </span>
    </p>
   </div>
   <div class='ocr_carea' id='block_1_26' title="bbox 373 2548 2023 2603">
    <p class='ocr_par' dir='ltr' id='par_1_26' title="bbox 373 2548 2023 2603">
     <span class='ocr_line' id='line_1_26' title="bbox 373 2548 2023 2603; baseline 0.001 -1"><span class='ocrx_word' id='word_1_184' title='bbox 373 2564 607 2603; x_wconf 90' lang='lat' dir='ltr'>summo</span> <span class='ocrx_word' id='word_1_185' title='bbox 630 2548 979 2603; x_wconf 87' lang='lat' dir='ltr'>Christianis</span> <span class='ocrx_word' id='word_1_186' title='bbox 1011 2553 1178 2602; x_wconf 88' lang='lat' dir='ltr'>erant</span> <span class='ocrx_word' id='word_1_187' title='bbox 1209 2548 1459 2603; x_wconf 88' lang='lat' dir='ltr'>horrori.</span> <span class='ocrx_word' id='word_1_188' title='bbox 1509 2548 1752 2603; x_wconf 87' lang='lat' dir='ltr'>Addidit</span> <span class='ocrx_word' id='word_1_189' title='bbox 1804 2554 2023 2603; x_wconf 83' lang='lat' dir='ltr'>Auctor</span> 
     </span>
    </p>
   </div>
   <div class='ocr_carea' id='block_1_27' title="bbox 374 2636 2019 2707">
    <p class='ocr_par' dir='ltr' id='par_1_27' title="bbox 374 2636 2019 2707">
     <span class='ocr_line' id='line_1_27' title="bbox 374 2636 2019 2707; baseline -0.001 -16"><span class='ocrx_word' id='word_1_190' title='bbox 374 2640 617 2691; x_wconf 89' lang='lat' dir='ltr'>noster:</span> <span class='ocrx_word' id='word_1_191' title='bbox 656 2659 676 2683; x_wconf 76' lang='grc' dir='ltr'>α</span> <span class='ocrx_word' id='word_1_192' title='bbox 714 2636 838 2691; x_wconf 92' lang='lat' dir='ltr'>Non</span> <span class='ocrx_word' id='word_1_193' title='bbox 874 2636 929 2690; x_wconf 86' lang='lat' dir='ltr'>in</span> <span class='ocrx_word' id='word_1_194' title='bbox 986 2636 1217 2707; x_wconf 90' lang='lat' dir='ltr'>publico</span> <span class='ocrx_word' id='word_1_195' title='bbox 1270 2636 1634 2692; x_wconf 88' lang='lat' dir='ltr'>Liberalibus</span> <span class='ocrx_word' id='word_1_196' title='bbox 1685 2637 2019 2699; x_wconf 88' lang='lat' dir='ltr'>discumbo,</span> 
     </span>
    </p>
   </div>
   <div class='ocr_carea' id='block_1_28' title="bbox 375 2726 2023 2801">
    <p class='ocr_par' dir='ltr' id='par_1_28' title="bbox 375 2726 2023 2801">
     <span class='ocr_line' id='line_1_28' title="bbox 375 2726 2023 2801; baseline -0.002 -18"><span class='ocrx_word' id='word_1_197' title='bbox 375 2729 530 2801; x_wconf 90' lang='lat' dir='ltr'>quod</span> <span class='ocrx_word' id='word_1_198' title='bbox 564 2726 857 2781; x_wconf 85' lang='lat' dir='ltr'>bestiariis</span> <span class='ocrx_word' id='word_1_199' title='bbox 889 2741 1236 2797; x_wconf 87' lang='lat' dir='ltr'>supremum</span> <span class='ocrx_word' id='word_1_200' title='bbox 1270 2726 1639 2781; x_wconf 78' lang='lat' dir='ltr'>comantibus</span> <span class='ocrx_word' id='word_1_201' title='bbox 1692 2743 1818 2781; x_wconf 92' lang='lat' dir='ltr'>mos</span> <span class='ocrx_word' id='word_1_202' title='bbox 1875 2730 1963 2781; x_wconf 91' lang='lat' dir='ltr'>est</span> <span class='ocrx_word' id='word_1_203' title='bbox 1996 2746 2023 2773; x_wconf 90' lang='grc'>››</span> 
     </span>
    </p>
   </div>
   <div class='ocr_carea' id='block_1_29' title="bbox 373 2813 2024 2889">
    <p class='ocr_par' dir='ltr' id='par_1_29' title="bbox 373 2813 2024 2889">
     <span class='ocr_line' id='line_1_29' title="bbox 373 2813 2024 2889; baseline -0.003 -18"><span class='ocrx_word' id='word_1_204' title='bbox 373 2817 579 2889; x_wconf 86' lang='lat' dir='ltr'>(Idem,</span> <span class='ocrx_word' id='word_1_205' title='bbox 610 2814 908 2885; x_wconf 85' lang='lat' dir='ltr'>Apologet.,</span> <span class='ocrx_word' id='word_1_206' title='bbox 953 2814 1061 2868; x_wconf 91' lang='lat' dir='ltr'>loc.</span> <span class='ocrx_word' id='word_1_207' title='bbox 1096 2814 1241 2881; x_wconf 90' lang='lat' dir='ltr'>cit.).</span> <span class='ocrx_word' id='word_1_208' title='bbox 1275 2814 1367 2869; x_wconf 87' lang='lat' dir='ltr'>Sic</span> <span class='ocrx_word' id='word_1_209' title='bbox 1416 2820 1612 2869; x_wconf 89' lang='lat' dir='ltr'>autem</span> <span class='ocrx_word' id='word_1_210' title='bbox 1661 2813 1912 2885; x_wconf 86' lang='lat' dir='ltr'>legimus</span> <span class='ocrx_word' id='word_1_211' title='bbox 1964 2813 2024 2866; x_wconf 91' lang='lat' dir='ltr'>in</span> 
     </span>
    </p>
   </div>
   <div class='ocr_carea' id='block_1_30' title="bbox 375 2902 2023 2976">
    <p class='ocr_par' dir='ltr' id='par_1_30' title="bbox 375 2902 2023 2976">
     <span class='ocr_line' id='line_1_30' title="bbox 375 2902 2023 2976; baseline -0.002 -15"><span class='ocrx_word' id='word_1_212' title='bbox 375 2904 775 2976; x_wconf 89' lang='lat' dir='ltr'>manuscripto</span> <span class='ocrx_word' id='word_1_213' title='bbox 815 2908 1095 2970; x_wconf 89' lang='lat' dir='ltr'>Puteano,</span> <span class='ocrx_word' id='word_1_214' title='bbox 1159 2909 1217 2958; x_wconf 90' lang='lat' dir='ltr'>et</span> <span class='ocrx_word' id='word_1_215' title='bbox 1265 2903 1454 2974; x_wconf 88' lang='lat' dir='ltr'>primo</span> <span class='ocrx_word' id='word_1_216' title='bbox 1511 2902 1871 2971; x_wconf 88' lang='lat' dir='ltr'>Colbertino;</span> <span class='ocrx_word' id='word_1_217' title='bbox 1923 2902 2023 2958; x_wconf 90' lang='lat' dir='ltr'>sed</span> 
     </span>
    </p>
   </div>
   <div class='ocr_carea' id='block_1_31' title="bbox 376 2992 2029 3065">
    <p class='ocr_par' dir='ltr' id='par_1_31' title="bbox 376 2992 2029 3065">
     <span class='ocr_line' id='line_1_31' title="bbox 376 2992 2029 3065; baseline -0.004 -14"><span class='ocrx_word' id='word_1_218' title='bbox 376 2997 433 3051; x_wconf 90' lang='lat' dir='ltr'>in</span> <span class='ocrx_word' id='word_1_219' title='bbox 468 2994 754 3050; x_wconf 87' lang='lat' dir='ltr'>Harleano</span> <span class='ocrx_word' id='word_1_220' title='bbox 785 2997 843 3048; x_wconf 92' lang='lat' dir='ltr'>et</span> <span class='ocrx_word' id='word_1_221' title='bbox 872 2993 1203 3048; x_wconf 88' lang='lat' dir='ltr'>Colbertino</span> <span class='ocrx_word' id='word_1_222' title='bbox 1235 2994 1517 3064; x_wconf 90' lang='lat' dir='ltr'>secundo,</span> <span class='ocrx_word' id='word_1_223' title='bbox 1575 3010 1908 3065; x_wconf 73' lang='lat' dir='ltr'>supremam.</span> <span class='ocrx_word' id='word_1_224' title='bbox 1960 2992 2029 3046; x_wconf 82' lang='lat' dir='ltr'>At</span> 
     </span>
    </p>
   </div>
   <div class='ocr_carea' id='block_1_32' title="bbox 378 3078 2029 3155">
    <p class='ocr_par' dir='ltr' id='par_1_32' title="bbox 378 3078 2029 3155">
     <span class='ocr_line' id='line_1_32' title="bbox 378 3078 2029 3155; baseline -0.004 -13"><span class='ocrx_word' id='word_1_225' title='bbox 378 3086 597 3142; x_wconf 87' lang='lat' dir='ltr'>Junius</span> <span class='ocrx_word' id='word_1_226' title='bbox 640 3083 925 3155; x_wconf 88' lang='lat' dir='ltr'>scriptum</span> <span class='ocrx_word' id='word_1_227' title='bbox 972 3082 1329 3154; x_wconf 83' lang='lat' dir='ltr'>suspicatur,</span> <span class='ocrx_word' id='word_1_228' title='bbox 1385 3083 1484 3138; x_wconf 77' lang='lat' dir='ltr'>sub</span> <span class='ocrx_word' id='word_1_229' title='bbox 1539 3085 1821 3154; x_wconf 80' lang='lat' dir='ltr'>primam;</span> <span class='ocrx_word' id='word_1_230' title='bbox 1890 3078 2029 3151; x_wconf 87' lang='lat' dir='ltr'>quia</span> 
     </span>
    </p>
   </div>
   <div class='ocr_carea' id='block_1_33' title="bbox 381 3171 2019 3245">
    <p class='ocr_par' dir='ltr' id='par_1_33' title="bbox 381 3171 2019 3245">
     <span class='ocr_line' id='line_1_33' title="bbox 381 3171 2019 3245; baseline -0.003 -16"><span class='ocrx_word' id='word_1_231' title='bbox 381 3174 666 3241; x_wconf 90' lang='lat' dir='ltr'>bestiarii,</span> <span class='ocrx_word' id='word_1_232' title='bbox 692 3175 763 3229; x_wconf 91' lang='lat' dir='ltr'>de</span> <span class='ocrx_word' id='word_1_233' title='bbox 785 3173 1002 3245; x_wconf 88' lang='lat' dir='ltr'>quibus</span> <span class='ocrx_word' id='word_1_234' title='bbox 1025 3177 1197 3228; x_wconf 84' lang='lat' dir='ltr'>antea</span> <span class='ocrx_word' id='word_1_235' title='bbox 1224 3173 1474 3244; x_wconf 88' lang='lat' dir='ltr'>egimus,</span> <span class='ocrx_word' id='word_1_236' title='bbox 1511 3172 1774 3241; x_wconf 87' lang='lat' dir='ltr'>meridie,</span> <span class='ocrx_word' id='word_1_237' title='bbox 1807 3171 2019 3242; x_wconf 84' lang='lat' dir='ltr'>inquit,</span> 
     </span>
    </p>
   </div>
   <div class='ocr_carea' id='block_1_34' title="bbox 380 3247 2103 3334">
    <p class='ocr_par' dir='ltr' id='par_1_34' title="bbox 380 3247 2103 3334">
     <span class='ocr_line' id='line_1_34' title="bbox 380 3247 2103 3334; baseline -0.003 -15"><span class='ocrx_word' id='word_1_238' title='bbox 380 3265 697 3319; x_wconf 87' lang='lat' dir='ltr'>certabant.</span> <span class='ocrx_word' id='word_1_239' title='bbox 734 3263 1094 3334; x_wconf 89' lang='lat' dir='ltr'>Bulengerus</span> <span class='ocrx_word' id='word_1_240' title='bbox 1128 3280 1259 3318; x_wconf 88' lang='lat' dir='ltr'>vero</span> <span class='ocrx_word' id='word_1_241' title='bbox 1293 3263 1439 3317; x_wconf 90' lang='lat' dir='ltr'>hanc</span> <span class='ocrx_word' id='word_1_242' title='bbox 1484 3263 1878 3333; x_wconf 89' lang='lat' dir='ltr'>conjecturam</span> <span class='ocrx_word' id='word_1_243' title='bbox 1911 3277 2026 3315; x_wconf 90' lang='lat' dir='ltr'>non</span> <span class='ocrx_word' id='word_1_244' title='bbox 2059 3247 2103 3314; x_wconf 82' lang='lat' dir='ltr'>C</span> 
     </span>
    </p>
   </div>
   <div class='ocr_carea' id='block_1_35' title="bbox 384 3351 2031 3425">
    <p class='ocr_par' dir='ltr' id='par_1_35' title="bbox 384 3351 2031 3425">
     <span class='ocr_line' id='line_1_35' title="bbox 384 3351 2031 3425; baseline -0.003 -15"><span class='ocrx_word' id='word_1_245' title='bbox 384 3356 511 3410; x_wconf 89' lang='lat' dir='ltr'>sine</span> <span class='ocrx_word' id='word_1_246' title='bbox 542 3353 665 3410; x_wconf 90' lang='lat' dir='ltr'>risu</span> <span class='ocrx_word' id='word_1_247' title='bbox 695 3353 825 3409; x_wconf 91' lang='lat' dir='ltr'>ideo</span> <span class='ocrx_word' id='word_1_248' title='bbox 858 3352 1117 3424; x_wconf 84' lang='lat' dir='ltr'>explodit</span> <span class='ocrx_word' id='word_1_249' title='bbox 1144 3351 1410 3425; x_wconf 91' lang='lat' dir='ltr'>(Buleng.</span> <span class='ocrx_word' id='word_1_250' title='bbox 1444 3353 1545 3408; x_wconf 91' lang='lat' dir='ltr'>lib.</span> <span class='ocrx_word' id='word_1_251' title='bbox 1576 3353 1651 3408; x_wconf 74' lang='lat' dir='ltr'>tle</span> <span class='ocrx_word' id='word_1_252' title='bbox 1681 3354 1868 3408; x_wconf 82' lang='lat' dir='ltr'>Venat.</span> <span class='ocrx_word' id='word_1_253' title='bbox 1900 3353 2031 3406; x_wconf 82' lang='lat' dir='ltr'>circ.</span> 
     </span>
    </p>
   </div>
   <div class='ocr_carea' id='block_1_36' title="bbox 385 3440 2038 3516">
    <p class='ocr_par' dir='ltr' id='par_1_36' title="bbox 385 3440 2038 3516">
     <span class='ocr_line' id='line_1_36' title="bbox 385 3440 2038 3516; baseline -0.004 -16"><span class='ocrx_word' id='word_1_254' title='bbox 385 3462 512 3516; x_wconf 85' lang='lat' dir='ltr'>cap.</span> <span class='ocrx_word' id='word_1_255' title='bbox 544 3444 658 3513; x_wconf 81' lang='grc'>34),</span> <span class='ocrx_word' id='word_1_256' title='bbox 692 3442 830 3513; x_wconf 89' lang='lat' dir='ltr'>quia</span> <span class='ocrx_word' id='word_1_257' title='bbox 860 3440 1123 3496; x_wconf 87' lang='lat' dir='ltr'>bestiarii</span> <span class='ocrx_word' id='word_1_258' title='bbox 1157 3459 1271 3497; x_wconf 90' lang='lat' dir='ltr'>non</span> <span class='ocrx_word' id='word_1_259' title='bbox 1306 3440 1497 3497; x_wconf 91' lang='lat' dir='ltr'>solum</span> <span class='ocrx_word' id='word_1_260' title='bbox 1535 3440 1776 3497; x_wconf 90' lang='lat' dir='ltr'>meridie</span> <span class='ocrx_word' id='word_1_261' title='bbox 1810 3456 2038 3512; x_wconf 86' lang='lat' dir='ltr'>pugna-</span> 
     </span>
    </p>
   </div>
   <div class='ocr_carea' id='block_1_37' title="bbox 385 3528 2040 3603">
    <p class='ocr_par' dir='ltr' id='par_1_37' title="bbox 385 3528 2040 3603">
     <span class='ocr_line' id='line_1_37' title="bbox 385 3528 2040 3603; baseline -0.004 -14"><span class='ocrx_word' id='word_1_262' title='bbox 385 3536 549 3600; x_wconf 86' lang='lat' dir='ltr'>bant,</span> <span class='ocrx_word' id='word_1_263' title='bbox 581 3533 681 3588; x_wconf 88' lang='lat' dir='ltr'>sed</span> <span class='ocrx_word' id='word_1_264' title='bbox 716 3537 978 3603; x_wconf 88' lang='lat' dir='ltr'>tempore</span> <span class='ocrx_word' id='word_1_265' title='bbox 1008 3531 1185 3586; x_wconf 90' lang='lat' dir='ltr'>etiam</span> <span class='ocrx_word' id='word_1_266' title='bbox 1219 3532 1530 3587; x_wconf 90' lang='lat' dir='ltr'>matutino.</span> <span class='ocrx_word' id='word_1_267' title='bbox 1565 3530 1712 3595; x_wconf 88' lang='lat' dir='ltr'>Quid</span> <span class='ocrx_word' id='word_1_268' title='bbox 1746 3529 1903 3585; x_wconf 87' lang='lat' dir='ltr'>enim</span> <span class='ocrx_word' id='word_1_269' title='bbox 1946 3528 2040 3583; x_wconf 89' lang='lat' dir='ltr'>his</span> 
     </span>
    </p>
   </div>
   <div class='ocr_carea' id='block_1_38' title="bbox 385 3617 2037 3691">
    <p class='ocr_par' dir='ltr' id='par_1_38' title="bbox 385 3617 2037 3691">
     <span class='ocr_line' id='line_1_38' title="bbox 385 3617 2037 3691; baseline -0.004 -13"><span class='ocrx_word' id='word_1_270' title='bbox 385 3622 648 3678; x_wconf 86' lang='lat' dir='ltr'>Suetonii</span> <span class='ocrx_word' id='word_1_271' title='bbox 703 3622 775 3676; x_wconf 89' lang='lat' dir='ltr'>de</span> <span class='ocrx_word' id='word_1_272' title='bbox 834 3620 1074 3677; x_wconf 90' lang='lat' dir='ltr'>Claudio</span> <span class='ocrx_word' id='word_1_273' title='bbox 1125 3620 1477 3691; x_wconf 89' lang='lat' dir='ltr'>imperatore</span> <span class='ocrx_word' id='word_1_274' title='bbox 1526 3619 1718 3675; x_wconf 90' lang='lat' dir='ltr'>verbis</span> <span class='ocrx_word' id='word_1_275' title='bbox 1785 3617 2037 3673; x_wconf 90' lang='lat' dir='ltr'>clarius:</span> 
     </span>
    </p>
   </div>
   <div class='ocr_carea' id='block_1_39' title="bbox 388 3708 2044 3780">
    <p class='ocr_par' dir='ltr' id='par_1_39' title="bbox 388 3708 2044 3780">
     <span class='ocr_line' id='line_1_39' title="bbox 388 3708 2044 3780; baseline -0.001 -17"><span class='ocrx_word' id='word_1_276' title='bbox 388 3735 416 3763; x_wconf 88' lang='grc'>‹‹</span> <span class='ocrx_word' id='word_1_277' title='bbox 450 3709 750 3767; x_wconf 89' lang='lat' dir='ltr'>Bestiariis</span> <span class='ocrx_word' id='word_1_278' title='bbox 800 3708 1263 3780; x_wconf 88' lang='lat' dir='ltr'>meridianisque</span> <span class='ocrx_word' id='word_1_279' title='bbox 1314 3710 1459 3764; x_wconf 90' lang='lat' dir='ltr'>adeo</span> <span class='ocrx_word' id='word_1_280' title='bbox 1512 3708 1930 3775; x_wconf 88' lang='lat' dir='ltr'>delectabatur,</span> <span class='ocrx_word' id='word_1_281' title='bbox 1977 3710 2044 3761; x_wconf 88' lang='lat' dir='ltr'>ut</span> 
     </span>
    </p>
   </div>
   <div class='ocr_carea' id='block_1_40' title="bbox 387 3798 2046 3872">
    <p class='ocr_par' dir='ltr' id='par_1_40' title="bbox 387 3798 2046 3872">
     <span class='ocr_line' id='line_1_40' title="bbox 387 3798 2046 3872; baseline -0.004 -16"><span class='ocrx_word' id='word_1_282' title='bbox 387 3802 559 3856; x_wconf 90' lang='lat' dir='ltr'>etiam</span> <span class='ocrx_word' id='word_1_283' title='bbox 594 3800 784 3872; x_wconf 91' lang='lat' dir='ltr'>prima</span> <span class='ocrx_word' id='word_1_284' title='bbox 814 3799 943 3856; x_wconf 91' lang='lat' dir='ltr'>luce</span> <span class='ocrx_word' id='word_1_285' title='bbox 973 3799 1044 3853; x_wconf 89' lang='lat' dir='ltr'>ad</span> <span class='ocrx_word' id='word_1_286' title='bbox 1079 3798 1478 3870; x_wconf 88' lang='lat' dir='ltr'>spectaculum</span> <span class='ocrx_word' id='word_1_287' title='bbox 1538 3798 1937 3865; x_wconf 89' lang='lat' dir='ltr'>descenderet,</span> <span class='ocrx_word' id='word_1_288' title='bbox 1988 3800 2046 3851; x_wconf 88' lang='lat' dir='ltr'>et</span> 
     </span>
    </p>
   </div>
   <div class='ocr_carea' id='block_1_41' title="bbox 389 3885 2035 3958">
    <p class='ocr_par' dir='ltr' id='par_1_41' title="bbox 389 3885 2035 3958">
     <span class='ocr_line' id='line_1_41' title="bbox 389 3885 2035 3958; baseline -0.003 -15"><span class='ocrx_word' id='word_1_289' title='bbox 389 3889 636 3945; x_wconf 89' lang='lat' dir='ltr'>meridie</span> <span class='ocrx_word' id='word_1_290' title='bbox 666 3889 734 3943; x_wconf 89' lang='lat' dir='ltr'>ad</span> <span class='ocrx_word' id='word_1_291' title='bbox 770 3887 1086 3958; x_wconf 90' lang='lat' dir='ltr'>prandium</span> <span class='ocrx_word' id='word_1_292' title='bbox 1119 3886 1367 3942; x_wconf 91' lang='lat' dir='ltr'>dimisso</span> <span class='ocrx_word' id='word_1_293' title='bbox 1399 3885 1633 3958; x_wconf 88' lang='lat' dir='ltr'>populo,</span> <span class='ocrx_word' id='word_1_294' title='bbox 1656 3885 1987 3957; x_wconf 89' lang='lat' dir='ltr'>persederet</span> <span class='ocrx_word' id='word_1_295' title='bbox 2013 3908 2035 3937; x_wconf 78' lang='grc' dir='ltr'><strong><em>ι</em></strong></span> 
     </span>
    </p>
   </div>
   <div class='ocr_carea' id='block_1_42' title="bbox 391 3974 2041 4049">
    <p class='ocr_par' dir='ltr' id='par_1_42' title="bbox 391 3974 2041 4049">
     <span class='ocr_line' id='line_1_42' title="bbox 391 3974 2041 4049; baseline -0.002 -16"><span class='ocrx_word' id='word_1_296' title='bbox 391 3979 648 4049; x_wconf 90' lang='lat' dir='ltr'>(Sueton.</span> <span class='ocrx_word' id='word_1_297' title='bbox 684 3974 787 4031; x_wconf 91' lang='lat' dir='ltr'>lib.</span> <span class='ocrx_word' id='word_1_298' title='bbox 820 3993 878 4045; x_wconf 91' lang='lat' dir='ltr'>v,</span> <span class='ocrx_word' id='word_1_299' title='bbox 909 3978 965 4030; x_wconf 86' lang='lat' dir='ltr'>in</span> <span class='ocrx_word' id='word_1_300' title='bbox 998 3976 1116 4031; x_wconf 85' lang='lat' dir='ltr'>Vita</span> <span class='ocrx_word' id='word_1_301' title='bbox 1165 3976 1358 4031; x_wconf 82' lang='lat' dir='ltr'>Claud.</span> <span class='ocrx_word' id='word_1_302' title='bbox 1394 3976 1563 4046; x_wconf 72' lang='lat'>§34).</span> <span class='ocrx_word' id='word_1_303' title='bbox 1613 3978 1829 4030; x_wconf 89' lang='lat' dir='ltr'>Seneca</span> <span class='ocrx_word' id='word_1_304' title='bbox 1872 3989 2041 4029; x_wconf 87' lang='lat' dir='ltr'>vero:</span> 
     </span>
    </p>
   </div>
   <div class='ocr_carea' id='block_1_43' title="bbox 399 4063 2046 4135">
    <p class='ocr_par' dir='ltr' id='par_1_43' title="bbox 399 4063 2046 4135">
     <span class='ocr_line' id='line_1_43' title="bbox 399 4063 2046 4135; baseline -0.001 -16"><span class='ocrx_word' id='word_1_305' title='bbox 399 4070 610 4121; x_wconf 71' lang='lat' dir='ltr'>«Mane</span> <span class='ocrx_word' id='word_1_306' title='bbox 640 4065 909 4120; x_wconf 89' lang='lat' dir='ltr'>leonibus</span> <span class='ocrx_word' id='word_1_307' title='bbox 944 4068 1002 4119; x_wconf 90' lang='lat' dir='ltr'>et</span> <span class='ocrx_word' id='word_1_308' title='bbox 1036 4064 1189 4119; x_wconf 91' lang='lat' dir='ltr'>ursis</span> <span class='ocrx_word' id='word_1_309' title='bbox 1220 4063 1513 4131; x_wconf 90' lang='lat' dir='ltr'>homines,</span> <span class='ocrx_word' id='word_1_310' title='bbox 1545 4064 1790 4119; x_wconf 90' lang='lat' dir='ltr'>meridie</span> <span class='ocrx_word' id='word_1_311' title='bbox 1822 4068 2046 4135; x_wconf 80' lang='lat' dir='ltr'>specta-</span> 
     </span>
    </p>
   </div>
   <div class='ocr_carea' id='block_1_44' title="bbox 395 4150 2044 4224">
    <p class='ocr_par' dir='ltr' id='par_1_44' title="bbox 395 4150 2044 4224">
     <span class='ocr_line' id='line_1_44' title="bbox 395 4150 2044 4224; baseline -0.004 -15"><span class='ocrx_word' id='word_1_312' title='bbox 395 4155 621 4210; x_wconf 88' lang='lat' dir='ltr'>toribus</span> <span class='ocrx_word' id='word_1_313' title='bbox 653 4152 777 4209; x_wconf 90' lang='lat' dir='ltr'>suis</span> <span class='ocrx_word' id='word_1_314' title='bbox 808 4152 1169 4223; x_wconf 88' lang='lat' dir='ltr'>objiciuntur</span> <span class='ocrx_word' id='word_1_315' title='bbox 1200 4175 1227 4201; x_wconf 90' lang='grc'><strong>››</strong></span> <span class='ocrx_word' id='word_1_316' title='bbox 1260 4152 1470 4224; x_wconf 86' lang='lat' dir='ltr'>(Senec.</span> <span class='ocrx_word' id='word_1_317' title='bbox 1506 4152 1677 4223; x_wconf 91' lang='lat' dir='ltr'>epist.</span> <span class='ocrx_word' id='word_1_318' title='bbox 1700 4152 1790 4218; x_wconf 87' lang='lat'>70,</span> <span class='ocrx_word' id='word_1_319' title='bbox 1815 4168 1869 4222; x_wconf 91' lang='lat' dir='ltr'>p.</span> <span class='ocrx_word' id='word_1_320' title='bbox 1896 4150 2044 4221; x_wconf 84' lang='lat'>295).</span> 
     </span>
    </p>
   </div>
   <div class='ocr_carea' id='block_1_45' title="bbox 395 4239 2045 4312">
    <p class='ocr_par' dir='ltr' id='par_1_45' title="bbox 395 4239 2045 4312">
     <span class='ocr_line' id='line_1_45' title="bbox 395 4239 2045 4312; baseline -0.004 -14"><span class='ocrx_word' id='word_1_321' title='bbox 395 4243 575 4299; x_wconf 86' lang='lat' dir='ltr'>Visne</span> <span class='ocrx_word' id='word_1_322' title='bbox 606 4247 663 4298; x_wconf 90' lang='lat' dir='ltr'>et</span> <span class='ocrx_word' id='word_1_323' title='bbox 692 4241 807 4297; x_wconf 88' lang='lat' dir='ltr'>alia</span> <span class='ocrx_word' id='word_1_324' title='bbox 837 4258 952 4296; x_wconf 90' lang='lat' dir='ltr'>non</span> <span class='ocrx_word' id='word_1_325' title='bbox 986 4240 1184 4296; x_wconf 90' lang='lat' dir='ltr'>minus</span> <span class='ocrx_word' id='word_1_326' title='bbox 1214 4241 1524 4312; x_wconf 91' lang='lat' dir='ltr'>perspicua</span> <span class='ocrx_word' id='word_1_327' title='bbox 1544 4239 1702 4296; x_wconf 89' lang='lat' dir='ltr'>illius</span> <span class='ocrx_word' id='word_1_328' title='bbox 1724 4239 1945 4296; x_wconf 82' lang='lat' dir='ltr'>verba?</span> <span class='ocrx_word' id='word_1_329' title='bbox 1961 4239 2045 4293; x_wconf 86' lang='lat' dir='ltr'>En</span> 
     </span>
    </p>
   </div>
   <div class='ocr_carea' id='block_1_46' title="bbox 399 4327 2049 4405">
    <p class='ocr_par' dir='ltr' id='par_1_46' title="bbox 399 4327 2049 4405">
     <span class='ocr_line' id='line_1_46' title="bbox 399 4327 2049 4405; baseline -0.003 -17"><span class='ocrx_word' id='word_1_330' title='bbox 399 4333 518 4388; x_wconf 67' lang='lat' dir='ltr'>haac</span> <span class='ocrx_word' id='word_1_331' title='bbox 549 4333 679 4405; x_wconf 89' lang='lat' dir='ltr'>ipsa</span> <span class='ocrx_word' id='word_1_332' title='bbox 710 4336 885 4386; x_wconf 88' lang='lat' dir='ltr'>sunt:</span> <span class='ocrx_word' id='word_1_333' title='bbox 924 4348 945 4378; x_wconf 74' lang='grc' dir='ltr'>ι</span> <span class='ocrx_word' id='word_1_334' title='bbox 979 4333 1122 4385; x_wconf 89' lang='lat' dir='ltr'>Casu</span> <span class='ocrx_word' id='word_1_335' title='bbox 1146 4330 1205 4384; x_wconf 89' lang='lat' dir='ltr'>in</span> <span class='ocrx_word' id='word_1_336' title='bbox 1228 4329 1621 4385; x_wconf 88' lang='lat' dir='ltr'>meridianum</span> <span class='ocrx_word' id='word_1_337' title='bbox 1646 4327 2049 4401; x_wconf 85' lang='lat' dir='ltr'>spectaculum</span> 
     </span>
    </p>
   </div>
   <div class='ocr_carea' id='block_1_47' title="bbox 397 4417 2050 4492">
    <p class='ocr_par' dir='ltr' id='par_1_47' title="bbox 397 4417 2050 4492">
     <span class='ocr_line' id='line_1_47' title="bbox 397 4417 2050 4492; baseline -0.002 -14"><span class='ocrx_word' id='word_1_338' title='bbox 397 4422 600 4489; x_wconf 90' lang='lat' dir='ltr'>incidi,</span> <span class='ocrx_word' id='word_1_339' title='bbox 630 4420 801 4476; x_wconf 89' lang='lat' dir='ltr'>lusus</span> <span class='ocrx_word' id='word_1_340' title='bbox 831 4423 1270 4492; x_wconf 85' lang='lat' dir='ltr'>exspectans....</span> <span class='ocrx_word' id='word_1_341' title='bbox 1306 4418 1468 4474; x_wconf 88' lang='lat' dir='ltr'>Mane</span> <span class='ocrx_word' id='word_1_342' title='bbox 1498 4417 1787 4487; x_wconf 89' lang='lat' dir='ltr'>leonibus,</span> <span class='ocrx_word' id='word_1_343' title='bbox 1820 4419 2050 4475; x_wconf 90' lang='lat' dir='ltr'>etursis</span> 
     </span>
    </p>
   </div>
   <div class='ocr_carea' id='block_1_48' title="bbox 397 4505 2047 4579">
    <p class='ocr_par' dir='ltr' id='par_1_48' title="bbox 397 4505 2047 4579">
     <span class='ocr_line' id='line_1_48' title="bbox 397 4505 2047 4579; baseline -0.001 -14"><span class='ocrx_word' id='word_1_344' title='bbox 397 4509 688 4575; x_wconf 90' lang='lat' dir='ltr'>homines,</span> <span class='ocrx_word' id='word_1_345' title='bbox 721 4507 967 4563; x_wconf 90' lang='lat' dir='ltr'>meridie</span> <span class='ocrx_word' id='word_1_346' title='bbox 1009 4506 1439 4579; x_wconf 89' lang='lat' dir='ltr'>spectatoribus</span> <span class='ocrx_word' id='word_1_347' title='bbox 1490 4505 1615 4561; x_wconf 90' lang='lat' dir='ltr'>suis</span> <span class='ocrx_word' id='word_1_348' title='bbox 1667 4505 2047 4576; x_wconf 86' lang='lat' dir='ltr'>objiciuntur.</span> 
     </span>
    </p>
   </div>
   <div class='ocr_carea' id='block_1_49' title="bbox 2116 675 3769 751">
    <p class='ocr_par' dir='ltr' id='par_1_49' title="bbox 2116 675 3769 751">
     <span class='ocr_line' id='line_1_49' title="bbox 2116 675 3769 751; baseline 0.001 -19"><span class='ocrx_word' id='word_1_349' title='bbox 2116 696 2281 745; x_wconf 87' lang='lat' dir='ltr'>nam;</span> <span class='ocrx_word' id='word_1_350' title='bbox 2331 680 2468 751; x_wconf 90' lang='lat' dir='ltr'>quia</span> <span class='ocrx_word' id='word_1_351' title='bbox 2530 678 2808 749; x_wconf 86' lang='lat' dir='ltr'>postridie</span> <span class='ocrx_word' id='word_1_352' title='bbox 2857 693 2992 731; x_wconf 91' lang='lat' dir='ltr'>cum</span> <span class='ocrx_word' id='word_1_353' title='bbox 3054 675 3185 730; x_wconf 89' lang='lat' dir='ltr'>aliis</span> <span class='ocrx_word' id='word_1_354' title='bbox 3245 675 3611 747; x_wconf 84' lang='lat' dir='ltr'>gladiatoriis</span> <span class='ocrx_word' id='word_1_355' title='bbox 3669 685 3769 734; x_wconf 86' lang='lat' dir='ltr'>aut</span> 
     </span>
    </p>
   </div>
   <div class='ocr_carea' id='block_1_50' title="bbox 2115 764 3765 837">
    <p class='ocr_par' dir='ltr' id='par_1_50' title="bbox 2115 764 3765 837">
     <span class='ocr_line' id='line_1_50' title="bbox 2115 764 3765 837; baseline 0.002 -18"><span class='ocrx_word' id='word_1_356' title='bbox 2115 765 2316 821; x_wconf 84' lang='lat' dir='ltr'>bestiis</span> <span class='ocrx_word' id='word_1_357' title='bbox 2350 766 2692 837; x_wconf 85' lang='lat' dir='ltr'>pugnaturi,</span> <span class='ocrx_word' id='word_1_358' title='bbox 2732 781 2927 820; x_wconf 88' lang='lat' dir='ltr'>necem</span> <span class='ocrx_word' id='word_1_359' title='bbox 2963 764 3178 835; x_wconf 91' lang='lat' dir='ltr'>potius,</span> <span class='ocrx_word' id='word_1_360' title='bbox 3230 782 3405 836; x_wconf 88' lang='lat' dir='ltr'>quam</span> <span class='ocrx_word' id='word_1_361' title='bbox 3462 767 3765 822; x_wconf 89' lang='lat' dir='ltr'>victoriam</span> 
     </span>
    </p>
   </div>
   <div class='ocr_carea' id='block_1_51' title="bbox 2115 853 3768 925">
    <p class='ocr_par' dir='ltr' id='par_1_51' title="bbox 2115 853 3768 925">
     <span class='ocr_line' id='line_1_51' title="bbox 2115 853 3768 925; baseline 0.001 -16"><span class='ocrx_word' id='word_1_362' title='bbox 2115 870 2349 925; x_wconf 85' lang='lat' dir='ltr'>sperare</span> <span class='ocrx_word' id='word_1_363' title='bbox 2377 856 2686 909; x_wconf 86' lang='lat' dir='ltr'>debebant.</span> <span class='ocrx_word' id='word_1_364' title='bbox 2725 855 2949 909; x_wconf 83' lang='lat' dir='ltr'>Etenim</span> <span class='ocrx_word' id='word_1_365' title='bbox 2999 856 3385 923; x_wconf 80' lang='lat' dir='ltr'>pugnantium,</span> <span class='ocrx_word' id='word_1_366' title='bbox 3422 853 3593 909; x_wconf 89' lang='lat' dir='ltr'>sicuti</span> <span class='ocrx_word' id='word_1_367' title='bbox 3646 873 3768 911; x_wconf 85' lang='lat' dir='ltr'>mo-</span> 
     </span>
    </p>
   </div>
   <div class='ocr_carea' id='block_1_52' title="bbox 2118 943 3767 1015">
    <p class='ocr_par' dir='ltr' id='par_1_52' title="bbox 2118 943 3767 1015">
     <span class='ocr_line' id='line_1_52' title="bbox 2118 943 3767 1015; baseline 0.002 -18"><span class='ocrx_word' id='word_1_368' title='bbox 2118 944 2352 1013; x_wconf 84' lang='lat' dir='ltr'>netjam</span> <span class='ocrx_word' id='word_1_369' title='bbox 2382 943 2659 999; x_wconf 91' lang='lat' dir='ltr'>laudatus</span> <span class='ocrx_word' id='word_1_370' title='bbox 2691 944 2928 1012; x_wconf 88' lang='lat' dir='ltr'>Seneca,</span> <span class='ocrx_word' id='word_1_371' title='bbox 2990 944 3171 998; x_wconf 78' lang='lat' dir='ltr'>exitus</span> <span class='ocrx_word' id='word_1_372' title='bbox 3217 959 3363 998; x_wconf 83' lang='lat' dir='ltr'>mors</span> <span class='ocrx_word' id='word_1_373' title='bbox 3413 950 3493 999; x_wconf 78' lang='lat' dir='ltr'>est</span> <span class='ocrx_word' id='word_1_374' title='bbox 3541 944 3767 1015; x_wconf 88' lang='lat' dir='ltr'>(Senec.</span> 
     </span>
    </p>
   </div>
   <div class='ocr_carea' id='block_1_53' title="bbox 2116 1032 3769 1105">
    <p class='ocr_par' dir='ltr' id='par_1_53' title="bbox 2116 1032 3769 1105">
     <span class='ocr_line' id='line_1_53' title="bbox 2116 1032 3769 1105; baseline 0 -17"><span class='ocrx_word' id='word_1_375' title='bbox 2116 1034 2287 1103; x_wconf 89' lang='lat' dir='ltr'>epist.</span> <span class='ocrx_word' id='word_1_376' title='bbox 2319 1035 2374 1102; x_wconf 91' lang='lat'>7,</span> <span class='ocrx_word' id='word_1_377' title='bbox 2409 1051 2460 1105; x_wconf 92' lang='lat' dir='ltr'>p.</span> <span class='ocrx_word' id='word_1_378' title='bbox 2498 1035 2641 1104; x_wconf 93' lang='lat'>173).</span> <span class='ocrx_word' id='word_1_379' title='bbox 2675 1034 2733 1088; x_wconf 92' lang='lat' dir='ltr'>Si</span> <span class='ocrx_word' id='word_1_380' title='bbox 2767 1034 2864 1105; x_wconf 90' lang='lat' dir='ltr'>qui</span> <span class='ocrx_word' id='word_1_381' title='bbox 2915 1032 3210 1088; x_wconf 89' lang='lat' dir='ltr'>enimvero</span> <span class='ocrx_word' id='word_1_382' title='bbox 3258 1033 3392 1088; x_wconf 88' lang='lat' dir='ltr'>inde</span> <span class='ocrx_word' id='word_1_383' title='bbox 3444 1033 3769 1089; x_wconf 89' lang='lat' dir='ltr'>incolumes</span> 
     </span>
    </p>
   </div>
   <div class='ocr_carea' id='block_1_54' title="bbox 2117 1121 3771 1193">
    <p class='ocr_par' dir='ltr' id='par_1_54' title="bbox 2117 1121 3771 1193">
     <span class='ocr_line' id='line_1_54' title="bbox 2117 1121 3771 1193; baseline 0 -17"><span class='ocrx_word' id='word_1_384' title='bbox 2117 1122 2459 1187; x_wconf 88' lang='lat' dir='ltr'>evadebant,</span> <span class='ocrx_word' id='word_1_385' title='bbox 2486 1122 2590 1176; x_wconf 90' lang='lat' dir='ltr'>hoc</span> <span class='ocrx_word' id='word_1_386' title='bbox 2618 1127 2813 1177; x_wconf 87' lang='lat' dir='ltr'>tamen</span> <span class='ocrx_word' id='word_1_387' title='bbox 2843 1138 3076 1192; x_wconf 90' lang='lat' dir='ltr'>sperare</span> <span class='ocrx_word' id='word_1_388' title='bbox 3127 1139 3241 1175; x_wconf 91' lang='lat' dir='ltr'>non</span> <span class='ocrx_word' id='word_1_389' title='bbox 3275 1121 3425 1187; x_wconf 88' lang='lat' dir='ltr'>ausi,</span> <span class='ocrx_word' id='word_1_390' title='bbox 3455 1139 3771 1193; x_wconf 81' lang='lat' dir='ltr'>supremam</span> 
     </span>
    </p>
   </div>
   <div class='ocr_carea' id='block_1_55' title="bbox 2119 1210 3768 1282">
    <p class='ocr_par' dir='ltr' id='par_1_55' title="bbox 2119 1210 3768 1282">
     <span class='ocr_line' id='line_1_55' title="bbox 2119 1210 3768 1282; baseline 0.001 -17"><span class='ocrx_word' id='word_1_391' title='bbox 2119 1226 2343 1265; x_wconf 88' lang='lat' dir='ltr'>ccenam</span> <span class='ocrx_word' id='word_1_392' title='bbox 2369 1211 2555 1282; x_wconf 90' lang='lat' dir='ltr'>pridie</span> <span class='ocrx_word' id='word_1_393' title='bbox 2580 1228 2640 1266; x_wconf 91' lang='lat' dir='ltr'>se</span> <span class='ocrx_word' id='word_1_394' title='bbox 2658 1227 2893 1282; x_wconf 89' lang='lat' dir='ltr'>carpere</span> <span class='ocrx_word' id='word_1_395' title='bbox 2917 1210 3376 1265; x_wconf 82' lang='lat' dir='ltr'>arbitrabantur.</span> <span class='ocrx_word' id='word_1_396' title='bbox 3401 1214 3486 1265; x_wconf 85' lang='lat' dir='ltr'>Ab</span> <span class='ocrx_word' id='word_1_397' title='bbox 3531 1216 3768 1266; x_wconf 89' lang='lat' dir='ltr'>auctore</span> 
     </span>
    </p>
   </div>
   <div class='ocr_carea' id='block_1_56' title="bbox 2120 1300 3768 1372">
    <p class='ocr_par' dir='ltr' id='par_1_56' title="bbox 2120 1300 3768 1372">
     <span class='ocr_line' id='line_1_56' title="bbox 2120 1300 3768 1372; baseline 0.001 -18"><span class='ocrx_word' id='word_1_398' title='bbox 2120 1317 2291 1372; x_wconf 88' lang='lat' dir='ltr'>porro</span> <span class='ocrx_word' id='word_1_399' title='bbox 2321 1302 2595 1357; x_wconf 88' lang='lat' dir='ltr'>Actorum</span> <span class='ocrx_word' id='word_1_400' title='bbox 2630 1301 2732 1357; x_wconf 88' lang='lat' dir='ltr'>SS.</span> <span class='ocrx_word' id='word_1_401' title='bbox 2784 1302 3074 1371; x_wconf 65' lang='lat' dir='ltr'>Perpetuis</span> <span class='ocrx_word' id='word_1_402' title='bbox 3126 1306 3182 1355; x_wconf 91' lang='lat' dir='ltr'>et</span> <span class='ocrx_word' id='word_1_403' title='bbox 3233 1300 3550 1357; x_wconf 74' lang='lat' dir='ltr'>Felicitatis</span> <span class='ocrx_word' id='word_1_404' title='bbox 3596 1300 3768 1355; x_wconf 87' lang='lat' dir='ltr'>disci-</span> 
     </span>
    </p>
   </div>
   <div class='ocr_carea' id='block_1_57' title="bbox 2122 1388 3769 1457">
    <p class='ocr_par' dir='ltr' id='par_1_57' title="bbox 2122 1388 3769 1457">
     <span class='ocr_line' id='line_1_57' title="bbox 2122 1388 3769 1457; baseline -0.001 -14"><span class='ocrx_word' id='word_1_405' title='bbox 2122 1406 2254 1444; x_wconf 91' lang='lat' dir='ltr'>mus</span> <span class='ocrx_word' id='word_1_406' title='bbox 2311 1388 2460 1444; x_wconf 91' lang='lat' dir='ltr'>hanc</span> <span class='ocrx_word' id='word_1_407' title='bbox 2511 1406 2735 1444; x_wconf 78' lang='lat' dir='ltr'>omnem</span> <span class='ocrx_word' id='word_1_408' title='bbox 2782 1389 3017 1444; x_wconf 88' lang='lat' dir='ltr'>liberam</span> <span class='ocrx_word' id='word_1_409' title='bbox 3062 1388 3325 1457; x_wconf 89' lang='lat' dir='ltr'>vocitari,</span> <span class='ocrx_word' id='word_1_410' title='bbox 3378 1388 3534 1444; x_wconf 92' lang='lat' dir='ltr'>haud</span> <span class='ocrx_word' id='word_1_411' title='bbox 3593 1388 3769 1443; x_wconf 87' lang='lat' dir='ltr'>dubie</span> 
     </span>
    </p>
   </div>
   <div class='ocr_carea' id='block_1_58' title="bbox 2121 1477 3769 1549">
    <p class='ocr_par' dir='ltr' id='par_1_58' title="bbox 2121 1477 3769 1549">
     <span class='ocr_line' id='line_1_58' title="bbox 2121 1477 3769 1549; baseline 0.001 -18"><span class='ocrx_word' id='word_1_412' title='bbox 2121 1478 2260 1549; x_wconf 89' lang='lat' dir='ltr'>quia</span> <span class='ocrx_word' id='word_1_413' title='bbox 2290 1477 2622 1535; x_wconf 81' lang='lat' dir='ltr'>lautissima</span> <span class='ocrx_word' id='word_1_414' title='bbox 2652 1482 2793 1545; x_wconf 91' lang='lat' dir='ltr'>erat,</span> <span class='ocrx_word' id='word_1_415' title='bbox 2820 1495 2885 1533; x_wconf 90' lang='lat' dir='ltr'>ac</span> <span class='ocrx_word' id='word_1_416' title='bbox 2901 1477 3252 1548; x_wconf 87' lang='lat' dir='ltr'>gladiatores</span> <span class='ocrx_word' id='word_1_417' title='bbox 3271 1478 3416 1533; x_wconf 93' lang='lat' dir='ltr'>cibis</span> <span class='ocrx_word' id='word_1_418' title='bbox 3442 1479 3512 1534; x_wconf 90' lang='lat' dir='ltr'>ad</span> <span class='ocrx_word' id='word_1_419' title='bbox 3534 1477 3769 1533; x_wconf 89' lang='lat' dir='ltr'>libitum</span> 
     </span>
    </p>
   </div>
   <div class='ocr_carea' id='block_1_59' title="bbox 2121 1566 3054 1639">
    <p class='ocr_par' dir='ltr' id='par_1_59' title="bbox 2121 1566 3054 1639">
     <span class='ocr_line' id='line_1_59' title="bbox 2121 1566 3054 1639; baseline -0.002 -17"><span class='ocrx_word' id='word_1_420' title='bbox 2121 1567 2406 1638; x_wconf 88' lang='lat' dir='ltr'>appositis</span> <span class='ocrx_word' id='word_1_421' title='bbox 2438 1584 2564 1623; x_wconf 89' lang='lat' dir='ltr'>sese</span> <span class='ocrx_word' id='word_1_422' title='bbox 2595 1566 3054 1639; x_wconf 86' lang='lat' dir='ltr'>ingurgitabant.</span> 
     </span>
    </p>
   </div>
   <div class='ocr_carea' id='block_1_60' title="bbox 2192 1656 3779 1730">
    <p class='ocr_par' dir='ltr' id='par_1_60' title="bbox 2192 1656 3779 1730">
     <span class='ocr_line' id='line_1_60' title="bbox 2192 1656 3779 1730; baseline 0.001 -19"><span class='ocrx_word' id='word_1_423' title='bbox 2192 1656 2509 1713; x_wconf 87' lang='lat' dir='ltr'>Christiani</span> <span class='ocrx_word' id='word_1_424' title='bbox 2542 1674 2678 1730; x_wconf 88' lang='lat' dir='ltr'>ergo</span> <span class='ocrx_word' id='word_1_425' title='bbox 2713 1656 2978 1728; x_wconf 88' lang='lat' dir='ltr'>publicas</span> <span class='ocrx_word' id='word_1_426' title='bbox 3012 1656 3144 1711; x_wconf 90' lang='lat' dir='ltr'>illas</span> <span class='ocrx_word' id='word_1_427' title='bbox 3183 1672 3377 1712; x_wconf 85' lang='lat' dir='ltr'>ccenas</span> <span class='ocrx_word' id='word_1_428' title='bbox 3434 1656 3638 1712; x_wconf 88' lang='lat' dir='ltr'>merito</span> <span class='ocrx_word' id='word_1_429' title='bbox 3688 1673 3779 1712; x_wconf 89' lang='lat' dir='ltr'>re-</span> 
     </span>
    </p>
   </div>
   <div class='ocr_carea' id='block_1_61' title="bbox 2123 1744 3774 1817">
    <p class='ocr_par' dir='ltr' id='par_1_61' title="bbox 2123 1744 3774 1817">
     <span class='ocr_line' id='line_1_61' title="bbox 2123 1744 3774 1817; baseline 0.001 -19"><span class='ocrx_word' id='word_1_430' title='bbox 2123 1746 2481 1816; x_wconf 89' lang='lat' dir='ltr'>pudiabant;</span> <span class='ocrx_word' id='word_1_431' title='bbox 2538 1751 2738 1817; x_wconf 87' lang='lat' dir='ltr'>utpote</span> <span class='ocrx_word' id='word_1_432' title='bbox 2786 1762 2911 1816; x_wconf 63' lang='lat' dir='ltr'>quis</span> <span class='ocrx_word' id='word_1_433' title='bbox 2964 1746 3019 1800; x_wconf 89' lang='lat' dir='ltr'>in</span> <span class='ocrx_word' id='word_1_434' title='bbox 3072 1744 3280 1799; x_wconf 90' lang='lat' dir='ltr'>Bacchi</span> <span class='ocrx_word' id='word_1_435' title='bbox 3332 1747 3637 1814; x_wconf 91' lang='lat' dir='ltr'>honorem,</span> <span class='ocrx_word' id='word_1_436' title='bbox 3708 1761 3774 1800; x_wconf 91' lang='lat' dir='ltr'>ac</span> 
     </span>
    </p>
   </div>
   <div class='ocr_carea' id='block_1_62' title="bbox 2122 1834 3775 1907">
    <p class='ocr_par' dir='ltr' id='par_1_62' title="bbox 2122 1834 3775 1907">
     <span class='ocr_line' id='line_1_62' title="bbox 2122 1834 3775 1907; baseline 0.001 -19"><span class='ocrx_word' id='word_1_437' title='bbox 2122 1834 2583 1907; x_wconf 88' lang='lat' dir='ltr'>intemperanter</span> <span class='ocrx_word' id='word_1_438' title='bbox 2613 1835 2926 1890; x_wconf 87' lang='lat' dir='ltr'>dabantur.</span> <span class='ocrx_word' id='word_1_439' title='bbox 2960 1834 3201 1890; x_wconf 88' lang='lat' dir='ltr'>Nullum</span> <span class='ocrx_word' id='word_1_440' title='bbox 3237 1840 3431 1890; x_wconf 90' lang='lat' dir='ltr'>tamen</span> <span class='ocrx_word' id='word_1_441' title='bbox 3490 1835 3775 1889; x_wconf 90' lang='lat' dir='ltr'>damnum</span> 
     </span>
    </p>
   </div>
   <div class='ocr_carea' id='block_1_63' title="bbox 2126 1922 3775 1996">
    <p class='ocr_par' dir='ltr' id='par_1_63' title="bbox 2126 1922 3775 1996">
     <span class='ocr_line' id='line_1_63' title="bbox 2126 1922 3775 1996; baseline 0 -17"><span class='ocrx_word' id='word_1_442' title='bbox 2126 1925 2301 1980; x_wconf 82' lang='lat' dir='ltr'>rebus</span> <span class='ocrx_word' id='word_1_443' title='bbox 2336 1924 2584 1996; x_wconf 85' lang='lat' dir='ltr'>publicis</span> <span class='ocrx_word' id='word_1_444' title='bbox 2619 1924 2753 1978; x_wconf 91' lang='lat' dir='ltr'>inde</span> <span class='ocrx_word' id='word_1_445' title='bbox 2804 1924 3135 1979; x_wconf 89' lang='lat' dir='ltr'>accedebat.</span> <span class='ocrx_word' id='word_1_446' title='bbox 3188 1922 3333 1978; x_wconf 90' lang='lat' dir='ltr'>Nam</span> <span class='ocrx_word' id='word_1_447' title='bbox 3384 1924 3484 1978; x_wconf 86' lang='lat' dir='ltr'>ubi</span> <span class='ocrx_word' id='word_1_448' title='bbox 3527 1924 3643 1992; x_wconf 87' lang='lat' dir='ltr'>ubi,</span> <span class='ocrx_word' id='word_1_449' title='bbox 3692 1924 3775 1979; x_wconf 89' lang='lat' dir='ltr'>sic</span> 
     </span>
    </p>
   </div>
   <div class='ocr_carea' id='block_1_64' title="bbox 2124 2012 3776 2087">
    <p class='ocr_par' dir='ltr' id='par_1_64' title="bbox 2124 2012 3776 2087">
     <span class='ocr_line' id='line_1_64' title="bbox 2124 2012 3776 2087; baseline 0 -19"><span class='ocrx_word' id='word_1_450' title='bbox 2124 2012 2520 2069; x_wconf 89' lang='lat' dir='ltr'>Tertullianus</span> <span class='ocrx_word' id='word_1_451' title='bbox 2581 2014 2904 2087; x_wconf 88' lang='lat' dir='ltr'>quemlibet</span> <span class='ocrx_word' id='word_1_452' title='bbox 2951 2012 3251 2067; x_wconf 89' lang='lat' dir='ltr'>ethnicum</span> <span class='ocrx_word' id='word_1_453' title='bbox 3310 2012 3645 2083; x_wconf 87' lang='lat' dir='ltr'>alloquitur,</span> <span class='ocrx_word' id='word_1_454' title='bbox 3711 2012 3776 2068; x_wconf 80' lang='lat' dir='ltr'>de</span> 
     </span>
    </p>
   </div>
   <div class='ocr_carea' id='block_1_65' title="bbox 2125 2099 3778 2174">
    <p class='ocr_par' dir='ltr' id='par_1_65' title="bbox 2125 2099 3778 2174">
     <span class='ocr_line' id='line_1_65' title="bbox 2125 2099 3778 2174; baseline -0.002 -14"><span class='ocrx_word' id='word_1_455' title='bbox 2125 2105 2298 2174; x_wconf 78' lang='lat' dir='ltr'>captis</span> <span class='ocrx_word' id='word_1_456' title='bbox 2328 2105 2438 2158; x_wconf 84' lang='lat' dir='ltr'>tuis</span> <span class='ocrx_word' id='word_1_457' title='bbox 2467 2118 2639 2173; x_wconf 61' lang='lat' dir='ltr'>easne,</span> <span class='ocrx_word' id='word_1_458' title='bbox 2676 2104 2731 2157; x_wconf 88' lang='lat' dir='ltr'>id</span> <span class='ocrx_word' id='word_1_459' title='bbox 2766 2108 2872 2171; x_wconf 87' lang='lat' dir='ltr'>est,</span> <span class='ocrx_word' id='word_1_460' title='bbox 2907 2101 3073 2169; x_wconf 92' lang='lat' dir='ltr'>cibis,</span> <span class='ocrx_word' id='word_1_461' title='bbox 3133 2119 3280 2173; x_wconf 90' lang='lat' dir='ltr'>quos</span> <span class='ocrx_word' id='word_1_462' title='bbox 3310 2119 3344 2156; x_wconf 91' lang='lat' dir='ltr'>a</span> <span class='ocrx_word' id='word_1_463' title='bbox 3374 2102 3492 2157; x_wconf 91' lang='lat' dir='ltr'>tuis</span> <span class='ocrx_word' id='word_1_464' title='bbox 3545 2099 3778 2173; x_wconf 89' lang='lat' dir='ltr'>gentili-</span> 
     </span>
    </p>
   </div>
   <div class='ocr_carea' id='block_1_66' title="bbox 2125 2190 3775 2263">
    <p class='ocr_par' dir='ltr' id='par_1_66' title="bbox 2125 2190 3775 2263">
     <span class='ocr_line' id='line_1_66' title="bbox 2125 2190 3775 2263; baseline 0.001 -17"><span class='ocrx_word' id='word_1_465' title='bbox 2125 2190 2283 2247; x_wconf 89' lang='lat' dir='ltr'>libus</span> <span class='ocrx_word' id='word_1_466' title='bbox 2348 2192 2407 2247; x_wconf 91' lang='lat' dir='ltr'>in</span> <span class='ocrx_word' id='word_1_467' title='bbox 2452 2209 2796 2263; x_wconf 85' lang='lat' dir='ltr'>quocunque</span> <span class='ocrx_word' id='word_1_468' title='bbox 2840 2190 3073 2263; x_wconf 90' lang='lat' dir='ltr'>publico</span> <span class='ocrx_word' id='word_1_469' title='bbox 3121 2191 3245 2247; x_wconf 92' lang='lat' dir='ltr'>loco</span> <span class='ocrx_word' id='word_1_470' title='bbox 3292 2191 3454 2247; x_wconf 87' lang='lat' dir='ltr'>lalsis</span> <span class='ocrx_word' id='word_1_471' title='bbox 3503 2191 3614 2247; x_wconf 91' lang='lat' dir='ltr'>diis</span> <span class='ocrx_word' id='word_1_472' title='bbox 3659 2209 3775 2247; x_wconf 92' lang='lat' dir='ltr'>non</span> 
     </span>
    </p>
   </div>
   <div class='ocr_carea' id='block_1_67' title="bbox 2129 2280 3041 2346">
    <p class='ocr_par' dir='ltr' id='par_1_67' title="bbox 2129 2280 3041 2346">
     <span class='ocr_line' id='line_1_67' title="bbox 2129 2280 3041 2346; baseline -0.002 -11"><span class='ocrx_word' id='word_1_473' title='bbox 2129 2285 2492 2346; x_wconf 89' lang='lat' dir='ltr'>consecrato,</span> <span class='ocrx_word' id='word_1_474' title='bbox 2524 2297 2716 2336; x_wconf 90' lang='lat' dir='ltr'>emere</span> <span class='ocrx_word' id='word_1_475' title='bbox 2746 2280 3041 2335; x_wconf 88' lang='lat' dir='ltr'>consuevi.</span> 
     </span>
    </p>
   </div>
   <div class='ocr_carea' id='block_1_68' title="bbox 2732 2446 3172 2485">
    <p class='ocr_par' dir='ltr' id='par_1_68' title="bbox 2732 2446 3172 2485">
     <span class='ocr_line' id='line_1_68' title="bbox 2732 2446 3172 2485; baseline 0 0"><span class='ocrx_word' id='word_1_476' title='bbox 2732 2447 3049 2485; x_wconf 78' lang='lat' dir='ltr'>ARTICULUS</span> <span class='ocrx_word' id='word_1_477' title='bbox 3088 2446 3172 2485; x_wconf 86' lang='lat' dir='ltr'>Ill.</span> 
     </span>
    </p>
   </div>
   <div class='ocr_carea' id='block_1_69' title="bbox 2132 2536 3779 2607">
    <p class='ocr_par' dir='ltr' id='par_1_69' title="bbox 2132 2536 3779 2607">
     <span class='ocr_line' id='line_1_69' title="bbox 2132 2536 3779 2607; baseline 0 -16"><span class='ocrx_word' id='word_1_478' title='bbox 2132 2538 2302 2606; x_wconf 84' lang='lat' dir='ltr'>Quam</span> <span class='ocrx_word' id='word_1_479' title='bbox 2336 2538 2539 2592; x_wconf 78' lang='lat' dir='ltr'>insulse</span> <span class='ocrx_word' id='word_1_480' title='bbox 2569 2537 2772 2592; x_wconf 78' lang='lat' dir='ltr'>ethnici</span> <span class='ocrx_word' id='word_1_481' title='bbox 2801 2537 3099 2607; x_wconf 83' lang='lat' dir='ltr'>objicerent</span> <span class='ocrx_word' id='word_1_482' title='bbox 3134 2537 3475 2591; x_wconf 82' lang='lat' dir='ltr'>Christianos</span> <span class='ocrx_word' id='word_1_483' title='bbox 3498 2536 3615 2591; x_wconf 81' lang='lat' dir='ltr'>ideo</span> <span class='ocrx_word' id='word_1_484' title='bbox 3667 2537 3779 2591; x_wconf 84' lang='lat' dir='ltr'>rei-</span> 
     </span>
    </p>
   </div>
   <div class='ocr_carea' id='block_1_70' title="bbox 2197 2609 3780 2680">
    <p class='ocr_par' dir='ltr' id='par_1_70' title="bbox 2197 2609 3780 2680">
     <span class='ocr_line' id='line_1_70' title="bbox 2197 2609 3780 2680; baseline 0 -17"><span class='ocrx_word' id='word_1_485' title='bbox 2197 2610 2436 2680; x_wconf 65' lang='lat' dir='ltr'>publica?</span> <span class='ocrx_word' id='word_1_486' title='bbox 2466 2609 2670 2663; x_wconf 72' lang='lat'>1084</span> <span class='ocrx_word' id='word_1_487' title='bbox 2698 2610 3000 2678; x_wconf 78' lang='lat' dir='ltr'>fructuosos</span> <span class='ocrx_word' id='word_1_488' title='bbox 3050 2625 3159 2663; x_wconf 83' lang='lat' dir='ltr'>non</span> <span class='ocrx_word' id='word_1_489' title='bbox 3211 2625 3344 2677; x_wconf 85' lang='lat' dir='ltr'>esse,</span> <span class='ocrx_word' id='word_1_490' title='bbox 3384 2610 3512 2678; x_wconf 86' lang='lat' dir='ltr'>quia</span> <span class='ocrx_word' id='word_1_491' title='bbox 3553 2623 3780 2663; x_wconf 86' lang='lat' dir='ltr'>coronas</span> 
     </span>
    </p>
   </div>
   <div class='ocr_carea' id='block_1_71' title="bbox 2203 2680 3778 2750">
    <p class='ocr_par' dir='ltr' id='par_1_71' title="bbox 2203 2680 3778 2750">
     <span class='ocr_line' id='line_1_71' title="bbox 2203 2680 3778 2750; baseline -0.001 -15"><span class='ocrx_word' id='word_1_492' title='bbox 2203 2698 2313 2735; x_wconf 78' lang='lat' dir='ltr'>non</span> <span class='ocrx_word' id='word_1_493' title='bbox 2369 2682 2644 2744; x_wconf 76' lang='lat' dir='ltr'>emebant,</span> <span class='ocrx_word' id='word_1_494' title='bbox 2705 2680 2773 2734; x_wconf 82' lang='lat' dir='ltr'>ad</span> <span class='ocrx_word' id='word_1_495' title='bbox 2825 2681 3129 2750; x_wconf 77' lang='lat' dir='ltr'>spectacula</span> <span class='ocrx_word' id='word_1_496' title='bbox 3186 2696 3297 2734; x_wconf 86' lang='lat' dir='ltr'>non</span> <span class='ocrx_word' id='word_1_497' title='bbox 3364 2680 3778 2743; x_wconf 81' lang='lat' dir='ltr'>conveniebant,</span> 
     </span>
    </p>
   </div>
   <div class='ocr_carea' id='block_1_72' title="bbox 2205 2752 3780 2822">
    <p class='ocr_par' dir='ltr' id='par_1_72' title="bbox 2205 2752 3780 2822">
     <span class='ocr_line' id='line_1_72' title="bbox 2205 2752 3780 2822; baseline -0.001 -15"><span class='ocrx_word' id='word_1_498' title='bbox 2205 2753 2371 2807; x_wconf 82' lang='lat' dir='ltr'>thura</span> <span class='ocrx_word' id='word_1_499' title='bbox 2399 2769 2506 2807; x_wconf 84' lang='lat' dir='ltr'>non</span> <span class='ocrx_word' id='word_1_500' title='bbox 2538 2752 2940 2819; x_wconf 84' lang='lat' dir='ltr'>mereabantur,</span> <span class='ocrx_word' id='word_1_501' title='bbox 2976 2753 3192 2806; x_wconf 84' lang='lat' dir='ltr'>tametsi</span> <span class='ocrx_word' id='word_1_502' title='bbox 3218 2753 3379 2822; x_wconf 81' lang='lat' dir='ltr'>plura</span> <span class='ocrx_word' id='word_1_503' title='bbox 3407 2766 3470 2805; x_wconf 85' lang='lat' dir='ltr'>ac</span> <span class='ocrx_word' id='word_1_504' title='bbox 3500 2753 3780 2820; x_wconf 83' lang='lat' dir='ltr'>chariora,</span> 
     </span>
    </p>
   </div>
   <div class='ocr_carea' id='block_1_73' title="bbox 2205 2824 3785 2895">
    <p class='ocr_par' dir='ltr' id='par_1_73' title="bbox 2205 2824 3785 2895">
     <span class='ocr_line' id='line_1_73' title="bbox 2205 2824 3785 2895; baseline -0.001 -17"><span class='ocrx_word' id='word_1_505' title='bbox 2205 2842 2238 2878; x_wconf 86' lang='grc' dir='ltr'><em>α</em></span> <span class='ocrx_word' id='word_1_506' title='bbox 2279 2824 2486 2881; x_wconf 60' lang='lat' dir='ltr'>Sabaeis</span> <span class='ocrx_word' id='word_1_507' title='bbox 2520 2828 2719 2895; x_wconf 87' lang='lat' dir='ltr'>empta,</span> <span class='ocrx_word' id='word_1_508' title='bbox 2752 2826 2813 2878; x_wconf 89' lang='lat' dir='ltr'>in</span> <span class='ocrx_word' id='word_1_509' title='bbox 2850 2828 3198 2879; x_wconf 87' lang='lat' dir='ltr'>mortuorum</span> <span class='ocrx_word' id='word_1_510' title='bbox 3250 2824 3586 2894; x_wconf 78' lang='lat' dir='ltr'>sepulturam</span> <span class='ocrx_word' id='word_1_511' title='bbox 3635 2824 3785 2877; x_wconf 84' lang='lat' dir='ltr'>insu-</span> 
     </span>
    </p>
   </div>
   <div class='ocr_carea' id='block_1_74' title="bbox 2205 2895 3710 2967">
    <p class='ocr_par' dir='ltr' id='par_1_74' title="bbox 2205 2895 3710 2967">
     <span class='ocr_line' id='line_1_74' title="bbox 2205 2895 3710 2967; baseline -0.002 -18"><span class='ocrx_word' id='word_1_512' title='bbox 2205 2903 2441 2963; x_wconf 81' lang='lat' dir='ltr'>merent,</span> <span class='ocrx_word' id='word_1_513' title='bbox 2476 2911 2639 2967; x_wconf 85' lang='lat' dir='ltr'>quam</span> <span class='ocrx_word' id='word_1_514' title='bbox 2667 2896 2899 2966; x_wconf 78' lang='lat' dir='ltr'>gentiles</span> <span class='ocrx_word' id='word_1_515' title='bbox 2928 2895 2996 2950; x_wconf 75' lang='lat' dir='ltr'>(ul</span> <span class='ocrx_word' id='word_1_516' title='bbox 3025 2895 3149 2950; x_wconf 81' lang='lat' dir='ltr'>deos</span> <span class='ocrx_word' id='word_1_517' title='bbox 3176 2911 3298 2950; x_wconf 85' lang='lat' dir='ltr'>suos</span> <span class='ocrx_word' id='word_1_518' title='bbox 3326 2895 3710 2967; x_wconf 81' lang='lat' dir='ltr'>fumigandos.</span> 
     </span>
    </p>
   </div>
   <div class='ocr_carea' id='block_1_75' title="bbox 2207 3027 3792 3100">
    <p class='ocr_par' dir='ltr' id='par_1_75' title="bbox 2207 3027 3792 3100">
     <span class='ocr_line' id='line_1_75' title="bbox 2207 3027 3792 3100; baseline -0.001 -16"><span class='ocrx_word' id='word_1_519' title='bbox 2207 3029 2501 3099; x_wconf 88' lang='lat' dir='ltr'>Frequens</span> <span class='ocrx_word' id='word_1_520' title='bbox 2532 3028 2732 3100; x_wconf 89' lang='lat' dir='ltr'>procul</span> <span class='ocrx_word' id='word_1_521' title='bbox 2762 3028 2940 3083; x_wconf 91' lang='lat' dir='ltr'>dubio</span> <span class='ocrx_word' id='word_1_522' title='bbox 2981 3032 3103 3083; x_wconf 90' lang='lat' dir='ltr'>erat</span> <span class='ocrx_word' id='word_1_523' title='bbox 3130 3027 3474 3083; x_wconf 86' lang='lat' dir='ltr'>Tertulliani</span> <span class='ocrx_word' id='word_1_524' title='bbox 3527 3032 3792 3099; x_wconf 85' lang='lat' dir='ltr'>tempore</span> 
     </span>
    </p>
   </div>
   <div class='ocr_carea' id='block_1_76' title="bbox 2138 3115 3795 3189">
    <p class='ocr_par' dir='ltr' id='par_1_76' title="bbox 2138 3115 3795 3189">
     <span class='ocr_line' id='line_1_76' title="bbox 2138 3115 3795 3189; baseline -0.001 -16"><span class='ocrx_word' id='word_1_525' title='bbox 2138 3134 2483 3174; x_wconf 89' lang='lat' dir='ltr'>coronarum</span> <span class='ocrx_word' id='word_1_526' title='bbox 2520 3134 2699 3173; x_wconf 90' lang='lat' dir='ltr'>usus:</span> <span class='ocrx_word' id='word_1_527' title='bbox 2735 3117 3211 3189; x_wconf 90' lang='lat' dir='ltr'>quandoquidem</span> <span class='ocrx_word' id='word_1_528' title='bbox 3245 3115 3464 3172; x_wconf 90' lang='lat' dir='ltr'>ethnici</span> <span class='ocrx_word' id='word_1_529' title='bbox 3498 3118 3568 3172; x_wconf 91' lang='lat' dir='ltr'>de</span> <span class='ocrx_word' id='word_1_530' title='bbox 3630 3115 3729 3171; x_wconf 92' lang='lat' dir='ltr'>illo</span> <span class='ocrx_word' id='word_1_531' title='bbox 3762 3133 3795 3171; x_wconf 89' lang='lat' dir='ltr'>a</span> 
     </span>
    </p>
   </div>
   <div class='ocr_carea' id='block_1_77' title="bbox 2140 3204 3793 3277">
    <p class='ocr_par' dir='ltr' id='par_1_77' title="bbox 2140 3204 3793 3277">
     <span class='ocr_line' id='line_1_77' title="bbox 2140 3204 3793 3277; baseline -0.001 -14"><span class='ocrx_word' id='word_1_532' title='bbox 2140 3207 2487 3263; x_wconf 87' lang='lat' dir='ltr'>Christianis</span> <span class='ocrx_word' id='word_1_533' title='bbox 2535 3208 2767 3277; x_wconf 85' lang='lat' dir='ltr'>rejecto,</span> <span class='ocrx_word' id='word_1_534' title='bbox 2833 3212 3113 3277; x_wconf 86' lang='lat' dir='ltr'>tanquam</span> <span class='ocrx_word' id='word_1_535' title='bbox 3186 3222 3400 3276; x_wconf 88' lang='lat' dir='ltr'>magno</span> <span class='ocrx_word' id='word_1_536' title='bbox 3460 3204 3793 3277; x_wconf 63' lang='lat' dir='ltr'>reipublicea</span> 
     </span>
    </p>
   </div>
   <div class='ocr_carea' id='block_1_78' title="bbox 2147 3293 3798 3367">
    <p class='ocr_par' dir='ltr' id='par_1_78' title="bbox 2147 3293 3798 3367">
     <span class='ocr_line' id='line_1_78' title="bbox 2147 3293 3798 3367; baseline -0.001 -15"><span class='ocrx_word' id='word_1_537' title='bbox 2147 3298 2383 3365; x_wconf 89' lang='lat' dir='ltr'>damno,</span> <span class='ocrx_word' id='word_1_538' title='bbox 2418 3294 2842 3367; x_wconf 87' lang='lat' dir='ltr'>querimoniam</span> <span class='ocrx_word' id='word_1_539' title='bbox 2902 3293 3263 3365; x_wconf 85' lang='lat' dir='ltr'>singularem</span> <span class='ocrx_word' id='word_1_540' title='bbox 3316 3295 3628 3350; x_wconf 83' lang='lat' dir='ltr'>habebant.</span> <span class='ocrx_word' id='word_1_541' title='bbox 3683 3299 3798 3351; x_wconf 90' lang='lat' dir='ltr'>Ve-</span> 
     </span>
    </p>
   </div>
   <div class='ocr_carea' id='block_1_79' title="bbox 2148 3383 3798 3454">
    <p class='ocr_par' dir='ltr' id='par_1_79' title="bbox 2148 3383 3798 3454">
     <span class='ocr_line' id='line_1_79' title="bbox 2148 3383 3798 3454; baseline 0 -13"><span class='ocrx_word' id='word_1_542' title='bbox 2148 3402 2279 3441; x_wconf 89' lang='lat' dir='ltr'>rum</span> <span class='ocrx_word' id='word_1_543' title='bbox 2313 3384 2552 3440; x_wconf 89' lang='lat' dir='ltr'>cuilibet</span> <span class='ocrx_word' id='word_1_544' title='bbox 2582 3384 2814 3440; x_wconf 87' lang='lat' dir='ltr'>ethnico</span> <span class='ocrx_word' id='word_1_545' title='bbox 2841 3383 2923 3439; x_wconf 89' lang='lat' dir='ltr'>sic</span> <span class='ocrx_word' id='word_1_546' title='bbox 2955 3383 3050 3440; x_wconf 90' lang='lat' dir='ltr'>ille</span> <span class='ocrx_word' id='word_1_547' title='bbox 3109 3384 3420 3454; x_wconf 90' lang='lat' dir='ltr'>respondet</span> <span class='ocrx_word' id='word_1_548' title='bbox 3447 3400 3459 3438; x_wconf 92' lang='lat'>:</span> <span class='ocrx_word' id='word_1_549' title='bbox 3512 3385 3627 3439; x_wconf 85' lang='lat' dir='ltr'>Non</span> <span class='ocrx_word' id='word_1_550' title='bbox 3676 3400 3798 3442; x_wconf 91' lang='lat' dir='ltr'>emo</span> 
     </span>
    </p>
   </div>
   <div class='ocr_carea' id='block_1_80' title="bbox 2147 3473 3797 3545">
    <p class='ocr_par' dir='ltr' id='par_1_80' title="bbox 2147 3473 3797 3545">
     <span class='ocr_line' id='line_1_80' title="bbox 2147 3473 3797 3545; baseline -0.001 -15"><span class='ocrx_word' id='word_1_551' title='bbox 2147 3475 2634 3545; x_wconf 83' lang='lat' dir='ltr'>capiticoronam;</span> <span class='ocrx_word' id='word_1_552' title='bbox 2687 3473 2786 3527; x_wconf 89' lang='lat' dir='ltr'>sed</span> <span class='ocrx_word' id='word_1_553' title='bbox 2840 3473 2975 3543; x_wconf 84' lang='lat' dir='ltr'>quid</span> <span class='ocrx_word' id='word_1_554' title='bbox 3023 3481 3118 3526; x_wconf 86' lang='lat' dir='ltr'>tua</span> <span class='ocrx_word' id='word_1_555' title='bbox 3169 3473 3440 3526; x_wconf 79' lang='lat' dir='ltr'>interest?</span> <span class='ocrx_word' id='word_1_556' title='bbox 3489 3473 3797 3538; x_wconf 87' lang='lat' dir='ltr'>Quodnam</span> 
     </span>
    </p>
   </div>
   <div class='ocr_carea' id='block_1_81' title="bbox 2150 3559 3800 3631">
    <p class='ocr_par' dir='ltr' id='par_1_81' title="bbox 2150 3559 3800 3631">
     <span class='ocr_line' id='line_1_81' title="bbox 2150 3559 3800 3631; baseline -0.001 -13"><span class='ocrx_word' id='word_1_557' title='bbox 2150 3563 2305 3618; x_wconf 88' lang='lat' dir='ltr'>enim</span> <span class='ocrx_word' id='word_1_558' title='bbox 2352 3562 2485 3617; x_wconf 89' lang='lat' dir='ltr'>inde</span> <span class='ocrx_word' id='word_1_559' title='bbox 2517 3562 2691 3616; x_wconf 90' lang='lat' dir='ltr'>rebus</span> <span class='ocrx_word' id='word_1_560' title='bbox 2740 3559 2995 3631; x_wconf 90' lang='lat' dir='ltr'>publicis</span> <span class='ocrx_word' id='word_1_561' title='bbox 3046 3559 3514 3615; x_wconf 83' lang='lat' dir='ltr'>detrimentum?</span> <span class='ocrx_word' id='word_1_562' title='bbox 3558 3560 3800 3616; x_wconf 90' lang='lat' dir='ltr'>Nullum</span> 
     </span>
    </p>
   </div>
   <div class='ocr_carea' id='block_1_82' title="bbox 2150 3648 3802 3723">
    <p class='ocr_par' dir='ltr' id='par_1_82' title="bbox 2150 3648 3802 3723">
     <span class='ocr_line' id='line_1_82' title="bbox 2150 3648 3802 3723; baseline -0.001 -18"><span class='ocrx_word' id='word_1_563' title='bbox 2150 3651 2339 3723; x_wconf 89' lang='lat' dir='ltr'>plane.</span> <span class='ocrx_word' id='word_1_564' title='bbox 2374 3650 2596 3721; x_wconf 89' lang='lat' dir='ltr'>Emptis</span> <span class='ocrx_word' id='word_1_565' title='bbox 2636 3649 2927 3720; x_wconf 89' lang='lat' dir='ltr'>siquidem</span> <span class='ocrx_word' id='word_1_566' title='bbox 2961 3648 3204 3703; x_wconf 89' lang='lat' dir='ltr'>ﬂoribus</span> <span class='ocrx_word' id='word_1_567' title='bbox 3235 3654 3386 3716; x_wconf 91' lang='lat' dir='ltr'>utor,</span> <span class='ocrx_word' id='word_1_568' title='bbox 3434 3649 3628 3720; x_wconf 90' lang='lat' dir='ltr'>inquit</span> <span class='ocrx_word' id='word_1_569' title='bbox 3680 3649 3802 3715; x_wconf 90' lang='lat' dir='ltr'>ille,</span> 
     </span>
    </p>
   </div>
   <div class='ocr_carea' id='block_1_83' title="bbox 2153 3739 3801 3812">
    <p class='ocr_par' dir='ltr' id='par_1_83' title="bbox 2153 3739 3801 3812">
     <span class='ocr_line' id='line_1_83' title="bbox 2153 3739 3801 3812; baseline -0.002 -14"><span class='ocrx_word' id='word_1_570' title='bbox 2153 3743 2251 3798; x_wconf 85' lang='lat' dir='ltr'>sed</span> <span class='ocrx_word' id='word_1_571' title='bbox 2285 3741 2377 3807; x_wconf 92' lang='lat' dir='ltr'>iis,</span> <span class='ocrx_word' id='word_1_572' title='bbox 2413 3744 2477 3795; x_wconf 91' lang='lat' dir='ltr'>ut</span> <span class='ocrx_word' id='word_1_573' title='bbox 2502 3742 2651 3812; x_wconf 88' lang='lat' dir='ltr'>pulo,</span> <span class='ocrx_word' id='word_1_574' title='bbox 2685 3740 2906 3808; x_wconf 83' lang='lat' dir='ltr'>gratius</span> <span class='ocrx_word' id='word_1_575' title='bbox 2937 3739 3127 3793; x_wconf 87' lang='lat' dir='ltr'>liberis</span> <span class='ocrx_word' id='word_1_576' title='bbox 3156 3741 3206 3793; x_wconf 83' lang='lat' dir='ltr'>et</span> <span class='ocrx_word' id='word_1_577' title='bbox 3226 3740 3444 3805; x_wconf 76' lang='lat' dir='ltr'>solutis,</span> <span class='ocrx_word' id='word_1_578' title='bbox 3477 3743 3531 3795; x_wconf 79' lang='lat' dir='ltr'>et</span> <span class='ocrx_word' id='word_1_579' title='bbox 3553 3740 3801 3810; x_wconf 83' lang='lat' dir='ltr'>undique</span> 
     </span>
    </p>
   </div>
   <div class='ocr_carea' id='block_1_84' title="bbox 2151 3829 3807 3902">
    <p class='ocr_par' dir='ltr' id='par_1_84' title="bbox 2151 3829 3807 3902">
     <span class='ocr_line' id='line_1_84' title="bbox 2151 3829 3807 3902; baseline -0.002 -15"><span class='ocrx_word' id='word_1_580' title='bbox 2151 3832 2308 3902; x_wconf 83' lang='lat' dir='ltr'>vagis</span> <span class='ocrx_word' id='word_1_581' title='bbox 2336 3829 2598 3902; x_wconf 89' lang='lat' dir='ltr'>(Tertull.</span> <span class='ocrx_word' id='word_1_582' title='bbox 2626 3830 2929 3901; x_wconf 84' lang='lat' dir='ltr'>Apologet.,</span> <span class='ocrx_word' id='word_1_583' title='bbox 2979 3845 3029 3883; x_wconf 93' lang='lat' dir='ltr'>c.</span> <span class='ocrx_word' id='word_1_584' title='bbox 3062 3830 3150 3898; x_wconf 81' lang='grc'>42,</span> <span class='ocrx_word' id='word_1_585' title='bbox 3186 3845 3239 3899; x_wconf 85' lang='grc' dir='ltr'>ρ.</span> <span class='ocrx_word' id='word_1_586' title='bbox 3290 3829 3437 3897; x_wconf 75' lang='grc'>493),</span> <span class='ocrx_word' id='word_1_587' title='bbox 3489 3844 3595 3883; x_wconf 86' lang='lat' dir='ltr'>nec</span> <span class='ocrx_word' id='word_1_588' title='bbox 3642 3844 3807 3883; x_wconf 90' lang='lat' dir='ltr'>com-</span> 
     </span>
    </p>
   </div>
   <div class='ocr_carea' id='block_1_85' title="bbox 2153 3916 3812 3992">
    <p class='ocr_par' dir='ltr' id='par_1_85' title="bbox 2153 3916 3812 3992">
     <span class='ocr_line' id='line_1_85' title="bbox 2153 3916 3812 3992; baseline -0.003 -16"><span class='ocrx_word' id='word_1_589' title='bbox 2153 3922 2338 3992; x_wconf 88' lang='lat' dir='ltr'>pactis</span> <span class='ocrx_word' id='word_1_590' title='bbox 2370 3920 2430 3975; x_wconf 91' lang='lat' dir='ltr'>in</span> <span class='ocrx_word' id='word_1_591' title='bbox 2462 3936 2758 3975; x_wconf 85' lang='lat' dir='ltr'>coronam.</span> <span class='ocrx_word' id='word_1_592' title='bbox 2784 3918 2994 3976; x_wconf 89' lang='lat' dir='ltr'>Nullus</span> <span class='ocrx_word' id='word_1_593' title='bbox 3016 3919 3230 3989; x_wconf 90' lang='lat' dir='ltr'>quippe</span> <span class='ocrx_word' id='word_1_594' title='bbox 3251 3916 3497 3987; x_wconf 90' lang='lat' dir='ltr'>capillis,</span> <span class='ocrx_word' id='word_1_595' title='bbox 3524 3918 3626 3971; x_wconf 90' lang='lat' dir='ltr'>sed</span> <span class='ocrx_word' id='word_1_596' title='bbox 3649 3917 3812 3971; x_wconf 85' lang='lat' dir='ltr'>nari-</span> 
     </span>
    </p>
   </div>
   <div class='ocr_carea' id='block_1_86' title="bbox 2155 4004 3803 4078">
    <p class='ocr_par' dir='ltr' id='par_1_86' title="bbox 2155 4004 3803 4078">
     <span class='ocr_line' id='line_1_86' title="bbox 2155 4004 3803 4078; baseline -0.002 -13"><span class='ocrx_word' id='word_1_597' title='bbox 2155 4012 2265 4066; x_wconf 90' lang='lat' dir='ltr'>bus</span> <span class='ocrx_word' id='word_1_598' title='bbox 2296 4013 2525 4065; x_wconf 89' lang='lat' dir='ltr'>tantum</span> <span class='ocrx_word' id='word_1_599' title='bbox 2558 4009 2700 4065; x_wconf 89' lang='lat' dir='ltr'>odor</span> <span class='ocrx_word' id='word_1_600' title='bbox 2729 4008 2938 4063; x_wconf 88' lang='lat' dir='ltr'>ﬂorum</span> <span class='ocrx_word' id='word_1_601' title='bbox 2971 4006 3308 4078; x_wconf 89' lang='lat' dir='ltr'>percipitur.</span> <span class='ocrx_word' id='word_1_602' title='bbox 3342 4004 3458 4060; x_wconf 92' lang='lat' dir='ltr'>Nos</span> <span class='ocrx_word' id='word_1_603' title='bbox 3497 4019 3629 4060; x_wconf 91' lang='lat' dir='ltr'>vero</span> <span class='ocrx_word' id='word_1_604' title='bbox 3682 4006 3803 4061; x_wconf 70' lang='lat' dir='ltr'>haec</span> 
     </span>
    </p>
   </div>
   <div class='ocr_carea' id='block_1_87' title="bbox 2154 4093 3805 4170">
    <p class='ocr_par' dir='ltr' id='par_1_87' title="bbox 2154 4093 3805 4170">
     <span class='ocr_line' id='line_1_87' title="bbox 2154 4093 3805 4170; baseline -0.002 -16"><span class='ocrx_word' id='word_1_605' title='bbox 2154 4099 2346 4154; x_wconf 85' lang='lat' dir='ltr'>fusius</span> <span class='ocrx_word' id='word_1_606' title='bbox 2376 4098 2673 4170; x_wconf 89' lang='lat' dir='ltr'>prosecuti</span> <span class='ocrx_word' id='word_1_607' title='bbox 2706 4114 2914 4153; x_wconf 91' lang='lat' dir='ltr'>sumus</span> <span class='ocrx_word' id='word_1_608' title='bbox 2946 4097 3005 4150; x_wconf 91' lang='lat' dir='ltr'>in</span> <span class='ocrx_word' id='word_1_609' title='bbox 3051 4095 3167 4151; x_wconf 87' lang='lat' dir='ltr'>alia</span> <span class='ocrx_word' id='word_1_610' title='bbox 3214 4093 3650 4163; x_wconf 88' lang='lat' dir='ltr'>dissertatione,</span> <span class='ocrx_word' id='word_1_611' title='bbox 3704 4095 3805 4150; x_wconf 94' lang='lat' dir='ltr'>ubi</span> 
     </span>
    </p>
   </div>
   <div class='ocr_carea' id='block_1_88' title="bbox 2157 4182 3803 4260">
    <p class='ocr_par' dir='ltr' id='par_1_88' title="bbox 2157 4182 3803 4260">
     <span class='ocr_line' id='line_1_88' title="bbox 2157 4182 3803 4260; baseline -0.002 -17"><span class='ocrx_word' id='word_1_612' title='bbox 2157 4192 2433 4260; x_wconf 71' lang='lat' dir='ltr'>prmterea</span> <span class='ocrx_word' id='word_1_613' title='bbox 2461 4186 2826 4242; x_wconf 91' lang='lat' dir='ltr'>ostendimus</span> <span class='ocrx_word' id='word_1_614' title='bbox 2858 4185 2987 4240; x_wconf 88' lang='lat' dir='ltr'>ideo</span> <span class='ocrx_word' id='word_1_615' title='bbox 3020 4182 3426 4254; x_wconf 88' lang='lat' dir='ltr'>hujuscemodi</span> <span class='ocrx_word' id='word_1_616' title='bbox 3448 4199 3803 4239; x_wconf 87' lang='lat' dir='ltr'>coronarum</span> 
     </span>
    </p>
   </div>
   <div class='ocr_carea' id='block_1_89' title="bbox 2158 4270 3804 4344">
    <p class='ocr_par' dir='ltr' id='par_1_89' title="bbox 2158 4270 3804 4344">
     <span class='ocr_line' id='line_1_89' title="bbox 2158 4270 3804 4344; baseline -0.002 -12"><span class='ocrx_word' id='word_1_617' title='bbox 2158 4293 2334 4332; x_wconf 90' lang='lat' dir='ltr'>usum</span> <span class='ocrx_word' id='word_1_618' title='bbox 2366 4293 2399 4331; x_wconf 91' lang='lat' dir='ltr'>a</span> <span class='ocrx_word' id='word_1_619' title='bbox 2427 4275 2774 4330; x_wconf 87' lang='lat' dir='ltr'>Christianis</span> <span class='ocrx_word' id='word_1_620' title='bbox 2807 4276 3111 4344; x_wconf 81' lang='lat' dir='ltr'>rejectum,</span> <span class='ocrx_word' id='word_1_621' title='bbox 3147 4273 3284 4342; x_wconf 85' lang='lat' dir='ltr'>quia</span> <span class='ocrx_word' id='word_1_622' title='bbox 3315 4289 3483 4327; x_wconf 91' lang='lat' dir='ltr'>suam</span> <span class='ocrx_word' id='word_1_623' title='bbox 3512 4272 3585 4327; x_wconf 90' lang='lat' dir='ltr'>ab</span> <span class='ocrx_word' id='word_1_624' title='bbox 3616 4270 3804 4328; x_wconf 88' lang='lat' dir='ltr'>idolo-</span> 
     </span>
    </p>
   </div>
   <div class='ocr_carea' id='block_1_90' title="bbox 2157 4361 3805 4435">
    <p class='ocr_par' dir='ltr' id='par_1_90' title="bbox 2157 4361 3805 4435">
     <span class='ocr_line' id='line_1_90' title="bbox 2157 4361 3805 4435; baseline -0.003 -14"><span class='ocrx_word' id='word_1_625' title='bbox 2157 4364 2330 4421; x_wconf 87' lang='lat' dir='ltr'>latria</span> <span class='ocrx_word' id='word_1_626' title='bbox 2359 4368 2612 4419; x_wconf 87' lang='lat' dir='ltr'>traxerat</span> <span class='ocrx_word' id='word_1_627' title='bbox 2642 4364 2927 4435; x_wconf 88' lang='lat' dir='ltr'>originem</span> <span class='ocrx_word' id='word_1_628' title='bbox 2969 4363 3292 4433; x_wconf 80' lang='lat' dir='ltr'>(Dissertat.</span> <span class='ocrx_word' id='word_1_629' title='bbox 3336 4362 3396 4416; x_wconf 84' lang='lat' dir='ltr'>in</span> <span class='ocrx_word' id='word_1_630' title='bbox 3438 4361 3640 4415; x_wconf 83' lang='lat' dir='ltr'>Minue.</span> <span class='ocrx_word' id='word_1_631' title='bbox 3673 4376 3805 4432; x_wconf 91' lang='lat' dir='ltr'>cap.</span> 
     </span>
    </p>
   </div>
   <div class='ocr_carea' id='block_1_91' title="bbox 2162 4454 2505 4527">
    <p class='ocr_par' dir='ltr' id='par_1_91' title="bbox 2162 4454 2505 4527">
     <span class='ocr_line' id='line_1_91' title="bbox 2162 4454 2505 4527; baseline -0.012 -16"><span class='ocrx_word' id='word_1_632' title='bbox 2162 4456 2249 4521; x_wconf 86' lang='lat'>13,</span> <span class='ocrx_word' id='word_1_633' title='bbox 2280 4458 2389 4509; x_wconf 92' lang='lat' dir='ltr'>art.</span> <span class='ocrx_word' id='word_1_634' title='bbox 2423 4454 2505 4527; x_wconf 93' lang='lat'>3).</span> 
     </span>
    </p>
   </div>
   <div class='ocr_carea' id='block_1_92' title="bbox 2231 4539 3802 4617">
    <p class='ocr_par' dir='ltr' id='par_1_92' title="bbox 2231 4539 3802 4617">
     <span class='ocr_line' id='line_1_92' title="bbox 2231 4539 3802 4617; baseline -0.004 -16"><span class='ocrx_word' id='word_1_635' title='bbox 2231 4544 2523 4617; x_wconf 87' lang='lat' dir='ltr'>Urgebant</span> <span class='ocrx_word' id='word_1_636' title='bbox 2552 4542 2768 4599; x_wconf 82' lang='lat' dir='ltr'>ethnici</span> <span class='ocrx_word' id='word_1_637' title='bbox 2800 4540 3166 4597; x_wconf 80' lang='lat' dir='ltr'>Christianos</span> <span class='ocrx_word' id='word_1_638' title='bbox 3200 4556 3413 4613; x_wconf 88' lang='lat' dir='ltr'>magno</span> <span class='ocrx_word' id='word_1_639' title='bbox 3466 4539 3802 4611; x_wconf 72' lang='lat' dir='ltr'>reipublicaa</span> 
     </span>
    </p>
   </div>
   <div class='ocr_carea' id='block_1_93' title="bbox 400 4595 3807 4706">
    <p class='ocr_par' dir='ltr' id='par_1_93' title="bbox 400 4595 3807 4706">
     <span class='ocr_line' id='line_1_93' title="bbox 400 4595 3807 4706; baseline -0.004 -7"><span class='ocrx_word' id='word_1_640' title='bbox 400 4601 613 4706; x_wconf 29' lang='lat' dir='ltr'>15m???</span> <span class='ocrx_word' id='word_1_641' title='bbox 618 4605 847 4706; x_wconf 30' lang='lat' dir='ltr'>ei???</span> <span class='ocrx_word' id='word_1_642' title='bbox 873 4596 1418 4706; x_wconf 40' lang='lat' dir='ltr'>afﬁff‘t‘i’li‘i‘f‘ffs</span> <span class='ocrx_word' id='word_1_643' title='bbox 1435 4595 1775 4706; x_wconf 36' lang='lat'>3313??“</span> <span class='ocrx_word' id='word_1_644' title='bbox 1795 4596 1923 4706; x_wconf 54' lang='lat' dir='ltr'>&quot;(3P</span> <span class='ocrx_word' id='word_1_645' title='bbox 1921 4595 2050 4706; x_wconf 47' lang='grc' dir='ltr'>’1ίῆξῖ</span> <span class='ocrx_word' id='word_1_646' title='bbox 2079 4614 2126 4681; x_wconf 82' lang='lat' dir='ltr'><strong>D</strong></span> <span class='ocrx_word' id='word_1_647' title='bbox 2160 4595 2983 4706; x_wconf 35' lang='lat' dir='ltr'>madcapub&#39;li—cisspeotaculis</span> <span class='ocrx_word' id='word_1_648' title='bbox 3017 4595 3129 4687; x_wconf 83' lang='lat' dir='ltr'>non</span> <span class='ocrx_word' id='word_1_649' title='bbox 3149 4595 3513 4686; x_wconf 18' lang='lat' dir='ltr'>winterluisse</span> <span class='ocrx_word' id='word_1_650' title='bbox 3542 4595 3807 4700; x_wconf 61' lang='lat' dir='ltr'>(Tertull.</span> 
     </span>
    </p>
   </div>
   <div class='ocr_carea' id='block_1_94' title="bbox 400 4684 2051 4757">
    <p class='ocr_par' dir='ltr' id='par_1_94' title="bbox 400 4684 2051 4757">
     <span class='ocr_line' id='line_1_94' title="bbox 400 4684 2051 4757; baseline -0.003 -12"><span class='ocrx_word' id='word_1_651' title='bbox 400 4694 458 4745; x_wconf 91' lang='lat' dir='ltr'>et</span> <span class='ocrx_word' id='word_1_652' title='bbox 487 4689 764 4744; x_wconf 89' lang='lat' dir='ltr'>victorem</span> <span class='ocrx_word' id='word_1_653' title='bbox 795 4685 855 4741; x_wconf 88' lang='lat' dir='ltr'>in</span> <span class='ocrx_word' id='word_1_654' title='bbox 889 4685 1064 4741; x_wconf 91' lang='lat' dir='ltr'>aliam</span> <span class='ocrx_word' id='word_1_655' title='bbox 1122 4684 1387 4741; x_wconf 88' lang='lat' dir='ltr'>detinent</span> <span class='ocrx_word' id='word_1_656' title='bbox 1435 4688 1682 4740; x_wconf 89' lang='lat' dir='ltr'>mortem</span> <span class='ocrx_word' id='word_1_657' title='bbox 1718 4706 1745 4734; x_wconf 85' lang='lat'>»</span> <span class='ocrx_word' id='word_1_658' title='bbox 1793 4684 1937 4757; x_wconf 84' lang='lat' dir='ltr'>(Lib.</span> <span class='ocrx_word' id='word_1_659' title='bbox 1988 4701 2051 4740; x_wconf 80' lang='grc' dir='ltr'><strong>ιιι</strong></span> 
     </span>
    </p>
   </div>
   <div class='ocr_carea' id='block_1_95' title="bbox 404 4773 1827 4848">
    <p class='ocr_par' dir='ltr' id='par_1_95' title="bbox 404 4773 1827 4848">
     <span class='ocr_line' id='line_1_95' title="bbox 404 4773 1827 4848; baseline -0.009 -12"><span class='ocrx_word' id='word_1_660' title='bbox 404 4780 477 4836; x_wconf 83' lang='lat' dir='ltr'>de</span> <span class='ocrx_word' id='word_1_661' title='bbox 502 4780 619 4848; x_wconf 85' lang='lat' dir='ltr'>Ira,</span> <span class='ocrx_word' id='word_1_662' title='bbox 653 4794 778 4847; x_wconf 89' lang='lat' dir='ltr'>cap.</span> <span class='ocrx_word' id='word_1_663' title='bbox 820 4775 911 4844; x_wconf 86' lang='grc'>43,</span> <span class='ocrx_word' id='word_1_664' title='bbox 948 4791 1078 4847; x_wconf 88' lang='lat' dir='ltr'>pag.</span> <span class='ocrx_word' id='word_1_665' title='bbox 1109 4775 1264 4843; x_wconf 87' lang='lat'>583).</span> <span class='ocrx_word' id='word_1_666' title='bbox 1299 4775 1525 4830; x_wconf 89' lang='lat' dir='ltr'>Rursus</span> <span class='ocrx_word' id='word_1_667' title='bbox 1576 4773 1748 4830; x_wconf 88' lang='lat' dir='ltr'>alibi:</span> <span class='ocrx_word' id='word_1_668' title='bbox 1806 4797 1827 4823; x_wconf 77' lang='grc' dir='ltr'>(ι</span> 
     </span>
    </p>
   </div>
   <div class='ocr_carea' id='block_1_96' title="bbox 405 4862 2053 4923">
    <p class='ocr_par' dir='ltr' id='par_1_96' title="bbox 405 4862 2053 4923">
     <span class='ocr_line' id='line_1_96' title="bbox 405 4862 2053 4923; baseline -0.004 0"><span class='ocrx_word' id='word_1_669' title='bbox 405 4869 467 4923; x_wconf 92' lang='lat' dir='ltr'>in</span> <span class='ocrx_word' id='word_1_670' title='bbox 525 4868 663 4922; x_wconf 92' lang='lat' dir='ltr'>ludo</span> <span class='ocrx_word' id='word_1_671' title='bbox 714 4865 1126 4921; x_wconf 89' lang='lat' dir='ltr'>bestiariorum</span> <span class='ocrx_word' id='word_1_672' title='bbox 1177 4882 1332 4920; x_wconf 88' lang='lat' dir='ltr'>unus</span> <span class='ocrx_word' id='word_1_673' title='bbox 1363 4880 1393 4919; x_wconf 81' lang='grc' dir='ltr'><strong>θ</strong></span> <span class='ocrx_word' id='word_1_674' title='bbox 1423 4863 1730 4919; x_wconf 88' lang='lat' dir='ltr'>Germanis</span> <span class='ocrx_word' id='word_1_675' title='bbox 1780 4880 1915 4918; x_wconf 89' lang='lat' dir='ltr'>cum</span> <span class='ocrx_word' id='word_1_676' title='bbox 1980 4862 2053 4917; x_wconf 90' lang='lat' dir='ltr'>ad</span> 
     </span>
    </p>
   </div>
   <div class='ocr_carea' id='block_1_97' title="bbox 408 4952 2053 5027">
    <p class='ocr_par' dir='ltr' id='par_1_97' title="bbox 408 4952 2053 5027">
     <span class='ocr_line' id='line_1_97' title="bbox 408 4952 2053 5027; baseline -0.004 -15"><span class='ocrx_word' id='word_1_677' title='bbox 408 4957 701 5012; x_wconf 86' lang='lat' dir='ltr'>matutina</span> <span class='ocrx_word' id='word_1_678' title='bbox 756 4953 1091 5027; x_wconf 86' lang='lat' dir='ltr'>spectacula</span> <span class='ocrx_word' id='word_1_679' title='bbox 1140 4958 1468 5026; x_wconf 81' lang='lat' dir='ltr'>pararetur,</span> <span class='ocrx_word' id='word_1_680' title='bbox 1512 4952 1756 5009; x_wconf 66' lang='lat' dir='ltr'>’secessit</span> <span class='ocrx_word' id='word_1_681' title='bbox 1788 4974 1815 5002; x_wconf 89' lang='grc'>››</span> <span class='ocrx_word' id='word_1_682' title='bbox 1848 4952 2053 5024; x_wconf 91' lang='lat' dir='ltr'>(Idem,</span> 
     </span>
    </p>
   </div>
   <div class='ocr_carea' id='block_1_98' title="bbox 411 5040 2055 5117">
    <p class='ocr_par' dir='ltr' id='par_1_98' title="bbox 411 5040 2055 5117">
     <span class='ocr_line' id='line_1_98' title="bbox 411 5040 2055 5117; baseline -0.004 -15"><span class='ocrx_word' id='word_1_683' title='bbox 411 5045 582 5117; x_wconf 88' lang='lat' dir='ltr'>epist.</span> <span class='ocrx_word' id='word_1_684' title='bbox 612 5046 668 5110; x_wconf 88' lang='grc'>7,</span> <span class='ocrx_word' id='word_1_685' title='bbox 722 5061 852 5116; x_wconf 90' lang='lat' dir='ltr'>pag.</span> <span class='ocrx_word' id='word_1_686' title='bbox 890 5046 991 5099; x_wconf 85' lang='lat'>172</span> <span class='ocrx_word' id='word_1_687' title='bbox 1020 5048 1077 5099; x_wconf 86' lang='lat' dir='ltr'>et</span> <span class='ocrx_word' id='word_1_688' title='bbox 1108 5044 1253 5114; x_wconf 91' lang='lat'>173).</span> <span class='ocrx_word' id='word_1_689' title='bbox 1290 5042 1547 5113; x_wconf 88' lang='lat' dir='ltr'>Denique</span> <span class='ocrx_word' id='word_1_690' title='bbox 1577 5041 1678 5097; x_wconf 89' lang='lat' dir='ltr'>illa</span> <span class='ocrx_word' id='word_1_691' title='bbox 1722 5058 1825 5098; x_wconf 87' lang='lat' dir='ltr'>nec</span> <span class='ocrx_word' id='word_1_692' title='bbox 1873 5040 2055 5097; x_wconf 88' lang='lat' dir='ltr'>semel</span> 
     </span>
    </p>
   </div>
   <div class='ocr_carea' id='block_1_99' title="bbox 413 5131 2052 5206">
    <p class='ocr_par' dir='ltr' id='par_1_99' title="bbox 413 5131 2052 5206">
     <span class='ocr_line' id='line_1_99' title="bbox 413 5131 2052 5206; baseline -0.002 -17"><span class='ocrx_word' id='word_1_693' title='bbox 413 5134 649 5206; x_wconf 91' lang='lat' dir='ltr'>quidem</span> <span class='ocrx_word' id='word_1_694' title='bbox 680 5138 847 5187; x_wconf 88' lang='lat' dir='ltr'>vocat</span> <span class='ocrx_word' id='word_1_695' title='bbox 890 5134 1165 5187; x_wconf 82' lang='lat' dir='ltr'>matutina</span> <span class='ocrx_word' id='word_1_696' title='bbox 1209 5146 1405 5188; x_wconf 65' lang='lat' dir='ltr'>arente</span> <span class='ocrx_word' id='word_1_697' title='bbox 1449 5131 1761 5201; x_wconf 82' lang='lat' dir='ltr'>spectacula</span> <span class='ocrx_word' id='word_1_698' title='bbox 1804 5131 1890 5203; x_wconf 89' lang='lat' dir='ltr'>(de</span> <span class='ocrx_word' id='word_1_699' title='bbox 1936 5135 2052 5197; x_wconf 84' lang='lat' dir='ltr'>Ira,</span> 
     </span>
    </p>
   </div>
   <div class='ocr_carea' id='block_1_100' title="bbox 413 5219 2058 5298">
    <p class='ocr_par' dir='ltr' id='par_1_100' title="bbox 413 5219 2058 5298">
     <span class='ocr_line' id='line_1_100' title="bbox 413 5219 2058 5298; baseline -0.004 -16"><span class='ocrx_word' id='word_1_700' title='bbox 413 5243 540 5298; x_wconf 90' lang='lat' dir='ltr'>cap.</span> <span class='ocrx_word' id='word_1_701' title='bbox 573 5224 661 5293; x_wconf 81' lang='grc'>43,</span> <span class='ocrx_word' id='word_1_702' title='bbox 712 5240 843 5295; x_wconf 81' lang='lat' dir='ltr'>pag.</span> <span class='ocrx_word' id='word_1_703' title='bbox 889 5223 1037 5288; x_wconf 86' lang='lat'>583).</span> <span class='ocrx_word' id='word_1_704' title='bbox 1086 5221 1201 5276; x_wconf 89' lang='lat' dir='ltr'>Nec</span> <span class='ocrx_word' id='word_1_705' title='bbox 1250 5219 1488 5275; x_wconf 83' lang='lat' dir='ltr'>difﬁcile</span> <span class='ocrx_word' id='word_1_706' title='bbox 1537 5221 1683 5276; x_wconf 88' lang='lat' dir='ltr'>foret</span> <span class='ocrx_word' id='word_1_707' title='bbox 1725 5220 1840 5275; x_wconf 92' lang='lat' dir='ltr'>huc</span> <span class='ocrx_word' id='word_1_708' title='bbox 1888 5220 2058 5292; x_wconf 91' lang='lat' dir='ltr'>plura</span> 
     </span>
    </p>
   </div>
   <div class='ocr_carea' id='block_1_101' title="bbox 414 5306 2055 5384">
    <p class='ocr_par' dir='ltr' id='par_1_101' title="bbox 414 5306 2055 5384">
     <span class='ocr_line' id='line_1_101' title="bbox 414 5306 2055 5384; baseline -0.003 -14"><span class='ocrx_word' id='word_1_709' title='bbox 414 5314 527 5371; x_wconf 91' lang='lat' dir='ltr'>alia</span> <span class='ocrx_word' id='word_1_710' title='bbox 560 5327 906 5384; x_wconf 86' lang='lat' dir='ltr'>congerere:</span> <span class='ocrx_word' id='word_1_711' title='bbox 941 5310 1041 5364; x_wconf 83' lang='lat' dir='ltr'>sed</span> <span class='ocrx_word' id='word_1_712' title='bbox 1061 5307 1198 5380; x_wconf 91' lang='lat' dir='ltr'>quia</span> <span class='ocrx_word' id='word_1_713' title='bbox 1226 5308 1349 5362; x_wconf 70' lang='lat' dir='ltr'>haec</span> <span class='ocrx_word' id='word_1_714' title='bbox 1381 5306 1703 5376; x_wconf 75' lang='lat' dir='ltr'>sufficiunt,</span> <span class='ocrx_word' id='word_1_715' title='bbox 1728 5306 1874 5363; x_wconf 90' lang='lat' dir='ltr'>nihil</span> <span class='ocrx_word' id='word_1_716' title='bbox 1897 5308 2055 5365; x_wconf 91' lang='lat' dir='ltr'>aliud</span> 
     </span>
    </p>
   </div>
   <div class='ocr_carea' id='block_1_102' title="bbox 415 5396 1619 5468">
    <p class='ocr_par' dir='ltr' id='par_1_102' title="bbox 415 5396 1619 5468">
     <span class='ocr_line' id='line_1_102' title="bbox 415 5396 1619 5468; baseline -0.007 -7"><span class='ocrx_word' id='word_1_717' title='bbox 415 5405 723 5468; x_wconf 86' lang='lat' dir='ltr'>addemus,</span> <span class='ocrx_word' id='word_1_718' title='bbox 757 5400 870 5457; x_wconf 90' lang='lat' dir='ltr'>nisi</span> <span class='ocrx_word' id='word_1_719' title='bbox 899 5400 1008 5455; x_wconf 91' lang='lat' dir='ltr'>hoc</span> <span class='ocrx_word' id='word_1_720' title='bbox 1036 5396 1320 5454; x_wconf 86' lang='lat' dir='ltr'>Martialis</span> <span class='ocrx_word' id='word_1_721' title='bbox 1351 5413 1619 5452; x_wconf 89' lang='lat' dir='ltr'>carmen:</span> 
     </span>
    </p>
   </div>
   <div class='ocr_carea' id='block_1_103' title="bbox 761 5551 1793 5667">
    <p class='ocr_par' dir='ltr' id='par_1_103' title="bbox 761 5551 1793 5667">
     <span class='ocr_line' id='line_1_103' title="bbox 761 5551 1793 5667; baseline -0.004 -65"><span class='ocrx_word' id='word_1_722' title='bbox 761 5554 820 5667; x_wconf 48' lang='lat' dir='ltr'>Ibi)</span> <span class='ocrx_word' id='word_1_723' title='bbox 852 5552 1113 5626; x_wconf 82' lang='lat' dir='ltr'>matutina</span> <span class='ocrx_word' id='word_1_724' title='bbox 1131 5562 1311 5614; x_wconf 80' lang='lat' dir='ltr'>nuper</span> <span class='ocrx_word' id='word_1_725' title='bbox 1339 5551 1610 5614; x_wconf 80' lang='lat' dir='ltr'>spectatus</span> <span class='ocrx_word' id='word_1_726' title='bbox 1629 5561 1793 5599; x_wconf 89' lang='lat' dir='ltr'>arena</span> 
     </span>
     <span class='ocr_line' id='line_1_104' title="bbox 818 5630 987 5667; baseline -0.012 0"><span class='ocrx_word' id='word_1_727' title='bbox 818 5630 987 5667; x_wconf 76' lang='lat' dir='ltr'>ucius.</span> 
     </span>
    </p>
   </div>
   <div class='ocr_carea' id='block_1_104' title="bbox 818 5630 987 5667">
    <p class='ocr_par' dir='ltr' id='par_1_104' title="bbox 818 5630 987 5667">
     <span class='ocr_line' id='line_1_105' title="bbox 818 5630 987 5667; baseline -0.012 0"><span class='ocrx_word' id='word_1_728' title='bbox 818 5630 987 5667; x_wconf 74' lang='grc'><strong>1101118.</strong></span> 
     </span>
    </p>
   </div>
   <div class='ocr_carea' id='block_1_105' title="bbox 1143 5710 1935 5779">
    <p class='ocr_par' dir='ltr' id='par_1_105' title="bbox 1143 5710 1935 5779">
     <span class='ocr_line' id='line_1_106' title="bbox 1143 5710 1935 5779; baseline -0.005 -12"><span class='ocrx_word' id='word_1_729' title='bbox 1143 5712 1395 5779; x_wconf 80' lang='lat' dir='ltr'>(Martial.</span> <span class='ocrx_word' id='word_1_730' title='bbox 1424 5710 1516 5765; x_wconf 82' lang='lat' dir='ltr'>lib.</span> <span class='ocrx_word' id='word_1_731' title='bbox 1544 5726 1599 5777; x_wconf 72' lang='grc' dir='ltr'>ι,</span> <span class='ocrx_word' id='word_1_732' title='bbox 1631 5711 1797 5777; x_wconf 77' lang='lat' dir='ltr'>epigr.</span> <span class='ocrx_word' id='word_1_733' title='bbox 1826 5713 1935 5779; x_wconf 76' lang='lat'>25.)</span> 
     </span>
    </p>
   </div>
   <div class='ocr_carea' id='block_1_106' title="bbox 2159 4720 3810 4796">
    <p class='ocr_par' dir='ltr' id='par_1_106' title="bbox 2159 4720 3810 4796">
     <span class='ocr_line' id='line_1_107' title="bbox 2159 4720 3810 4796; baseline -0.004 -15"><span class='ocrx_word' id='word_1_734' title='bbox 2159 4725 2269 4781; x_wconf 94' lang='lat' dir='ltr'>loc.</span> <span class='ocrx_word' id='word_1_735' title='bbox 2305 4725 2449 4796; x_wconf 92' lang='lat' dir='ltr'>cit.).</span> <span class='ocrx_word' id='word_1_736' title='bbox 2481 4723 2711 4778; x_wconf 87' lang='lat' dir='ltr'>Grande</span> <span class='ocrx_word' id='word_1_737' title='bbox 2762 4721 2985 4778; x_wconf 89' lang='lat' dir='ltr'>scilicet</span> <span class='ocrx_word' id='word_1_738' title='bbox 3025 4720 3248 4777; x_wconf 90' lang='lat' dir='ltr'>malum</span> <span class='ocrx_word' id='word_1_739' title='bbox 3293 4723 3417 4776; x_wconf 88' lang='lat' dir='ltr'>erat</span> <span class='ocrx_word' id='word_1_740' title='bbox 3461 4735 3529 4775; x_wconf 91' lang='lat' dir='ltr'>ea</span> <span class='ocrx_word' id='word_1_741' title='bbox 3587 4720 3810 4791; x_wconf 82' lang='lat' dir='ltr'>lugere,</span> 
     </span>
    </p>
   </div>
   <div class='ocr_carea' id='block_1_107' title="bbox 2163 4806 3815 4889">
    <p class='ocr_par' dir='ltr' id='par_1_107' title="bbox 2163 4806 3815 4889">
     <span class='ocr_line' id='line_1_108' title="bbox 2163 4806 3815 4889; baseline -0.004 -20"><span class='ocrx_word' id='word_1_742' title='bbox 2163 4832 2288 4889; x_wconf 72' lang='lat' dir='ltr'>quia</span> <span class='ocrx_word' id='word_1_743' title='bbox 2318 4812 2714 4870; x_wconf 88' lang='lat' dir='ltr'>Tertullianus</span> <span class='ocrx_word' id='word_1_744' title='bbox 2747 4811 2858 4867; x_wconf 88' lang='lat' dir='ltr'>alio</span> <span class='ocrx_word' id='word_1_745' title='bbox 2888 4811 2947 4867; x_wconf 90' lang='lat' dir='ltr'>in</span> <span class='ocrx_word' id='word_1_746' title='bbox 2980 4810 3127 4866; x_wconf 88' lang='lat' dir='ltr'>libro</span> <span class='ocrx_word' id='word_1_747' title='bbox 3161 4815 3287 4866; x_wconf 88' lang='lat' dir='ltr'>orta</span> <span class='ocrx_word' id='word_1_748' title='bbox 3316 4825 3445 4865; x_wconf 89' lang='lat' dir='ltr'>esse</span> <span class='ocrx_word' id='word_1_749' title='bbox 3496 4808 3705 4880; x_wconf 88' lang='lat' dir='ltr'>probat</span> <span class='ocrx_word' id='word_1_750' title='bbox 3749 4806 3815 4863; x_wconf 85' lang='lat' dir='ltr'>de</span> 
     </span>
    </p>
   </div>
   <div class='ocr_carea' id='block_1_108' title="bbox 2162 4897 3814 4975">
    <p class='ocr_par' dir='ltr' id='par_1_108' title="bbox 2162 4897 3814 4975">
     <span class='ocr_line' id='line_1_109' title="bbox 2162 4897 3814 4975; baseline -0.005 -14"><span class='ocrx_word' id='word_1_751' title='bbox 2162 4909 2320 4961; x_wconf 81' lang='lat' dir='ltr'>reatu</span> <span class='ocrx_word' id='word_1_752' title='bbox 2348 4904 2601 4975; x_wconf 68' lang='lat' dir='ltr'>gener-ali</span> <span class='ocrx_word' id='word_1_753' title='bbox 2629 4902 2963 4958; x_wconf 76' lang='lat' dir='ltr'>idololatriae</span> <span class='ocrx_word' id='word_1_754' title='bbox 3022 4900 3313 4956; x_wconf 83' lang='lat' dir='ltr'>Genitrieis</span> <span class='ocrx_word' id='word_1_755' title='bbox 3359 4916 3474 4955; x_wconf 60' lang='lat' dir='ltr'>sua</span> <span class='ocrx_word' id='word_1_756' title='bbox 3521 4899 3702 4970; x_wconf 86' lang='lat' dir='ltr'>(Idem</span> <span class='ocrx_word' id='word_1_757' title='bbox 3748 4897 3814 4953; x_wconf 79' lang='lat' dir='ltr'>de</span> 
     </span>
    </p>
   </div>
   <div class='ocr_carea' id='block_1_109' title="bbox 2163 4987 3812 5067">
    <p class='ocr_par' dir='ltr' id='par_1_109' title="bbox 2163 4987 3812 5067">
     <span class='ocr_line' id='line_1_110' title="bbox 2163 4987 3812 5067; baseline -0.005 -18"><span class='ocrx_word' id='word_1_758' title='bbox 2163 4994 2431 5067; x_wconf 86' lang='lat' dir='ltr'>Spectae.,</span> <span class='ocrx_word' id='word_1_759' title='bbox 2467 5010 2594 5065; x_wconf 90' lang='lat' dir='ltr'>cap.</span> <span class='ocrx_word' id='word_1_760' title='bbox 2626 4993 2706 5063; x_wconf 88' lang='lat'>7).</span> <span class='ocrx_word' id='word_1_761' title='bbox 2738 4992 2886 5047; x_wconf 84' lang='lat' dir='ltr'>Aliis</span> <span class='ocrx_word' id='word_1_762' title='bbox 2939 4996 3136 5046; x_wconf 87' lang='lat' dir='ltr'>autem</span> <span class='ocrx_word' id='word_1_763' title='bbox 3196 4990 3253 5045; x_wconf 90' lang='lat' dir='ltr'>in</span> <span class='ocrx_word' id='word_1_764' title='bbox 3300 4987 3812 5045; x_wconf 89' lang='lat' dir='ltr'>dissertationibus</span> 
     </span>
    </p>
   </div>
   <div class='ocr_carea' id='block_1_110' title="bbox 2166 5074 3811 5152">
    <p class='ocr_par' dir='ltr' id='par_1_110' title="bbox 2166 5074 3811 5152">
     <span class='ocr_line' id='line_1_111' title="bbox 2166 5074 3811 5152; baseline -0.006 -14"><span class='ocrx_word' id='word_1_765' title='bbox 2166 5082 2574 5139; x_wconf 89' lang='lat' dir='ltr'>annotavimus</span> <span class='ocrx_word' id='word_1_766' title='bbox 2605 5081 2725 5136; x_wconf 63' lang='lat' dir='ltr'>hac</span> <span class='ocrx_word' id='word_1_767' title='bbox 2758 5079 3096 5152; x_wconf 90' lang='lat' dir='ltr'>spectacula</span> <span class='ocrx_word' id='word_1_768' title='bbox 3126 5095 3240 5135; x_wconf 90' lang='lat' dir='ltr'>non</span> <span class='ocrx_word' id='word_1_769' title='bbox 3276 5078 3399 5133; x_wconf 91' lang='lat' dir='ltr'>solo</span> <span class='ocrx_word' id='word_1_770' title='bbox 3448 5074 3811 5143; x_wconf 68' lang='lat' dir='ltr'>idololatria,</span> 
     </span>
    </p>
   </div>
   <div class='ocr_carea' id='block_1_111' title="bbox 2165 5164 3814 5244">
    <p class='ocr_par' dir='ltr' id='par_1_111' title="bbox 2165 5164 3814 5244">
     <span class='ocr_line' id='line_1_112' title="bbox 2165 5164 3814 5244; baseline -0.006 -16"><span class='ocrx_word' id='word_1_771' title='bbox 2165 5174 2267 5228; x_wconf 87' lang='lat' dir='ltr'>sed</span> <span class='ocrx_word' id='word_1_772' title='bbox 2290 5171 2558 5244; x_wconf 90' lang='lat' dir='ltr'>pluribus</span> <span class='ocrx_word' id='word_1_773' title='bbox 2578 5170 2709 5226; x_wconf 88' lang='lat' dir='ltr'>aliis</span> <span class='ocrx_word' id='word_1_774' title='bbox 2740 5171 2931 5226; x_wconf 89' lang='lat' dir='ltr'>adhuc</span> <span class='ocrx_word' id='word_1_775' title='bbox 2948 5170 3325 5241; x_wconf 88' lang='lat' dir='ltr'>coinquinata</span> <span class='ocrx_word' id='word_1_776' title='bbox 3347 5167 3527 5221; x_wconf 87' lang='lat' dir='ltr'>fuisse</span> <span class='ocrx_word' id='word_1_777' title='bbox 3549 5164 3814 5221; x_wconf 88' lang='lat' dir='ltr'>crimini-</span> 
     </span>
    </p>
   </div>
   <div class='ocr_carea' id='block_1_112' title="bbox 2166 5253 3812 5330">
    <p class='ocr_par' dir='ltr' id='par_1_112' title="bbox 2166 5253 3812 5330">
     <span class='ocr_line' id='line_1_113' title="bbox 2166 5253 3812 5330; baseline -0.004 -14"><span class='ocrx_word' id='word_1_778' title='bbox 2166 5262 2299 5325; x_wconf 89' lang='lat' dir='ltr'>bus,</span> <span class='ocrx_word' id='word_1_779' title='bbox 2333 5278 2456 5330; x_wconf 78' lang='lat' dir='ltr'>quae</span> <span class='ocrx_word' id='word_1_780' title='bbox 2486 5260 2804 5316; x_wconf 88' lang='lat' dir='ltr'>Christiani</span> <span class='ocrx_word' id='word_1_781' title='bbox 2839 5277 2951 5315; x_wconf 90' lang='lat' dir='ltr'>non</span> <span class='ocrx_word' id='word_1_782' title='bbox 2986 5275 3155 5313; x_wconf 90' lang='lat' dir='ltr'>secus</span> <span class='ocrx_word' id='word_1_783' title='bbox 3187 5275 3253 5313; x_wconf 90' lang='lat' dir='ltr'>ac</span> <span class='ocrx_word' id='word_1_784' title='bbox 3270 5260 3493 5328; x_wconf 90' lang='lat' dir='ltr'>pestem</span> <span class='ocrx_word' id='word_1_785' title='bbox 3518 5253 3812 5327; x_wconf 88' lang='lat' dir='ltr'>publicam</span> 
     </span>
    </p>
   </div>
   <div class='ocr_carea' id='block_1_113' title="bbox 2162 5342 3812 5421">
    <p class='ocr_par' dir='ltr' id='par_1_113' title="bbox 2162 5342 3812 5421">
     <span class='ocr_line' id='line_1_114' title="bbox 2162 5342 3812 5421; baseline -0.005 -16"><span class='ocrx_word' id='word_1_786' title='bbox 2162 5351 2293 5420; x_wconf 90' lang='lat' dir='ltr'>jure</span> <span class='ocrx_word' id='word_1_787' title='bbox 2326 5350 2531 5404; x_wconf 89' lang='lat' dir='ltr'>merito</span> <span class='ocrx_word' id='word_1_788' title='bbox 2584 5350 2906 5421; x_wconf 86' lang='lat' dir='ltr'>fugiebant.</span> <span class='ocrx_word' id='word_1_789' title='bbox 2958 5350 3093 5412; x_wconf 65' lang='lat' dir='ltr'>Quae</span> <span class='ocrx_word' id='word_1_790' title='bbox 3143 5362 3280 5417; x_wconf 85' lang='lat' dir='ltr'>ergo</span> <span class='ocrx_word' id='word_1_791' title='bbox 3336 5344 3470 5399; x_wconf 91' lang='lat' dir='ltr'>inde</span> <span class='ocrx_word' id='word_1_792' title='bbox 3516 5342 3655 5398; x_wconf 90' lang='lat' dir='ltr'>boni</span> <span class='ocrx_word' id='word_1_793' title='bbox 3707 5360 3812 5413; x_wconf 89' lang='lat' dir='ltr'>pu-</span> 
     </span>
    </p>
   </div>
   <div class='ocr_carea' id='block_1_114' title="bbox 2165 5432 3814 5509">
    <p class='ocr_par' dir='ltr' id='par_1_114' title="bbox 2165 5432 3814 5509">
     <span class='ocr_line' id='line_1_115' title="bbox 2165 5432 3814 5509; baseline -0.005 -14"><span class='ocrx_word' id='word_1_794' title='bbox 2165 5439 2302 5495; x_wconf 90' lang='lat' dir='ltr'>blici</span> <span class='ocrx_word' id='word_1_795' title='bbox 2329 5439 2607 5509; x_wconf 85' lang='lat' dir='ltr'>jactura?</span> <span class='ocrx_word' id='word_1_796' title='bbox 2656 5439 2865 5509; x_wconf 84' lang='lat' dir='ltr'>Magna</span> <span class='ocrx_word' id='word_1_797' title='bbox 2911 5437 3170 5507; x_wconf 90' lang='lat' dir='ltr'>quidem,</span> <span class='ocrx_word' id='word_1_798' title='bbox 3228 5435 3574 5505; x_wconf 89' lang='lat' dir='ltr'>inquiebant</span> <span class='ocrx_word' id='word_1_799' title='bbox 3622 5432 3814 5505; x_wconf 85' lang='lat' dir='ltr'>genti-</span> 
     </span>
    </p>
   </div>
   <div class='ocr_carea' id='block_1_115' title="bbox 2164 5521 3817 5601">
    <p class='ocr_par' dir='ltr' id='par_1_115' title="bbox 2164 5521 3817 5601">
     <span class='ocr_line' id='line_1_116' title="bbox 2164 5521 3817 5601; baseline -0.003 -18"><span class='ocrx_word' id='word_1_800' title='bbox 2164 5528 2270 5585; x_wconf 89' lang='lat' dir='ltr'>les.</span> <span class='ocrx_word' id='word_1_801' title='bbox 2322 5529 2385 5584; x_wconf 90' lang='lat' dir='ltr'>In</span> <span class='ocrx_word' id='word_1_802' title='bbox 2417 5529 2657 5601; x_wconf 87' lang='lat' dir='ltr'>longum</span> <span class='ocrx_word' id='word_1_803' title='bbox 2709 5527 3004 5583; x_wconf 90' lang='lat' dir='ltr'>enimvero</span> <span class='ocrx_word' id='word_1_804' title='bbox 3051 5529 3286 5597; x_wconf 90' lang='lat' dir='ltr'>tempus</span> <span class='ocrx_word' id='word_1_805' title='bbox 3339 5521 3674 5596; x_wconf 89' lang='lat' dir='ltr'>spectacula</span> <span class='ocrx_word' id='word_1_806' title='bbox 3712 5521 3817 5578; x_wconf 90' lang='lat' dir='ltr'>illa</span> 
     </span>
    </p>
   </div>
   <div class='ocr_carea' id='block_1_116' title="bbox 2166 5611 3816 5691">
    <p class='ocr_par' dir='ltr' id='par_1_116' title="bbox 2166 5611 3816 5691">
     <span class='ocr_line' id='line_1_117' title="bbox 2166 5611 3816 5691; baseline -0.005 -16"><span class='ocrx_word' id='word_1_807' title='bbox 2166 5619 2663 5691; x_wconf 88' lang='lat' dir='ltr'>producebantur,</span> <span class='ocrx_word' id='word_1_808' title='bbox 2698 5620 2868 5687; x_wconf 90' lang='lat' dir='ltr'>atque</span> <span class='ocrx_word' id='word_1_809' title='bbox 2915 5614 3132 5672; x_wconf 89' lang='lat' dir='ltr'>idcirco</span> <span class='ocrx_word' id='word_1_810' title='bbox 3176 5618 3537 5685; x_wconf 85' lang='lat' dir='ltr'>spectatores</span> <span class='ocrx_word' id='word_1_811' title='bbox 3583 5611 3643 5667; x_wconf 90' lang='lat' dir='ltr'>in</span> <span class='ocrx_word' id='word_1_812' title='bbox 3690 5628 3816 5667; x_wconf 91' lang='lat' dir='ltr'>am-</span> 
     </span>
    </p>
   </div>
   <div class='ocr_carea' id='block_1_117' title="bbox 2168 5703 3812 5781">
    <p class='ocr_par' dir='ltr' id='par_1_117' title="bbox 2168 5703 3812 5781">
     <span class='ocr_line' id='line_1_118' title="bbox 2168 5703 3812 5781; baseline -0.003 -16"><span class='ocrx_word' id='word_1_813' title='bbox 2168 5706 2488 5781; x_wconf 87' lang='lat' dir='ltr'>phitheatri</span> <span class='ocrx_word' id='word_1_814' title='bbox 2539 5706 2701 5763; x_wconf 86' lang='lat' dir='ltr'>aditu</span> <span class='ocrx_word' id='word_1_815' title='bbox 2754 5704 2927 5780; x_wconf 89' lang='lat' dir='ltr'>plura</span> <span class='ocrx_word' id='word_1_816' title='bbox 2981 5703 3313 5762; x_wconf 87' lang='lat' dir='ltr'>eduliorum</span> <span class='ocrx_word' id='word_1_817' title='bbox 3370 5703 3646 5762; x_wconf 85' lang='lat' dir='ltr'>emebant</span> <span class='ocrx_word' id='word_1_818' title='bbox 3712 5718 3812 5775; x_wconf 84' lang='lat' dir='ltr'>ge-</span> 
     </span>
    </p>
   </div>
  </div>
