4162 6430
454 365 608 424 1183

1009 363 1532 424 TERTULLIANI
1575 364 1894 427 OPEBUM
1940 365 2139 426 PARS
2182 364 2230 425 Ι.
2261 397 2340 410 -
2369 366 2643 428 SERIES
2687 368 2735 437 Ι.
2780 364 3346 429 APOLOGETICA.

3692 367 3720 425 1
3737 366 3860 426 184

455 513 615 564 nera,
647 496 863 567 quibus
912 499 1151 566 possent
1200 495 1497 551 interdum
1544 497 1723 552 refici.
1773 496 2086 552 Christiani
2117 499 2169 564 Α
2202 498 2370 555 nobis
2402 515 2634 570 quoque
2680 498 2924 570 insuper
2961 498 3032 554 ad
3083 497 3293 553 solatia
3341 495 3661 568 sepultura:
3712 497 3858 552 usui

451 583 650 654 itaque
681 583 873 640 nullos
906 583 1073 654 plane
1105 583 1392 638 faciebant
1422 583 1764 655 hujusmodi
1795 590 2090 656 sumptus.

525 676 633 731 Sed
658 675 708 731 si
740 675 907 742 nihil,
941 673 1137 746 inquit
1165 674 1581 747 Tertullianus,
1614 676 1693 731 ibi
1739 693 2089 743 mercamur,

452 786 481 814 «
514 764 647 828 Quae
678 768 875 820 tamen
907 765 1062 835 apud
1095 763 1226 820 illos
1257 772 1440 820 ccetus
1471 765 1866 835 venditantur,
1899 766 1949 821 si
1998 766 2093 821 de-

451 853 799 918 sideravero,
849 853 1129 910 libentius
1175 855 1246 908 de
1294 856 1545 926 propriis
1590 855 1734 910 locis
1794 872 2024 911 sumam
2058 877 2087 906 »

451 941 714 1013 (Tertull.
765 943 1062 1012 Apologet.,
1121 959 1246 1012 cap.
1297 945 1384 1013 42,
1435 961 1562 1015 pag.
1620 944 1765 1014 493).
1815 944 2088 1008 Quaedam

451 1028 704 1101 antiquae
735 1030 1274 1092 editiones,‘sumo:
1325 1031 1449 1086 alis:
1498 1033 1760 1104 quaedam
1811 1031 2089 1088 recenlio-

449 1134 562 1186 res,
595 1127 897 1174 sumentur.
934 1119 1142 1175 Melius
1171 1118 1230 1174 in
1267 1121 1483 1177 nostris
1535 1121 1834 1176 codicibus
1878 1125 1936 1177 et
1986 1137 2090 1176 cae-

445 1208 588 1263 teris
618 1207 994 1277 editionibus,
1021 1225 1255 1264 sumam.
1289 1210 1444 1264 Nihil
1495 1227 1629 1282 ergo
1677 1211 1745 1268 de
1792 1211 1944 1266 bono
1989 1227 2091 1282 pu-

451 1298 601 1355 blico
625 1300 1020 1372 deperditum,
1053 1301 1100 1356 si
1131 1301 1439 1357 Christiani
1473 1302 1604 1358 aliis
1649 1302 1824 1357 licitis
1873 1303 1982 1357 sibi
2027 1303 2085 1356 in

450 1387 595 1444 locis
626 1405 692 1444 ea
735 1389 1025 1458 emebant,
1068 1406 1191 1460 quae
1235 1392 1386 1463 apud
1429 1391 1796 1447 ethnicorum
1854 1391 2087 1448 illicitos

451 1481 635 1532 cmtus
663 1477 1136 1533 venditabantur.

521 1568 675 1624 Nihil
707 1567 901 1638 etiam,
936 1571 1217 1643 quidquid
1253 1572 1443 1628 adhuc
1474 1573 1648 1629 iidem
1682 1577 2084 1639 causarentur,

450 1656 781 1730 reipublicae
814 1659 1055 1730 deperit,
1097 1661 1147 1716 si
1190 1661 1383 1729 thura,
1435 1662 1626 1734 inquit
1667 1661 2081 1730 Tertullianus,

449 1761 564 1802 non
590 1748 806 1802 eminus
838 1748 1042 1820 (Ibid.),
1077 1765 1204 1819 quae
1241 1749 1458 1804 ethnici
1511 1749 1672 1806 falsis
1731 1750 1842 1805 diis
1890 1749 2084 1806 adole-

2201 591 2344 643 sunt
2377 610 2403 636 »
2435 588 2640 656 (Idem,
2671 587 2736 644 de
2761 588 2985 652 idolol.,
3020 603 3143 658 cap.
3187 585 3294 658 11).

2269 676 2425 743 Esto,
2459 681 2664 748 arguet
2703 676 2941 747 aliquis,
2994 692 3060 730 ac
3109 674 3434 730 meridiana
3466 675 3594 729 luce
3624 673 3852 729 clarius

2201 763 2665 820 demonstratum
2696 765 2982 820 habeatur
3011 764 3371 819 Christianos
3393 779 3531 818 usos
3555 762 3740 818 fuisse
3773 763 3848 816 ad

2198 852 2533 924 sepelienda
2559 858 2925 910 mortuorum
2956 869 3198 925 corpora
3235 853 3434 908 Sabino
3484 851 3679 920 thure,
3729 867 3848 905 caa-

2199 947 2456 996 terorum
2489 943 2750 998 omnium
2785 941 3246 1013 pretiosissimo;
3281 939 3568 1012 numquid
3606 939 3847 994 Tertul-

2197 1027 2392 1086 lianus
2423 1047 2636 1103 magna
2665 1031 2791 1086 sine
2829 1031 3143 1103 hyperbole
3189 1045 3447 1086 asserere
3497 1029 3688 1101 potuit
3730 1032 3844 1083 Sa-

2197 1117 2350 1174 baeos
2376 1119 2566 1174 thuris
2597 1119 2688 1174 sui
2717 1135 2919 1175 merces
2946 1120 3123 1191 pluris
3150 1129 3202 1175 et
3232 1119 3500 1175 charioris
3551 1118 3619 1174 ad
3670 1117 3842 1172 Chri—

2193 1209 2521 1264 stianorum
2553 1209 2915 1279 sepulturam
2946 1209 3296 1277 vendidisse,
3329 1225 3506 1280 quam
3555 1208 3840 1280 gentibus

2197 1299 2264 1354 ad
2301 1299 2438 1354 deos
2468 1315 2605 1355 suos
2635 1299 3004 1370 fumigandos
3024 1299 3053 1354 ?
3075 1303 3271 1354 Nonne
3295 1297 3554 1370 plurimi,
3580 1297 3840 1368 inquiet,

2195 1388 2440 1459 gentiles
2471 1388 2608 1443 thus
2639 1390 2891 1442 sabinum
2926 1387 3093 1458 plena
3124 1387 3477 1458 prodigaque
3509 1403 3686 1441 manu
3718 1386 3840 1441 diis

2095 1501 2107 1512 υ
2194 1477 2320 1532 suis
2350 1476 2784 1532 incendebant?
2814 1477 2921 1531 Sed
2953 1477 3052 1547 qui
3085 1476 3206 1530 haec
3252 1475 3586 1546 objectabit,
3633 1475 3686 1531 is
3737 1476 3839 1530 ad.

2192 1571 2415 1621 vertero
2446 1565 2618 1621 debet
2648 1565 2754 1620 hos
2783 1565 2914 1621 aliis
2944 1565 3184 1620 ditiores
3217 1564 3419 1630 fuisse,
3449 1569 3509 1620 et
3531 1564 3703 1635 longe
3726 1564 3839 1618 mi-

2193 1655 2321 1710 nori
2352 1671 2616 1723 numero,
2647 1670 2821 1726 quam
2855 1653 3044 1709 caeteri
3097 1653 3493 1724 pauperiores,
3543 1655 3642 1719 qui
3688 1653 3836 1709 thus

2193 1742 2502 1798 adolebant
2531 1745 2633 1797 aut
2659 1741 2849 1798 tribus
2879 1747 3109 1797 tantum
3138 1741 3359 1813 digitis,
3402 1746 3504 1796 aut
3532 1742 3709 1797 unius
3740 1759 3838 1798 as-

449 1834 614 1890 bant.
645 1835 791 1890 Nam
824 1836 880 1891 id
914 1835 1083 1891 nobis
1113 1837 1351 1892 omnino
1381 1837 1622 1893 vetitum
1657 1842 1799 1906 erat,
1860 1838 2080 1893 thuris-
2108 1866 2158 1930 Β
2193 1831 2294 1897 sis,
2330 1831 2825 1930 quemadmodum
2857 1830 3010 1930 infra
3039 1831 3267 1929 dicetur
3312 1831 3514 1929 (infra,
3563 1846 3691 1930 cap.
3713 1833 3833 1930 .29,

448 1938 560 1993 que
590 1922 839 1993 pretium
873 1923 1069 1979 minus
1091 1929 1237 1994 erat,
1269 1942 1444 1998 quam
1479 1926 1693 1982 ethnici
1720 1927 1790 1982 de
1819 1925 1927 1981 hoc
1979 1927 2075 1980 de-

443 2009 716 2065 trimento
775 2011 1050 2082 conqueri
1129 2029 1386 2084 unquam
1457 2014 1781 2069 debuerint.
1848 2012 2075 2069 Etenim

442 2097 674 2166 Arabia,
709 2099 897 2171 pergit
924 2099 1038 2165 ille,
1072 2101 1276 2172 potiori
1302 2102 1435 2172 jure
1491 2109 1810 2172 queruntur.
1858 2101 2073 2155 Verum

442 2185 491 2241 si
524 2202 650 2258 quis
680 2187 757 2242 sit
785 2188 1040 2243 Arabum
1072 2190 1144 2244 de
1173 2190 1433 2246 chariore
1464 2208 1570 2246 suo
1600 2191 1770 2247 thure
1801 2207 1915 2246 non
1939 2206 2074 2245 ven-

441 2274 560 2330 dito
592 2277 992 2347 querimonia,
1034 2280 1229 2347 scient,
1279 2279 1378 2350 ait,
1427 2279 1546 2336 sive
1593 2298 1696 2352 pro
1743 2280 1911 2336 nobis
1954 2296 2074 2334 res-

439 2365 817 2436 pondebunt:
854 2389 881 2416 «
913 2367 1092 2423 Sabaei
1130 2367 1311 2439 pluris
1343 2373 1397 2423 et
1427 2369 1708 2425 charioris
1738 2386 1875 2424 suas
1920 2385 2072 2424 mer-

440 2469 534 2508 ces
561 2452 908 2510 Christianis
966 2455 1315 2528 sepeliendis
1373 2457 1693 2530 proﬂigari,
1737 2473 1913 2529 quam
1960 2455 2072 2510 diis

439 2539 798 2612 fumigandis
831 2565 853 2594 ι
891 2541 1069 2614 (lbid.)
1108 2548 1183 2599 De
1240 2543 1440 2600 Sabmo
1497 2550 1690 2600 autem
1741 2544 1912 2600 thure
1953 2542 2075 2598 Vir-

442 2627 656 2701 gilius:

508 2762 688 2810 1086
716 2762 869 2812 India
895 2763 1056 2814 mittit
1081 2765 1214 2814 ebur
1244 2764 1428 2814 molles
1452 2779 1546 2814 sua
1579 2765 1739 2815 thura
1759 2764 1950 2815 Sabini.

1147 2845 1343 2907 (Virgil.
1374 2845 1468 2894 lib.
1496 2860 1512 2895 ι
1550 2845 1732 2908 Georg.
1771 2859 1818 2894 v.
1849 2845 1952 2900 57.)

439 2947 510 3002 Et
541 2946 652 3003 alio
684 2948 742 3002 in
777 2948 926 3003 libro
959 2949 1029 3004 de
1062 2954 1317 3006 Venere:

655 3113 751 3147 .__.
820 3115 832 3128 .
861 3081 960 3147 Ubi
993 3081 1252 3144 templum
1285 3082 1378 3143 illi,
1412 3086 1734 3147 centumque
1767 3081 1936 3133 Sabeo

680 3143 855 3192 Thure
885 3143 1059 3193 calent
1087 3143 1209 3194 arte.
1492 3143 1507 3161 ‘

1238 3224 1420 3286 (Idem,
1445 3225 1532 3274 lib.
1565 3239 1583 3272 ι
1612 3223 1820 3276 ίΕηαίίΙ.
1850 3238 1900 3273 v.
1937 3227 2068 3284 420.)
2102 3223 2144 3290 C

435 3335 588 3401 Quos
620 3336 856 3407 quidem
890 3337 946 3392 in
970 3355 1172 3395 versus
1203 3339 1324 3394 haec
1357 3357 1390 3395 a
1411 3341 1605 3396 Servio
1629 3344 1937 3396 notantur:
1972 3341 2070 3396 Sa-

435 3423 543 3479 baei
597 3425 790 3494 populi
824 3435 949 3481 sunt
989 3431 1161 3498 juxta
1219 3427 1441 3499 Syriam
1491 3435 1545 3484 et
1595 3429 1878 3500 Arabiam,
1936 3430 2073 3486 dicti

433 3507 617 3566 Sabaei
646 3510 753 3564 ἀπα
779 3515 874 3564 τοῦ
905 3507 1169 3585 σέϐεσθαι,
1201 3515 1342 3587 quod
1390 3516 1536 3588 apud
1585 3532 1670 3572 eos
1718 3516 1844 3572 thus
1891 3519 2069 3573 nasci-

433 3600 544 3665 tur,
576 3614 680 3669 quo
708 3599 829 3654 deos
852 3601 1150 3671 placamus.

504 3685 697 3756 Neque
727 3704 897 3759 porro
945 3689 1345 3746 Tertullianus
1388 3690 1566 3763 hujus
1616 3695 1847 3748 tantum
1897 3693 2071 3749 sabaei

431 3773 644 3846 thuris,
671 3777 742 3831 de
763 3793 878 3847 quo
909 3777 1078 3849 plura
1101 3778 1321 3835 Plinius
1363 3785 1649 3836 memorat
1680 3781 1806 3853 (lib.
1846 3799 1897 3836 Vl
1947 3783 2068 3837 Nat.

434 3865 592 3930 Hist,
624 3880 749 3937 cap.
780 3867 870 3936 28,
905 3884 1035 3940 pag.
1069 3869 1218 3939 726),
1271 3885 1598 3925 sermonem
1652 3870 1807 3935 fecit,
1858 3871 1956 3926 sed
2000 3871 2072 3925 de

434 3950 585 4020 aliis,
629 3953 713 4008 uti
749 3970 818 4010 ex
847 3972 980 4011 mox
1010 3955 1273 4012 dicendis
1305 3957 1548 4029 patebit,
1609 3957 1784 4013 etiam
1835 3956 2070 4014 illorum

434 4041 750 4114 mercibus,
808 4059 912 4099 seu
962 4045 1345 4100 aromatibus.
1404 4046 1588 4101 Tanta
1635 4046 1930 4102 enimvero
2009 4045 2069 4102 in

432 4146 633 4188 eorum
666 4134 901 4206 regione
930 4140 1054 4191 erat
1083 4136 1288 4192 horum
1323 4137 1703 4206 abundantia,
1737 4141 1800 4192 ut
1847 4136 1941 4208 iis,
1989 4136 2069 4193 si-

434 4221 551 4276 cuti
581 4223 787 4279 Strabo
819 4229 1014 4279 narrat
1043 4224 1168 4294 (lib.
1199 4242 1291 4280 xv1
1333 4225 1543 4297 Geogr.,
1592 4241 1723 4297 pag.
1768 4226 1917 4295 776),
1965 4242 2068 4297 pro

431 4311 766 4380 sarmentis,
826 4315 1002 4384 atque
1048 4313 1202 4385 ignis
1258 4314 1506 4370 faciendi
1554 4314 1820 4384 materia,
1865 4315 2068 4371 cinna-

433 4415 648 4468 momo,
682 4401 860 4468 casia,
894 4410 951 4457 et
989 4401 1120 4458 aliis
1167 4402 1506 4474 hujusmodi
1554 4419 1728 4459 suave
1774 4403 2066 4460 olentibus

431 4490 754 4544 uterentur.
814 4490 1108 4562 Scriptum
1168 4508 1402 4564 quoque
1443 4509 1478 4548 a
1528 4492 1716 4548 Plinio
1776 4492 2061 4566 legimus:

435 4597 463 4626 ‹‹
497 4577 669 4634 Cibos
695 4580 877 4637 Sobmi
910 4585 1171 4652 coquunt
1190 4581 1381 4638 thuris
1419 4581 1626 4655 ligno»
1651 4582 1821 4654 (Plin.
1854 4583 1955 4639 lib.
1983 4600 2063 4640 xu
2093 4579 2139 4646 D

430 4665 566 4720 Hist.
599 4674 810 4734 natur.,
839 4685 966 4741 cap.
1001 4671 1087 4736 17,
1120 4687 1177 4742 ρ.
1210 4672 1318 4742 32).
1353 4675 1424 4726 At
1452 4670 1840 4726 Tertullianus
1871 4675 2068 4728 noster

433 4769 540 4808 suo
572 4770 686 4809 non
717 4755 905 4811 solum
961 4758 1019 4812 in
1060 4759 1427 4830 Apologctico,
1469 4760 1571 4815 sed
1623 4760 1735 4816 alio
1783 4760 1952 4816 etiam
2005 4761 2063 4816 in

430 4841 580 4900 libro
603 4850 794 4917 aperte
821 4847 1075 4905 declarat
1101 4850 1430 4906 Sabaeorum
1464 4849 1602 4905 thus
1623 4851 1692 4906 ad
1721 4851 2066 4922 sepeliendo.

427 4931 487 4987 in
518 4933 726 5004 primis
758 4942 1124 4994 mortuorum
1159 4957 1400 5013 corpora
1430 4957 1464 4996 a
1491 4940 1838 4998 Christianis
1894 4941 2062 4996 adhi-

428 5020 652 5080 bitum:
689 5046 709 5075 ι
744 5024 1015 5098 Corpora,
1065 5028 1275 5100 inquit,
1325 5029 1613 5085 medicata
1649 5029 2059 5098 condimentis,

426 5110 1083 5182 sepulturae,mansoleis
1103 5123 1161 5172 et
1183 5117 1577 5174 monumentis
1592 5122 2058 5188 sequestrantur;

424 5215 770 5270 processura
795 5203 930 5260 inde
950 5205 1042 5277 [ad
1067 5205 1387 5262 secundam
1408 5205 1608 5275 vitam]
1639 5221 1772 5260 cum
1814 5207 2062 5276 jusserit

425 5287 708 5348 Dominus
734 5314 759 5341 υ
781 5293 1044 5364 (Tertull.
1069 5293 1168 5350 lib.
1192 5293 1256 5351 de
1278 5295 1578 5351 Resurrect.
1601 5310 1755 5349 carn.
1789 5311 1915 5366 cap.
1933 5296 2048 5368 27).

424 5381 576 5438 Alibi
634 5400 768 5441 vero
824 5386 1130 5458 magisque
1186 5387 1258 5443 ad
1314 5390 1578 5443 nostrum
1656 5388 2054 5458 propositum:

2186 1925 2295 1976 art.
2325 1922 2402 1989 2).
2435 1925 2509 1974 At
2538 1918 2656 1974 haac
2687 1935 2841 1994 vero,
2876 1918 3308 1974 observavimus
3339 1919 3621 1988 majorem
3644 1919 3838 1976 fuisse

2184 2009 2646 2063 Christianorum
2707 2007 3166 2074 multitudinem,
3246 2023 3425 2077 quam
3499 2006 3834 2074 gentilium.

2183 2095 2496 2152 Christiani
2529 2096 2731 2166 igitur,
2765 2096 2814 2151 si
2846 2095 3016 2151 thure
3045 2095 3234 2151 sabaeo
3267 2102 3632 2150 mortuorum
3682 2111 3832 2151 con-

2184 2186 2422 2240 diebant
2450 2200 2714 2256 corpora,
2745 2185 2816 2239 ad
2848 2183 2956 2239 hoc
2987 2184 3217 2256 pietatis
3237 2185 3495 2239 officium
3516 2184 3699 2240 Sabaei
3721 2185 3830 2240 de-

2185 2275 2399 2329 bebant
2455 2273 2626 2344 plura
2681 2273 2798 2327 illis
2855 2290 2964 2327 sua
3046 2273 3222 2328 thura
3293 2274 3564 2342 vendere,
3640 2291 3827 2346 quam

2182 2361 2520 2434 gentilibus,
2574 2377 2824 2432 quorum
2879 2361 3129 2432 plurima
3176 2378 3313 2433 pars
3361 2378 3546 2433 pauca
3611 2361 3826 2418 admo-

2182 2452 2323 2506 dum
2352 2449 2572 2506 vilioris
2627 2455 2684 2505 et
2743 2452 3072 2506 communis
3121 2466 3305 2522 grana
3342 2449 3457 2506 diis
3505 2449 3630 2506 suis
3679 2451 3828 2505 dare

2182 2542 2580 2595 consueverat.

2781 2697 3098 2738 ARTICULUS
3136 2698 3212 2739 ιν.

2179 2792 2356 2858 Quam
2383 2788 2664 2861 immerito
2715 2787 2920 2861 ethnici
2972 2788 3452 2861 conquerebantur
3495 2787 3830 2858 templorum

2251 2875 2476 2931 suorum
2527 2859 2819 2931 vectigalia
2872 2859 3102 2931 decoqui
3153 2875 3224 2915 ea:
3301 2875 3440 2931 quo,
3483 2861 3595 2914 orti
3653 2865 3827 2914 erant

2255 2930 2580 2994 Christiani,
2629 2932 2724 3001 qui
2777 2929 2881 3002 diis
2935 2929 3163 2986 illorum
3209 2929 3623 3002 hominibusque
3666 2948 3830 2984 men-

2252 3002 2560 3057 dicantzbus
2588 3017 2698 3056 non
2727 3001 2933 3056 1086
2986 3003 3355 3074 sufﬁciebant,
3409 3018 3471 3056 ae
3517 3001 3828 3074 uectigalia

2252 3074 2528 3145 solvebant
2581 3077 2737 3128 tanta
2765 3089 2950 3145 (cura,
3004 3073 3223 3145 quantis
3277 3074 3436 3145 dolis
3471 3074 3538 3127 ab
3617 3073 3829 3128 iisdem

2253 3144 2492 3199 ethnicis
2545 3143 3027 3214 fraudabanturf
3056 3147 3330 3200 neminem
3403 3143 3467 3199 de
3530 3145 3832 3200 sterilitate

2253 3215 2686 3288 Christianorum
2716 3217 2980 3286 conqueri
3009 3218 3274 3288 potuisse,
3331 3219 3533 3284 praeter
3581 3215 3832 3287 infames

2252 3287 2486 3356 lenones,
2516 3288 2874 3357 perductores,
2907 3287 3238 3359 aquariolos,
3283 3288 3532 3354 sicarios,
3579 3303 3827 3341 venena-

2249 3360 2381 3426 rios,
2412 3375 2615 3426 magos,
2651 3361 2940 3429 aruspices,
2993 3361 3220 3424 ariolos,
3266 3359 3679 3414 mathematicos
3707 3375 3727 3419 ;
3757 3375 3829 3414 ac

2247 3432 2298 3483 si
2327 3429 2456 3500 quid
2483 3433 2626 3500 forte
2653 3429 2871 3485 malum
2899 3431 3212 3501 reipublicae
3239 3447 3280 3485 α
3307 3432 3637 3501 Christianis
3688 3430 3827 3484 illa-

2249 3505 2366 3554 tum
2393 3505 2594 3570 luerat,
2617 3502 2760 3556 illud
2787 3518 2910 3558 cum
2933 3500 3139 3573 frenare
3157 3503 3226 3558 ab
3247 3502 3361 3557 illis
3382 3500 3608 3558 aliunde
3628 3517 3828 3557 resar-

2247 3574 2436 3627 citum.

2249 3713 2382 3777 Qum
2415 3710 2699 3767 hactenus
2750 3713 3082 3780 retulimus,
3129 3713 3509 3786 quantumvis
3558 3712 3716 3770 clara
3766 3720 3830 3769 et

2179 3799 2454 3855 omnibus
2485 3801 2796 3872 perspicua
2824 3802 2962 3870 sint,
2996 3819 3110 3858 non
3143 3807 3459 3874 potuerunt
3480 3807 3673 3858 tamen
3707 3818 3825 3856 caa-

2178 3904 2275 3942 cos
2306 3888 2693 3960 comprimere
2733 3889 3099 3946 ethnicorum
3149 3891 3426 3962 impetus,
3477 3905 3583 3946 nec
3631 3890 3828 3946 effre—

2177 3981 2384 4032 natum
2413 3976 2473 4031 in
2505 3976 2865 4034 Christianos
2905 3979 3163 4035 furorem
3193 3981 3580 4052 exstinguere.
3603 3978 3822 4051 Magno

2177 4065 2331 4121 enim
2356 4066 2547 4121 adhuc
2595 4066 2850 4122 clamore
2897 4068 3115 4139 ubique
3162 4069 3635 4124 vociferabantur
3682 4066 3824 4124 illos

2176 4153 2239 4209 in
2269 4153 2602 4226 reipublicae
2633 4159 2792 4211 ortos
2823 4171 2951 4212 esse
2980 4155 3316 4228 perniciem.
3368 4157 3450 4212 Ex
3497 4173 3611 4229 quo
3655 4155 3822 4212 enim

2176 4258 2378 4300 eorum
2409 4242 2611 4315 religio
2632 4243 2691 4300 in
2721 4245 3008 4300 mundum
3039 4243 3422 4302 disseminata
3441 4249 3566 4301 est:
3594 4266 3622 4294 ‹‹
3642 4244 3824 4300 Tem-

2175 4331 2405 4404 plorum
2436 4338 2795 4402 nostrorum,
2827 4333 3193 4407 inquiebant,
3224 4333 3528 4407 vectigalia
3559 4333 3826 4406 quotidie

2175 4420 2506 4492 decoquunt
2537 4445 2558 4474 ο
2597 4421 2858 4494 (Tertull.
2889 4421 3199 4497 Apotoget.;
3240 4439 3369 4496 cap.
3418 4424 3506 4492 42,
3557 4440 3615 4495 p.
3667 4422 3823 4492 493),

2174 4509 2284 4566 hoc
2313 4515 2402 4567 est
2429 4510 2709 4583 paulatim
2743 4512 3111 4569 minuuntur.
3147 4512 3399 4568 Cuilibet
3454 4512 3610 4569 enim
3651 4511 3824 4567 Chri-

2171 4597 2386 4665 stiano,
2411 4599 2496 4654 uti
2519 4600 2764 4669 ipsemet
2781 4599 3175 4658 Tertullianus
3197 4602 3429 4672 fatetur,
3452 4599 3824 4673 prohibitum

2173 4691 2316 4757 erat,
2352 4707 2380 4737 ››
2412 4703 2484 4743 ne
2514 4704 2684 4744 curas
2714 4687 3069 4761 templorum
3101 4688 3349 4761 deleget,
3383 4693 3484 4745 aut
3511 4688 3825 4761 vectigalia

2173 4791 2374 4832 eorum
2423 4781 2694 4848 procuret
2723 4799 2752 4829 »
2807 4777 3017 4850 (Idem,
3067 4778 3141 4834 de
3189 4777 3466 4849 ldololat.,
3516 4794 3644 4850 cap.
3705 4777 3820 4850 17).

2171 4867 2313 4919 Cum
2373 4865 2562 4935 major
2616 4865 2838 4938 itaque,
2899 4867 2985 4922 uti
3043 4867 3258 4940 sapius
3312 4866 3591 4938 diximus,
3660 4871 3825 4923 esset

2171 4952 2657 5024 Christianorum,
2690 4972 2865 5027 quam
2917 4955 3285 5014 ethnicorum
3334 4973 3636 5024 numerus,
3682 4973 3824 5029 pro-

2171 5041 2319 5097 fecto
2351 5040 2520 5114 longe
2549 5045 2851 5115 pauciores
2881 5045 3232 5118 templorum
3261 5044 3569 5120 vectigalia
3596 5045 3824 5118 pende-

2174 5130 2336 5186 bant.

2253 5219 2461 5276 Verum
2495 5221 2603 5277 etsi
2635 5239 2728 5278 res
2750 5223 2831 5280 ita
2855 5223 3200 5297 sit,ethnici,
3225 5242 3340 5281 non
3369 5225 3440 5281 de
3465 5223 3822 5282 Christianis

2169 5310 2424 5380 tantum,
2447 5311 2548 5365 sed
2572 5311 2644 5366 de
2673 5311 2798 5368 suis
2825 5312 3001 5369 etiam
3033 5315 3421 5370 sectatoribus
3447 5312 3822 5386 expostulare

2171 5396 2479 5454 debebant.
2501 5399 2586 5455 Ab
2607 5399 2692 5457 eis
2713 5417 2930 5474 quippe
2950 5403 3345 5460 Tertullianus
3359 5403 3550 5477 petiit:
3575 5426 3602 5454 α
3626 5402 3823 5475 Stipes

427 5472 755 5566 «HViderint
775 5475 1011 5546 ethnici,
1046 5477 1258 5550 inquit,
1284 5477 1332 5533 si
1364 5477 1576 5533 eaedem
1604 5491 1847 5566 merces,
1887 5476 2060 5533 thura
2166 5489 2640 5562 quotusquisque
2683 5472 3033 5564 jam—jactat
3087 5494 3294 5564 (Idem,
3351 5472 3628 5566 dpologet.
3703 5472 3819 5547 loc.

433 5559 586 5628 dico,
636 5566 694 5617 et
728 5569 934 5619 (taetera
980 5566 1410 5638 peregrinitatis
1441 5566 1512 5622 ad
1538 5563 1887 5621 sacriﬁcium
1936 5567 2060 5623 ido-

433 5645 647 5719 lorum,
669 5650 846 5710 etiam
874 5652 1214 5712 hominibus
1245 5655 1316 5712 ad
1347 5655 1647 5728 pigmenta
1667 5653 2058 5731 medicinalis,

2169 5575 2292 5639 cit.)
2316 5575 2344 5631 ?
2368 5595 2396 5629 ι
2433 5577 2624 5650 Stipes
2655 5585 2853 5637 autem
2887 5598 3170 5639 nummus
3199 5587 3325 5639 erat
3363 5583 3655 5655 signatus.
3707 5582 3822 5646 Qui

2167 5663 2333 5722 enim
2365 5687 2395 5717 ‹‹
2431 5665 2549 5724 diis
2579 5683 2714 5726 cum
2745 5668 3066 5742 thesauris,
3097 5671 3180 5728 ait
3207 5669 3408 5744 Varre,
3457 5685 3620 5728 asses
3651 5669 3824 5741 dant,
