2081 3180
202 189 279 221 1185

661 190 699 222 D.
721 190 771 221 LE
791 190 959 222 NOUllllY
978 189 1303 223 OBSERVATIONES
1324 188 1452 221 NOVJE.

1830 188 1911 221 1186

201 257 307 293 stipem
323 257 435 286 dicunt.
453 267 466 282 »ι
482 257 576 294 (Verr.
593 256 645 284 lib.
658 265 686 285 IV
699 256 733 285 de
753 257 834 292 Ling.
851 257 955 293 Lattm,
971 257 1026 286 sub
1041 257 1070 292 Α
1083 257 1272 285 contendimus
1287 255 1408 292 (Justin.
1420 255 1529 291 Apolog.
1562 255 1603 283 ad
1628 254 1752 291 Antam).
1773 254 1814 284 Es
1839 262 1907 284 vero

201 301 262 338 lin):
280 302 474 335 Quamobrem
490 301 611 330 Ovidius
626 302 770 330 canebat:

277 369 400 393 Contulit
418 375 455 394 res
469 368 599 400 populus:
618 368 651 393 de
666 375 721 399 quo
736 368 848 400 delubra
863 368 987 394 Metellus

292 400 374 431 Fecit,
390 400 444 425 ait:
461 399 558 425 dandis
573 407 631 425 mos
645 400 722 432 stipis
736 399 799 425 inde
816 401 919 425 manat.

560 435 637 461 Ovid.
651 435 699 461 lib.
714 442 740 460 Ix
754 435 858 461 Fauor.
873 438 886 466 ς
900 435 937 467 3.)

198 498 311 526 Ethnici
325 506 393 534 ergo
423 498 447 526 si
463 498 570 534 stipem
599 497 718 533 templis
746 506 803 526 non
833 493 952 531 dabant,
968 506 1027 526 non

198 542 295 570 minus
311 546 388 571 certe
417 551 505 579 quam
529 542 688 570 Christiani
717 542 754 571 iis
776 542 923 571 faciebant
938 542 1028 570 detri-

199 590 345 614 mentum.

235 632 387 659 [astabant
400 631 536 668 gentiles,
561 634 650 668 atque
670 633 702 660 ut
726 631 767 659 ait
787 631 942 665 Arnobius,
957 639 1026 660 con-

194 676 334 711 jectores,
350 676 445 710 arioli,
469 678 550 704 vates
574 678 603 704 et
617 675 667 704 alii
691 675 877 704 amarissime
892 676 1026 712 deplora-

197 721 267 748 bant
295 720 325 748 in
357 720 473 756 templis
502 720 565 749 suis
593 721 737 749 raritatem
762 721 883 757 (Arnob.
913 720 974 748 lib.
1005 729 1026 749 ιι

195 764 300 792 advers.
316 766 414 801 gent),
430 774 464 793 ac
487 773 539 793 nec
563 765 684 801 exiguas
701 765 818 801 quidem
835 765 927 802 stipes
940 772 1026 801 posse

195 818 212 837 a
241 809 430 845 paucissimis
459 809 680 838 consultoribus
708 810 884 846 extorqueri.
913 810 1025 838 Scimus

196 853 316 889 quidem
331 853 459 881 Plinium
483 854 650 882 Secundum
680 855 709 881 in
737 863 792 882 sua
813 854 848 882 ad
865 854 1025 889 Trejauum

195 897 404 934 imperatorem
429 898 554 935 epistola
578 898 734 935 scripsisse
756 898 864 934 templa
888 901 917 926 et
943 907 1025 927 sacra

196 942 341 971 solemnia
367 943 489 978 cepisse
518 951 572 971 suo
599 945 731 979 tempore
760 943 862 979 repeti.
891 943 1024 971 Totidem
1040 945 1063 977 B

195 987 274 1014 enim
291 988 350 1015 hac
365 986 446 1015 illius
461 987 549 1015 verba
573 986 699 1023 legimus
712 995 718 1015 :
736 998 750 1013 ‹‹
767 988 848 1015 Certe
863 987 936 1016 satis
951 995 1022 1015 con-

195 1033 254 1059 stat
269 1040 358 1068 prope
372 1031 432 1066 jam
449 1032 580 1059 desolata
602 1032 713 1068 templa
734 1032 856 1068 coepisse
871 1031 1022 1067 celebrari,

194 1078 223 1103 et
237 1083 320 1103 sacra
335 1075 479 1104 solemnia
494 1075 543 1103 diu
560 1076 731 1104 intermissa
745 1076 1023 1112 repeti,passimque

192 1120 292 1147 venire
306 1120 451 1155 victimas,
468 1129 594 1156 quarum
610 1120 706 1148 adhuc
722 1120 893 1149 rarissimus
908 1123 1023 1156 emptor

192 1163 398 1192 inveniebatur
414 1176 424 1188 ι
443 1165 529 1201 (Plin.
554 1164 605 1192 lib.
622 1173 649 1200 ι,
676 1165 761 1200 epist.
785 1165 846 1199 101Υ
864 1173 929 1201 pag.
946 1165 1019 1200 376).

193 1208 249 1236 Sed
266 1209 344 1244 quod
362 1209 470 1237 fatetur
485 1217 574 1245 prope
583 1209 715 1237 desolata
730 1209 821 1237 fuisse
836 1209 1020 1237 ethnicorum

193 1253 304 1289 templa
318 1255 347 1281 et
374 1261 468 1288 sacra,
489 1253 544 1281 hoc
571 1253 760 1281 verissimum
785 1255 840 1282 est.
855 1253 935 1286 Quod
951 1263 1020 1282 vero

193 1297 347 1333 subjungit
369 1297 418 1325 illa
446 1299 569 1334 coepisse
598 1298 699 1334 repeti,
730 1298 776 1326 his
806 1299 900 1326 verbis
922 1299 1020 1335 inepte

193 1342 329 1370 adulatus
342 1345 386 1370 est
401 1342 537 1378 Trajano,
554 1344 638 1378 cujus
653 1342 838 1371 clementiam
863 1351 914 1379 per
926 1344 968 1372 fas
991 1348 1021 1372 et

192 1387 274 1414 nefas
303 1380 591 1415 extollere-volebat.
621 1387 695 1416 Nam
724 1390 872 1415 crescente
896 1396 1019 1416 numero

194 1431 439 1465 Christianorum,
452 1431 551 1458 minus
563 1431 822 1466 frequentabantur
834 1431 1018 1461 ethnicorum

193 1475 304 1510 templa
319 1475 477 1511 minusque
493 1475 645 1511 vectigalia
660 1475 859 1503 solvebantur.

229 1519 429 1547 Tertullianus
441 1519 537 1555 itaque
553 1519 581 1547 id
594 1519 670 1547 ultro
686 1520 802 1552 fatetur.
818 1522 847 1547 et
861 1520 1018 1554 gentilibus

197 1563 297 1591 1087
343 1564 500 1599 respondet
540 1566 804 1600 quantumcunque
831 1564 919 1592 fuerit
945 1565 1018 1593 illud

192 1608 347 1642 damnum,
362 1617 379 1636 a
393 1608 566 1636 Christianis
581 1608 697 1636 abunde
712 1608 839 1636 restitui.
866 1609 924 1637 Nos
939 1610 1017 1637 enim

193 1661 250 1680 non
277 1652 454 1687 sufﬁcimus,
484 1652 592 1687 inquit,
618 1664 632 1677 «
657 1654 686 1680 et
709 1652 878 1680 hominibus
907 1656 936 1681 et
963 1654 1018 1682 diis

192 1697 296 1724 vestris
312 1697 547 1724 mendicantibus
565 1705 650 1732 opem
667 1697 740 1724 ferre
757 1708 771 1721 ››
797 1697 931 1733 (Tertull.
948 1698 1017 1734 Apo-

192 1742 286 1776 loget.,
303 1750 365 1777 cap.
382 1742 427 1774 42,
445 1750 472 1776 p.
485 1741 557 1776 494).
577 1742 633 1769 Hoc
643 1744 698 1774 est,
712 1742 812 1769 omnia
826 1742 903 1770 bona
920 1746 1020 1771 nostra

192 1794 353 1820 omnesque
369 1788 474 1814 nostras
490 1785 644 1814 facultates
655 1794 713 1814 non
725 1786 925 1820 sufﬁciunt,ut
941 1795 1019 1815 men-

192 1830 360 1858 dicantibus
375 1830 492 1863 vestris,
518 1838 585 1858 cum
609 1830 678 1864 diis,
698 1833 761 1858 tum
787 1831 967 1864 hominibus,
984 1832 1019 1859 de

192 1875 302 1910 quibus
317 1875 387 1902 alibi
418 1884 434 1902 a
450 1875 534 1902 nobis
549 1877 648 1903 actum
678 1878 723 1902 est
746 1877 830 1909 (tom.
860 1875 1017 1911 I'Apparat.

193 1927 260 1955 pag.
275 1919 350 1953 784),
367 1928 451 1954 opem
480 1920 620 1947 feramus.
650 1919 682 1946 In
710 1919 844 1946 aerarium
860 1928 928 1956 ergo
944 1923 1018 1947 tem-

193 1963 308 1999 plorum
324 1965 499 1998 vestrorum,
512 1963 540 1990 in
557 1972 622 1999 quae
632 1972 685 1991 nos
697 1963 849 1991 vobiscum
865 1964 1019 1992 convenire

193 2007 275 2035 nefas
289 2010 344 2039 est,
359 2007 414 2035 etsi
425 2007 535 2035 nullam
545 2008 651 2043 stipem
661 2008 818 2043 jactemus,
835 2007 905 2035 alibi
920 2012 1017 2036 tamen

192 2051 372 2087 quibuslibet
387 2051 553 2087 petentibus
577 2051 685 2088 sapius
708 2055 736 2079 et
759 2052 844 2088 longe
863 2052 1016 2081 abundan-

191 2095 251 2123 tius
278 2104 341 2123 eam
365 2095 551 2131 impcrtimur
574 2096 695 2132 (Dissert.
726 2097 757 2124 in
782 2097 886 2125 Minue.
911 2097 1016 2132 0etav.,

191 2149 254 2176 cap.
269 2140 314 2175 20,
340 2143 394 2168 art.
422 2140 477 2175 30).
495 2140 561 2168 Plus
589 2141 746 2174 enimvero,
778 2141 819 2168 ait
841 2141 901 2175 ille,
924 2144 1018 2170 nostra

190 2185 381 2212 misericordia
398 2186 513 2212 insumit
528 2186 652 2219 vicatim,
667 2193 717 2213 seu
737 2186 822 2221 plura
837 2185 1017 2221 quibuslibet

190 2238 241 2265 per
256 2230 334 2257 vicos
350 2232 378 2257 et
393 2229 454 2257 vias
466 2230 618 2257 civitatum
631 2230 865 2257 mendicantibus
881 2230 1015 2266 largitur,

190 2283 271 2309 quam
290 2279 378 2302 vestra
402 2274 499 2309 religio
522 2273 680 2310 templatim
705 2274 839 2310 (Tertull.
867 2274 921 2302 loc.
942 2275 1015 2311 cit),

189 2319 248 2346 sive
264 2319 293 2346 in
309 2318 435 2355 singulis
452 2318 569 2354 templis
585 2319 689 2347 vestris
706 2319 819 2346 tribuit.

223 2364 332 2391 Deinde
347 2372 413 2390 vero
431 2363 591 2399 vectigalia.
619 2364 654 2391 ab
677 2363 904 2399 imperatoribus
921 2364 1012 2400 impo-

187 2408 255 2441 sita,
272 2407 429 2435 Christiani
447 2408 539 2435 multo
555 2409 665 2443 majore
679 2416 758 2441 cura,
775 2411 802 2435 et
818 2408 929 2435 meliori
947 2408 1012 2443 fide,

187 2461 275 2487 quam
287 2452 411 2489 gentiles
428 2453 588 2480 solvebant.
601 2453 675 2485 Quin
687 2453 774 2480 etiam
787 2453 846 2480 haec
858 2453 1012 2487 vectigalia,

187 2496 293 2531 inquit,
313 2508 323 2521 α
342 2497 452 2533 gratias
472 2500 560 2533 agent
585 2498 759 2525 Christianis
774 2506 807 2525 ex
832 2498 889 2525 ﬁde
905 2499 1011 2534 depen-

187 2540 324 2568 dentibus
340 2541 483 2574 debitum,
509 2550 566 2577 qua
586 2542 680 2570 alieno
705 2543 868 2570 fraudando
884 2543 1013 2570 abstine-

187 2594 253 2612 mus
271 2597 280 2609 ι
301 2585 407 2620 (Ibid.).
427 2586 573 2613 Noverant
596 2587 703 2622 quippe
729 2586 800 2614 illud
817 2587 922 2614 Christi
941 2596 1013 2623 prae-

185 2631 321 2665 ceptum:
340 2629 450 2657 Reddite
470 2638 529 2665 quia
553 2634 618 2657 sunt
642 2632 758 2658 Caesaris
788 2631 892 2659 Caesari
906 2631 1012 2667 (Matth.

184 2683 254 2707 xxn,
271 2675 326 2708 21).
344 2678 438 2710 Atque
455 2675 521 2702 inde
536 2674 672 2702 Justinus
697 2675 804 2711 Martyr
820 2676 946 2703 ethnicis
962 2685 1011 2711 pa-

184 2719 240 2746 lam
265 2719 378 2746 dicebat
395 2728 400 2746 :
417 2718 521 2755 Φόρους
548 2718 592 2745 καὶ
623 2719 749 2757 εἰσφορὰς
775 2722 833 2750 τοῖς
864 2720 907 2758 ὑφ’
937 2720 1011 2756 ὑμῶν

183 2764 362 2800 τεταγμένοις
387 2765 527 2801 πανταχοῦ
557 2764 608 2801 πρὸ
640 2763 746 2791 πάντων
773 2765 929 2802 πειρώμεθα
958 2765 1013 2802 φέ-

185 2818 250 2845 ρειν,
274 2809 420 2844 Vectigalia
443 2818 510 2837 sane
531 2811 555 2837 et
582 2810 742 2838 collationes
766 2812 814 2845 cis,
832 2812 882 2846 qui
906 2819 921 2838 ιι
939 2811 1012 2838 vobis

184 2857 246 2881 sunt
261 2853 382 2882 ordinati
404 2855 576 2883 exactoribus
589 2863 648 2891 prae
658 2856 783 2883 omnibus
795 2856 893 2891 ubique
910 2856 1014 2891 inferre

1034 1629 1055 1662 C

1083 301 1192 330 ethnici
1208 301 1249 329 sic
1265 300 1451 336 fraudabant,
1465 311 1479 326 α
1495 301 1529 328 ut
1553 299 1578 328 sl
1604 298 1732 334 ineatur,
1749 309 1764 326 η
1789 298 1907 329 Tertul-

1085 345 1154 374 liani
1175 346 1264 374 verba
1283 346 1364 380 sunt,
1387 355 1401 370 «
1410 346 1556 381 quantum
1584 343 1778 381 vectigalibus
1806 345 1908 381 pereat

1082 390 1184 419 fraude
1197 392 1226 419 et
1235 389 1388 418 mendacio
1400 391 1564 418 vestrarum
1580 388 1808 425 professionum,
1824 387 1910 418 facile

1082 435 1154 464 ratio
1169 434 1270 463 haberi
1281 434 1384 471 possit,
1402 433 1490 462 unius
1505 433 1611 470 speciei
1629 432 1747 469 querela
1766 440 1908 470 compon-

1083 482 1146 507 sata
1162 488 1213 516 pro
1223 479 1378 507 commodo
1393 480 1563 506 ceterarum
1580 477 1726 506 rationum
1742 488 1753 502 ι
1771 476 1906 514 (Tertull.

1081 524 1233 561 Apologet.,
1249 531 1312 560 cap.
1325 524 1370 559 t2,
1386 531 1449 560 pag.
1467 523 1540 558 495).
1557 522 1599 550 Ibi
1615 524 1694 550 certe
1715 521 1907 558 professionis

1082 577 1187 597 nomen
1200 568 1344 605 accipitur
1373 575 1423 603 pro
1452 566 1571 604 publica
1593 567 1737 595 bonorum
1759 566 1907 600 omnium,

1081 622 1147 650 quae
1161 613 1368 650 unusquisque
1385 611 1565 648 possidebat,
1577 610 1758 648 expositione
1772 619 1824 639 seu
1853 610 1904 640 de-

1081 658 1250 686 clarations.
1267 657 1322 686 Sed
1345 665 1401 685 non
1426 656 1494 685 inde
1521 655 1634 684 tollitur
1653 658 1714 684 tota
1745 654 1905 684 difﬁcultas

1080 702 1259 730 obscurioris
1274 701 1397 737 hujusce
1409 701 1535 737 phrasis,
1558 709 1622 737 quin
1646 699 1758 736 duplici
1773 699 1860 728 modo
1889 708 1907 728 ι

1080 746 1283 782 sagacioribus
1297 745 1595 781 explicatur.0uidam
1613 745 1691 773 enim
1707 746 1812 781 putant
1826 743 1905 772 hunc

1080 799 1145 819 esse
1161 790 1334 818 Tertulliani
1349 797 1469 817 sensum
1486 798 1492 818 :
1509 790 1532 817 si
1549 789 1747 825 perpendetur
1760 791 1904 824 quantum
1918 829 1920 832 ν
1964 819 1973 823 _

1079 836 1203 872 gentiles
1219 835 1331 864 malum
1356 835 1523 871 reipublicm
1556 834 1725 871 important,
1750 834 1850 871 fraude
1876 837 1904 863 et

1078 883 1220 911 mendacio
1234 881 1432 918 professionum
1445 879 1548 916 (lbid.),
1573 880 1633 908 sive
1655 874 1730 907 falsa
1755 879 1902 908 bonorum

1079 935 1200 955 suorum
1216 925 1424 959 declaratione,
1438 925 1590 952 confestim
1604 923 1649 951 vel
1664 924 1719 951 hac
1732 924 1831 959 specie,
1842 924 1902 951 sive

1078 971 1132 999 hoc
1149 970 1210 999 solo
1234 968 1368 1006 exemplo
1396 970 1572 1005 agnoscatur
1595 967 1667 995 illud
1702 967 1812 995 malum
1836 975 1902 996 esse

1077 1016 1186 1051 majus.
1202 1023 1290 1051 quam
1301 1013 1444 1050 quidquid
1460 1013 1530 1041 boni
1554 1012 1620 1040 aliis
1644 1012 1807 1041 rationibus
1835 1012 1903 1041 sffe-

1077 1063 1158 1089 runt.
1174 1059 1228 1088 Alii
1243 1067 1311 1087 vero
1326 1058 1498 1087 Tertulliani
1514 1059 1643 1086 mentem
1664 1057 1707 1085 sic
1732 1056 1898 1093 explicant:

1077 1104 1234 1132 Christiani
1243 1106 1326 1132 tanta
1340 1111 1408 1130 curs
1423 1104 1563 1138 tantaque
1579 1101 1635 1128 ﬁde
1645 1101 1763 1129 solvunt
1776 1101 1899 1136 tributa,

1076 1148 1196 1184 quantis
1206 1148 1281 1176 dolis
1297 1155 1329 1175 ac
1340 1146 1501 1174 mendaciis
1516 1145 1698 1182 agentilibus
1714 1145 1898 1179 fraudantur,

1076 1195 1189 1228 hocque
1197 1194 1259 1222 solo
1269 1192 1401 1228 exemplo
1414 1191 1500 1228 plane
1508 1191 1663 1218 coniicitur
1676 1184 1897 1226 iniquissimam

1075 1247 1140 1267 esse
1157 1239 1259 1266 horum
1274 1238 1309 1265 de
1319 1237 1551 1265 Christianorum
1563 1234 1722 1262 inutilitate
1730 1234 1898 1271 querelam;

1075 1284 1145 1320 quia
1163 1282 1315 1318 vectigalia
1329 1281 1440 1309 caeteris
1469 1280 1607 1308 omnibus
1635 1279 1802 1307 accuratius
1831 1286 1900 1315 pen-

1075 1328 1192 1362 debant,
1208 1335 1241 1354 ac
1264 1326 1288 1354 si
1313 1326 1383 1362 quid
1407 1325 1525 1352 aliunde
1552 1324 1689 1352 afferrent
1717 1323 1896 1358 detrimenti,

1074 1376 1248 1403 exterarum,
1266 1379 1329 1406 quae
1345 1369 1478 1396 indicatis
1490 1370 1570 1401 sunt,
1591 1368 1730 1395 rationum
1758 1367 1898 1394 commodo

1074 1416 1184 1443 affatim
1201 1413 1457 1449 compensabatur.
1473 1414 1508 1439 At
1523 1420 1593 1440 sane
1609 1411 1632 1439 si
1644 1412 1683 1439 ibi
1700 1411 1896 1439 Tertullianus

1073 1460 1206 1487 ethnicos
1218 1467 1276 1487 non
1286 1458 1436 1493 componit
1455 1464 1522 1484 cum
1535 1456 1719 1489 Christianis,
1737 1456 1832 1492 potior
1853 1456 1898 1483 vi-

1074 1506 1160 1533 detur
1176 1503 1270 1540 prima
1290 1502 1500 1539 interpretatio,
1520 1509 1579 1537 qua
1598 1500 1747 1537 colligitur
1773 1499 1839 1528 illos
1860 1501 1897 1528 de

1075 1549 1163 1577 allato
1178 1549 1214 1576 ab
1229 1548 1275 1575 his
1292 1546 1459 1584 reipublicae
1479 1546 1587 1573 damno
1600 1553 1721 1581 prorsus
1749 1544 1897 1572 immerito

1074 1592 1294 1629 expostulasse;
1312 1590 1547 1628 quandoquidem
1564 1590 1642 1617 aliud
1660 1589 1756 1624 majus
1786 1589 1896 1617 bonum

1074 1638 1273 1665 conferebant.
1291 1637 1320 1664 Si
1341 1644 1406 1664 vero
1436 1635 1475 1662 ibi
1498 1638 1635 1669 utrosque
1659 1633 1843 1661 Christianos
1868 1635 1898 1661 et

1074 1682 1199 1717 gentiles
1215 1681 1317 1709 1088
1328 1681 1405 1708 inter
1419 1688 1450 1707 se
1465 1679 1598 1710 contulit,
1624 1677 1786 1705 secundam
1808 1685 1895 1713 expo-

1074 1726 1210 1754 sitionem
1227 1726 1373 1762 prazt‘eras,
1388 1732 1438 1760 per
1448 1732 1501 1751 nos
1515 1723 1592 1750 licet.

1108 1771 1248 1798 Caeterum
1267 1772 1298 1797 ut
1308 1770 1415 1796 Auctor
1425 1770 1524 1795 noster
1538 1767 1584 1794 eth
1591 1767 1671 1794 nicos
1687 1766 1818 1801 pressius
1849 1774 1896 1793 ur-

1074 1817 1142 1850 gent
1162 1815 1265 1850 (Idem,
1288 1813 1377 1848 ίΙήιί.),
1407 1812 1465 1839 illis
1495 1811 1571 1839 ultro
1596 1810 1728 1838 concedit
1752 1810 1896 1846 quosdam

1073 1859 1150 1894 apud
1163 1867 1212 1886 eos
1224 1858 1353 1893 reperiri,
1372 1856 1420 1892 qui
1438 1857 1473 1883 de
1498 1855 1743 1888 Christianorum,
1772 1857 1805 1882 ut
1834 1854 1897 1890 ipse

1073 1903 1124 1938 ait,
1141 1903 1293 1931 sterilitate
1309 1901 1572 1937 conquerebantur.
1589 1900 1644 1927 Sed
1660 1899 1792 1934 quinam,
1820 1898 1898 1926 Deus
1935 1932 1939 1937 '

1072 1947 1398 1981 bons,hierant?Non
1429 1945 1478 1972 alii
1509 1946 1648 1980 profecto,
1681 1943 1735 1970 nisi
1762 1942 1897 1970 homines

1073 1992 1189 2027 perditi,
1207 1992 1268 2019 suis
1282 1990 1361 2018 vitiis
1385 1993 1413 2018 et
1437 1989 1597 2017 sceleribus
1627 1988 1763 2019 infames,
1788 1986 1897 2021 quibus

1072 2044 1125 2063 nec
1136 2035 1260 2072 placere,
1277 2043 1330 2062 nec
1346 2035 1440 2061 favere
1452 2041 1570 2061 summa
1591 2034 1635 2060 est
1647 2030 1815 2066 reipublicae
1840 2031 1896 2058 uti-

1072 2080 1150 2107 litas.
1167 2079 1321 2115 Triplicem
1338 2083 1434 2106 autem
1457 2086 1507 2105 eos
1518 2075 1676 2112 distinguit
1704 2075 1732 2102 in
1759 2074 1895 2107 classem,

1072 2132 1195 2159 quorum
1209 2124 1304 2159 prima
1319 2126 1381 2150 erat
1400 2121 1640 2157 turpissimarum
1663 2119 1794 2147 nefanda!
1825 2118 1895 2146 libi-

1072 2168 1149 2195 dinis
1165 2168 1379 2199 ministrorum,
1397 2167 1447 2201 qui
1463 2165 1561 2193 abillo
1577 2163 1763 2199 appellantur
1783 2163 1895 2190 lenones

1069 2213 1254 2249 perductores,
1276 2212 1429 2247 aquarioli.
1454 2210 1533 2237 Duos
1566 2212 1663 2237 autem
1682 2208 1793 2244 priores
1816 2215 1895 2234 com-

1072 2260 1215 2284 memorat
1227 2257 1334 2287 Cicero,
1348 2255 1396 2282 ubi
1413 2257 1512 2282 contra
1528 2254 1646 2280 Verrem
1664 2253 1707 2279 sic
1736 2251 1892 2279 invehitur.

1030 2315 1054 2346 Ι)
1072 2314 1084 2327 ‹‹
1099 2302 1226 2329 Siloatur
1236 2302 1270 2329 de
1287 2300 1437 2328 nocturnis
1452 2299 1516 2333 ejus
1544 2297 1787 2346 bacchatiouibus
1807 2299 1835 2323 et
1856 2296 1895 2346 vli-

1069 2347 1168 2382 giliis;
1198 2347 1349 2379 lenonum,
1379 2345 1551 2375 aleatorum,
1577 2342 1783 2376 perducturum
1815 2340 1894 2367 nulla

1070 2391 1179 2418 mentio
1196 2392 1247 2418 ﬁat
1264 2402 1277 2415 ››
1289 2390 1389 2425 (Cicer,
1409 2388 1458 2415 lib.
1476 2397 1495 2415 ιι
1508 2389 1537 2415 in
1555 2390 1649 2419 Verr.,
1664 2386 1785 2422 pag.68,
1799 2385 1890 2420 lin.3).

1070 2437 1200 2463 Lenones
1211 2444 1280 2462 vero
1296 2435 1373 2461 inter
1383 2436 1411 2460 et
1427 2433 1616 2469 perductores
1633 2431 1686 2458 hoc
1702 2434 1763 2457 erat
1788 2429 1893 2456 discri~

1069 2489 1147 2511 men,
1163 2481 1240 2515 quod
1251 2479 1335 2515 primi
1348 2479 1486 2506 mulieres
1503 2486 1558 2504 non
1573 2476 1761 2508 reluctantes,
1772 2473 1892 2501 secundi

1069 2525 1174 2552 invitas
1190 2526 1224 2552 ad
1243 2528 1377 2560 stuprum
1394 2524 1583 2550 adducerent.
1597 2521 1778 2555 Quapropter
1788 2517 1894 2546 cecinit

1070 2570 1206 2597 Horatius
1219 2577 1225 2596 ί

1132 2636 1258 2666 Laudato,
1275 2636 1405 2659 senrtator
1420 2634 1465 2661 ait,
1482 2639 1545 2666 cave
1562 2634 1586 2666 te
1599 2632 1675 2666 roget
1689 2629 1766 2654 ultra.

1132 2650 1258 2666 μαυυιιιυ⁷
1275 2650 1399 2659 διυιιιαιιυι
1420 2650 1465 2661 ιιι-ι,
1482 2650 1545 2657 νυνι
1563 2650 1585 2656 μη
1601 2650 1627 2655 η,
1650 2650 1654 2653 ς
1667 2650 1675 2653 -
1691 2650 1735 2654 ...η

1131 2667 1291 2697 Penelopam
1308 2666 1392 2690 facilis
1408 2665 1505 2696 potiori
1518 2664 1601 2688 trade.
1620 2650 1737 2697 lshtasne

1134 2693 1246 2723 Perduci
1262 2698 1359 2729 poterit
1370 2693 1423 2721 tam
1440 2696 1637 2726 frugi,tamque
1654 2693 1760 2724 pudica.

1270 2738 1372 2767 (Horat.
1388 2737 1434 2761 lib.
1452 2743 1478 2766 Il,
1495 2735 1568 2760 eatir.
1582 2736 1604 2765 5,
1621 2741 1645 2758 v.
1662 2735 1690 2757 75
1707 2734 1733 2756 et
1747 2736 1830 2762 seqq.)

1067 2811 1205 2846 Ejusdem
1221 2810 1318 2838 farinro
1334 2810 1416 2836 crant
1431 2807 1580 2843 apuarioli,
1599 2805 1657 2841 qui,
1673 2806 1703 2831 ut
1720 2803 1759 2831 ait
1775 2803 1889 2835 Festus,

1067 2856 1227 2884 dicebantur
1242 2855 1392 2882 mulierum
1406 2852 1619 2888 impudicorum
1647 2848 1751 2877 sordidi
1779 2847 1891 2876 asseelz

2053 807 2081 830 ξ

2057 844 2081 866 Ἔ

2033 879 2081 905 ές

2033 903 2081 958 '3.

2033 996 2081 1018 »Α

2036 1024 2081 1066 ,τε
