4162 6378
509 351 537 410 1
554 351 661 412 187

505 572 897 636 Quamobrem
955 571 1028 625 ab
1075 571 1320 642 Apuleio
1370 578 1728 630 memoratur
1788 580 2146 634 exacerbatus

503 660 824 731 aquariolus
855 662 1045 715 uxoris
1060 677 1173 716 sua:
1193 661 1571 733 impudicmet
1593 666 1914 721 meretricis
1947 667 2140 738 (Apul.

500 751 721 821 Apolog.
758 754 890 804 ante
923 751 1075 804 med.
1129 767 1260 822 pag.
1313 752 1459 821 366).
1519 752 1891 823 Spurcissimi
1947 760 2141 810 autem

501 839 1133 907 hujusmodibomines
1167 839 1512 897 mulieribus
1544 859 1755 914 aquam
1812 845 1882 899 ad
1943 846 2142 901 sordes

500 928 826 984 abluendas
883 929 1287 999 asportabant.
1346 932 1420 985 At
1474 931 1622 999 vide,
1671 949 1890 1006 quaeso,
1947 940 2140 990 utrum

502 1017 636 1073 huic
668 1017 1068 1089 impurissimo
1102 1017 1405 1073 hominum
1442 1022 1600 1092 gregi
1633 1023 2015 1078 ascribendus
2067 1025 2143 1079 sit

497 1107 851 1162 Commodus
907 1107 1246 1177 imperator,
1300 1108 1370 1162 de
1429 1125 1543 1179 quo
1589 1110 1710 1166 haec
1773 1112 2138 1183 Lampridius

501 1195 796 1250 memoriae
823 1195 1114 1265 prodidit:
1148 1218 1174 1244 «
1201 1195 2137 1272 Gladiatoribusconvixit,aquam

496 1284 677 1357 gessit
711 1283 1074 1340 utlenonum
1135 1285 1457 1341 minister»
1521 1287 1836 1359 (Lamprid.
1897 1290 1954 1344 in
2019 1294 2142 1347 Vita

498 1372 817 1445 Commod.)
854 1373 1250 1437 Quorumdam
1285 1379 1479 1430 tamen
1513 1377 1706 1448 opinio
1737 1382 1826 1432 est
1856 1380 2139 1448 aquarioli

497 1461 736 1517 nomine
778 1461 1096 1533 signiﬁcari
1157 1462 1573 1534 balneatorem,
1633 1467 1729 1537 qui
1814 1467 2136 1525 lavantium

495 1555 686 1607 vestes
717 1551 1084 1608 custodiebat
1115 1568 1181 1607 ac
1211 1552 1672 1610 lenocinabatur.
1708 1558 1846 1612 Inde
1899 1560 2140 1614 canebat

499 1639 780 1695 Martialis
806 1655 818 1694 :

646 1785 775 1834 Cum
805 1787 856 1833 te
890 1784 1112 1833 lucerna
1144 1785 1422 1835 balneator
1447 1789 1705 1839 exstincta

650 1846 913 1896 Admittat
935 1848 1076 1895 inter
1106 1847 1408 1897 bustuarias
1430 1851 1686 1900 mmchas.

891 1918 1141 1976 (Martial.
1173 1918 1267 1968 lib.
1295 1933 1368 1978 IlI,
1400 1921 1653 1984 epigram.
1683 1924 1786 1986 62.)

564 2050 645 2105 Ad
702 2050 912 2106 talium
969 2055 1119 2106 certe
1167 2052 1473 2110 hominum
1536 2056 1606 2111 de
1665 2056 2132 2116 Christianorum

495 2139 803 2195 sterilitate
829 2144 886 2195 et
918 2140 1232 2196 inutilitate
1281 2143 1686 2217 expostulatio,
1745 2147 1953 2202 borum
2013 2155 2136 2204 erat

498 2233 555 2284 et
611 2228 842 2284 virtutis
893 2234 951 2284 et
983 2229 1253 2286 utilitatis
1310 2235 1739 2291 commendatio
1795 2253 1860 2292 ac
1919 2254 2132 2308 ιιι-ωοοη

494 2317 682 2373 nium.

563 2405 676 2460 Nec
707 2403 864 2460 aliud
915 2423 1054 2462 sane
1105 2408 1234 2463 ferri
1271 2413 1461 2480 potest
1501 2411 1797 2484 judicium
1860 2415 1931 2470 de
1983 2416 2132 2471 sica-

498 2492 952 2564 riis,venenariis
983 2500 1039 2551 et
1072 2499 1283 2569 magis,
1307 2499 1404 2571 qui
1440 2501 1755 2556 secundam
1790 2503 2134 2560 Tertulliani

492 2582 740 2638 classem
772 2585 1089 2638 conﬁciunt
1112 2586 1376 2653 (Tertull.
1406 2590 1704 2660 Apotoget.,
1723 2607 1848 2662 cap.
1870 2593 2130 2663 43).Nam

499 2669 557 2723 hi
595 2669 841 2726 aliorum
873 2673 1472 2746 vitseinsidiabantur,
1526 2692 1771 2748 eamque
1819 2697 1970 2752 saepe
2026 2698 2132 2737 ste-

501 2757 632 2828 pius
663 2759 1005 2830 eripiebant.
1041 2761 1244 2816 Sicarii
1268 2764 1421 2818 enim
1441 2767 1754 2836 nuncupali
1781 2774 1919 2822 sunt
1940 2787 1972 2823 a
1995 2772 2130 2838 sica,

499 2863 600 2901 seu
652 2845 844 2918 gladio
904 2848 1182 2919 breviore,
1240 2868 1412 2922 quem
1462 2854 1530 2908 ad
1582 2853 2012 2912 interﬁciendos
2068 2875 2135 2913 ex

498 2935 732 2990 insidiis
764 2935 1028 2990 homines
1052 2939 1348 3008 gerebant.
1375 2942 1558 3006 Quam
1613 2942 1947 3014 frequenter
2003 2964 2134 3001 vero

496 3023 569 3077 ab
599 3022 693 3077 his
720 3023 1066 3080 truculentis
1097 3026 1436 3083 hominibus
1466 3029 1560 3084 alii
1595 3030 1741 3086 clam
1774 3038 1831 3088 et
1858 3035 2137 3092 insidiose

497 3117 866 3180 necarentur,
901 3113 993 3167 his
1043 3116 1244 3184 paucis
1303 3117 1492 3173 disces
1551 3119 1842 3178 Ciceronis
1899 3126 2130 3181 verbis:

508 3222 532 3251 α
560 3201 683 3255 llaec
715 3202 1081 3270 quotidiana,
1115 3205 1268 3267 sicae,
1300 3221 1524 3262 venena
1558 3229 1584 3258 ››
1619 3210 1753 3277 (Cic.
1792 3211 1902 3280 lib,
1949 3231 2012 3268 ιιι
2068 3215 2133 3271 de
2165 3228 2207 3294 ρ

494 3289 686 3344 Nalur.
714 3290 870 3344 Deor.
897 3307 1024 3361 pag.
1057 3292 1179 3360 25l,
1216 3293 1317 3347 lin.
1352 3295 1462 3364 45).
1497 3297 1604 3351 Sed
1651 3305 1715 3352 ut
1763 3301 2004 3371 propius
2060 3304 2130 3358 ad

493 3375 834 3431 Tertulliani
888 3379 1235 3434 accedamus
1291 3386 1590 3454 tempora:
1652 3408 1679 3436 ‹‹
1717 3389 1876 3459 Inde,
1945 3389 2136 3463 inquit

493 3463 838 3534 Cyprianus,
897 3467 1159 3537 veneﬁci,
1218 3469 1350 3525 inde
1407 3471 1622 3544 sicarii,
1683 3479 1800 3531 tam
1852 3479 1921 3532 ad
1998 3497 2131 3551 peo-

489 3552 742 3606 candum
830 3555 1178 3626 prazcipites,
1237 3575 1412 3630 quam
1472 3561 1707 3634 impune
1766 3573 2129 3636 peccantes»

491 3640 781 3710 (Cyprian.
814 3641 882 3696 ad
905 3643 1184 3715 Demetr.),
1223 3668 1243 3694 ιι

560 3729 764 3784 1089
825 3730 956 3786 Jam
1015 3738 1205 3789 autem
1267 3738 1569 3806 praesentis
1628 3756 1732 3796 cur
1787 3743 1993 3799 deinde
2055 3748 2127 3803 ab

485 3823 737 3874 Auctore
769 3829 963 3878 nostro
1018 3825 1390 3895 appellantur
1445 3833 1743 3900 venerarii,
1796 3837 1894 3905 qui
1952 3851 2127 3893 vene-

489 3924 631 3962 num
657 3909 786 3964 aliis
819 3913 1150 3983 propinant,
1187 3919 1288 3970 aut
1311 3918 1641 3991 conﬁciunt,
1701 3927 1802 3977 aut
1843 3926 2122 3984 vendunt.

483 4000 600 4052 Nec
632 3996 723 4052 his
755 4001 953 4071 procul
979 4001 1158 4057 dubio
1184 4005 1500 4062 dissimiles
1531 4014 1698 4064 erant
1726 4014 2124 4084 magi,quibus

483 4085 692 4141 tertius
726 4089 779 4141 in
815 4086 922 4143 hac
954 4089 1141 4146 classe
1175 4091 1336 4149 locus
1363 4095 1554 4151 datur.
1590 4099 1899 4157 Diabolicis
1939 4102 2124 4175 siqui-

482 4174 610 4228 dem
644 4176 890 4246 artibus,
926 4178 1224 4236 maleﬁciis
1245 4187 1302 4236 et
1351 4185 1661 4256 praestigiis
1707 4205 1910 4244 nocere
1970 4174 2121 4263 aliis,

481 4278 697 4333 eosque
725 4263 986 4321 occidere
1019 4269 1375 4328 nitebantur.
1404 4275 1465 4326 At
1489 4273 1546 4328 hi
1580 4281 1737 4346 sunt,
1771 4294 1917 4348 quos
1940 4279 2121 4337 Hora-

480 4351 598 4406 tius
629 4350 787 4408 hisce
821 4359 981 4409 notat
1001 4357 1358 4416 carminibus
1386 4378 1398 4416 :

760 4494 887 4562 Quas
920 4510 1065 4557 saga,
1105 4500 1224 4562 quis
1265 4505 1314 4551 te
1349 4503 1557 4554 solvere
1607 4507 1870 4557 Thessalis

818 4558 1039 4621 Magnus
1072 4558 1307 4624 venenis,
1341 4567 1460 4628 quis
1483 4570 1676 4629 poterit
1696 4571 1828 4620 deus
1849 4574 1873 4620 ?

973 4632 1172 4690 (Horat.
1203 4633 1293 4684 lib.
1326 4650 1358 4697 ι,
1389 4641 1478 4687 od.
1510 4640 1587 4697 27,
1620 4653 1670 4689 γ.
1702 4643 1756 4691 2t
1797 4647 1850 4692 et
1896 4645 1994 4707 22.)

545 4758 738 4814 Tertia
762 4760 994 4818 demum
1030 4765 1085 4819 in
1144 4767 1328 4824 classe
1387 4779 1749 4842 reponuntur
1795 4791 1828 4829 a
1889 4778 2117 4833 Tertul-

475 4845 633 4902 liano
666 4851 964 4920 aruspices,
997 4856 1180 4924 arioli,
1225 4860 1600 4916 mathematici
1657 4864 1918 4933 (Tertull.
1976 4869 2113 4939 Apo-

475 4935 657 5006 leget.,
689 4953 817 5008 cap.
855 4940 962 5008 li3),
1000 4958 1146 5012 quos
1187 4946 1422 5016 quidem
1482 4952 1798 5022 Arnobius,
1855 4970 1888 5008 a
1946 4935 2115 5012 nobis

471 5023 646 5096 paulo
670 5034 804 5082 ante
857 5029 1090 5099 citatus,
1149 5050 1328 5090 vanos
1358 5037 1733 5108 (conjectores
1791 5050 2111 5116 nuncupat.

471 5112 604 5169 Suis
634 5116 789 5170 enim
824 5121 1194 5178 exsecrandis
1227 5123 1468 5190 artibus,
1502 5127 1652 5183 dolis
1683 5133 1858 5202 atque
1889 5112 2110 5203 praevsti-

468 5201 583 5273 giis
616 5203 813 5261 futura
836 5223 897 5263 se
928 5211 1320 5279 praenuntiam
1334 5231 1500 5285 posse
1519 5201 1910 5276 venditabant.
1931 5223 2110 5278 Arivli

468 5295 664 5347 autem
697 5294 817 5350 sive
850 5296 1086 5364 Farioli,
1118 5300 1188 5356 de
1215 5301 1425 5372 quibus
1458 5321 1637 5378 supra
1662 5308 1890 5380 egimus
1924 5311 2110 5383 ﬁnge-

461 5378 606 5436 bant
638 5398 700 5437 se
732 5384 930 5440 divino
963 5388 1183 5461 afﬂatu,
1211 5395 1266 5446 et
1296 5394 1594 5466 aruspices
1625 5378 1906 5470 adspectu
1943 5378 2108 5454 vieti-

463 5484 694 5526 marum
725 5473 1050 5532 vaticinari.
1098 5483 1146 5531 Α
1202 5479 1506 5540 Terentius
1565 5489 1844 5558 utrosque
1902 5489 2109 5560 pungit

466 5555 678 5614 horum
707 5577 982 5620 versuum
1001 5564 1217 5625 aculeis
1250 5586 1263 5625 :

775 5663 982 5716 Gallina
1012 5670 1221 5730 cecinit,
1256 5673 1532 5726 interdixit
1565 5677 1761 5728 ariolus
1787 5693 1800 5732 :

1022 353 1546 414 TERTULLIANI
1595 356 1914 418 OPERUM
1966 359 2165 420 PARS
2206 360 2254 421 Ι.
2290 394 2367 406 —
2396 363 2668 426 SERIES
2711 366 2761 438 I,
2804 367 3366 432 APOLOGETICA.

505 483 678 553 (Fest.
712 480 812 536 lib.
846 497 917 535 xx
945 481 1012 536 de
1031 480 1290 554 Signiﬁc.
1349 483 1504 540 verb.
1563 484 1634 540 ad
1690 501 1741 541 υ.
1799 489 2140 561 Aquarioli).
2171 493 2238 562 AV

2165 1861 2212 1925 B

3750 377 3890 437 “88

2409 493 2844 566 {aruspex-vetuit
2870 501 2995 547 ante
3024 497 3269 550 brumam
3300 501 3501 566 aliquid
3531 505 3676 555 novi.

2411 555 2616 620 Nego—tii
2646 558 2904 621 incipere.

2813 631 3040 686 (Terent.
3071 633 3300 691 Phorm,
3330 641 3430 686 act.
3461 638 3541 689 IV.
3580 652 3720 689 scen.
3743 643 3802 700 4.)

2198 765 2200 768 ν
2253 753 2440 808 neque
2469 737 2563 794 his
2595 755 2737 795 sane
2767 739 3015 812 aliisque
3046 742 3241 799 Cicero
3267 747 3457 816 magis
3489 749 3769 819 perpercit
3797 751 3884 806 ubi

2252 825 2372 880 haec
2405 827 2732 884 scribebat:
2768 829 3014 898 Μαντικὴ
3066 835 3263 899 vestra,
3294 850 3419 903 quae
3450 839 3640 892 Latine
3683 839 3884 895 divina-

2251 916 2327 969 tio
2357 915 2583 980 dicitur,
2615 934 2726 988 qua
2783 923 2934 973 tanta
2986 920 3359 976 imbueremur
3411 929 3817 995 superstitione,
3844 930 3889 984 si

2249 1019 2344 1058 vos
2371 1005 2564 1060 audire
2582 1007 2864 1073 vellemus,
2887 1011 3187 1080 aruspices,
3210 1028 3467 1080 augures,
3500 1016 3685 1083 arioli,
3726 1027 3883 1083 vates,

2248 1096 2574 1164 conjectorcs
2605 1096 2766 1151 nobis
2793 1105 2967 1152 essent
3009 1099 3228 1155 colendi
3257 1100 3456 1171 (Cicer.
3511 1102 3612 1157 lib.
3647 1121 3664 1158 ι
3693 1105 3761 1158 de
3787 1106 3882 1160 Na-

2250 1191 2358 1238 tur.
2382 1183 2551 1251 deor.,
2586 1201 2713 1256 pag.
2769 1186 2898 1254 203,
2929 1186 3030 1243 lin.
3090 1188 3201 1259 36).
3236 1189 3345 1244 Sed
3403 1191 3475 1246 de
3517 1191 3610 1247 his
3641 1193 3778 1249 alibi
3806 1195 3884 1248 di-

2249 1277 2429 1339 ctum,
2461 1276 2517 1327 et
2547 1273 2736 1329 adhuc
2768 1279 2970 1345 postea
2991 1276 3327 1333 dicendum.

2319 1361 2642 1416 Scelestum
2686 1361 2829 1418 illud
2880 1380 2946 1418 ac
2997 1365 3329 1437 reipublicaa
3374 1366 3677 1436 infestum,
3708 1371 3883 1424 omni-

2249 1465 2439 1521 noque
2471 1451 2864 1522 perniciosum
2908 1469 3114 1522 agmen
3166 1455 3447 1512 claudunt
3496 1458 3881 1516 mathematici.

2247 1539 2363 1594 Hos
2396 1545 2592 1595 autem
2627 1543 2834 1613 vulgus,
2883 1543 3077 1614 inquit
3123 1546 3188 1600 A.
3220 1545 3466 1616 Gellius,
3497 1565 3632 1620 quos
3675 1552 3884 1621 gentili-

2248 1628 2319 1683 tio
2349 1630 2606 1685 vocabulo
2656 1629 2936 1688 Chaldaeos
2989 1632 3168 1690 dicere
3197 1643 3421 1706 Oportet,
3481 1637 3885 1695 mathematicos

2245 1720 2377 1774 dicit
2407 1721 2494 1790 (A.
2524 1720 2666 1776 Gell.
2723 1721 2823 1777 lib.
2884 1741 2902 1778 ι
2931 1725 3084 1779 Noct.
3143 1725 3326 1794 Attia,
3362 1744 3469 1799 cap
3527 1730 3602 1801 9).
3639 1730 3706 1784 Et
3733 1731 3883 1802 prius

2247 1807 2476 1878 quidem
2511 1809 2703 1864 Cicero
2734 1809 2966 1866 illorum
3017 1816 3198 1868 artem
3255 1817 3312 1868 et
3343 1815 3766 1886 professionem
3800 1818 3881 1873 his

2242 1895 2435 1949 verbis
2493 1894 2919 1967 explicaverat:
2987 1919 3012 1950 α
3044 1899 3169 1955 Non
3224 1917 3290 1956 ex
3339 1906 3504 1967 artis,
3565 1905 3668 1959 sed
3701 1905 3879 1976 gentis

2243 1983 2521 2038 vocabulo
2555 1984 2862 2055 nominati,
2895 1987 3173 2043 diuturna
3193 1989 3594 2047 observatione
3630 1993 3875 2048 siderum

2243 2071 2546 2127 scientiam
2608 2079 2891 2144 putantur
2945 2076 3226 2144 effecisse,
3287 2083 3350 2133 ut
3407 2081 3642 2151 praedici
3698 2087 3881 2154 posset

2244 2162 2384 2232 quid
2417 2162 2733 2232 unicuique
2791 2169 3158 2232 eventurum,
3219 2171 3276 2222 et
3318 2184 3432 2239 quo
3496 2171 3747 2243 quisque
3776 2172 3878 2227 fato

2244 2255 2416 2305 natus
2447 2255 2602 2306 esset
2632 2273 2658 2301 »
2693 2251 2889 2322 (Cicer.
2924 2253 3025 2308 lib.
3061 2272 3078 2308 ι
3107 2255 3173 2312 de
3205 2257 3409 2324 Divin.,
3442 2260 3567 2316 init.
3601 2278 3733 2333 pag.
3763 2261 3876 2332 255,

2243 2339 2347 2395 lin.
2381 2342 2453 2413 4).
2493 2340 2650 2396 Unde
2679 2340 3018 2400 Juvenalis:

3093 2460 3264 2509 enesis
3293 2465 3405 2511 tua.

3071 2522 3324 2584 Juvenal.,
3355 2525 3506 2577 satir.
3535 2531 3659 2589 post
3686 2529 3836 2590 med.)

2429 2456 2564 2506 Nota
2596 2456 3024 2508 mathemathicis

2241 2651 2454 2707 Verum
2488 2650 2618 2707 illos
2649 2668 2969 2724 eorumque
3000 2654 3307 2711 scientiam
3351 2657 3504 2714 idem
3536 2659 3665 2731 ipse
3694 2661 3875 2717 Cicero

2242 2742 2643 2798 Chaldaeorum
2676 2746 2939 2798 monstra
2966 2747 3154 2810 vocat,
3184 2761 3409 2817 nosque
3441 2755 3641 2805 monet
3669 2751 3740 2804 ab
3770 2752 3869 2805 Eu-

2243 2831 2433 2898 doxo,
2491 2829 2754 2900 ipsorum
2812 2831 3214 2902 antesignano,
3275 2835 3510 2906 scriptis
3565 2839 3873 2895 traditum:

2244 2942 2271 2969 ‹‹
2305 2917 2582 2974 Chaldaeis
2613 2918 2672 2972 in
2701 2919 3069 2990 praedictione
3100 2926 3154 2976 et
3179 2921 3238 2976 in
3268 2925 3567 2980 notatione
3597 2929 3875 3000 cujusque

2243 3007 2370 3061 vitae
2401 3023 2469 3062 ex
2498 3006 2785 3063 natalidie
2804 3008 3045 3065 minime
3073 3026 3201 3067 esse
3231 3013 3586 3070 credendum
3621 3039 3652 3066 υ
3680 3017 3874 3089 (Cicer.

2243 3095 2343 3151 lib.
2377 3113 2417 3152 ιι
2447 3096 2513 3152 de
2567 3098 2772 3164 Divin.,
2833 3114 2961 3170 pag.
3021 3101 3146 3166 291,
3179 3098 3284 3156 lin.
3339 3102 3447 3174 49).
3483 3103 3660 3160 Plura
3689 3111 3871 3161 autem

2245 3190 2309 3240 ut
2339 3185 2522 3240 missa
2553 3185 2853 3251 faciamus,
2910 3186 3022 3242 alio
3052 3188 3109 3241 in
3165 3188 3312 3245 libro
3345 3192 3746 3249 'l‘ertullianus
3776 3211 3872 3248 no-

2243 3279 2362 3329 ster
2390 3274 2542 3328 haud
2593 3274 2930 3330 dubitanter
2985 3278 3192 3332 asserit
3223 3295 3430 3350 pravos
3487 3284 3746 3354 angelos,
3780 3301 3871 3340 seu

2242 3363 2535 3417 daemones
2569 3361 2743 3430 hujus
2789 3362 2980 3433 impias
3029 3364 3172 3420 artis
3219 3366 3400 3423 fuisse
3447 3371 3784 3442 magistros,
3814 3387 3873 3427 ac

2241 3450 2450 3506 deinde
2497 3449 2618 3505 hinc
2667 3451 3004 3522 subiunxit:
3057 3475 3085 3504 «
3133 3455 3510 3526 Expellantur
3553 3461 3872 3516 mathema-

2240 3540 2361 3608 tici,
2396 3539 2547 3594 sicut
2577 3539 2764 3611 angeli
2816 3556 3056 3597 eorum:
3107 3544 3310 3600 eadem
3360 3563 3529 3618 poena
3572 3555 3663 3606 est
3700 3549 3873 3606 exsilii

2239 3627 2544 3698 discipulis
2574 3633 2629 3682 et
2659 3629 2953 3698 magistris
2979 3650 3006 3682 ιι
3040 3632 3305 3703 (Tertull.
3338 3636 3405 3691 de
3435 3636 3623 3694 ldolat.
3662 3639 3868 3712 cap.9).

2237 3715 2444 3770 Narrat
2481 3720 2673 3771 autem
2707 3717 3017 3774 Suetonius
3043 3719 3148 3775 bos
3180 3723 3626 3780 mathematicos
3671 3728 3740 3782 ab
3771 3727 3868 3781 im-

2236 3808 2500 3877 peratore
2530 3804 2764 3868 Vitellio
2813 3806 3015 3878 pulsos
3064 3809 3244 3865 fuisse
3293 3811 3442 3868 Urbe
3499 3818 3556 3868 et
3597 3815 3782 3888 Italia,
3814 3831 3871 3872 ac

2235 3897 2436 3964 postea
2467 3893 2652 3964 capite
2705 3894 3009 3951 damnatos
3068 3897 3331 3969 (Sueten.
3391 3901 3492 3956 lib.
3543 3919 3649 3971 vn,
3689 3907 3718 3973 §
3763 3904 3865 3976 44).

2235 3982 2342 4038 Sed
2393 3982 2578 4052 prius,
2636 3986 2782 4038 teste
2838 3983 3056 4051 Tacito,
3109 3987 3315 4042 I000
3375 3989 3522 4045 facta
3551 3995 3782 4048 fuerant
3809 3993 3871 4047 de

2233 4071 2342 4128 hoc
2364 4071 2910 4128 mathematicorum
2933 4074 3134 4131 exsilio
3153 4081 3658 4137 senatusconsulta
3681 4082 3867 4154 (Tacit.

2231 4161 2333 4216 lib.
2368 4177 2408 4216 ιι
2437 4162 2636 4216 Annal.
2688 4167 2821 4217 ante
2870 4165 3070 4236 med.).
3113 4165 3399 4239 Ulpianus
3445 4171 3683 4226 tandem
3715 4170 3870 4243 plura

2231 4254 2300 4308 de
2332 4253 2423 4308 his
2455 4259 2762 4321 memorat,
2795 4271 2966 4325 quem
3017 4257 3321 4314 consulere
3367 4263 3585 4331 poteris
3624 4263 3866 4335 (Ulpian.

2227 4342 2330 4397 lib.
2361 4359 2441 4398 vn
2471 4342 2535 4397 de
2566 4343 2719 4414 Olﬁc.
2749 4349 3021 4415 praeter.)

2299 4433 2481 4502 Atque
2530 4430 2588 4484 hi
2648 4435 2814 4486 erant
2867 4432 3115 4504 triplicis
3170 4434 3378 4492 classis
3436 4437 3728 4508 homines,
3773 4437 3866 4510 qui

2227 4520 2586 4576 Christianos
2615 4521 2948 4593 reipublicae
2979 4525 3219 4582 inutiles
3248 4543 3376 4583 esse
3417 4528 3636 4586 idcirco
3670 4545 3865 4603 quere-

2150 4591 2195 4655 Ι)
2225 4609 2462 4678 bantur,
2495 4610 2634 4681 quia
2662 4591 2962 4668 a_nefariis
2994 4612 3228 4670 illorum
3277 4619 3551 4688 operibus
3595 4591 3864 4676 abhorre-

2227 4695 2388 4768 bant,
2421 4697 2766 4771 nullumque
2813 4701 2898 4758 eis
2929 4702 3190 4758 ferebant
3222 4705 3494 4761 fructum.
3539 4709 3648 4765 Sed
3686 4706 3866 4781 perdi-

2222 4785 2471 4842 tissimis
2521 4787 2860 4844 hominibus
2912 4790 3280 4864 infructuosos
3330 4811 3463 4863 esse,
3518 4798 3598 4853 ait
3646 4793 3868 4853 Tertul-

2223 4874 2439 4944 lianus,
2494 4895 2730 4945 magnus
2785 4882 2986 4951 procul
3047 4883 3225 4940 dubio
3284 4887 3614 4957 reipublicae
3662 4894 3869 4960 fructus

2221 4970 2303 5021 est
2332 4965 2597 5036 (Tertull.
2633 4969 2932 5039 Apologet.,
2964 4987 3089 5042 cap.
3123 4973 3234 5044 43).

2296 5053 2553 5124 Denique
2583 5054 2945 5113 Christianos
2976 5059 3226 5116 ethnicis
3257 5063 3513 5121 maximo
3554 5084 3684 5124 esse
3715 5086 3867 5126 emo-

2219 5141 2482 5199 lumento
2515 5143 2622 5199 hac
2652 5145 2844 5202 adhuc
2876 5149 3098 5204 ratione
3146 5150 3503 5210 demonstrat
3534 5174 3545 5211 :
3599 5181 3626 5209 «
3659 5161 3866 5224 Quanti

2217 5231 2523 5300 (editiones
2556 5237 2802 5305 veteres,
2845 5236 3105 5305 Quantos,
3157 5238 3428 5308 Lacerda,
3482 5245 3730 5320 Quando)
3761 5249 3864 5304 ba-

2217 5319 2388 5390 betis,
2418 5337 2531 5376 non
2561 5322 2690 5378 dico
2727 5324 2853 5394 jam
2905 5326 3002 5396 qui
3036 5343 3139 5399 pro
3183 5329 3344 5384 vcbis
3373 5332 3662 5391 daamonia
3694 5319 3859 5393 excu-

2215 5409 2389 5479 tiunt,
2423 5427 2540 5465 non
2573 5411 2701 5467 dico
2726 5415 2848 5482 jam
2882 5414 2983 5486 qui
3015 5431 3118 5486 pro
3145 5416 3308 5473 vobis
3329 5435 3563 5493 quoque
3594 5441 3728 5481 vero
3753 5432 3860 5484 Deo

2218 5513 2418 5569 preces
2465 5502 2750 5567 sternant,
2801 5503 2939 5574 quia
2997 5503 3144 5560 forte
3191 5523 3304 5561 non
3364 5512 3621 5581 creditis,
3671 5518 3773 5571 sed
3833 5533 3864 5572 a

2217 5587 2433 5659 quibus
2468 5587 2613 5644 nihil
2671 5590 2878 5649 timere
2934 5594 3172 5666 possitis
3229 5617 3258 5646 ››
3316 5597 3518 5672 (Ibid).
3579 5603 3862 5675 Rigaltius

2210 5692 2343 5734 vero
2375 5681 2617 5752 propria
2647 5684 3014 5757 auctoritate,
3062 5689 3119 5743 et
3167 5689 3368 5748 contra
3417 5693 3856 5767 exemplarium.
