4162 6358
301 353 458 415 “89

1217 336 1291 398 D.
1336 336 1437 397 LE
1478 334 1805 397 NOURRY
1849 334 2497 400 OBSERVATIONES
2542 338 2801 403 NOVE.

3557 344 3714 407 H90

297 480 834 551 manuscriptorum
860 476 1036 545 atque
1057 469 1350 525 editorum
1374 466 1572 535 ﬁdam,
1597 465 1719 521 haec
1742 465 1935 532 verba,
1970 470 2019 534 Α
2054 470 2193 533 tem,
2249 467 2474 523 sincera
2532 470 2660 541 ejus
2718 472 3101 543 documenta,
3163 482 3214 530 el
3271 474 3704 546 iniquissimam

297 575 431 645 quia
461 572 608 646 forte
655 584 763 623 non
815 564 1058 629 creditis,
1098 564 1382 646 tanquam
1428 571 1816 627 supervacua,
1849 560 1949 610 aut

294 663 408 719 sibi
444 645 557 717 non
592 658 805 732 placita
853 651 1113 710 sustulit.
1147 649 1259 705 Sed
1293 645 1453 719 quid,
1487 646 1693 701 amabo
1730 650 1801 713 te,
1836 661 1944 700 no-

294 754 503 809 cebant
534 768 602 806 ea
632 748 827 815 verba,
862 744 1077 817 quibus
1109 742 1320 795 Auctor
1368 735 1664 808 significat
1694 735 1945 791 ethnicis

294 858 642 915 persuarum
665 836 904 895 omnino
934 849 1051 889 non
1075 831 1256 886 fuisse
1282 827 1642 884 Christianos
1675 843 1776 897 pro
1800 826 1945 897 ipsis

297 940 479 991 Deum
512 945 711 986 verum
750 922 1020 998 precari?
1077 924 1147 974 At
1193 918 1249 973 id
1302 922 1516 983 tamen,
1569 915 1779 985 inquit,
1822 920 1942 973 tam

296 1027 421 1078 erat
462 1024 707 1085 certum,
741 1031 917 1087 quam
962 1012 1134 1083 plane
1184 1006 1491 1063 constabat
1540 1004 1827 1059 daemonia
1871 1006 1942 1060 ab

294 1114 413 1171 illis
452 1128 520 1168 ex
549 1108 889 1165 earumdem
938 1099 1247 1175 gentilium
1299 1097 1483 1167 ejecta
1521 1093 1703 1149 fuisse
1735 1110 1945 1166 corpo-

294 1206 481 1274 ribus,
520 1199 690 1257 sicuti
738 1215 771 1252 a
822 1194 992 1250 nobis
1023 1186 1461 1247 evidentissima
1491 1186 1799 1258 probatum
1832 1188 1939 1241 est.

364 1307 575 1377 Quanti
633 1321 793 1377 ergo,
846 1300 1043 1373 arguit
1103 1294 1526 1363 Tertullianus,
1584 1308 1684 1348 vos
1724 1290 1943 1348 ethnici

290 1402 525 1467 habetis,
548 1398 655 1452 boc
686 1400 797 1461 est,
821 1393 1042 1463 quanto
1075 1386 1259 1460 pretio
1287 1381 1594 1439 aastimatis
1624 1380 1733 1436 hoc
1766 1381 1943 1436 maxi-

290 1505 455 1545 mum
489 1491 641 1543 certe
673 1481 1048 1547 beneficium,
1093 1476 1248 1548 quod
1285 1471 1602 1529 Christiani
1630 1471 1795 1525 vobis
1826 1470 1940 1525 im-

288 1573 672 1652 pertiuntur?
722 1572 925 1627 Nonne
957 1585 1023 1624 eo
1074 1566 1197 1622 solo
1231 1562 1467 1619 nomine
1498 1560 1662 1616 vobis
1696 1576 1942 1652 summa;

290 1649 570 1739 profecto,
602 1667 668 1717 ut
698 1676 878 1733 supra
910 1657 1167 1713 diximus
1201 1654 1384 1725 (supr.
1418 1666 1545 1721 cap.
1592 1652 1681 1717 22,
1716 1652 1825 1703 art.
1867 1649 1939 1717 1),

289 1758 458 1811 erant
482 1750 718 1808 utilitati
755 1752 777 1803 Ρ

358 1842 575 1897 Verum
606 1839 791 1893 instat
815 1833 1007 1890 adhuc
1036 1830 1156 1899 ille,
1190 1824 1246 1885 et
1274 1829 1558 1883 intortum
1592 1825 1661 1880 ab
1693 1824 1944 1881 ethnicis
1974 1845 2021 1909 B

287 1931 470 1988 telum
513 1930 574 1985 in
612 1927 744 1983 illos
788 1921 1197 1995 retorquendo,
1254 1918 1426 1990 plane
1473 1916 1837 1971 demonstrat
1866 1914 1937 1968 ab

286 2023 405 2078 illis
436 2034 739 2077 summum
773 2012 1105 2087 reipublicae
1137 2009 1551 2065 detrimentum
1586 2005 1732 2059 fieri.
1791 2004 1935 2058 Nam

285 2127 417 2166 cum
465 2109 635 2179 longe
688 2106 898 2175 major,
933 2101 1087 2157 sicut
1134 2097 1291 2153 haud
1323 2093 1503 2151 semel
1535 2093 1811 2157 diximus,
1844 2108 1934 2148 es-

281 2206 371 2257 set
400 2198 886 2259 Christianorum,
923 2206 1098 2264 quam
1128 2188 1363 2243 illorum
1399 2200 1703 2252 numerus,
1742 2200 1934 2240 nonne

278 2289 612 2363 respublica
643 2288 924 2343 damnum
957 2287 1108 2338 certe
1151 2278 1471 2334 maximum
1528 2275 1600 2329 ab
1648 2274 1740 2330 his
1787 2274 1932 2346 ipsis

280 2379 620 2451 recipiebat,
656 2389 905 2447 quorum
939 2368 1284 2427 crudelitate
1313 2370 1390 2421 tot
1421 2366 1563 2435 justi
1594 2364 1929 2431 Christiani,

281 2469 435 2525 sicut
481 2470 699 2521 Auctor
747 2466 945 2518 noster
994 2459 1095 2529 ait,
1130 2455 1526 2527 impendimur,
1559 2454 1617 2508 id
1646 2459 1755 2521 est,
1790 2470 1930 2509 con-

282 2557 577 2614 sumimur
623 2558 678 2610 et
721 2547 1085 2607 occidimur?
1131 2547 1205 2601 Eo
1249 2546 1405 2600 enim
1458 2560 1634 2599 sensu
1694 2543 1933 2614 scripsit

284 2645 528 2701 Latinus
558 2640 938 2714 epistolarum
972 2634 1133 2692 Pauli
1164 2635 1449 2705 interpres
1483 2649 1495 2687 :
1536 2653 1563 2683 ιι
1593 2632 1709 2703 Ego
1738 2636 1931 2686 autem

282 2732 692 2790 lubentissime
734 2728 1095 2800 impendam,
1154 2730 1212 2780 et
1267 2722 1753 2795 superimpendar
1808 2720 1932 2792 ipse

281 2842 385 2897 pro
445 2823 755 2879 animabus
804 2817 1069 2873 vestris»
1122 2815 1192 2886 (lt
1248 2812 1367 2868 Car.
1428 2828 1531 2877 χιι,
1588 2811 1697 2882 15).
1757 2810 1933 2865 Addit

282 2918 430 2969 "Vero
462 2909 861 2967 Tertullianus
896 2923 909 2962 :
953 2926 981 2956 «
1014 2904 1159 2960 Cum
1189 2902 1529 2957 innocentes
1561 2916 1871 2971 erogamur
1904 2922 1929 2949 ››

280 3000 545 3075 (Tertull.
580 3000 645 3054 de
694 2998 1020 3066 Prmscript.
1055 3011 1103 3050 c.
1136 2994 1215 3065 2).
1250 2990 1537 3047 Pamelius
1565 3006 1697 3044 vero
1733 2989 1931 3043 mallet

277 3091 563 3147 eradimur
590 3106 609 3143 ,ο
646 3088 747 3143 sed
780 3085 994 3157 saepius
1036 3085 1245 3137 Auctor
1273 3085 1471 3135 noster
1500 3079 1674 3133 verbo
1704 3094 1930 3147 erogare

2055 555 2521 613 Christianorum
2557 561 2918 617 vexationem
2956 564 3479 620 demonstrat.Jam
3507 565 3707 638 Itaque

2054 646 2506 702 examinandum
2559 657 2845 721 superest,
2890 655 3186 723 quomodo
3244 654 3569 727 probaverit
3603 656 3708 711 t'al-

2054 752 2178 791 sam
2210 753 2337 793 esse
2368 740 2677 811 gentilium
2712 742 3082 813 religionem.

2658 857 2893 913 CAPUT
2936 860 3091 916 XXV.

2056 943 2265 1011 Quibus
2329 948 2674 1021 argumentis
2736 949 3104 1004 Tertullianus
3131 950 3460 1006 demonstret
3495 951 3707 1021 falsam

2123 1030 2239 1140 (cisse
2268 1017 2564 1085 gentilium
2589 1020 2941 1093 religionem,
2970 1038 3040 1076 ac
3059 1024 3228 1092 falsas
3259 1038 3443 1079 omnes
3474 1017 3705 1080 illorum

2161 1104 2267 1140 eos.

2161 1104 2267 1143 608.

2575 1195 2893 1237 ARTICULUS
2934 1198 3174 1238 PRIMUS.

2055 1264 2229 1333 Quam
2272 1269 2458 1334 aperte
2504 1267 2720 1336 falsitas
2761 1271 3052 1338 religionis
3094 1272 3433 1326 ethnicorum
3481 1270 3702 1328 demon-

2122 1339 2324 1390 stretur
2374 1354 2447 1393 ea:
2504 1337 2833 1414 Christianae
2877 1337 3139 1410 iveritate,
3173 1346 3361 1414 ejectis
3419 1360 3486 1398 ea
3521 1346 3701 1399 obses-

2123 1423 2311 1462 sorum
2365 1424 2587 1481 corpore
2631 1413 2996 1480 daemonibus,
3045 1413 3196 1469 certa
3249 1415 3529 1470 hominum
3574 1433 3702 1472 con-

2122 1481 2355 1557 scientia
2402 1497 2423 1541 ;
2474 1485 2714 1557 Δροιιόνξί
2760 1491 2812 1538 et
2869 1488 3108 1551 notiori,
3172 1486 3265 1540 sed
3332 1487 3498 1557 plane
3553 1489 3706 1557 falsa

2124 1550 2414 1628 divinitate
2462 1550 2709 1623 saturni,
2752 1557 2848 1625 qui
2900 1563 3055 1613 homo
3092 1550 3226 1628 fuit,
3285 1550 3344 1612 et'
3392 1574 3425 1612 a
3472 1550 3607 1615 Jana
3643 1578 3704 1615 ιη

2124 1624 2292 1702 Italia
2331 1634 2606 1702 exceptus,
2637 1624 2795 1702 suum
2834 1644 3041 1702 nomen
3088 1624 3232 1683 dedit
3269 1631 3503 1694 civitati,
3536 1647 3702 1702 quam

2122 1693 2709 1771 depalaveramotique
2738 1698 2933 1765 Italia,
2954 1716 3079 1771 quae
3108 1717 3227 1771 qum
3256 1703 3411 1771 prius
3441 1693 3702 1759 Olinatria

2122 1768 2415 1842 vocabatur
2440 1784 2462 1829 ,°
2520 1769 2651 1842 item
2690 1772 2883 1839 Thalli,
2930 1768 3131 1835 (fassti;
3172 1776 3221 1827 et
3256 1768 3491 1842 Nepotis
3544 1776 3698 1830 testi-

2122 1840 2323 1915 monia,
2360 1855 2423 1893 ac
2450 1841 2681 1915 proinde
2726 1844 2928 1913 falsam
2958 1860 3075 1898 esse
3108 1846 3281 1913 ipsum
3312 1840 3524 1915 quoque
3550 1848 3698 1903 lavis

2122 1910 2487 1982 aliorumque,
2518 1910 2855 1969 venditatam
2883 1916 2949 1970 ab
2979 1910 3237 1980 ethnicis,
3270 1910 3640 1975 divinitatem.

2118 2025 2340 2091 Quibus
2374 2028 2662 2084 rationum
2714 2032 3029 2087 momentis
3079 2031 3479 2090 invectissime
3507 2048 3699 2090 assec-

2046 2115 2164 2169 tam
2225 2116 2702 2190 vindicatumque
2753 2137 2787 2175 a
2832 2120 3190 2176 Tertulliano
3235 2121 3489 2177 vidimus
3536 2121 3699 2177 Chri-

2045 2202 2247 2259 stianae
2280 2205 2578 2278 religionis
2611 2208 2936 2278 veritatem,
2983 2210 3191 2265 iisdem
3237 2210 3502 2267 funditus
3533 2227 3699 2267 ever-

2042 2297 2253 2348 tuntur
2322 2312 2527 2351 omnes
2600 2298 2910 2369 gentilium
2989 2299 3092 2365 dii,
3144 2304 3199 2355 et
3275 2300 3697 2371 superstitiosos

2042 2382 2373 2455 religiones.
2408 2385 2552 2443 Nam
2584 2387 2634 2441 si
2663 2403 2798 2443 vera
2827 2392 2917 2443 est
2947 2388 3161 2445 Christi
3195 2389 3491 2460 divinitas,
3520 2390 3696 2446 sicuti

2040 2472 2438 2530 Tertullianus
2499 2480 2700 2531 noster
2758 2478 2903 2533 scite
2960 2479 3245 2545 observat,
3306 2479 3578 2551 sequitur
3633 2488 3702 2537 ut

2038 2563 2184 2632 falsa
2212 2566 2569 2621 renuntietur
2600 2568 2807 2638 quaevis
2835 2568 2949 2623 alia
2980 2570 3264 2623 contraria
3287 2577 3500 2640 reperta
3530 2570 3696 2639 (Ter-

2042 2652 2170 2707 tull.
2206 2654 2477 2724 Apatoget.
2512 2672 2638 2727 cap.
2691 2657 2779 2723 21,
2838 2673 2967 2729 pag.
3012 2659 3157 2729 404}.
3220 2662 3503 2714 Praeterea
3562 2676 3693 2715 mu-

2042 2742 2422 2798 nifestissime
2456 2761 2588 2799 cum
2623 2745 2722 2801 illo
2763 2748 3128 2802 ostendimus
3171 2748 3395 2819 (supra,
3454 2764 3581 2819 cap.
3635 2749 3692 2819 7,

2041 2835 2151 2886 art.
2191 2833 2239 2902 1)
2293 2850 2475 2887 unum
2525 2837 2934 2891 tantummodo
2975 2853 3103 2892 esse
3150 2853 3320 2907 posse
3370 2838 3574 2907 Deum,
3626 2853 3692 2891 ac

2042 2922 2284 2992 proinde
2330 2923 2505 2978 falsos
2553 2925 2698 2980 alios
2750 2942 2974 2996 omnes,
3010 2932 3296 2997 quotquot
3325 2928 3396 2982 ab
3446 2927 3696 2983 ethnicis

2043 3010 2180 3080 tingi
2216 3017 2547 3080 potuerunt.

2109 3100 2223 3154 Nec
2256 3102 2453 3156 minus
2489 3104 2792 3174 perspicuo
2835 3120 2867 3159 a
2912 3104 3078 3159 nobis
3110 3104 3575 3161 demonstratum
3607 3109 3696 3163 est

279 3180 484 3249 utitur,
541 3193 717 3249 quam
769 3179 853 3242 ut,
905 3172 1108 3228 invitis
1159 3167 1579 3238 manuscriptis
1629 3167 1927 3233 omnibus,

2067 3206 2267 3260 supra,
2298 3208 2424 3262 cap.
2459 3167 2511 3261 8.,
2548 3167 2658 3247 art.
2695 3194 2746 3264 1)
2791 3194 3084 3247 (immanes
3118 3212 3149 3248 a
3198 3194 3542 3249 Christianis
3576 3197 3694 3266 eje-

278 3271 548 3324 credatur
578 3266 722 3321 illud
758 3264 839 3319 ibi
870 3264 1213 3332 corruptum
1261 3274 1408 3313 esse.
1464 3257 1674 3311 Eodem
1730 3257 1929 3328 itaque

278 3357 609 3430 signiﬁcatu
664 3354 745 3408 ibi
795 3351 1100 3422 accipitur,
1151 3363 1263 3417 quo
1312 3345 1451 3400 alibi
1502 3344 1668 3412 dixit,
1700 3347 1928 3402 Febrem

278 3446 557 3515 eroganda
613 3444 829 3501 homini
877 3441 1217 3512 deputatam.
1250 3437 1319 3491 Et
1364 3451 1563 3491 revera
1597 3435 1773 3490 homo
1803 3452 1927 3491 ero-

279 3541 470 3609 gatur,
532 3534 629 3605 qui
691 3531 829 3587 alibi
888 3529 1055 3595 dixit,
1112 3526 1335 3582 Febrem
1388 3524 1659 3596 eroganda
1713 3525 1930 3581 homini

278 3626 616 3697 deputatam.
678 3622 746 3676 Et
794 3635 991 3675 revera
1048 3616 1223 3671 homo
1254 3618 1529 3685 erogatur
1559 3613 1726 3684 febri,
1760 3616 1930 3685 cujus

280 3713 563 3769 mortiferi
606 3714 747 3767 sunt
777 3708 987 3763 exitus.
1024 3705 1170 3761 Alibi
1219 3704 1394 3759 etiam
1433 3702 1672 3775 scripsit
1703 3702 1931 3775 gladia-

278 3807 454 3873 tores,
486 3801 585 3873 qui
620 3798 805 3855 occidi
850 3796 1194 3863 didicerant,
1243 3793 1432 3849 edicto
1462 3792 1553 3847 die
1585 3792 1927 3848 inferiarum

278 3891 505 3963 erogari
535 3890 626 3958 (de
654 3888 922 3959 Spectac.,
968 3901 1095 3956 cap.
1146 3882 1253 3953 12).
1305 3881 1565 3951 Denique
1616 3881 1685 3935 de
1714 3879 1927 3937 inferni

277 3980 430 4053 igne,
466 3978 551 4033 uti
584 3973 1104 4032 animadvertimus
1150 3971 1373 4042 (supra,
1425 3985 1551 4041 cap.
1587 3970 1673 4040 11,
1708 3974 1816 4025 art.
1850 3970 1925 4043 4),

276 4069 347 4123 ab
379 4084 446 4123 eo
477 4066 698 4122 dictum
738 4080 749 4119 :
783 4064 924 4118 Dum
952 4064 1157 4131 erogat,
1182 4066 1430 4130 reparat.

348 4175 524 4230 Porro
556 4176 751 4228 autem
786 4170 951 4242 quid,
983 4183 1201 4241 quaeso,
1234 4165 1294 4219 in
1352 4165 1544 4235 majus
1595 4164 1927 4236 reipublicae

275 4265 561 4321 damnum
594 4260 737 4317 verti
770 4259 979 4331 potuit,
1013 4272 1188 4329 quam
1222 4258 1425 4310 contra
1456 4253 1747 4310 humanas
1777 4255 1923 4311 divi-

275 4369 495 4423 nasque
552 4352 751 4406 109]
816 4349 972 4420 leges
1019 4347 1365 4401 innumeros
1393 4342 1757 4400 Christianos
1811 4362 1926 4401 non

275 4442 462 4499 solum
520 4458 626 4497 suo
680 4454 924 4495 numero
968 4434 1299 4508 reipublicae
1356 4432 1551 4499 utiles,
1613 4434 1712 4489 sed
1769 4434 1925 4491 cives

272 4533 447 4588 etiam
481 4531 755 4602 optimos,
789 4543 1021 4583 morum
1079 4524 1326 4595 vitaeque
1378 4522 1713 4594 integritate
1753 4540 1923 4580 vene-

271 4623 509 4689 randos,
534 4618 755 4674 nullius
778 4618 996 4684 hostes,
1024 4613 1247 4670 nullius
1271 4611 1536 4668 criminis
1561 4629 1921 4681 reos,suum,

269 4713 422 4769 sicut
452 4709 725 4782 superius
757 4706 1125 4763 ostendimus
1156 4704 1377 4775 (supra,
1403 4718 1528 4772 cap.
1565 4702 1651 4769 14,
1703 4706 1811 4757 art.
1845 4704 1921 4775 3),

268 4803 548 4857 duntaxat
595 4799 666 4854 ob
716 4812 929 4853 nomen
961 4809 1188 4858 vexare,
1222 4808 1287 4848 ac
1320 4791 1685 4864 quibuslibet
1723 4793 1925 4864 exqui-

268 4889 571 4947 sitissimis
621 4887 980 4943 cruciatibus
1039 4880 1448 4939 excarniﬁcare
1499 4885 1556 4935 et
1616 4882 1928 4937 occidere?

274 4978 504 5035 Ethnici
561 4994 697 5049 ergo
755 4976 843 5032 vel
904 4975 1055 5031 hanc
1113 4972 1299 5029 solam
1348 4976 1587 5044 propter
1639 4972 1924 5029 rationem

286 5083 567 5138 magnum
594 5066 794 5137 utique
818 5065 922 5120 toti
946 5061 1279 5135 reipublicae
1317 5060 1648 5115 inferebant
1682 5060 1924 5118 malum.

269 5161 480 5212 Contra
528 5171 659 5210 vero
710 5153 1024 5209 Christiani
1077 5150 1301 5206 nullum
1338 5150 1595 5219 profecto
1646 5150 1924 5221 importa-

270 5248 450 5302 bant:
487 5248 589 5300 aut
617 5243 666 5299 si
695 5242 835 5314 quid
865 5242 935 5296 ab
964 5240 1048 5297 eis
1085 5254 1343 5310 unquam
1376 5238 1596 5292 factum
1632 5237 1925 5311 designari

268 5335 542 5409 potuerit,
588 5332 729 5388 illud
791 5336 945 5387 certe
977 5346 1189 5402 magno
1221 5344 1354 5382 cum
1390 5326 1606 5383 fcenore
1655 5327 1727 5383 ab
1778 5328 1923 5402 ipsis

268 5425 523 5492 aliunde,
558 5429 615 5479 et
646 5422 804 5479 vario
836 5421 1009 5477 modo
1041 5417 1487 5475 resnrciebatur.

337 5518 525 5588 Atque
556 5514 843 5571 hactenus
871 5511 1109 5584 quidem
1142 5509 1522 5583 exposuimus
1563 5514 1619 5566 et
1648 5509 1920 5567 enuclea-

268 5605 461 5663 vimus
510 5604 708 5662 omnia
756 5619 821 5659 ac
872 5601 1105 5675 singula
1135 5604 1504 5674 argumenta,
1540 5600 1753 5672 quibus
1784 5601 1920 5657 Ter-

270 5694 555 5754 tullianus
584 5692 924 5753 Christianae
956 5691 1255 5765 religionis
1287 5692 1611 5762 veritatem,
1641 5692 1919 5750 sanctita-

2042 3282 2165 3333 ctos
2199 3279 2379 3334 fuisse
2412 3281 2482 3335 ab
2514 3297 2738 3348 eorum,
2769 3299 2893 3353 quae
2926 3282 3290 3351 obsidebant,
3326 3284 3692 3355 corporibus,

2041 3367 2291 3438 illosque
2325 3374 2447 3424 tum
2482 3374 2713 3426 coactos
2731 3371 2917 3442 palam
2944 3372 3107 3426 fateri
3129 3389 3188 3428 se
3213 3388 3325 3427 non
3350 3373 3488 3428 deos
3520 3372 3698 3429 sicuti

2044 3458 2331 3528 putabant
2376 3458 2616 3526 ethnici,
2671 3461 2772 3515 sed
2826 3460 3163 3516 immundos
3211 3478 3340 3517 esse
3388 3462 3635 3534 spiritus
3679 3479 3695 3531 ;

2045 3546 2285 3602 unicum
2320 3564 2471 3614 vero,
2525 3566 2699 3619 quem
2751 3550 3065 3606 Christiani
3113 3551 3526 3622 praedicabant,
3567 3568 3697 3609 esse

2048 3636 2248 3699 Deum,
2283 3653 2348 3691 ao
2400 3636 2697 3692 Christum
2739 3637 2919 3709 hujus
2950 3656 3078 3694 esse
3109 3640 3418 3709 Virtutem,
3453 3640 3699 3712 Sapien-

2044 3726 2207 3790 tiam,
2243 3726 2569 3790 Rationem,
2613 3732 2670 3781 et
2722 3727 2951 3797 Filium,
3003 3730 3171 3799 cujus
3223 3728 3459 3785 nomine
3491 3746 3555 3784 ac
3583 3730 3697 3786 vir-

2043 3819 2165 3870 tute
2197 3816 2568 3886 fugabantur.
2604 3816 2758 3871 Nihil
2791 3834 2927 3889 ergo
2962 3835 3198 3875 necesse
3229 3824 3353 3874 erat
3383 3819 3496 3873 alia
3530 3819 3702 3890 plura

2044 3904 2453 3960 aTertulliano
2475 3907 2773 3977 (Apalaget.
2800 3924 2925 3980 cap.
2951 3910 3042 3978 23)
3075 3909 3308 3980 congeri
3331 3913 3697 3979 argumenta,

2043 3994 2259 4065 quibus
2291 3994 2547 4067 amplius
2596 3997 3001 4067 comprobaret
3049 3997 3219 4069 plane
3266 3997 3699 4055 commentitios

2042 4083 2323 4154 ﬁctosqne
2356 4100 2483 4139 esse
2517 4084 2882 4139 ethnicorum
2918 4086 3075 4151 deos,
3111 4102 3177 4140 ac
3211 4086 3452 4157 proinde
3486 4085 3693 4141 falsam

2041 4171 2274 4227 illorum
2326 4172 2692 4244 religionem.
2748 4173 2959 4229 Verum
3029 4179 3095 4229 ut
3140 4174 3373 4229 eosdem
3425 4174 3691 4231 ethnicos

2039 4259 2207 4331 impii
2240 4260 2480 4316 deorum
2540 4278 2781 4316 suorum
2840 4263 3054 4329 cultus,
3109 4280 3173 4318 ac
3228 4280 3508 4334 perversa:
3558 4264 3693 4319 reli-

2038 4348 2229 4420 gionis
2261 4350 2495 4405 tandem
2542 4350 2880 4422 aliquando,
2916 4353 3121 4408 1092
3173 4352 3221 4407 si
3272 4352 3394 4407 fieri
3447 4357 3691 4424 poterat,

2039 4438 2279 4494 omnino
2311 4440 2575 4510 puderet,
2611 4440 2787 4495 variis
2825 4441 3015 4496 adhuc
3050 4442 3343 4496 rationum
3378 4442 3692 4497 momentis

2037 4527 2593 4583 manifestissimum
2626 4528 2867 4584 cuilibet
2920 4531 3054 4585 facit
3103 4538 3216 4584 tam
3262 4536 3493 4600 apertas
3533 4528 3691 4585 falsae

2042 4617 2203 4673 illius
2236 4616 2537 4688 religionis
2591 4623 2758 4673 notas
2806 4619 3185 4689 deprehendi,
3221 4624 3284 4674 ut
3314 4618 3413 4690 qui
3446 4635 3544 4674 eas
3575 4636 3689 4675 non

2036 4706 2371 4778 perspiciat,
2406 4724 2467 4762 se
2499 4706 2691 4778 ipsum
2729 4708 2962 4779 penitus
2996 4726 3280 4764 excaecare
3312 4708 3469 4764 velit.

2106 4796 2296 4850 Primo
2329 4795 2523 4867 itaque
2556 4796 2869 4868 ipsammet
2914 4798 3216 4867 gentilium
3268 4798 3687 4854 conscientiam

2033 4891 2240 4940 testem
2289 4884 2563 4957 appellat,
2626 4902 2742 4957 qua
2791 4888 3112 4951 constricti,
3168 4888 3354 4955 fateri,
3388 4892 3453 4942 ut
3511 4904 3686 4959 supra

2034 4974 2308 5042 vidimus,
2342 4975 2696 5046 cogebantur
2747 4976 2985 5031 unicum
3033 4993 3161 5033 esse
3218 4982 3416 5041 Deum,
3469 4993 3685 5047 eosque

2034 5082 2256 5132 omnes,
2304 5082 2451 5136 quos
2506 5066 2789 5120 vocabant
2838 5066 3223 5137 colebantque
3273 5067 3434 5133 deos,
3485 5082 3683 5121 revera

2034 5155 2214 5210 fuisse
2257 5154 2547 5209 homines.
2583 5155 2640 5210 Si
2671 5157 2803 5226 quis
2828 5172 2957 5210 vero
2983 5155 3300 5211 sceleratus
3345 5153 3677 5210 certissimo

2032 5244 2400 5300 conscientiae
2431 5261 2549 5299 suae
2596 5244 2931 5299 testimonio
2965 5259 3290 5316 repugnare
3322 5259 3502 5297 ausus
3536 5241 3682 5297 fuis—

2033 5340 2140 5399 set,
2194 5334 2243 5390 is
2312 5333 2482 5405 plane
2539 5335 2946 5390 revincebatur
2991 5334 3211 5405 elingui
3260 5331 3518 5404 quidem,
3580 5333 3681 5387 sed

2030 5423 2510 5496 eloquentissimo
2542 5424 2840 5480 civitatum
2876 5424 3139 5479 omnium
3164 5422 3437 5490 clamore,
3459 5421 3516 5475 in
3550 5421 3682 5492 qui-

2030 5515 2140 5570 bus
2174 5515 2231 5569 hi
2264 5515 2365 5584 dii,
2398 5513 2568 5570 sicuti
2596 5513 2751 5570 haud
2784 5514 2961 5570 semel
2995 5512 3433 5570 observavimus
3456 5512 3679 5584 (supra,

2028 5622 2156 5678 cap.
2190 5606 2243 5671 7,
2278 5609 2387 5674 art,
2422 5608 2532 5660 art.
2570 5604 2642 5675 1),
2686 5604 2828 5670 nati,
2862 5604 3096 5671 versati,
3132 5602 3346 5659 mortui
3376 5605 3433 5657 et
3464 5600 3680 5673 sepulti

2029 5700 2186 5753 sunt.
2235 5694 2520 5763 Quoniam
2578 5711 2711 5753 vero
2759 5693 2989 5752 inﬁnita
3039 5701 3160 5752 erat
3212 5692 3447 5751 illarum
3478 5690 3679 5752 multi-
