4162 6382
589 391 734 451 1191

1103 388 1624 449 TERTULLIANI
1671 385 1994 448 OPERUM
2039 386 2241 445 PARS
2285 384 2331 444 Ι.
2368 413 2443 428 -
2471 383 2744 444 SERIES
2787 385 2838 457 Ι,
2881 383 3445 448 APULOGETICA.

3840 387 3996 448 1192

584 526 748 591 tudo,
782 541 847 580 ac
873 521 1134 594 singulos
1167 537 1466 577 recensere
1513 521 1600 577 vel
1647 521 1824 576 etiam
1883 517 2222 574 nominibus
2253 520 2307 587 Α
2337 517 2542 590 placet,
2578 515 2727 590 palis
2758 517 3127 574 instructam.
3161 519 3229 574 Et
3284 519 3344 574 hi
3394 520 3634 592 quidem
3677 519 3998 593 explicatio

589 614 716 668 suis
758 611 1048 683 appellare
1101 609 1334 680 longius
1380 610 1547 673 foret,
1597 608 1792 680 ipsum
1828 606 2224 663 'I‘crtullianus

587 705 733 773 petit
763 700 994 754 illorum
1028 705 1220 768 caput,
1251 703 1306 753 et
1338 699 1525 769 magis
1559 703 1752 752 notam
1786 696 2064 752 omnibus
2106 695 2226 749 ori-

585 789 777 860 ginem
811 788 968 858 (Ibid.
1011 803 1141 857 cap.
1185 789 1273 855 11,
1307 802 1436 857 pag.
1473 788 1536 840 12
1568 793 1624 840 et
1655 801 1776 857 seq.
1812 802 1935 856 cap.
1968 785 2059 848 29,
2095 801 2225 856 pag.

586 880 691 933 438
719 896 731 932 :
767 884 824 933 et
855 877 953 932 lib.
990 895 1028 932 ιι
1058 876 1130 932 ad
1156 879 1403 943 Nattam,
1427 893 1553 946 cap.
1586 876 1660 943 4).

658 984 928 1038 Ethnicos
959 982 1155 1053 itaque
1185 983 1268 1036 sic
1300 987 1484 1052 urget,
1517 986 1573 1037 et
1615 981 1928 1051 alloquitur
1961 996 1973 1033 :
2023 1000 2047 1031 α
2084 981 2227 1033 Ante

589 1073 908 1128 Saturnum
943 1077 1091 1126 Deus
1126 1087 1302 1140 penes
1335 1087 1434 1124 vos
1467 1085 1635 1123 nemo
1666 1077 1754 1124 est
1786 1087 1798 1122 :
1843 1070 1915 1124 ab
1957 1069 2052 1123 illo
2086 1085 2223 1122 cen-

587 1179 691 1217 sus
749 1160 948 1224 totius,
996 1159 1082 1212 vel
1120 1159 1382 1230 potioris,
1414 1157 1500 1212 vel
1557 1157 1799 1212 notioris
1823 1157 2141 1211 divinitatis
2191 1178 2220 1205 »

584 1248 847 1322 (Tertull.
880 1248 1161 1317 Apologet.
1196 1263 1323 1317 cap.
1358 1247 1443 1311 ll,
1480 1264 1603 1316 pag.
1661 1247 1805 1312 332;
1857 1251 1914 1300 et
1960 1245 2059 1300 lib.
2103 1262 2121 1298 1
2153 1245 2221 1298 ad

2341 623 2472 661 nem
2515 623 2678 661 suam
2726 608 2959 662 ﬁrmare
3009 613 3298 663 conantur
3341 608 3432 663 his
3486 609 3711 664 Hermaz
3742 610 3946 665 verbis
3982 627 3996 664 :

2342 717 2370 744 «
2394 696 2538 750 Cum
2569 694 2899 767 depalasset
2928 696 3153 752 vineam
3191 717 3219 746 ››
3247 697 3467 769 (Herm.
3503 697 3604 753 lib.
3632 716 3718 768 ιιι,
3753 699 3995 754 similit.

2335 786 2388 851 5,
2419 787 2446 857 Ξ
2478 789 2531 854 2,
2569 801 2698 856 pag.
2731 784 2840 856 61).

2407 875 2555 928 Tum
2587 873 2794 928 deinde
2823 871 3219 927 Tertullianus
3245 889 3258 926 :
3282 873 3533 929 Consedit
3553 875 3874 942 Saturnus,
3896 893 3995 931 eo:-

2333 967 2515 1033 ceptus
2571 963 2638 1017 ab
2699 964 2855 1028 Jana,
2909 963 2988 1015 vel
3032 963 3168 1017 Jane
3205 962 3468 1033 (Tertull.
3519 965 3805 1033 Apologet.
3857 982 3992 1037 cap.

2332 1053 2422 1121 10)
2455 1067 2468 1107 :
2502 1068 2644 1106 mss.
2681 1050 2885 1120 nostri,
2924 1051 3100 1106 Jama:
3156 1055 3216 1105 ut
3272 1050 3424 1106 Salii
3479 1053 3685 1107 volunt.
3726 1055 3788 1107 ln
3841 1055 3994 1109 duo-

2332 1141 2442 1194 bus
2473 1147 2667 1194 autem
2701 1156 2875 1193 manu
2928 1139 3234 1194 recentiori
3277 1141 3526 1195 exaratis
3548 1141 3995 1212 exemplaribus

2331 1227 2568 1296 nostris,
2599 1234 2656 1283 et
2685 1228 2742 1283 in
2775 1228 2962 1300 primo
2994 1229 3064 1282 ad
3097 1227 3372 1283 Nationes
3421 1229 3592 1293 libro,
3643 1231 3742 1284 ubi
3777 1233 3991 1286 eadem

583 1317 825 1405 Natian.,
869 1353 995 1407 cap.
1045 1337 1131 1403 12,
1183 1351 1314 1406 pag.
1354 1334 1481 1405 578)
1556 1333 1708 1388 Dixit
1755 1339 1948 1388 autem
1994 1336 2220 1404 potiaris
2328 1322 2670 1388 repetuntur
2701 1333 2713 1372 ³
2748 1318 2876 1407 Em.)
2920 1317 3024 1407 ᾳίτί
3082 1321 3276 1407 υοοςι-ηι
3329 1317 3480 1407 (lib-7
3515 1335 3533 1372 Ῑ
3591 1319 3673 1374 ad
3732 1319 3994 1388 Ναίίοηον

581 1427 667 1480 vel
689 1404 918 1480 notioris
941 1404 1155 1493 (Ibid),
1191 1404 1292 1476 aut
1324 1427 1386 1476 ut
1421 1404 1479 1475 in
1510 1439 1688 1476 manu
1720 1422 1970 1476 exaratis
2002 1422 2210 1476 nostris

2326 1420 2453 1476 cap.
2489 1407 2574 1474 12,
2632 1421 2764 1476 pag.
2822 1405 2949 1475 578)
3009 1421 3022 1458 :
3080 1404 3293 1460 melius
3347 1406 3615 1470 forsitan,
3660 1410 3808 1461 sicut
3862 1409 3992 1462 alii.

579 1491 1028 1585 exemplaribus,
1086 1491 1138 1565 et
1192 1512 1443 1575 notioris,
1511 1527 1611 1563 nec
1675 1526 1913 1580 prorsus
1979 1510 2215 1579 quidem
2324 1493 2614 1585 Qllorsum
2646 1493 2801 1585 enim
2833 1493 2913 1548 ibi
2944 1491 3234 1585 salloﬁum
3269 1494 3488 1546 mentio
3512 1493 3538 1536 ?
3568 1493 3877 1585 Numqum
3913 1498 3988 1550 ab

579 1583 762 1656 male;
794 1599 1090 1670 Signiﬁcat
1135 1598 1349 1652 etenim
1380 1614 1441 1652 se
1487 1598 1724 1652 deorum
1753 1597 2069 1667 primordia
2101 1614 2213 1651 non
2321 1584 2438 1646 ἱΙΙίΒ
2470 1590 2570 1639 θέαι
2608 1584 2771 1653 Βοίίε,
2823 1589 2921 1638 ant
2971 1583 3178 1653 Pl‘imis
3225 1588 3514 1638 Saturnus
3563 1584 3760 1640 dicms
3813 1593 3909 1641 θεῖν
3960 1605 3994 1642 ει

578 1706 612 1743 a
639 1689 827 1760 prima
869 1685 1209 1742 idololatriae
1259 1685 1500 1757 origine,
1534 1701 1708 1756 quam
1738 1683 1875 1740 alibi
1905 1685 2212 1740 obscuram
2319 1672 2487 1739 June,
2524 1689 2637 1727 n00
2667 1679 2861 1727 autem
2902 1672 3049 1727 εἶαηο
3081 1675 3402 1744 exceptus?
3432 1672 3541 1727 Sed
3578 1673 3696 1728 ί]ωο
3726 1673 3990 1731 aliorum

577 1793 727 1844 esse,
786 1792 890 1830 nec
970 1793 1002 1829 a
1073 1773 1300 1829 cunctis
1355 1774 1553 1827 eadem
1614 1773 1900 1844 assignari
1956 1773 2210 1828 vidimus

2321 1761 2537 1831 judicio
2574 1760 2991 1831 permittimus.

575 1865 738 1937 (tom.
777 1867 797 1920 Ι
826 1865 1110 1935 Apparat.,
1143 1879 1269 1934 pag.
1301 1863 1407 1916 717
1437 1866 1493 1916 et
1541 1878 1726 1932 seqq.;
1759 1866 1816 1915 et
1855 1861 2090 1916 dissert.
2117 1878 2210 1915 su-
2243 1888 2285 1950 Β
2339 1940 2353 1950 _
2395 1854 2717 1950 Postquam.
2749 1866 2878 1950 V650
2909 1853 3195 1950 Salustius
3243 1850 3441 1950 datam
3476 1850 3598 1950 lsibi
3642 1867 3676 1906 a
3703 1851 3860 1950 lano
3894 1870 3988 1909 se-

573 1969 695 2024 per,
725 1968 851 2024 cap.
885 1952 954 2005 30
984 1958 1040 2005 θι
1071 1951 1257 2021 δίνῃ.)
1287 1975 1299 2016 ς
1349 1951 1447 2004 εει]
1481 1950 1550 2004 ab
1584 1951 1710 2020 ipsa
1758 1949 2057 2004 divinitate
2106 1950 2209 2004 Sa-
2243 1939 2283 1950 "
2322 1940 2452 1993 dem
2505 1939 2766 1993 ﬁxisset:
2801 1939 2922 1993 Tota
2968 1939 3157 2006 Italia,
3207 1939 3288 1993 ait
3343 1945 3562 1994 Auctor
3603 1944 3831 2006 noster,
3866 1953 3995 2010 post

573 2040 753 2108 turni,
801 2039 897 2111 qui
957 2040 1233 2094 omnibus
1291 2037 1424 2093 aliis
1479 2038 1591 2092 diis
1650 2037 1840 2108 potior
1911 2043 1968 2092 et
2022 2038 2214 2092 notior
2321 2028 2636 2082 ()Enotriam
2664 2025 2933 2081 Saturnia
2965 2026 3451 2096 cognominabatur
3481 2027 3740 2099 (Tertull.
3770 2029 3987 2098 ibid):

575 2129 920 2184 habebatur.
954 2127 1099 2193 Quid
1133 2144 1262 2181 vero
1295 2126 1530 2195 mirum,
1564 2127 1612 2180 si
1646 2128 1717 2181 ab
1776 2127 1876 2181 illo
1927 2127 2211 2192 ordiatur,

576 2234 708 2272 cum
741 2215 939 2281 Varro,
975 2216 1072 2287 qui
1105 2220 1190 2270 tot
1218 2215 1396 2269 libros
1427 2217 1496 2267 de
1546 2215 1659 2268 diis
1706 2215 1832 2269 suis
1871 2231 2210 2284 composue-

574 2309 683 2370 rat,
718 2305 983 2360 omnium
1015 2305 1254 2359 deorum
1287 2305 1700 2374 antiquissimos
1734 2303 1971 2358 venditat
1999 2309 2210 2369 Jovem,

570 2395 838 2450 lunonem
869 2403 920 2446 et
952 2394 1255 2447 Minervam
1300 2391 1558 2461 (Tertull.
1610 2391 1714 2447 lib.
1769 2408 1808 2446 ιι
1857 2392 1927 2446 ad
1967 2392 2210 2456 Nattam,

573 2499 700 2554 cap.
735 2482 844 2552 12).
879 2483 951 2536 At
977 2481 1207 2552 Jupiter
1237 2481 1469 2551 genitus
1521 2481 1809 2535 ferebatur
1857 2498 1888 2535 a
1939 2481 2211 2544 Saturno,

573 2572 672 2644 qui
705 2573 947 2643 proinde
1000 2571 1101 2625 illo
1152 2571 1448 2642 antiquior
1498 2575 1640 2625 erat.
1696 2572 1776 2625 Ab
1808 2571 1983 2640 hujus
2017 2576 2210 2624 autem

574 2661 916 2733 parentibus
945 2659 1118 2728 leo,
1151 2661 1269 2713 sive
1308 2660 1515 2726 Crono,
1575 2665 1631 2714 et
1674 2661 1870 2723 Terra,
1929 2659 2211 2729 incipien-

576 2749 718 2803 dum
749 2764 876 2802 esse
909 2765 1020 2802 non
1055 2747 1300 2814 sensuit,
1335 2752 1458 2801 tum
1501 2747 1639 2817 quia
1665 2747 1968 2812 Saturnus,
2004 2747 2212 2801 unicus

576 2853 775 2891 eorum
813 2835 987 2902 ﬁlius,
1023 2835 1114 2889 his
1163 2851 1228 2889 ac
1285 2835 1504 2889 cazteris
1549 2836 1824 2890 omnibus
1870 2835 1982 2889 diis
2023 2836 2214 2889 notior

575 2929 719 2987 erat,
752 2928 807 2978 et
849 2924 1038 2995 potior
1071 2924 1434 2985 credebatur,
1476 2928 1598 2978 tum
1639 2925 1775 2995 quia
1816 2925 1933 2978 hac
1965 2924 2211 2979 ridicula

572 3018 874 3086 poetarum
935 3013 1006 3067 do
1065 3011 1222 3067 illius
1275 3027 1342 3067 ex
1398 3013 1552 3068 Caelo
1597 3018 1653 3068 et
1683 3014 1861 3068 Terra
1890 3018 2017 3068 ortu
2053 3029 2210 3068 com-

573 3107 768 3158 menta
801 3106 856 3157 et
889 3100 1091 3156 fabulae
1122 3106 1280 3155 sunt.
1315 3106 1494 3156 Natus
1525 3102 1815 3173 siquidem
1848 3119 1914 3156 ex
1947 3101 2063 3156 illis
2104 3103 2209 3156 lin-

572 3191 836 3263 gebatur.
894 3189 1171 3261 quoniam
1222 3195 1492 3260 parentes
1540 3191 1666 3260 ejus
1716 3189 1896 3260 ignoti
1950 3191 2204 3245 fuerunt.

573 3279 718 3334 Nam
759 3299 784 3330 α
816 3295 880 3333 ex
915 3279 1336 3332 consuetudine
1376 3278 1656 3342 humana,
1689 3279 1770 3333 ait
1799 3278 2212 3343 Tertullianus,
2244 3251 2286 3316 Ο

570 3367 776 3438 ignoti,
827 3366 910 3420 vel
955 3381 1023 3420 ex
1079 3366 1377 3437 inopinato
1435 3372 1800 3436 apparentes,
1845 3367 1914 3420 de
1943 3367 2086 3420 caelo
2117 3383 2213 3420 su-

570 3455 902 3526 pervenisse
933 3455 1209 3509 dicuntur
1261 3476 1288 3503 »
1341 3454 1604 3524 (Tertull.
1650 3455 1929 3525 Apologet.
1962 3472 2087 3525 cap.
2124 3455 2208 3520 10,

571 3559 703 3615 pag.
736 3544 834 3598 331
866 3561 880 3610 ;
939 3547 994 3598 et
1042 3541 1142 3596 lib.
1189 3559 1229 3597 ιι
1273 3543 1341 3598 ad
1386 3543 1637 3612 Nattam,
1671 3561 1797 3616 cap.
1834 3545 1938 3614 12),
1974 3545 2126 3599 sicut
2155 3547 2212 3599 et

567 3631 778 3702 vulgus
817 3631 966 3685 ﬁlios
1025 3635 1188 3686 terra:
1226 3636 1412 3699 vocat,
1446 3649 1694 3703 quorum
1742 3632 2026 3687 incertum
2085 3637 2210 3688 erat

566 3719 888 3792 genus.Sed
907 3719 1027 3775 haec
1059 3720 1255 3774 omnia
1301 3721 1359 3775 in
1391 3721 1791 3792 superioribus
1839 3720 2056 3776 nostris
2088 3720 2207 3776 dis-

568 3809 988 3864 sertationibus
1027 3808 1464 3879 explanavimns
1522 3811 1824 3880 (Dissertat.
1885 3812 1943 3863 in
1999 3812 2205 3867 Minue.

570 3899 782 3963 Octav.,
807 3915 932 3969 cap.
972 3899 1056 3961 15,
1089 3903 1193 3952 art.
1228 3900 1250 3952 1
1280 3916 1292 3965 ;
1326 3903 1383 3952 et
1417 3901 1645 3952 Dissert.
1679 3901 1740 3954 in
1770 3900 2047 3963 Lactant.,
2077 3916 2204 3971 cap.

565 3989 656 4058 30,
691 3992 800 4042 art.
835 3988 858 4041 1
889 4004 902 4054 ;
938 3991 993 4042 et
1020 4004 1146 4058 cap.
1179 3987 1266 4054 31,
1301 3992 1410 4042 art.
1441 3988 1516 4057 2).

643 4093 921 4148 Praeterea
965 4092 1200 4148 cuilibet
1257 4093 1629 4165 perspicuum
1689 4093 1904 4148 ibidem
1966 4095 2208 4151 fecimus

569 4198 744 4253 quam
777 4185 928 4236 recte
978 4180 1073 4236 ille
1127 4182 1442 4236 asseruerit
1473 4180 1765 4237 hominem
1803 4183 1980 4239 fuisse
2008 4187 2207 4238 Satur-

567 4285 732 4336 num,
786 4269 884 4339 qui
945 4274 1077 4341 post
1149 4269 1363 4324 multas
1419 4271 1810 4341 expeditiones
1863 4271 1919 4325 in
1982 4272 2204 4327 Italiam

565 4356 813 4428 appulit,
845 4374 911 4413 ac
944 4363 1246 4429 postquam
1282 4359 1358 4413 ibi
1393 4376 1420 4411 a
1460 4359 1609 4414 Jano
1641 4365 1948 4430 susceptus
1980 4361 2206 4427 fuisset,

564 4462 743 4513 mons,
776 4445 984 4516 inquit,
1018 4462 1191 4516 quem
1237 4445 1502 4512 incoluit,
1558 4468 1585 4496 «
1639 4447 1946 4501 Saturnius
1977 4448 2204 4514 dictus;

567 4534 793 4601 civitas,
844 4551 1018 4605 quam
1077 4534 1464 4606 depalaverat,
1511 4535 1786 4590 Saturnia
1827 4552 2012 4605 usque
2052 4553 2206 4591 nunc

2321 2121 2378 2170 et
2422 2117 2482 2169 in
2531 2114 2676 2168 libro
2733 2115 2803 2168 ad
2853 2115 3118 2169 Nationes
3168 2131 3186 2168 :
3237 2116 3360 2169 Tota
3402 2117 3565 2170 Italia
3614 2117 3678 2170 de
3727 2115 3987 2174 Saturno

2319 2205 2626 2260 vocabatur.
2678 2203 2854 2258 Italiae
2903 2210 3096 2258 autem
3151 2201 3404 2273 primum
3439 2205 3722 2259 OEnotria:
3761 2223 3988 2262 nomen

2321 2293 2499 2347 fuisse
2530 2296 2728 2362 aperte
2771 2293 2937 2346 docet
2968 2291 3218 2363 Vigilius
3251 2291 3342 2347 his
3373 2293 3639 2348 versibus
3673 2333 3687 2348 .

2445 2406 2534 2454 Est
2561 2406 2728 2465 locus,
2753 2406 3058 2468 Hesperiam
3089 2407 3222 2455 Graii
3254 2407 3572 2469 cognomine
3605 2408 3818 2458 dicunt.

2445 2470 2601 2533 Terra
2633 2470 2828 2533 ntiqua,
2861 2472 3051 2533 potens
3080 2471 3241 2516 armis
3267 2475 3426 2532 atque
3455 2469 3620 2519 ubere
3650 2472 3845 2533 gleba,

2445 2531 2679 2580 OEnotrii
2710 2531 2918 2580 coluere
2949 2531 3069 2589 viri,
3101 2544 3247 2580 nunc
3275 2531 3416 2581 fama
3445 2531 3682 2582 minores

2445 2593 2652 2643 Italiam
2683 2593 2878 2641 dixisse
2909 2593 3059 2641 ducis
3089 2593 3155 2642 de
3191 2595 3409 2643 nomine
3440 2601 3672 2658 gentem.

2768 2671 2968 2736 (Virgil.
2998 2671 3088 2722 lib.
3121 2687 3136 2722 ι
3165 2673 3396 2738 ίΕηείᾱ.,
3417 2689 3471 2723 υ.
3505 2677 3594 2725 554
3625 2679 3675 2725 et
3704 2677 3881 2739 seqq.)

2392 2771 2504 2826 Nec
2535 2771 2591 2825 id
2623 2769 2802 2826 semel
2853 2769 3129 2825 cecinisse
3151 2775 3481 2838 contentus,
3515 2773 3721 2828 iisdem
3779 2774 3984 2830 verbis

2319 2860 2429 2916 alio
2478 2859 2536 2914 in
2593 2859 2739 2914 libro
2786 2859 2997 2930 repetit
3036 2858 3161 2930 (lib.
3199 2877 3281 2925 ιιι,
3312 2877 3365 2916 v.
3401 2862 3504 2916 163
3536 2866 3593 2917 et
3631 2863 3849 2934 seqq)
3888 2864 3984 2918 Vi-

2319 2950 2475 3004 desis
2504 2947 2682 3002 Servii
2728 2947 2785 3002 in
2827 2946 2946 3002 haec
2994 2948 3258 3004 carmina
3305 2951 3732 3020 annotationes,
3765 2952 3982 3008 Antio.

2319 3036 2492 3092 chum
2534 3053 2569 3091 a
2615 3035 2896 3091 Strabone
2943 3035 3184 3091 citatum
3238 3037 3448 3108 (Strab.
3500 3037 3596 3094 lib.
3649 3056 3712 3093 ιιι
3745 3038 3982 3112 Geogr.,

2319 3143 2450 3198 pag.
2482 3125 2627 3196 $4),
2660 3130 2716 3179 et
2763 3123 2925 3180 alios.
2979 3124 3147 3181 Italia
3190 3126 3384 3197 itaque
3429 3145 3464 3182 a
3511 3128 3763 3183 Saturno
3818 3146 3980 3185 nun‘

2317 3222 2525 3286 cupata
2556 3215 2719 3284 prius
2754 3213 2860 3268 iuit
2889 3213 3183 3282 Saturnia,
3204 3220 3266 3270 ut
3296 3213 3483 3287 liquet
3513 3216 3604 3271 his
3624 3216 3813 3272 Ovidii
3849 3236 3980 3274 car-

2321 3303 2584 3360 minibus
2619 3319 2631 3358 :

2446 3418 2995 3484 Hac_ego__Saturnum
3027 3418 3244 3484 memini
3273 3419 3459 3469 tellure
3490 3428 3802 3484 receptum;

2536 3479 2810 3544 C(elitibus
2838 3481 3018 3544 regnis
3046 3495 3076 3529 a
3101 3481 3228 3544 Jove
3259 3483 3443 3544 pulsus
3473 3487 3604 3533 erat.

2451 3541 2580 3591 Inde
2611 3543 2682 3589 dii
2713 3542 2855 3602 genti
2887 3541 3083 3591 mansit
3112 3541 3358 3593 Saturnia
3387 3559 3582 3594 nomen
3611 3560 3623 3603 ;

2538 3604 2684 3653 Dicta
2711 3618 2924 3667 quoque
2954 3610 3034 3654 est
3065 3606 3270 3655 Latium
3302 3613 3462 3660 terra.
3493 3608 3694 3658 latente
3725 3610 3857 3660 Deo.

2870 3684 3037 3745 (Ovid.
3071 3685 3162 3734 lib.
3194 3698 3234 3732 ιι
3264 3686 3460 3735 Faster.
3489 3690 3515 3747 §
3543 3691 3589 3748 3,
3623 3702 3672 3736 ν.
3705 3691 3844 3752 235.)

2315 3808 2700 3873 Quamobrem
2763 3825 2795 3863 a
2849 3810 3033 3880 poetis
3095 3815 3159 3865 ut
3217 3809 3473 3866 vidimus
3536 3814 3845 3884 (Disserlat.
3910 3820 3976 3872 in

2314 3898 2550 3962 Minue,
2601 3913 2650 3951 c.
2721 3898 2807 3962 16,
2877 3903 2986 3952 art.
3043 3899 3115 3969 1),
3185 3905 3424 3954 vocatur
3472 3900 3646 3957 tellus
3696 3909 3984 3977 terraque

2314 3986 2609 4052 Saturnia,
2641 3990 2698 4041 et
2727 4003 2759 4040 a
2789 3986 3050 4059 Virgilio,
3077 3987 3176 4041 ubi
3207 3989 3421 4044 cecinit
3455 4005 3469 4046 ε

2442 4091 2618 4153 Salve,
2652 4106 2848 4156 magna
2876 4107 3070 4157 parens
3099 4094 3334 4158 frugum,
3375 4095 3621 4146 Saturnia
3650 4098 3808 4148 tellus
3832 4099 3844 4147 Ξ

2964 4173 3166 4236 (Virgil.
3198 4173 3290 4223 lib.
3327 4186 3366 4222 ιι
3398 4175 3579 4240 Georg.
3612 4190 3661 4224 ν.
3697 4181 3836 4234 174.)

2313 4273 2517 4324 Nonne
2564 4273 2756 4326 autem
2811 4286 2877 4325 ea
2928 4270 3125 4326 omnia
3173 4272 3316 4326 satis
3362 4273 3658 4329 evidenter
3707 4277 3979 4346 probant

2309 4362 2628 4413 Saturnum
2662 4359 2841 4414 fuisse
2872 4359 3220 4414 hominem?
3263 4362 3424 4426 Quod
3461 4362 3701 4434 quidem
3737 4365 3978 4421 Tertul~

2311 4446 2505 4503 liauus
2563 4452 2680 4502 tam
2731 4448 2789 4503 in
2840 4448 3198 4519 Apologetico,
3251 4467 3426 4520 quam
3479 4451 3537 4505 in
3594 4455 3861 4509 secundo
3905 4459 3983 4511 ad

2316 4540 2571 4595 Nationes
2620 4540 2768 4594 libro
2813 4539 3003 4594 adhuc
3046 4541 3356 4595 conﬁrmat
3389 4542 3724 4598 testimonio
3756 4543 3979 4602 Diodo-

567 4627 679 4677 est.
711 4644 738 4671 »
792 4622 855 4677 In
911 4623 1176 4694 antiqua,
1223 4629 1280 4677 et
1309 4623 1490 4678 altera
1520 4625 1724 4678 1093
1757 4625 2059 4679 recentiori
2093 4625 2210 4680 edi-
2243 4613 2288 4676 D
2321 4628 2390 4694 ri,
2432 4627 2642 4694 Thalli,
2683 4629 2865 4684 Cassii
2914 4629 3106 4683 Severi
3163 4633 3220 4683 et
3273 4629 3517 4685 Cornelii
3577 4633 3844 4703 Nepotis,
3903 4637 3980 4691 dc

562 4710 720 4765 tione
750 4709 1000 4779 legimus
1039 4711 1434 4773 debellaverat;
1467 4713 1566 4766 sed
1598 4711 2053 4768 Tertulliancum
2085 4731 2204 4768 ver-

567 4797 706 4852 bum
740 4803 829 4852 est
858 4797 1211 4868 depalaverat
1260 4799 1516 4865 (Tertull.
1570 4801 1672 4855 loc.
1724 4803 1862 4872 cit.).
1907 4801 2012 4856 Ubi
2045 4803 2198 4857 enim

565 4885 637 4941 de
668 4886 874 4940 mundi
905 4888 1194 4942 creatione
1233 4888 1515 4943 adversus
1546 4887 1965 4960 Hermogenem
2000 4891 2202 4960 dispu-

561 4978 650 5028 tat
682 4991 695 5028 :
734 4998 753 5024 ιι
787 4973 1014 5041 Omnis,
1051 4975 1262 5047 inquit,
1306 4992 1482 5047 opera
1517 4993 1626 5032 sua
1660 4979 1808 5032 Deus
1837 4979 2035 5034 ordine
2066 4997 2200 5035 con-

561 5063 895 5134 summavit,
974 5063 1210 5118 incultis
1284 5064 1474 5135 primo
1544 5065 1846 5122 elementis
1920 5067 2200 5138 depalans

561 5151 992 5222 quodammodo
1027 5153 1308 5206 mundum
1359 5152 1558 5224 (ldein,
1617 5153 1716 5209 lib.
1763 5157 1891 5211 adv.
1943 5161 2197 5228 Hermog.

561 5255 684 5308 cap.
718 5241 830 5312 29).
865 5242 1091 5296 Rursus
1125 5258 1256 5296 vero
1289 5247 1492 5298 contra
1524 5243 1874 5301 Marcionem
1906 5265 1918 5301 :
1976 5269 2003 5296 «
2037 5248 2198 5310 Quod

557 5328 940 5383 architectum
974 5345 1035 5384 se
1068 5331 1409 5402 prudentem
1445 5332 1834 5400 al'ﬁrmat,hoc
1868 5337 2199 5391 invenimus

559 5415 875 5487 signiﬁcari
923 5420 1316 5490 depalatorem
1369 5421 1690 5492 disciplinas
1747 5423 1952 5478 divinae
1985 5441 2200 5480 acrea-

555 5509 678 5559 tore
712 5528 733 5556 ι
771 5508 976 5575 (Idem,
1011 5510 1111 5564 lib.
1145 5527 1180 5566 v
1210 5511 1431 5565 advers.
1483 5511 1767 5579 Marciam,
1800 5528 1929 5583 cap.
1987 5515 2063 5586 6).
2092 5515 2198 5570 lta-

555 5608 669 5662 que
729 5593 872 5649 dixit
914 5614 947 5650 a
995 5598 1250 5653 Saturno
1309 5597 1639 5669 depalatam
1673 5599 1988 5667 civitatem,
2021 5602 2076 5657 id
2109 5607 2198 5658 est

557 5679 849 5736 conditam
893 5684 975 5739 vel
1009 5685 1214 5755 positis
1268 5685 1414 5756 palis
1447 5687 1772 5755 fundatam,
1822 5690 1940 5747 sive
1973 5695 2038 5748 ut
2067 5691 2198 5749 aliis

2312 4717 2526 4789 quibus
2557 4716 2695 4772 alibi
2727 4717 2955 4792 egimus
2985 4717 3269 4787 (Dissertat
3317 4721 3375 4772 in
3424 4719 3618 4774 Minue.
3662 4737 3794 4792 cap.
3862 4724 3977 4780 ult.

2311 4811 2420 4861 art.
2476 4806 2529 4876 2,
2583 4815 2633 4861 et
2689 4808 2749 4860 in
2807 4808 3075 4876 Lactant,
3131 4823 3182 4873 c,
3236 4806 3325 4877 3l,
3385 4814 3493 4862 art.
3543 4809 3618 4878 3).
3663 4813 3786 4865 Non
3845 4812 3981 4868 sine

2311 4893 2508 4964 aliqua
2548 4899 2744 4949 tamen
2790 4895 3191 4949 observatione
3245 4896 3595 4965 praemittere
3644 4915 3980 4969 possumus

2311 4983 2368 5038 in
2419 4983 2612 5054 priore
2661 4982 2808 5038 libro
2858 4983 3142 5053 scriptum
3195 4984 3411 5039 Cassius
3449 4989 3698 5042 Severus.
3755 4991 3980 5047 1094

2309 5071 2433 5128 Duo
2481 5076 2678 5128 autem
2728 5089 2792 5127 eo
2843 5071 3077 5127 nomine
3131 5072 3396 5146 insigniti
3453 5075 3738 5131 fuerunt:
3792 5079 3973 5146 alter,

2312 5163 2394 5216 uti
2449 5163 2506 5216 in
2557 5161 2880 5217 Eusebiano
2925 5159 3209 5216 Chronico
3257 5163 3530 5233 legimus,
3575 5169 3763 5221 orator
3809 5184 3975 5239 egre-

2305 5251 2427 5322 gius
2485 5250 2708 5323 (Chron.
2762 5250 2966 5306 Euseb.
3026 5249 3098 5305 ad
3153 5267 3289 5306 ann.
3333 5253 3520 5321 2047),
3555 5255 3651 5325 qui
3711 5257 3973 5329 Augusti

2307 5340 2679 5411 imperatoris
2711 5345 2970 5410 tempore
3001 5338 3058 5393 in
3086 5338 3352 5395 exsilium
3389 5342 3605 5398 missus
3637 5348 3762 5411 est;
3820 5346 3981 5401 alter

2305 5447 2439 5484 vero
2464 5435 2632 5500 poeta
2652 5428 3008 5498 Parmensis,
3033 5428 3125 5499 qui
3159 5445 3227 5483 ex
3258 5429 3327 5484 iis
3359 5447 3512 5486 unus
3537 5432 3668 5501 fuit,
3698 5433 3974 5504 quicum

2307 5517 2485 5572 Bruto
2516 5517 2737 5573 Julium
2769 5519 3052 5574 Caesarem
3097 5517 3539 5586 interfecerunt,
3571 5522 3642 5576 de
3673 5539 3789 5594 quo
3824 5524 3973 5595 plu-

2308 5624 2370 5662 ra
2401 5606 2579 5663 Lilius
2611 5605 2878 5663 Giraldus
2911 5605 3080 5676 (Dial.
3117 5624 3190 5675 ιν,
3221 5607 3285 5663 de
3311 5609 3462 5663 Poet.
3498 5611 3663 5681 Hist.,
3702 5629 3756 5683 p.
3794 5613 3919 5683 169)
3955 5633 3970 5683 ;

2305 5693 2552 5752 Vossius
2585 5695 2670 5769 (de
2710 5699 2863 5755 Poet.
2905 5695 3111 5762 Latin.,
3163 5711 3211 5751 c.
3271 5697 3364 5765 2);
3416 5697 3696 5772 Scaliger,
3758 5703 3817 5756 in
3867 5704 3969 5776 rit_
