4162 6378
320 356 474 418 1193

1232 348 1305 407 D.
1351 346 1449 407 LE
1491 344 1822 407 NOUBBY
1862 336 2513 403 OBSERVATIONES
2559 334 2812 396 NOVIE.

3573 331 3735 394 1194

318 488 515 545 Chron.
550 483 789 553 Euseb),
830 484 888 538 et
931 479 1033 536 alii
1070 478 1327 549 (Fabius,
1376 477 1479 533 lib.
1532 496 1587 545 x,
1638 479 1695 532 et
1739 479 1961 543 Senec.,
1998 479 2053 545 Α
2151 471 2317 553 talem
2364 468 2711 553 hancpitam
2744 468 3074 553 factores”
3120 464 3242 519 deos
3290 464 3359 553 ab
3398 464 3727 553 plio_supe-

315 580 480 651 epist.
516 576 629 647 79).
659 573 913 644 Uterque
954 586 1124 642 porro
1169 587 1202 624 a
1254 566 1529 623 nonnulis
1563 566 1847 622 Cornelius
1876 564 1966 618 Se-

314 684 479 725 verus
512 668 770 722 vocatur.
795 662 901 716 Sed
938 661 993 714 in
1030 657 1376 715 Tertulliani
1409 660 1566 712 textu
1601 654 1843 711 forsitan
1871 652 1967 708 ad-

318 759 508 813 ditum
556 758 645 809 est
689 766 1011 823 cognomen
1065 749 1314 817 Severus,
1351 764 1383 801 a
1413 744 1666 801 Minucio
1700 742 1881 797 Felice
1913 745 1970 797 et

318 843 642 913 Lactantio,
676 841 828 897 sicut
859 838 998 895 alibi
1031 837 1307 906 vidimus,
1328 836 1639 891 omissum.
1663 833 1807 887 Nam
1841 846 1967 902 quae

316 937 414 992 ille
437 936 505 991 de
528 935 781 989 Saturno
812 928 1164 993 narrat,haec
1198 926 1395 998 potius
1422 942 1454 980 a
1475 923 1671 980 Cassio
1704 920 1969 985 Hemina,

315 1022 816 1099 quemadmodum
848 1018 1027 1073 etiam
1052 1016 1488 1081 annotavimus,
1515 1029 1689 1085 quam
1715 1028 1749 1066 a
1769 1008 1968 1066 Cassio

315 1117 522 1172 Severo
556 1110 794 1183 scriptis
842 1107 1061 1164 tradita
1106 1106 1396 1159 videntur.
1434 1104 1492 1157 ln
1541 1101 1700 1156 illius
1734 1112 1968 1171 quoque

315 1206 387 1261 ad
419 1203 696 1259 Nationes
740 1198 889 1253 libro
942 1196 1013 1251 ab
1060 1194 1349 1251 oscitante
1400 1191 1635 1246 librario
1683 1188 1969 1260 scriptum

313 1300 403 1350 est
438 1312 449 1348 :
486 1291 769 1348 Cornelios
817 1289 1077 1358 Nepotem
1105 1293 1155 1340 et
1194 1284 1461 1339 Tacitum.
1497 1280 1577 1335 Ad
1623 1277 1766 1349 quid
1814 1275 1970 1331 enim

314 1384 395 1439 ibi
429 1383 596 1437 Taciti
627 1380 872 1442 mentio,
911 1376 1078 1445 cujus
1114 1372 1274 1428 nulla
1303 1371 1360 1426 in
1396 1370 1757 1442 Apologetico,
1785 1381 1972 1436 neque

314 1491 348 1529 a
369 1470 625 1527 Minucio
646 1474 703 1523 et
720 1467 1017 1523 Lactantio
1042 1464 1191 1518 facta
1215 1466 1306 1517 est
1324 1462 1632 1533 (Dissertat.
1661 1459 1718 1511 in
1740 1456 1971 1531 Minue,

311 1578 440 1631 cap.
475 1560 580 1614 ult.
615 1563 722 1612 art.
753 1555 851 1626 2)?
884 1554 1084 1609 Nonne
1117 1552 1197 1607 ibi
1230 1552 1385 1607 sicut
1432 1549 1488 1603 in
1541 1547 1773 1602 illorum
1807 1545 1974 1600 libris

308 1650 627 1723 legendum
658 1649 746 1701 est
777 1644 1021 1699 Graecum
1055 1642 1311 1696 Thallum
1339 1643 1363 1693 .9

384 1736 681 1808 Quidquid
715 1740 911 1789 autem
946 1749 1013 1787 ea
1045 1732 1115 1785 de
1142 1746 1200 1784 re
1233 1730 1537 1801 peritiores
1571 1724 1953 1798 pronuntient

2149 543 2295 596 riore
2348 541 2604 609 maneipe
2652 536 2998 602 divinitatis;
3056 553 3229 591 unum
3278 536 3553 591 duntaxat
3616 551 3732 591 esse

2146 614 2326 675 deum,
2381 613 2474 682 qui
2526 610 2791 664 mundum
2836 614 2965 663 ante
3020 624 3201 662 omnes
3258 609 3551 682 gentilium
3608 608 3731 663 deos

2146 702 2210 740 ac
2239 681 2444 754 fruges,
2474 691 2523 738 et
2566 692 2694 736 ante
2733 686 3010 754 Cererem,
3046 682 3320 754 Bacchum
3351 689 3402 733 et
3428 681 3727 754 Minervam

2146 751 2464 817 creaverat;
2532 769 2629 808 nec
2690 754 2873 820 magis
2938 752 3060 807 deos
3116 752 3226 806 dici
3283 767 3437 822 posse
3492 751 3730 805 illarum

2146 830 2375 899 frugum
2428 828 2758 899 inventores,
2808 823 3333 899 quam__l.ucul_lum,
3368 824 3464 899 qui
3515 838 3727 899 cerasa,

2148 894 2199 954 et
2233 894 2509 962 Catonem,
2539 897 2636 968 qui
2688 896 2850 965 ﬁcum
2896 895 3129 949 viridem
3178 897 3237 951 in
3286 894 3519 950 Italiam
3559 894 3731 964 primi

2149 972 2474 1025 attulerunt.

2135 978 2474 1027 attulerunt.

2150 1113 2503 1167 Fatebantur
2547 1110 2785 1181 quidem
2836 1107 3076 1175 ethnici,
3109 1109 3263 1179 quod
3314 1123 3525 1179 negare
3576 1124 3729 1162 nun-

2080 1219 2256 1274 quam
2306 1204 2644 1273 potuerunt.
2698 1202 3015 1254 Saturnum
3074 1197 3359 1268 aliosque,
3393 1213 3539 1268 quos
3588 1198 3728 1252 deos

2080 1308 2207 1347 esse
2264 1288 2721 1357 somniaverant,
2763 1287 2956 1359 reipsa
3010 1287 3187 1342 fuisse
3239 1286 3509 1341 homines
3559 1302 3572 1340 :
3623 1287 3727 1341 sed

2081 1398 2213 1436 cum
2248 1380 2508 1435 Varrone
2556 1377 2987 1433 contendebant
3016 1375 3156 1442 illis,
3187 1376 3364 1447 hujus
3394 1377 3524 1431 vita-3
3571 1393 3726 1431 mor-

2083 1469 2216 1525 talis
2286 1485 2526 1523 munere
2602 1467 2711 1522 rite
2778 1466 3030 1534 functis,
3107 1467 3298 1520 datam
3365 1465 3728 1523 divinitatem

2083 1557 2347 1629 (Tertull.
2396 1558 2692 1628 Apologet.,
2728 1573 2853 1626 cap.
2889 1556 2974 1625 11,
3010 1572 3139 1627 pag.
3183 1556 3330 1624 335).
3364 1555 3576 1610 Verum
3627 1556 3728 1611 ab-

2085 1648 2324 1704 surdam
2352 1646 2684 1717 Opinionem
2711 1663 2878 1700 suam
2901 1644 3015 1699 alio
3042 1644 3368 1699 absurdiori
3400 1650 3729 1701 commento

2084 1736 2236 1793 tueri
2293 1737 2511 1791 frustra
2567 1735 2951 1790 conabantur.
3001 1733 3198 1804 Neque
3248 1734 3404 1789 enim
3462 1733 3732 1790 homines

312 1806 571 1899 quorum:
601 1823 824 1895 judicio
875 1836 1110 1891 semper
1140 1819 1457 1882 stabimus,
1490 1817 1646 1870 haud
1698 1806 1974 1879 dubitari:

2089 1832 2218 1899 post
2249 1829 2496 1882 mortem
2545 1841 2713 1880 suam
2764 1824 2845 1878 dii
2893 1823 3015 1878 fieri
3070 1826 3404 1895 potuerunt,
3437 1823 3552 1879 nisi
3580 1823 3668 1879 vel
3699 1841 3735 1880 a

308 1922 398 1972 ter
427 1914 829 1970 Tertullianus
878 1910 1136 1965 afﬁrmat
1190 1906 1417 1961 nullum
1477 1906 1549 1960 ab
1600 1903 1719 1958 ullo
1767 1901 1973 1974 gentili

313 2004 562 2061 inveniri
603 2007 709 2058 aut
749 2000 919 2057 citari
972 2014 1143 2065 posse
1201 2000 1521 2060 auctorem,
1554 1994 1652 2065 qui
1712 2006 1974 2062 unquam

315 2094 612 2163 negaverit
654 2095 976 2145 Saturnum
1033 2087 1216 2141 fuisse
1266 2084 1591 2148 hominem,
1623 2082 1723 2152 qui
1756 2082 1827 2135 ab
1859 2078 1974 2133 alio

314 2184 551 2238 homine
590 2186 646 2234 et
676 2182 853 2234 vitam
914 2176 1138 2247 accepit
1190 2180 1247 2230 et
1305 2190 1577 2245 regnum,
1611 2188 1675 2226 ac
1734 2169 1974 2241 proinde

312 2272 468 2327 Deus
527 2284 653 2325 esse
715 2284 831 2323 non
892 2269 1087 2337 potest
1116 2263 1378 2335 (Tertull.
1427 2263 1730 2333 Apotoget.,
1783 2275 1832 2313 ο.
1887 2259 1973 2322 10,

316 2378 371 2431 p.
407 2361 533 2428 331,
567 2364 623 2414 et
662 2358 701 2412 l.
749 2373 791 2411 ιι
841 2357 909 2409 ad
957 2355 1202 2418 Nation.,
1235 2369 1285 2407 ο.
1323 2354 1408 2417 12,
1443 2367 1573 2422 pag.
1606 2351 1756 2419 578).
1792 2347 1975 2412 Verus

316 2449 474 2503 enim
525 2447 704 2509 Deus,
737 2449 799 2499 ut
830 2443 1043 2512 saepius
1097 2440 1353 2495 diximus
1386 2439 1649 2508 (Dissert.
1682 2439 1741 2491 in
1770 2437 1971 2504 Minue,

319 2553 447 2607 cap.
481 2535 587 2589 ult.
620 2539 731 2588 art.
762 2534 841 2600 2),
874 2548 907 2586 a
938 2546 999 2585 se
1042 2530 1171 2600 ipso
1220 2528 1342 2583 solo
1374 2532 1483 2596 est,
1512 2532 1569 2582 et
1600 2527 1728 2581 ideo
1778 2524 1973 2581 omni-

314 2631 541 2697 potens,
575 2622 676 2694 qui
724 2620 996 2675 homines
1029 2621 1351 2688 caeteraque
1383 2616 1581 2671 omnia
1612 2615 1847 2683 creavit,
1872 2626 1973 2683 qui

314 2714 591 2770 omnibus
623 2710 983 2769 dominatur.
1009 2708 1108 2779 qui
1135 2707 1332 2761 omnia
1363 2721 1543 2777 regna
1574 2704 1899 2775 dispensat.

386 2808 523 2857 Post
576 2802 696 2856 haec
749 2798 894 2853 ille:
942 2796 1086 2852 Satis
1142 2800 1282 2866 iam,
1341 2795 1557 2865 inquit,
1611 2794 1675 2848 de
1727 2793 1969 2847 Saturno

311 2891 579 2964 (Tertull.
629 2889 929 2961 Apotoget.,
964 2903 1014 2941 c.
1050 2886 1138 2951 10,
1171 2902 1229 2956 p.
1261 2884 1409 2951 331),
1462 2883 1533 2938 ad
1584 2880 1825 2937 cuilibet
1867 2879 1967 2935 he-

312 2981 519 3038 betiori
554 2984 727 3049 atque
779 2974 1144 3031 obstinatiori
1198 2972 1725 3029 demonstrandum
1758 2970 1967 3025 falsam

315 3073 556 3126 omnino
588 3084 717 3124 esse
768 3067 925 3120 illius
959 3063 1348 3118 divinitatem.
1382 3062 1528 3117 Data
1571 3066 1765 3115 autem
1794 3076 1970 3131 Opera

316 3160 397 3215 ibi
430 3157 646 3229 adjecit
670 3157 797 3211 licet
822 3155 1032 3225 paucis.
1056 3152 1200 3207 Nam
1228 3152 1286 3205 in
1311 3152 1569 3205 secundo
1593 3150 1664 3204 ad
1691 3149 1967 3204 Nationes

2087 1934 2149 1973 se
2180 1915 2346 1988 ipsis,
2379 1920 2480 1970 aut
2519 1913 2628 1969 alio
2676 1912 2874 1985 aliquo
2923 1912 2995 1968 iis
3045 1912 3368 1985 potentiore
3398 1914 3524 1968 deo.
3556 1913 3733 1985 Atqui

2088 2010 2404 2077 utrumque
2438 2004 2651 2059 falsum
2684 2007 2790 2057 est.
2821 2002 2944 2057 Non
2994 2002 3105 2073 ipsi
3154 2001 3445 2073 siquidem
3478 2008 3732 2074 potesta-

2083 2099 2197 2151 tem
2224 2095 2557 2150 habuerunt
2577 2092 2940 2147 divinitatem
2963 2091 3074 2147 sibi
3103 2091 3351 2147 mortuis
3370 2092 3730 2148 conferendi.

2085 2184 2143 2239 Si
2177 2184 2412 2255 quando
2446 2197 2697 2253 namque
2744 2180 2801 2235 id
2850 2180 3198 2251 potuissent,
3230 2197 3534 2252 nunquam
3587 2180 3730 2236 fuis-

2084 2278 2216 2328 sent
2268 2271 2556 2326 homines.
2614 2268 2952 2325 mortalium
3001 2268 3445 2325 infirmitatibus
3487 2274 3544 2326 et
3572 2270 3732 2327 vitiis

2085 2361 2338 2417 obnoxii.
2373 2362 2551 2430 Cujus
2594 2359 2745 2415 hanc
2793 2363 3008 2415 Auctor
3057 2362 3253 2415 noster
3280 2359 3564 2415 rationem
3598 2362 3728 2416 red-

2086 2452 2170 2506 dit
2221 2468 2289 2505 ;‹‹
2340 2450 2649 2518 Nunquam
2707 2448 2977 2503 homines
3036 2448 3304 2517 fuissent,
3363 2449 3733 2519 possidentes

2084 2541 2309 2599 scilicet
2355 2539 2614 2596 melioris
2656 2538 2857 2613 [quam
2920 2538 3144 2610 fragilis
3201 2538 3497 2611 humanae]
3529 2541 3730 2595 condi-

2082 2632 2260 2688 tionis
2292 2634 2637 2703 potestatem
2665 2654 2685 2682 ι
2716 2629 2917 2699 (Ibid.).
2952 2627 3117 2683 Solus
3150 2628 3362 2700 quippe
3398 2629 3494 2684 Dei
3528 2629 3730 2699 Filius,

2083 2722 2155 2776 ab
2213 2725 2425 2775 aeterno
2485 2720 2659 2784 Deus,
2719 2720 3025 2788 assumpta
3074 2716 3339 2788 quidem,
3396 2718 3498 2772 sed
3557 2719 3729 2774 modo

2080 2827 2324 2883 prorsus
2372 2807 2725 2873 admirabili,
2760 2812 2817 2863 et
2856 2806 3077 2878 absque
3128 2804 3247 2861 uita
3276 2806 3396 2861 vitii
3448 2811 3549 2862 aut
3596 2826 3728 2881 pec-

2080 2900 2190 2955 cati
2226 2899 2374 2964 labe,
2407 2902 2618 2953 natura
2647 2896 2926 2965 hominis,
2962 2895 3267 2951 mortalem
3304 2896 3483 2952 vitam
3515 2899 3653 2970 egit.

2149 2989 2345 3059 Neque
2372 2986 2546 3041 etiam
2582 2986 2698 3040 ficti
2732 2983 3035 3056 gentilium
3070 2984 3147 3039 dii
3184 2984 3255 3039 ab
3288 2983 3408 3040 ullo
3441 2985 3552 3043 alio
3585 2988 3728 3045 divi-

2079 3078 2322 3133 nitatem
2356 3076 2615 3147 accipere
2650 3077 2980 3144 potuerunt,
3016 3073 3129 3128 nisi
3162 3072 3276 3129 illis
3309 3074 3497 3145 major
3520 3081 3724 3148 poten-

2078 3166 2305 3239 tiorque
2333 3165 2536 3232 fuerit;
2562 3168 2678 3231 aut,
2698 3166 2761 3217 ut
2781 3161 3121 3218 Tertulliani
3150 3162 3221 3216 ad
3243 3162 3511 3219 ethnicos
3532 3166 3726 3223 verbis

311 3251 461 3305 libro
495 3247 810 3302 falsitatem
840 3245 968 3315 ejus
994 3242 1169 3297 variis
1203 3241 1567 3296 demonstrat
1596 3237 1962 3310 argumentis
1993 3224 2035 3291 C
2074 3224 2309 3311 utqui,”
2338 3273 2350 3310 ε
2379 3277 2407 3305 «
2431 3224 2676 3309 Νθξθεεέ
2703 3256 2791 3307 est
2820 3251 3156 3307 concedatis
3186 3267 3313 3306 esse
3343 3251 3598 3323 aliquem
3631 3273 3724 3312 su,

312 3340 448 3409 (lib.
484 3355 547 3402 11,
580 3336 651 3390 ad
687 3336 935 3400 Nation.,
968 3348 1095 3403 cap.
1126 3332 1181 3395 7,
1215 3336 1270 3385 et
1301 3346 1426 3401 cep.
1462 3330 1570 3399 16),
1603 3345 1729 3398 qua:
1768 3329 1826 3381 in
1859 3344 1963 3382 su-

313 3427 641 3499 perioribus
694 3423 910 3478 nostris
959 3419 1473 3476 dissertationibus
1522 3418 1961 3489 explicata,non

311 3516 567 3587 amplius
598 3514 690 3568 hic
720 3511 1035 3583 repetenda
1066 3513 1224 3565 sunt.

381 3610 668 3659 Saturnus
701 3618 872 3675 porro
906 3601 955 3655 si
986 3600 1132 3655 deus
1166 3614 1271 3654 nec
1299 3597 1426 3668 fuit,
1456 3612 1560 3652 nec
1591 3612 1720 3652 esse
1750 3596 1961 3667 potuit,

312 3694 451 3766 quia
481 3694 656 3749 homo
688 3696 832 3757 erat,
857 3688 1079 3745 caeteris
1121 3687 1462 3744 hominibus
1502 3687 1747 3754 similis;
1779 3686 1963 3741 multo

313 3784 502 3855 magis
534 3781 840 3836 divinitate
872 3778 1337 3849 carentJupiter,
1363 3778 1491 3848 ejus
1526 3775 1700 3841 illius,
1724 3780 1964 3845 totaque

318 3872 567 3927 aliorum
617 3885 764 3943 pene
815 3866 1339 3923 innumerabilium
1396 3872 1643 3930 caterva,
1688 3879 1834 3934 quos
1892 3866 1963 3919 ab

320 3963 521 4016 eodem
573 3964 845 4026 Saturno,
878 3962 979 4010 aut
1028 3958 1235 4010 saltem
1269 3959 1399 4024 post
1428 3952 1596 4008 illum
1628 3958 1785 4008 ortos
1836 3969 1965 4008 esse

320 4052 550 4104 constat
577 4046 779 4115 (Idem,
814 4045 1115 4116 Apologet.,
1156 4059 1204 4097 e.
1240 4043 1326 4108 10,
1364 4060 1420 4114 p.
1454 4043 1600 4114 333).
1636 4042 1776 4107 Quis
1806 4042 1962 4096 enim

315 4138 540 4193 nesciat
598 4139 825 4200 Jovem,
885 4148 1058 4203 quem
1117 4131 1334 4186 ethnici
1403 4132 1576 4185 deum
1646 4131 1964 4201 optimum,

314 4226 637 4283 maximum
668 4223 972 4287 vocabant,
998 4238 1065 4275 ex
1091 4221 1355 4291 ejusdem
1388 4220 1620 4275 Saturni
1655 4237 1788 4274 cum
1822 4220 1962 4290 Ope,

314 4334 418 4372 seu
467 4315 627 4370 Rhea
675 4327 874 4368 sorore
929 4327 1038 4365 sua
1093 4309 1411 4375 connubio,
1443 4308 1564 4363 sive
1616 4310 1812 4379 potius
1871 4309 1962 4362 in-

314 4410 497 4473 cestu,
556 4407 761 4458 natum
825 4397 1161 4471 perhiberi?
1209 4396 1461 4452 Adultus
1521 4402 1740 4465 autem,
1793 4398 1963 4471 pulso

312 4500 478 4568 patre
508 4510 637 4562 suo,
668 4490 729 4545 in
759 4488 920 4544 illius
960 4488 1176 4543 invasit
1223 4501 1490 4557 regnum,
1527 4491 1702 4557 atque
1733 4504 1963 4542 assum-

2071 3345 2401 3400 blimiorem
2438 3348 2642 3413 Deum,
2676 3345 2732 3397 et
2771 3340 3098 3413 mancipem
3149 3341 3465 3412 quemdam
3511 3343 3722 3400 divini-

2074 3434 2211 3490 tatis
2240 3456 2267 3483 »
2300 3433 2508 3504 (Ibid.).
2538 3432 2758 3489 Nomen
2808 3434 3002 3485 autem
3054 3446 3309 3501 manceps
3358 3448 3391 3486 a
3438 3431 3724 3503 politioris

2072 3522 2383 3579 latinitatis
2414 3519 2799 3592 scriptoribus
2834 3536 2936 3591 pro
2962 3536 3027 3573 eo
3060 3518 3334 3587 sumitur,
3369 3520 3470 3591 qui
3500 3521 3722 3595 aliquid

2073 3611 2303 3684 publice
2334 3609 2628 3675 conducit,
2661 3609 2861 3663 vendit
2916 3611 2975 3662 et
3032 3607 3287 3662 redimit.
3320 3609 3390 3663 At
3445 3627 3599 3666 nunc
3650 3612 3722 3666 ab

2072 3704 2315 3757 Auctore
2370 3704 2569 3756 nostro
2601 3697 2783 3770 accipi
2842 3697 3039 3770 potius
3090 3697 3319 3753 videtur
3367 3715 3471 3771 pro
3521 3699 3720 3772 aliquo

2074 3790 2398 3847 divinitatis
2458 3789 2720 3858 custode,
2754 3792 3020 3843 curatore
3079 3804 3142 3842 ac
3202 3788 3469 3860 praefecto
3510 3790 3717 3862 (Idem,

2072 3881 2136 3936 de
2165 3881 2375 3947 Idolol.,
2406 3896 2455 3934 c.
2482 3881 2531 3947 1,
2558 3883 2613 3933 et
2640 3877 2743 3932 lib.
2774 3877 2839 3931 de
2871 3876 3129 3945 Pudicit.,
3163 3894 3210 3932 ο.
3242 3878 3356 3945 14);
3391 3895 3505 3950 quo
3538 3896 3718 3935 sensu

2072 3970 2132 4025 in
2164 3969 2360 4025 codice
2390 3966 2793 4023 Theodosiano
2835 3966 3198 4021 thermarum
3233 3966 3599 4039 aliarumque
3628 3984 3718 4024 re-

2075 4076 2237 4113 mum
2267 4059 2544 4129 mancipes
2585 4061 2868 4111 vocantur
2895 4055 3042 4126 (Cod.
3080 4055 3350 4121 Theodos.,
3380 4055 3491 4128 leg.
3525 4075 3625 4112 un.
3660 4058 3724 4114 de

2071 4149 2360 4219 Mancipib.
2413 4151 2454 4201 t.
2493 4150 2555 4213 V,
2591 4162 2721 4217 pag.
2760 4145 2903 4215 183).
2946 4148 3018 4198 At
3062 4144 3419 4216 quicumque
3468 4145 3723 4202 dixerint

2072 4241 2389 4291 Saturnum
2432 4234 2693 4304 aliosque
2742 4237 3005 4287 mortuos
3038 4231 3305 4287 homines
3355 4251 3525 4289 suam
3575 4236 3720 4290 divi-

2075 4326 2316 4380 nitatem
2386 4323 2681 4393 accepisse
2741 4321 2810 4375 ab
2876 4320 2988 4375 alio
3048 4320 3207 4375 illius
3266 4323 3549 4395 mancipe,
3612 4325 3721 4381 hoc

2073 4414 2201 4486 ipso
2245 4430 2359 4468 non
2410 4428 2538 4467 esse
2585 4412 2723 4466 deos
2772 4409 2964 4479 palam
3015 4410 3389 4466 conﬁtentur.
3424 4417 3609 4469 Verus
3642 4415 3721 4469 si-

2074 4502 2309 4574 quidem
2344 4501 2496 4556 Deus
2529 4516 2561 4554 a
2591 4515 2652 4555 se
2683 4498 2806 4554 solo
2837 4502 2893 4553 et
2922 4502 3177 4553 aeternus
3206 4500 3301 4566 sit,
3336 4517 3573 4558 necesse
3603 4520 3723 4559 om-

312 4585 451 4657 ptis,
479 4582 561 4637 uti
595 4582 676 4636 ait
704 4578 1124 4646 Tertullianus,
1151 4576 1529 4647 squammati,
1557 4576 1808 4644 cornuti,
1841 4577 1966 4648 plu-
1999 4599 2042 4663 D
2074 4591 2212 4646 nino
2242 4594 2349 4645 est,

314 4672 479 4741 mati,
513 4668 720 4724 imbris
752 4666 909 4723 aurei
945 4665 1172 4737 figuris,
1206 4664 1358 4719 ﬁlios
1388 4664 1711 4722 infamibus
1744 4666 1965 4735 stupris

313 4768 372 4818 et
428 4759 731 4816 adulteriis
791 4754 1117 4828 procreavit
1147 4752 1418 4825 (Tertull.
1448 4754 1747 4826 Apologet.,
1790 4771 1840 4810 ο.
1871 4757 1962 4823 21,

316 4869 373 4923 p.
406 4852 530 4916 396,
564 4854 620 4903 et
645 4848 684 4903 l.
718 4864 759 4902 ιι
790 4846 864 4901 ad
892 4846 1043 4910 Nat,
1073 4860 1123 4899 e.
1159 4844 1246 4913 13)
1282 4860 1295 4898 :

386 4940 527 5003 Quis
555 4953 692 5009 ergo
722 4935 995 5007 expensis
1042 4933 1135 4988 his
1183 4932 1481 5001 omnibus,
1514 4948 1640 5002 qua:
1692 4934 1824 4989 aliis
1857 4952 1961 4989 no-

318 5028 457 5083 stris
508 5026 569 5080 in
615 5023 1151 5089 dissertationibus,
1184 5021 1616 5076 enucleavimus
1656 5024 1961 5093 (Dissertat.

315 5119 374 5172 in
403 5115 606 5170 1095
645 5114 847 5169 Minue.
881 5127 930 5165 c.
960 5111 1046 5174 15,
1072 5114 1180 5164 art.
1206 5111 1256 5172 1,
1281 5115 1338 5163 et
1366 5110 1649 5165 Dissertat.
1676 5128 1734 5166 in
1764 5114 1962 5169 Arnob.

315 5223 367 5262 e.
402 5205 489 5271 11,
541 5205 652 5257 art.
695 5201 747 5265 4,
799 5203 855 5253 et
900 5199 963 5253 in
1008 5199 1257 5251 Lactant.
1290 5211 1341 5251 ο.
1374 5198 1426 5260 3,
1461 5202 1579 5253 art.
1614 5202 1965 5272 1etseqq.),

312 5291 550 5351 diffiteri
583 5303 845 5361 unquam
878 5287 1089 5358 poterit
1129 5284 1293 5339 illum
1325 5287 1500 5340 deum
1534 5304 1650 5342 non
1683 5305 1830 5359 esse,
1865 5294 1966 5347 sed

318 5384 669 5440 sceleratum
721 5376 1016 5433 hominem
1060 5374 1153 5445 qui
1206 5390 1439 5430 omnem
1493 5376 1879 5436 humanitatis
1909 5385 1968 5436 et

320 5473 561 5546 pudoris
593 5483 833 5525 sensum
866 5464 1146 5520 exuerat?

931 5588 1251 5629 ARTICULUS
1289 5590 1351 5629 ιι.

320 5690 493 5758 Quam
518 5687 851 5761 prmpostere
877 5680 1085 5739 ethnici
1130 5681 1478 5739 venditarent
1520 5700 1644 5741 suos
1670 5689 1791 5758 post
1820 5703 1966 5746 mor-

639 5816 911 5878 Pnaon.
959 5812 1012 5875 Ι.

2146 4700 2425 4753 Prazterea
2481 4694 2683 4751 nullus
2733 4711 3017 4766 unquam,
3062 4694 3175 4751 nisi
3226 4696 3399 4768 plane
3447 4699 3722 4773 desipiat,

2073 4786 2284 4843 dixerit
2311 4786 2382 4842 ab
2412 4785 2811 4855 omnipotente
2855 4800 2920 4839 ac
2967 4784 3407 4857 sapientissimo
3454 4788 3571 4845 Deo
3617 4791 3725 4847 ali-

2074 4877 2212 4950 quid
2255 4874 2702 4940 inconsiderate,
2737 4878 2952 4929 temere
2997 4890 3063 4928 ac
3113 4875 3239 4930 sine
3271 4894 3450 4933 causa
3481 4879 3721 4936 factum.

2074 4967 2248 5040 Atqui
2281 4965 2442 5021 nulla
2474 4981 2717 5037 prorsus
2749 4980 2923 5019 causa
2955 4964 3243 5037 assignari
3276 4972 3465 5038 potest
3494 4987 3598 5025 cur
3627 4970 3725 5026 ille

2075 5075 2241 5114 suam
2275 5074 2407 5113 cum
2441 5056 2688 5112 mortuis
2732 5054 3073 5111 hominibus
3123 5059 3587 5115 communicaret
3635 5061 3723 5115 di-

2072 5148 2375 5203 vinitatem
2416 5145 2678 5218 (Tertull.
2725 5147 3023 5217 Apologct.,
3057 5162 3105 5200 ο.
3143 5147 3228 5213 11,
3260 5164 3391 5219 pag.
3425 5148 3573 5219 333).
3606 5149 3723 5205 Du-

2075 5238 2217 5317 plex‘
2248 5237 2464 5309 quippe
2522 5235 2724 5290 I096
2782 5239 3009 5290 tantum
3073 5234 3189 5289 hinc
3246 5251 3421 5290 causa
3476 5252 3605 5293 esse
3634 5238 3724 5293 vel

2075 5326 2271 5400 potius
2322 5324 2636 5398 excogitari
2689 5324 2898 5397 potuit.
2936 5328 3011 5377 Ac
3062 5324 3246 5395 primo
3293 5325 3551 5395 quidem,
3586 5328 3726 5398 quia

2076 5422 2228 5472 Deus
2261 5417 2468 5471 horum
2501 5414 2820 5486 indiguerit
2850 5412 3056 5467 ofﬁciis
3079 5416 3135 5467 et
3165 5411 3408 5483 auxilio;
3443 5417 3722 5486 secundo,

2076 5508 2213 5580 quia
2241 5507 2325 5563 illi
2359 5506 2587 5563 eximiis
2638 5503 2762 5559 suis
2812 5502 2979 5558 factis
3012 5508 3067 5556 et
3105 5503 3422 5562 virtutibus
3453 5506 3723 5563 divinita-

2075 5603 2193 5655 tem
2251 5598 2612 5654 meruerunt.
2644 5596 2722 5650 Ac
2776 5596 3094 5664 utrumque
3141 5592 3287 5651 falso
3336 5595 3543 5655 falsius
3596 5613 3726 5657 esse

2077 5689 2462 5748 convincitur.

3328 5817 3407 5880 38
