4162 6398
462 361 621 422 1195

976 358 1502 420 TERTULLIANI
1546 357 1871 420 OPERUM
1917 356 2116 418 PARS
2159 355 2206 416 Ι.
2241 389 2312 401 -
2343 354 2617 417 SERIES
2661 355 2709 427 Ῑ,
2757 354 3324 416 APOLOGETIGA.

3701 353 3876 415 “96

530 491 654 555 Qua
697 488 851 546 enim
902 491 1004 545 aut
1051 492 1438 558 mortuorum,
1472 491 1573 544 aut
1628 487 1803 544 etiam
1837 487 2097 543 vivorum
2127 485 2417 559 A(Ibid.),
2475 488 2593 542 sive
2647 489 2997 555 Saturnum,
3056 500 3231 557 quem
3287 483 3507 541 ethnici
3570 485 3878 557 potiorem

458 579 765 636 hominum
797 594 902 650 ope
923 577 1076 633 Deus
1106 577 1478 649 omnipotens
1508 593 1769 648 unquam
1798 575 2098 648 indiguit?

460 668 737 739 Nunquid
783 666 853 722 ad
897 667 1266 721 condendum
1303 667 1633 721 mundum?
1659 670 1733 720 At
1763 666 2100 738 quicunque

458 756 709 830 gentiles
767 755 825 810 id
887 755 1268 824 asseruerint,
1323 758 1740 825 repugnantem
1803 753 2103 808 habebunt

458 845 846 918 Pythagoram
893 843 1079 914 (Ibid.,
1132 859 1263 915 pag.
1318 843 1428 911 13),
1461 841 1581 914 qui,
1616 847 1680 897 ut
1727 859 1908 913 supra
1953 841 2102 896 vidi-

461 952 593 990 mus
624 935 932 1002 (Dissertat.
965 933 1028 987 in
1059 933 1334 1002 Lactant.,
1369 948 1417 987 c.
1451 933 1540 1001 21,
1573 935 1678 986 art.
1714 931 1788 1003 2),
1815 931 2101 986 mundum

457 1023 776 1078 lncreatum
828 1020 1200 1092 praedicabat.
1245 1021 1499 1076 Tametsi
1547 1036 1679 1075 vero
1729 1019 2006 1087 mundus,
2040 1023 2106 1074 ut

458 1111 621 1167 Plato
673 1109 888 1181 aliique
945 1108 1300 1181 philosophi,
1352 1109 1851 1181 quemadmodum
1913 1107 2105 1163 adhuc

459 1202 804 1256 annotatum
835 1201 942 1268 est,
969 1201 1124 1252 recte
1153 1197 1494 1263 docuerunt,
1520 1196 1714 1268 reipsa
1743 1200 1971 1252 creatus
1995 1196 2104 1262 sit;

457 1305 629 1345 verus
686 1285 1070 1342 nihilominus
1125 1286 1302 1356 Deus,
1335 1287 1506 1357 cujus
1564 1285 1794 1340 inﬁnita
1850 1289 2108 1356 potestas

459 1383 569 1448 est,
603 1375 826 1432 nullius
868 1374 1042 1446 plane
1074 1375 1145 1430 ad
1191 1375 1358 1430 illum
1390 1374 1796 1430 fabricandum
1845 1373 2108 1430 subsidio

462 1465 641 1537 eguit.

531 1561 680 1628 Quid
709 1561 1036 1632 vero,quod
1070 1564 1302 1616 constat
1332 1563 1464 1616 ante
1485 1559 1802 1615 Saturnum
1834 1576 1899 1615 ac
1929 1575 2108 1630 quos-

458 1652 603 1723 libet
652 1651 798 1707 alios
850 1648 1156 1722 gentilium
1201 1649 1362 1719 deos,
1392 1649 1630 1719 pluvias,
1665 1647 1818 1703 sicut
1865 1647 1945 1703 ait
1978 1649 2113 1703 Ter-

457 1740 764 1809 tullianus,
783 1739 847 1794 de
866 1739 997 1794 casto
1020 1739 1216 1805 ruisse,
1239 1741 1289 1792 et
1308 1738 1506 1792 sidera
1528 1735 1815 1807 (Tertull.,
1839 1737 1941 1791 loc.
1968 1735 2109 1819 cit).

2209 576 2583 648 primumque
2630 575 2916 642 omnium,
2949 573 3034 630 uti
3080 573 3254 646 paulo
3302 578 3437 630 ante
3485 573 3876 645 dicebamus,

2209 666 2448 720 deorum
2492 681 2622 720 esse
2671 663 3026 735 garriebant.
3061 662 3340 719 Ethnicos
3384 666 3580 718 autem
3638 663 3720 718 ibi
3771 681 3880 720 ca-

2210 754 2408 825 stigat,
2433 753 2530 824 qui
2562 753 2954 824 opinabantur
2985 752 3255 808 Liberum
3287 752 3360 808 ob
3389 751 3535 816 vini,
3566 752 3875 820 Cererem,

2211 843 2285 897 ob
2347 841 2655 912 frumenti,
2710 841 3029 897 Minervam
3085 844 3323 913 propter
3377 839 3520 897 oleae
3574 841 3874 897 adiuven-

2213 932 2430 988 tionem
2481 947 2723 986 numero
2770 927 3097 1001 adscriptas
3147 929 3328 985 fuisse
3377 929 3642 986 deorum.
3690 933 3879 986 Prius

2213 1019 2506 1075 enimvero
2570 1019 2656 1073 htB
2735 1017 2934 1090 fruges
3003 1016 3186 1073 creari
3259 1018 3623 1087 debuerunt,
3684 1036 3880 1091 quam

2215 1107 2483 1162 inveniri.
2519 1109 2700 1180 Atque
2743 1105 2839 1162 ille
2872 1110 3105 1162 tantum
3140 1110 3288 1162 Deus
3318 1111 3430 1176 est,
3465 1123 3500 1162 a
3525 1123 3639 1177 quo
3670 1113 3881 1165 creata

2214 1195 2601 1266 institutaque
2646 1197 2902 1251 fuerunt.
2935 1194 3133 1266 Neque
3177 1211 3388 1268 urgeas
3421 1195 3765 1252 Lucretium
3798 1198 3881 1254 de

2215 1284 2309 1339 his
2363 1284 2697 1355 loquentem
2758 1300 2933 1340 usum
2987 1299 3117 1341 esse
3171 1285 3344 1341 verbo
3401 1287 3733 1355 instituisse,
3768 1287 3880 1342 ubi

2217 1371 2426 1429 cecinit
2453 1388 2467 1426 :

2308 1478 2545 1544 Namque
2570 1479 2728 1544 Ceres
2756 1478 2925 1528 fertur
2951 1478 3154 1544 fruges,
3185 1479 3447 1544 Liberque
3476 1479 3711 1544 liquores

2309 1539 2540 1604 Yitigeni
2569 1541 2777 1604 laticem
2803 1539 3115 1593 mortalist
3137 1539 3456 1604 instituisse,

2310 1603 2439 1666 Cum
2469 1607 2647 1652 tamen
2678 1603 2761 1652 his
2790 1609 2972 1666 posset
2999 1606 3114 1654 sine
3139 1605 3303 1654 rebus
3329 1603 3449 1656 vita
3468 1617 3706 1664 manere,

2312 1666 2378 1715 Ut
2403 1664 2547 1714 fama
2576 1670 2655 1715 est
2681 1664 2884 1730 aliquas
2911 1667 3068 1716 etiam
3099 1681 3244 1730 nunc
3277 1668 3454 1717 vivere
3481 1671 3686 1730 gentes.

2915 1731 3141 1790 (Lucret.
3171 1729 3264 1779 lib.
3296 1743 3344 1792 v,
3373 1743 3428 1780 ν.
3458 1729 3515 1779 14
3545 1733 3598 1780 et
3625 1730 3807 1793 seqq.)

459 1835 602 1927 Ρξιῐξ
631 1828 812 1884 εοιθω
840 1844 907 1927 fc
937 1826 1162 1927 Ῑιξηείῐξιν
1185 1827 1466 1927 ξ’ᾒίίίαδξεν
1576 1825 2118 1927 Ῑαπξίηιξιμίάθιίοεξῐ
2148 1862 2193 1927 Β
2223 1847 2401 1899 Poeta
2418 1843 2574 1900 enim
2604 1843 2787 1916 ibizde
2812 1844 2906 1901 his
2934 1844 3356 1918 loquitur,quw
3383 1844 3719 1919 aliquorum
3743 1852 3880 1904 arte

463 1917 793 1985 stellarum,
826 1915 1122 1986 ﬂoruisse?
1173 1915 1300 1970 Alio
1353 1914 1643 1986 siquidem
1676 1914 1736 1970 in
1769 1914 1921 1970 libro
1970 1914 2115 1970 scri-

469 2006 590 2080 psit
621 2021 634 2061 :
669 2006 874 2061 Caelum
926 2005 1230 2060 luminibus
1258 2006 1557 2074 ﬂoruisset,
1589 2006 1765 2074 magis
1811 2005 1892 2059 sol
1937 2002 2116 2058 radiis

468 2095 788 2152 insultasset
852 2093 988 2162 (lib.
1048 2110 1105 2149 ιν
1155 2094 1275 2148 adv.
1333 2093 1596 2148 Marcion.
1656 2109 1705 2147 c.
1763 2092 1872 2163 42).
1931 2091 2114 2155 Quam

473 2184 655 2255 igitur
713 2199 881 2253 opem
936 2183 1008 2237 ad
1075 2183 1364 2237 mundum
1424 2181 1742 2236 creandum
1805 2185 1914 2236 Deo
1971 2181 2115 2235 ferre

471 2277 757 2326 Saturnus
804 2274 907 2326 aut
952 2270 1198 2341 quilibet
1250 2271 1401 2325 alius
1459 2274 1745 2341 poterant,
1789 2268 1888 2340 qui
1946 2267 2113 2339 longo

469 2364 602 2433 post
640 2359 844 2431 solem,
881 2359 1084 2415 lunam
1128 2363 1184 2415 et
1231 2359 1431 2415 stellas
1472 2363 1732 2430 tempore
1772 2358 1879 2414 orli
1931 2360 2116 2413 sunt?

468 2450 640 2506 Addit
671 2448 1062 2505 Tertullianus
1101 2453 1236 2504 ante
1265 2465 1466 2504 omnes
1497 2447 1804 2520 gentilium
1839 2447 1996 2513 deos,
2028 2451 2114 2502 to-

466 2541 682 2594 nitrum
727 2539 966 2607 mugisse
994 2543 1045 2592 et
1077 2539 1256 2608 ipsum
1288 2539 1490 2604 Jovem,
1524 2553 1643 2609 qua
1692 2538 1748 2591 in
1799 2551 1967 2591 manu
1995 2536 2114 2605 ejus

467 2628 677 2698 ponitis
707 2626 868 2697 (sive,
902 2629 967 2680 ut
995 2624 1054 2679 in
1087 2624 1516 2697 antiquioribus
1565 2623 1736 2679 editis
1777 2628 1833 2679 et
1877 2624 2112 2679 ineditis

468 2714 800 2779 codicibus,
867 2715 1170 2784 imponitis)
1233 2714 1460 2784 fulgura
1526 2715 1776 2768 timuisse
1837 2711 2108 2780 (Tertull.

470 2803 776 2873 Apotoget.,
808 2816 857 2856 c.
895 2801 984 2865 11,
1017 2817 1072 2872 p.
1105 2800 1251 2872 334).
1286 2801 1355 2855 Et
1405 2816 1536 2855 vero
1585 2815 1719 2854 cum
1763 2802 1986 2854 certum
2036 2797 2114 2854 sit

473 2891 736 2947 tonitrua
794 2889 1085 2960 mugisse,
1135 2893 1449 2960 antequam
1497 2888 1725 2960 Jupiter
1773 2886 2110 2957 exstitisset,

472 2979 718 3035 dubium
763 2977 979 3034 nemini
1014 2993 1140 3033 esse
1188 2977 1379 3044 debet,
1415 2977 1578 3048 quin,
1609 2975 1788 3031 insito
1835 2975 2112 3031 omnibus

473 3067 809 3125 horninibus
854 3067 1087 3134 timore,
1119 3066 1363 3122 fulmina
1395 3081 1696 3136 nunquam
1747 3065 1945 3120 audita
1992 3063 2112 3136 pri-

473 3173 636 3213 mum
692 3155 901 3212 saltem
951 3155 1234 3211 timuerit.
1282 3156 1667 3220 Quamobrem
1713 3153 2110 3210 Tertullianus

465 3248 600 3319 jure
632 3247 839 3301 merito
869 3245 1017 3300 ridet
1059 3243 1340 3310 ethnicos,
1373 3245 1470 3314 qui
1518 3243 1748 3314 fulgura
1779 3246 1835 3298 et
1866 3241 2113 3297 fulmina
2142 3220 2185 3288 C

470 3335 531 3390 in
564 3335 693 3404 ejus
723 3349 899 3389 manu
929 3349 1078 3402 esse,
1104 3337 1159 3389 et
1189 3333 1260 3389 ab
1286 3348 1374 3402 eo,
1400 3332 1534 3388 licet
1562 3348 1678 3387 non
1705 3332 1876 3402 facta,
1897 3329 2112 3386 vibrari

473 3422 838 3478 eﬂ‘utiebant.

541 3519 650 3574 Sed
680 3518 872 3573 acrius
921 3517 1111 3573 adhuc
1160 3520 1330 3589 urget
1381 3515 1528 3571 nihil
1585 3516 1992 3588 imperfectum
2042 3515 2113 3570 ab

475 3607 877 3679 omnipotente
904 3605 1029 3661 ﬁeri
1061 3611 1234 3676 atque
1263 3604 1480 3660 idcirco
1510 3605 1816 3672 mundum,
1841 3605 2116 3661 omnibus

474 3693 814 3753 absolutum
845 3693 1130 3765 numeris,
1158 3695 1230 3749 ab
1253 3710 1318 3750 eo
1346 3693 1646 3750 conditum
1676 3693 1878 3750 fuisse.
1911 3693 2120 3748 Omnia

473 3785 675 3857 igitur,
711 3800 839 3855 quas
887 3783 958 3838 ad
1013 3785 1460 3839 sustentandam
1503 3782 1761 3838 hominis
1792 3783 1971 3838 vitam
2019 3797 2119 3837 ne-

477 3873 728 3930 cessaria
758 3875 921 3938 sunt,
952 3876 1085 3927 ante
1134 3870 1424 3942 quoslibet
1455 3871 1761 3942 gentilium
1808 3872 1948 3927 deos
1996 3887 2119 3926 om-

477 3977 699 4035 nesque
749 3961 1022 4018 homines
1075 3965 1386 4016 creaverat.
1422 3961 1620 4032 Itaque
1665 3959 1836 4028 nihil,
1873 3959 1952 4015 ait
1999 3960 2122 4031 ipse

476 4051 897 4119 Tertullianus,
933 4049 1290 4116 continendo,
1332 4049 1389 4104 id
1435 4054 1544 4117 est,
1578 4050 1973 4106 conservando
2023 4049 2122 4105 ho-

475 4141 638 4207 mini,
688 4157 753 4196 ac
808 4140 1129 4196 cohibendo
1181 4155 1252 4193 ne
1300 4142 1648 4206 moreretur,
1688 4149 1740 4194 et
1785 4139 2120 4205 sustinendo,

477 4231 597 4285 sive
651 4231 1059 4296 sustentando,
1109 4227 1335 4297 alendo,
1380 4228 1710 4297 reficiendo,
1756 4229 2121 4300 prospectum,

478 4335 544 4376 ac
602 4318 802 4374 datum
859 4323 977 4390 post
1035 4318 1315 4373 hominem
1372 4321 1636 4372 creatum
1688 4319 1868 4389 potuit
1924 4317 2127 4389 inferri

477 4407 683 4480 (lbid.).
717 4408 824 4464 Sed
879 4407 1000 4462 haec
1031 4407 1157 4478 ejus
1187 4406 1361 4461 verba
1391 4422 1506 4461 non
1558 4406 1640 4460 ita
1692 4406 1762 4461 ad
1811 4407 2005 4461 vivum
2037 4422 2124 4461 re-

475 4497 731 4554 secando.
761 4500 918 4564 sunt,
947 4500 1012 4552 ut
1043 4495 1260 4550 dixisse
1291 4494 1562 4550 credatur
1591 4494 1737 4549 nihil
1770 4499 1902 4567 post
1932 4495 2128 4550 condi-

2225 1937 2282 1988 et
2311 1932 2542 2004 ingenio
2573 1937 2800 2004 reperta
2829 1933 3074 1989 fuerant.
3093 1934 3347 1991 Verbum
3370 1951 3506 2008 ergo
3537 1937 3880 2008 instituisse,

2226 2038 2340 2076 non
2389 2021 2732 2092 aliofquam
2784 2021 3095 2093 invenisse,
3134 2039 3308 2079 sensu
3358 2024 3595 2096 accepit.
3642 2025 3698 2078 Si
3733 2025 3880 2098 quis

2223 2126 2354 2166 vero
2381 2111 2693 2166 contendat
2723 2111 2794 2165 ab
2825 2109 2923 2166 illo
2952 2113 3258 2168 instituisse
3288 2112 3534 2184 dictum,
3558 2113 3698 2185 quia
3731 2113 3881 2169 Bac-

2224 2198 2370 2253 chus
2400 2203 2456 2254 et
2483 2198 2654 2254 Ceres
2701 2199 2873 2271 panis
2920 2215 2988 2255 ex
3035 2200 3324 2272 frugibus,
3356 2200 3593 2272 vinique
3623 2217 3688 2257 ex
3738 2202 3878 2258 uvis

2223 2285 2564 2342 conficiendi
2595 2287 2836 2341 modum
2869 2287 3139 2344 docuisse
3181 2287 3538 2356 ferebantur,
3561 2306 3675 2345 non
3709 2289 3877 2344 mul-

2220 2380 2345 2430 tum
2393 2375 2871 2446 repugnabimus.
2903 2375 3119 2432 Verum
3165 2376 3217 2432 is
3265 2394 3336 2433 ne
3385 2377 3573 2433 hilum
3623 2377 3873 2450 quidem

2221 2465 2355 2519 inde
2385 2462 2663 2536 proﬁciet.
2695 2463 2871 2520 Nobis
2899 2465 3054 2520 enim
3104 2465 3277 2536 plane
3304 2466 3522 2522 sufﬁcit
3554 2472 3709 2522 certo
3742 2483 3873 2522 cer-

2219 2554 2338 2608 tius
2367 2568 2494 2608 esse
2525 2552 2716 2608 nullas
2747 2553 2942 2626 fruges
2965 2571 2997 2610 a
3017 2554 3262 2622 Baccho,
3287 2558 3508 2626 Cerere,
3529 2561 3587 2611 et
3608 2555 3876 2612 Minerva

2221 2646 2464 2698 creatas.
2498 2646 2678 2697 Nemo
2717 2643 2934 2714 quippe
2985 2644 3056 2699 ob
3115 2657 3213 2699 eas
3266 2647 3366 2700 aut
3417 2643 3726 2713 iudicatas,
3761 2650 3872 2701 aut

2220 2735 2498 2802 repertas,
2521 2735 2620 2788 aut
2646 2731 2792 2802 fieri,
2825 2736 2928 2786 aut
2958 2747 3087 2788 esse
3116 2733 3262 2788 deus
3292 2736 3503 2804 potest.

2290 2819 2488 2890 Neque
2535 2818 2688 2873 alius
2715 2818 3010 2892 [deinceps
3067 2818 3417 2888 audiendus,
3447 2820 3551 2892 qui
3605 2820 3873 2891 objicere

2220 2907 2429 2964 audeat
2460 2907 2690 2979 frugum
2726 2907 3118 2965 inventionem
3156 2913 3332 2964 tanta:
3362 2907 3703 2965 hominibus
3734 2925 3874 2966 esse

2220 2994 2480 3064 utilitati,
2515 3001 2580 3051 ut
2611 2999 2845 3067 propter
2891 2995 3082 3052 solum
3135 2997 3241 3053 hoc
3289 2997 3638 3054 beneﬁcium
3670 3001 3869 3066 Ceres,

2219 3085 2480 3140 Bacchus
2515 3088 2572 3140 et
2617 3085 2873 3140 Minerva
2903 3087 2962 3140 in
2994 3087 3234 3142 deorum
3266 3103 3441 3160 grege
3489 3088 3873 3143 adnumerari

2223 3172 2564 3230 meruerint.
2586 3174 2713 3229 Jam
2745 3174 2898 3228 enim
2929 3173 3051 3231 haec
3085 3175 3230 3231 ratio
3255 3175 3402 3231 satis
3431 3175 3728 3232 confutata
3753 3180 3872 3232 est.

2223 3262 2439 3318 Deinde
2458 3278 2590 3317 vero
2622 3261 2673 3316 si
2704 3261 2955 3334 alicujus
2985 3279 3052 3318 ea
3075 3268 3229 3319 esset
3259 3264 3560 3333 momenti,
3585 3263 3874 3321 Lucullus

2221 3350 2425 3407 debuit
2455 3350 2629 3406 etiam
2661 3351 2806 3406 deus
2849 3350 2995 3419 ﬁeri,
3027 3353 3125 3423 qui
3167 3354 3399 3422 primus,
3433 3353 3517 3407 uti
3547 3351 3872 3408 Tertullia-

2223 3456 2336 3495 nus
2364 3440 2446 3495 ait
2473 3455 2660 3494 cerasa
2681 3441 2847 3512 (mss.
2872 3442 3095 3512 cerasia)
3117 3456 3186 3497 ex
3213 3446 3385 3498 Ponto
3413 3442 3602 3498 Italiae
3621 3442 3873 3513 promul-

2223 3530 2373 3598 gavit
2414 3525 2703 3600 (Tertull.,
2752 3527 2935 3599 ibid.).
2970 3529 3047 3582 Ex
3094 3528 3279 3584 Plinio
3337 3534 3534 3585 autem
3581 3529 3869 3585 discimus

2225 3633 2378 3674 anno
2410 3615 2574 3672 urbis
2622 3616 2866 3672 conditas
2902 3618 3026 3685 680,
3063 3621 3196 3689 post
3223 3617 3528 3674 victoriam
3570 3618 3879 3675 Mithrida-

2227 3707 2402 3761 ticam
2430 3722 2629 3761 cerasa
2650 3706 2722 3760 ab
2754 3705 2862 3762 hoc
2896 3703 3139 3762 Lucullo
3175 3711 3572 3778 transportata
3601 3706 3786 3764 fuisse
3819 3707 3881 3763 in

2231 3795 2456 3851 Italiam
2488 3811 2557 3850 ea:
2583 3793 2757 3851 Ponto
2788 3794 2983 3867 (Plin.,
3015 3795 3117 3851 lib.
3149 3813 3245 3864 xv,
3279 3795 3476 3852 Natur.
3512 3797 3662 3852 Hist.
3699 3813 3748 3853 c.
3783 3797 3878 3868 25,

2229 3901 2286 3956 p.
2318 3885 2466 3958 207),
2498 3887 2636 3954 sive,
2671 3889 2734 3939 ut
2763 3883 2844 3940 ait
2874 3884 3281 3957 Hieronymus,
3305 3885 3371 3940 ds
3403 3884 3702 3942 Cerasunto
3730 3887 3882 3958 (Hie-

2229 3990 2445 4045 ronym.
2477 3973 2646 4045 epist.
2679 3974 2768 4041 23,
2793 3972 2865 4029 ad
2894 3972 3157 4029 Eustach.
3179 3989 3310 4046 pag.
3335 3974 3451 4046 60),
3478 3973 3633 4029 unde
3663 3991 3886 4030 nomen

2233 4079 2406 4118 suum
2437 4066 2761 4118 traxerunt.
2791 4065 3012 4117 Horum
3066 4061 3259 4134 itaque
3289 4063 3694 4133 praestantium
3725 4063 3886 4120 viro-

2232 4168 2362 4207 rum
2397 4151 2740 4208 auctoritate
2781 4150 3161 4223 corrigendus
3211 4155 3303 4205 est
3349 4150 3501 4206 alius
3533 4149 3891 4208 Tertulliani

2233 4240 2293 4296 in
2323 4241 2581 4297 secundo
2620 4241 2690 4295 ad
2744 4240 3014 4296 Nationes
3044 4239 3194 4296 libro
3224 4238 3412 4308 locus,
3443 4239 3541 4296 ubi
3594 4239 3887 4312 scriptum

2233 4330 2483 4404 legimus
2513 4345 2525 4386 :
2560 4329 2657 4385 Cn.
2690 4329 2978 4400 Pompeius
3009 4327 3075 4383 de
3102 4329 3387 4385 Ponto.....
3421 4329 3611 4387 Italia:
3634 4331 3895 4402 promul-

2232 4422 2382 4492 gavit
2412 4417 2698 4492 (Tertull.,
2735 4417 2833 4473 lib.
2864 4435 2904 4472 ιι
2935 4416 3005 4472 ad
3032 4418 3193 4486 Nat,
3221 4433 3346 4489 cap.
3382 4419 3492 4489 16).

2309 4511 2495 4565 Instat
2542 4506 2640 4562 ille
2688 4507 2862 4562 ficum
2892 4506 3138 4561 viridem
3172 4505 3371 4562 Romae
3419 4507 3716 4578 cognitam
3768 4524 3890 4564 non

475 4591 605 4643 tum
663 4586 962 4641 hominem
1019 4583 1282 4656 POWiSBe
1343 4600 1376 4638 ⁸
1425 4588 1539 4639 Deo
1599 4584 1804 4652 οτθανίι
1838 4601 1952 4655 (1υο
2007 4585 2128 4640 νίῒᾶ
2156 4585 2203 4651 D
2234 4598 2438 4668 fuisse,
2468 4600 2787 4668 antequam
2819 4595 2948 4652 Cato
2995 4610 3123 4651 eam
3173 4595 3403 4651 senatui
3434 4597 3624 4653 intulit
3655 4597 3892 4669 (ibid.).

482 4674 740 4731 hominis
784 4673 1184 4730 contineretur
1231 4676 1288 4728 et
1344 4672 1753 4728 sustineretur.
1788 4673 1913 4728 Non
1971 4674 2127 4730 enim

481 4762 596 4819 sibi
626 4761 788 4817 aliud
820 4762 1024 4830 voluit,
1059 4761 1172 4816 nisi
1203 4767 1434 4831 cuncta,
1468 4761 1595 4816 sine
1624 4763 1840 4832 quibus
1871 4762 2130 4819 humana

479 4851 600 4908 vita
629 4849 958 4907 conservari
990 4867 1105 4906 non
1135 4855 1347 4921 potest,
1371 4867 1404 4905 a
1430 4851 1540 4906 Deo
1563 4856 1755 4906 creata
1786 4852 1966 4908 fuisse
1996 4855 2129 4908 ante

482 4940 748 4997 conditos
805 4955 1189 5011 quoscunque
1246 4937 1535 5007 homines,
1572 4955 1639 4994 ac
1695 4940 1881 4996 multo
1939 4941 2128 5013 magis

481 5035 615 5087 ante
644 5031 961 5086 Saturnum
993 5045 1060 5084 ac
1089 5029 1308 5094 Jovem,
1342 5026 1606 5100 aliosque
1635 5043 1837 5085 omnes
1866 5029 2126 5085 ethnico-

479 5135 612 5176 rum
637 5121 797 5177 deos.
827 5119 971 5176 Tam
1022 5125 1175 5174 certo
1228 5116 1428 5189 igitur,
1463 5133 1640 5189 quam
1685 5117 1982 5175 evidenter
2028 5117 2127 5174 ille

477 5208 614 5265 inde
644 5207 940 5265 concludit
971 5208 1154 5264 Deum
1197 5222 1398 5263 verum
1447 5205 1669 5262 nullius
1714 5208 1785 5262 ad
1835 5208 2122 5264 mundum

475 5298 808 5355 faciendum
848 5297 1175 5370 indiguisse
1207 5295 1445 5351 auxilio.
1476 5295 1600 5352 Non
1649 5311 1784 5368 ergo
1815 5297 1897 5353 dii
1943 5296 2124 5369 aliqui

475 5387 626 5445 hanc
658 5389 729 5444 oh
759 5404 1000 5446 causam
1031 5386 1165 5443 facti
1200 5389 1363 5442 sunt.

549 5499 733 5552 Instat
761 5496 952 5552 adhuc
987 5516 1013 5548 α
1047 5496 1115 5551 de
1147 5499 1302 5550 terra
1343 5493 1691 5548 exuberasse
1720 5507 1954 5549 omnem
2002 5493 2120 5548 fru-

477 5602 609 5658 gem
651 5589 783 5642 ante
832 5586 1031 5642 1097
1084 5584 1379 5652 Liberum,
1413 5586 1470 5639 et
1497 5584 1780 5652 Cererem,
1815 5586 1871 5638 et
1915 5583 2123 5639 Miner-

478 5690 636 5742 vam,
658 5675 776 5731 imo
799 5679 933 5732 ante
954 5675 1122 5730 illum
1145 5673 1399 5744 aliquem
1424 5672 1747 5745 principem
1773 5672 2069 5729 hominem
2093 5693 2122 5724 »

2238 4691 2378 4744 Tota
2415 4691 2608 4743 autem
2655 4684 2776 4758 haec
2821 4683 3064 4740 historia
3094 4701 3129 4740 a
3157 4681 3344 4741 Plinio
3385 4685 3512 4756 jam
3562 4684 3743 4742 citato
3789 4687 3897 4742 de-

2238 4776 2457 4846 scripta
2486 4779 2576 4830 est
2595 4773 2768 4843 (Plin.
2802 4772 2903 4828 lib.
2927 4789 3020 4840 xv,
3050 4773 3246 4829 Natur.
3282 4774 3442 4842 Hist,
3468 4790 3593 4845 cap.
3629 4774 3717 4844 18,
3753 4791 3895 4847 pag.

2239 4865 2384 4936 198),
2416 4869 2471 4920 et
2525 4881 2594 4920 ex
2642 4863 2760 4933 illa,
2802 4863 2955 4918 sicut
3010 4878 3080 4919 ex
3132 4861 3447 4934 superiori,
3490 4862 3899 4920 Tertullianus

2237 4952 2532 5010 concludit
2560 4953 2795 5024 iniquos
2824 4967 2956 5008 esse
2998 4951 3266 5022 gentiles,
3299 4951 3398 5023 qui
3430 4953 3718 5020 Cererem,
3752 4953 3902 5010 Bac-

2236 5043 2435 5112 chum,
2469 5050 2523 5100 et
2551 5041 2864 5098 Minervam
2909 5041 2982 5096 ob
3031 5040 3227 5113 fruges
3260 5040 3526 5097 inventas
3557 5041 3617 5096 in
3645 5041 3899 5100 deorum

2235 5149 2477 5190 suorum
2515 5146 2826 5203 reposuere
2871 5145 3139 5200 numero,
3171 5132 3230 5184 et
3277 5128 3588 5185 Lucullum
3623 5146 3689 5186 ac
3719 5129 3898 5186 Cato-

2234 5239 2390 5292 nem,
2419 5222 2519 5295 qui
2552 5220 2695 5278 alias
2726 5220 3010 5276 hactenus
3056 5217 3384 5290 incognitas
3415 5218 3474 5274 in
3507 5217 3741 5275 Italiam
3773 5222 3901 5276 Ro-

2233 5328 2507 5384 mamque
2536 5309 2874 5377 attulerant,
2908 5307 3064 5380 apud
3113 5307 3319 5378 inferos
3371 5305 3750 5379 reliquerunt.
3783 5309 3903 5366 Sed

2233 5403 2356 5458 hanc
2387 5401 2576 5456 fusius
2611 5397 2901 5472 prosecuti
2927 5411 3140 5452 sumus
3171 5393 3231 5450 in
3264 5394 3398 5450 aliis
3425 5395 3646 5452 nostris
3679 5395 3904 5453 disser-

2234 5489 2554 5548 tationibus
2584 5489 2891 5561 (Dissertat.
2925 5487 2988 5540 in
3016 5485 3216 5540 Minue.
3244 5484 3380 5554 0a.,
3407 5500 3535 5555 cap.
3567 5484 3654 5554 14,
3685 5488 3796 5540 art.
3831 5486 3893 5555 2,

2231 5583 2297 5638 in
2349 5580 2552 5637 Arnob.
2603 5595 2727 5650 cap.
2760 5578 2815 5648 9,
2864 5579 2974 5632 art.
3007 5575 3063 5644 2,
3115 5578 3174 5631 et
3223 5575 3452 5630 Dissert.
3516 5575 3578 5628 in
3635 5575 3902 5631 Lactant.

2232 5683 2359 5743 cap.
2382 5671 2472 5738 30,
2498 5671 2607 5724 art.
2629 5667 2708 5739 5),
2731 5665 2830 5722 ubi
2863 5663 3188 5722 refellimus
3219 5663 3455 5722 eosdem
3485 5662 3758 5735 gentiles,
3785 5664 3894 5736 qui
