4162 6370
279 409 432 470 H97

1190 402 1265 462 D.
1310 399 1410 462 LE
1451 402 1779 464 NOURRY
1822 400 2470 464 OBSERVATIONES
2513 400 2771 461 ΝονιΕ.

3532 400 3690 464 H98

276 540 655 609 homines,ob
684 537 895 597 collata
923 536 1055 594 aliis
1083 536 1431 593 hominibus
1459 536 1664 593 1998
1697 537 1920 593 benefl-
1952 539 2007 607 Α
2108 536 2249 602 Quis
2277 536 2585 609 gentilium
2623 535 2767 591 deus
2815 531 3038 606 justior
3096 532 3351 590 Aristide
3406 533 3685 607 (Tertull.

276 634 530 702 cia,deos
561 634 694 704 post
727 632 974 684 mortem
1004 642 1173 682 suam
1198 626 1380 682 factos
1406 642 1536 683 esse
1567 627 1925 699 garriebant.

893 750 1214 791 ARTICULUS
1240 750 1322 790 Πῐ.

275 833 492 903 Quanta
546 827 856 903 insulsitate
892 825 1141 903 gentiles
1182 823 1545 903 venditabant
1598 825 1922 903 Saturnum,

341 908 550 971 Jovem,
581 900 824 969 aliosque
851 898 915 953 ob
944 898 1164 971 merita,
1198 897 1595 971 praeclaraque
1634 898 1925 971 facinora,

342 978 509 1047 factos
537 969 652 1047 ευρ
678 971 843 1047 ᾄδω,⁸
888 973 938 1025 et
988 969 1149 1047 alios,
1182 970 1301 1047 illis
1348 970 1814 1047 praestantiores,_
1846 986 1925 1025 re.

345 1041 501 1103 lietos
553 1046 616 1100 in
670 1044 893 1113 inferis,
933 1042 1205 1095 nimirum
1259 1041 1552 1106 Socratem,
1612 1041 1921 1105 Aristidem,

344 1116 769 1179 Themistoclem,
828 1114 1223 1169 Alexandrum
1252 1114 1524 1183 Magnum,
1576 1114 1921 1184 Pompeium,

345 1192 714 1261 Polycratem,
745 1186 985 1258 Syllum,
1020 1186 1309 1261 crassum,
1342 1185 1769 1261 Demosthenem,
1830 1186 1922 1261 Ci-

346 1257 593 1320 ceronem
626 1276 641 1315 :
676 1257 835 1330 atque
890 1257 1197 1314 ostenditur
1251 1257 1607 1313 divinitatem
1635 1275 1668 1311 a
1697 1259 1923 1327 gentili-

348 1337 446 1391 bus
500 1333 710 1399 eadem,
768 1347 883 1402 qua
937 1330 1242 1402 diisrsuis,
1291 1331 1508 1386 ratione
1579 1330 1927 1385 tribuendam

349 1406 529 1471 Laidi,
566 1401 828 1474 Phrynae,
860 1401 1156 1469 Larentia
1188 1410 1357 1473 atque
1386 1404 1521 1474 ipsis
1549 1404 1662 1457 sive
1689 1403 1923 1457 mortuis

344 1482 467 1536 sine
499 1479 635 1534 vivis
669 1475 1000 1531 Caesaribus.

349 1568 548 1624 Altera
574 1565 897 1622 tribuenda
931 1563 1180 1620 mortuis
1211 1561 1552 1618 hominibus
1604 1561 1930 1618 divinitatis

278 1656 426 1713 ratio
458 1656 529 1711 ab
561 1653 811 1710 ethnicis
845 1653 1263 1708 desumebatur
1292 1668 1359 1708 ex
1410 1651 1645 1707 illorum
1704 1651 1928 1706 meritis

274 1746 565 1818 factisque
590 1742 842 1811 eximiis,
875 1741 1091 1813 quibus
1122 1756 1252 1796 eam
1286 1744 1585 1796 assecutos
1644 1756 1772 1795 esse
1831 1755 1931 1793 au-

279 1839 480 1893 dacter
500 1834 901 1892 venditabant.
932 1837 1002 1888 At
1052 1832 1410 1904 quicumque
1452 1830 1511 1885 id
1560 1830 1710 1886 serio
1769 1845 1927 1887 asse-

280 1928 511 1997 rebant,
563 1925 644 1996 hi,
678 1927 744 1980 ut
776 1927 928 1979 recte
978 1922 1243 1978 observat
1298 1919 1714 1989 Tertulliauus,
1766 1920 1933 1975 fateri
1964 1916 2010 1981 Β

280 2017 639 2090 cogebantur
669 2013 925 2085 aliquem
959 2026 1086 2067 esse
1118 2012 1291 2066 Deum
1347 2009 1601 2079 deiﬁcum
1669 2008 1930 2079 (Tertull.

290 2107 588 2179 Apologet.,
636 2120 763 2175 cap.
816 2104 901 2174 11,
955 2116 1087 2174 pag.
1137 2099 1285 2171 333),
1338 2099 1395 2154 id
1440 2104 1528 2155 est
1558 2098 1656 2171 qui
1689 2098 1835 2155 alios
1861 2098 1933 2153 ob

288 2196 555 2269 quendam
616 2192 895 2266 praeclara
941 2192 1093 2245 facta
1145 2191 1283 2245 deos
1332 2188 1525 2244 faciat.
1594 2187 1935 2243 Prsecellens

286 2302 424 2357 ergo
456 2282 553 2339 ille
583 2283 738 2338 Deus
769 2280 972 2336 debuit
1002 2277 1593 2350 aequissimajustitiaa
1613 2276 1933 2333 lancealio-

284 2388 417 2428 rum
450 2372 658 2427 merita
687 2369 1036 2441 ponderare,
1068 2371 1125 2422 et
1147 2366 1575 2437 omnipotentis
1636 2382 1743 2422 sua
1802 2365 1935 2423 illos

287 2462 481 2517 debito
514 2459 749 2532 praemio
791 2456 1177 2513 remunerari.
1206 2456 1378 2527 Atqui
1411 2455 1549 2510 huic
1582 2455 1690 2511 soli
1722 2456 1935 2527 aequis-

284 2552 435 2608 simo
466 2556 523 2607 et
552 2546 937 2620 omnipotenti
961 2546 1241 2617 competit
1268 2545 1517 2611 divinas,
1551 2561 1729 2616 quam
1789 2544 1935 2600 nulli

285 2641 473 2707 alteri,
532 2648 634 2695 aut
708 2642 937 2705 natura,
978 2640 1080 2692 aut
1140 2634 1497 2706 quibuslibet
1528 2636 1754 2691 meritis
1787 2653 1820 2691 a
1873 2653 1936 2692 se

285 2730 561 2787 distincto
593 2728 731 2783 dare
762 2730 971 2799 potest.
1008 2730 1294 2798 Suprema
1334 2724 1491 2780 enim
1524 2724 1800 2781 divinitas
1854 2726 1936 2780 di-

286 2818 405 2874 vidi
435 2816 659 2890 nequit,
691 2821 889 2888 atque,
950 2820 1015 2872 ut
1059 2814 1273 2888 saepius
1304 2814 1581 2886 diximus,
1641 2821 1794 2870 Deus
1838 2822 1937 2872 aut

289 2926 445 2965 unus
475 2912 577 2965 aut
606 2905 806 2963 nullus
838 2909 949 2962 est.

359 2998 466 3053 Sed
500 3013 626 3069 age,
652 2996 860 3067 dieque
891 2994 1081 3061 nobis,
1120 2994 1382 3065 obsecro,
1419 3012 1687 3067 quamam
1722 2995 1937 3049 fuerint

289 3086 545 3153 Saturni,
579 3085 1049 3153 Jovis,Junonis,
1098 3083 1465 3156 aliorumque
1499 3086 1763 3156 virtutes,
1811 3084 1935 3140 exi-

292 3177 527 3248 mieque
557 3174 782 3242 merita,
816 3174 1033 3246 quibus
1064 3173 1361 3245 potuerint
1392 3174 1757 3230 divinitatem
1780 3190 1936 3229 eme-

289 3269 401 3324 reri
429 3269 441 3324 l
475 3268 677 3323 Nonne
707 3265 953 3339 gentiles
1009 3266 1202 3339 palam
1238 3266 1651 3339 praedicabant,
1685 3266 1936 3359 insolen-
1966 3290 2009 3359 ρ

288 3363 491 3429 terque
536 3357 942 3430 gloriabantur
1000 3356 1133 3412 illos
1186 3356 1364 3412 vitam
1416 3356 1630 3412 vivisse
1687 3355 1931 3429 stupris,

290 3447 614 3517 adulteriis,
642 3464 706 3502 ac
738 3446 1195 3519 quibuslibet,ut
1224 3445 1365 3501 alibi
1396 3446 1763 3503 ostendimus
1787 3447 1932 3519 (Dis-

287 3540 479 3593 sertat.
504 3537 563 3591 in
592 3534 968 3605 Arnob.,cap.
1006 3535 1092 3602 12,
1124 3538 1238 3590 art.
1278 3534 1303 3588 1
1340 3538 1396 3589 et
1453 3535 1676 3606 seqq.),
1748 3532 1937 3590 maxi-

290 3626 405 3682 mis
437 3624 754 3681 sceleribus
786 3628 843 3679 et
874 3622 1115 3697 ﬂagitiis
1147 3623 1449 3692 infamem,
1473 3641 1539 3680 ac
1572 3625 1937 3680 contamina-

290 3715 468 3771 tam?
514 3719 623 3770 Fac
681 3719 878 3770 tamen
937 3729 1034 3769 eos
1119 3716 1204 3769 tot
1264 3712 1559 3785 tantisque
1620 3713 1937 3771 virtutibus

293 3803 624 3860 cumulatas
652 3803 856 3872 fuisse,
906 3807 1051 3874 quot
1080 3802 1434 3875 quantisque
1459 3802 1617 3859 vitiis
1675 3804 1939 3876 coinqui-

292 3895 585 3951 nabantur
607 3912 621 3963 ;
645 3910 750 3950 cur
778 3909 914 3965 ergo
939 3893 1053 3963 bis,
1078 3893 1160 3948 ait
1188 3892 1605 3963 Tertullianus,
1635 3893 1695 3948 in
1728 3895 1941 3950 cmlum

296 3984 568 4049 sublatis,
592 4000 659 4039 ac
717 3981 1020 4038 divinitate
1049 3982 1301 4047 donatis,
1327 3980 1426 4037 alii
1478 3982 1692 4038 virtute
1750 4000 1939 4056 pares,

297 4070 473 4135 atque
503 4064 678 4120 etiam
714 4062 1329 4134 prrestantinres,apud
1360 4064 1566 4132 inferos
1596 4062 1777 4119 relicti
1805 4070 1945 4120 sunt

297 4153 560 4225 (Tertull.
596 4152 754 4221 ibid.)
784 4151 811 4207 ?
858 4149 1067 4207 Nullus
1112 4150 1269 4207 enim
1293 4151 1533 4224 gentilis
1564 4154 1945 4225 quantumvis

298 4244 369 4299 ad
395 4242 733 4299 audendum
793 4240 1113 4312 projectus,
1163 4238 1222 4294 id
1272 4256 1482 4311 negare
1509 4246 1755 4313 poterat,
1789 4243 1944 4313 quod

298 4330 780 4389 manifestissime
812 4329 1096 4403 probatur
1134 4328 1458 4385 illustrium
1482 4330 1765 4402 exemplis
1797 4332 1946 4387 viro-

300 4440 452 4492 rum,
487 4437 738 4494 quorum
772 4419 1036 4492 egregias
1068 4418 1515 4490 singularesque
1544 4419 1946 4492 virtutesipsi-

299 4518 418 4569 met
436 4509 654 4567 ethnici
683 4509 937 4566 summis
964 4507 1300 4565 extulerunt
1328 4506 1627 4564 laudibus.

370 4602 515 4657 Nam
544 4605 609 4655 ut
638 4599 937 4671 proposita
967 4616 1001 4654 a
1039 4596 1394 4654 Tertulliano
1452 4599 1633 4671 (Ibid)
1686 4598 1951 4673 exempla

305 4706 741 4765 percurramus,
776 4690 907 4761 quis
940 4688 1249 4761 gentilium
1283 4688 1427 4744 deus
1480 4688 1807 4761 sapientior
1856 4694 1951 4745 So-
1982 4673 2028 4740 D

305 4787 479 4854 crate,
534 4781 634 4853 qui
694 4778 979 4852 Apollinis
1012 4777 1268 4847 oraculo,
1298 4795 1331 4834 ι
1389 4778 1556 4835 nobis
1604 4778 1741 4834 alibi
1774 4779 1949 4835 citato

308 4875 557 4941 (Dissert.
592 4872 651 4927 in
682 4870 880 4925 Minue.
917 4870 1133 4939 0ctav.,
1165 4869 1354 4942 eap.3,
1387 4876 1495 4926 art.
1518 4870 1573 4942 2)
1607 4871 1950 4927 mortalium

310 4961 576 5017 omnium
609 4958 1083 5031 sapientissimus
1116 4960 1487 5014 renuntiatus
1518 4957 1646 5015 est?
1695 4963 1769 5013 At
1824 4963 1951 5015 tan-

242 5102 243 5105 η
310 5054 437 5105 tum
470 5050 656 5119 abest,
692 5054 754 5104 ut
776 5052 921 5104 deus
943 5048 1137 5104 dictus
1185 5049 1282 5116 sit,
1336 5049 1477 5120 quin
1506 5048 1954 5105 Atheniensium

303 5139 526 5212 judicio
586 5138 763 5194 fuerit
791 5139 1237 5204 condemnatus,
1261 5155 1326 5194 ac
1346 5140 1504 5210 cujus
1532 5142 1699 5196 morti
1734 5140 1957 5212 inquie-

310 5233 411 5288 bat
475 5229 695 5297 Cicero,
754 5228 1109 5299 illacrymari
1172 5228 1336 5296 soleo,
1416 5229 1703 5285 Platonem
1777 5231 1958 5301 tegens

310 5322 516 5394 (Cicer.
564 5319 662 5374 lib.
718 5335 781 5375 ιιι
825 5316 888 5372 de
953 5318 1076 5373 Nat.
1135 5316 1283 5389 deor,
1343 5334 1475 5390 pag.
1525 5320 1653 5388 252,
1708 5318 1808 5376 lin.
1844 5322 1957 5391 29).

312 5418 390 5468 De
438 5409 540 5466 illa
574 5412 769 5465 autem
794 5407 1051 5464 Socratis
1082 5411 1270 5463 morte
1299 5407 1732 5480 disputavimus
1771 5410 1829 5467 in
1862 5428 1960 5468 su-

314 5499 642 5574 perioribus
674 5497 890 5555 nostris
963 5496 1513 5570 dissertationibus(
1563 5501 1850 5557 Dissertat.
1902 5503 1964 5557 in

319 5594 527 5651 Minue.
580 5606 706 5663 cap.
757 5589 810 5657 3,
862 5592 971 5644 art.
1040 5588 1075 5642 2
1121 5592 1179 5644 et
1225 5590 1285 5645 in
1337 5590 1580 5646 Lactant.
1613 5590 1702 5659 14,
1748 5596 1857 5647 art.
1891 5593 1963 5661 1).

321 5687 377 5738 et
408 5680 578 5754 paulo
611 5684 744 5755 post
771 5679 963 5737 adhuc
995 5678 1216 5751 aliquid
1249 5679 1562 5738 dicendum
1603 5681 1763 5754 (lnfr.
1837 5700 1965 5756 cap.

322 5772 412 5844 26,
436 5774 543 5828 art.
577 5770 652 5845 4).

2036 626 2337 697 Apologet.,
2371 643 2496 697 cap.
2532 626 2619 692 11,
2652 641 2706 696 p.
2740 624 2885 695 336),
2918 624 3123 679 1999
3174 639 3277 694 quo
3308 627 3473 680 totius
3516 627 3681 682 Grae-

2036 717 2159 780 ciae,
2191 721 2252 771 ut
2282 716 2357 771 ait
2390 714 2653 770 Valerius
2688 713 2991 779 Maximus,
2996 716 3231 784 justitia
3258 716 3511 770 censetur
3529 713 3676 785 (Val.

2037 806 2213 875 Max.,
2244 806 2343 860 lib.
2382 808 2439 871 V,
2473 822 2599 876 cap.
2634 805 2686 870 3,
2724 805 2829 876 g3,
2882 804 3141 865 extern.).
3176 804 3594 869 (Quamobrem
3654 821 3689 859 a

2036 896 2311 951 Cicerone
2342 910 2445 967 per
2474 892 2944 949 antonomasiam
2977 892 3240 947 Aristides
3261 895 3444 964 justus
3473 893 3685 965 (Cicer.

2036 983 2137 1039 lib.
2174 1001 2236 1039 Ill
2267 983 2331 1039 de
2361 984 2514 1053 Ofﬁc.
2548 999 2604 1055 p.
2636 982 2739 1035 330
2770 980 2873 1035 lin.
2903 982 2981 1052 7),
3014 996 3080 1036 ac
3131 982 3325 1036 Greece
3374 998 3408 1037 a
3458 980 3685 1037 Plutar-

2036 1073 2144 1129 cho
2178 1069 2516 1143 Ἀριστείδης
2548 1071 2574 1123 ὁ
2608 1067 2815 1132 δίκαιος
2845 1070 3295 1141 cognominatur
3326 1070 3683 1139 (Plut.,tom.

2037 1168 2083 1232 Ι,
2117 1181 2171 1235 ρ.
2197 1163 2321 1230 318,
2356 1166 2412 1217 et
2441 1166 2588 1217 tom.
2626 1161 2692 1226 ll,
2728 1178 2782 1231 p.
2814 1160 2963 1230 486).
3016 1158 3433 1215 Verumtamen
3466 1159 3685 1216 ethnici

2038 1268 2151 1307 non
2184 1250 2376 1307 solum
2410 1251 2607 1305 datam
2643 1247 2771 1304 aliis
2802 1248 3196 1320 iniquissimis
3227 1248 3585 1305 divinitatem
3634 1250 3686 1305 ei

2037 1343 2415 1413 negaverunt,
2448 1339 2548 1394 sed
2616 1338 3017 1410 improborum
3079 1338 3350 1409 factione,
3413 1341 3478 1393 ut
3528 1338 3686 1394 idem

2035 1429 2306 1487 Valerius
2337 1428 2628 1485 Maximus
2650 1432 2924 1498 testatur,
2964 1448 2985 1476 ι
3019 1428 3210 1500 patria
3239 1429 3514 1484 excedere
3553 1429 3685 1499 jus-

2039 1537 2141 1575 sus
2164 1523 2271 1575 est.
2324 1541 2353 1568 ››
2412 1518 2790 1575 Continenter
2859 1534 2992 1574 vero
3037 1518 3251 1589 adjecit
3300 1532 3315 1574 :
3372 1540 3401 1569 α
3462 1517 3688 1575 Felices

2038 1610 2317 1676 Athenas,
2343 1625 2471 1680 quas
2502 1612 2636 1679 post
2668 1606 2827 1663 illius
2857 1606 3096 1663 exilium
3137 1607 3394 1664 invenire
3422 1607 3682 1681 aliquem

2040 1702 2358 1771 potuerunt
2389 1702 2490 1753 aut
2511 1698 2701 1752 virum
2722 1698 3073 1764 bonum,aut
3105 1701 3399 1753 amantem
3431 1698 3686 1766 sui,cum

2041 1805 2156 1860 quo
2190 1794 2327 1845 tunc
2358 1788 2489 1859 ipsa
2519 1786 2802 1843 sanctitas
2838 1786 3112 1859 migravit
3139 1805 3165 1838 ιι
3206 1786 3350 1857 (Val.
3394 1787 3542 1844 Max.
3580 1787 3685 1844 loc.

2040 1878 2183 1951 cit.).
3236 1884 3251 1899 ‘

2114 1984 2253 2052 Quis
2284 1999 2352 2040 ex
2381 1983 2671 2041 bellicosis
2691 1983 2804 2039 diis
2836 1982 3073 2039 militari
3096 1982 3281 2056 gloria
3301 1984 3491 2058 magis
3509 2001 3687 2057 quam

2042 2072 2465 2130 Themistocles
2505 2072 2717 2129 claruit
2746 2072 3009 2145 (Tertull.
3043 2071 3350 2145 Apologet.,
3406 2090 3533 2146 cap.
3600 2076 3685 2145 11,

2044 2181 2100 2236 p.
2124 2165 2250 2236 336)
2281 2164 2308 2217 ?
2336 2166 2406 2219 At
2436 2162 2534 2219 ille
2563 2162 2950 2219 nihilominus
2984 2162 3211 2234 multis,
3274 2180 3400 2236 qua:
3449 2164 3688 2238 Thucy-

2044 2253 2208 2308 dides
2254 2252 2379 2325 (lib.
2415 2267 2435 2309 ι
2486 2253 2625 2308 Hist.
2678 2270 2733 2326 p.
2777 2254 2849 2308 6'2
2892 2256 2949 2307 et
3004 2253 3214 2325 seqq),
3252 2255 3309 2309 et
3339 2252 3689 2313 Plutarchus

2042 2341 2171 2413 (Vit.
2207 2342 2503 2397 Thenistoc.
2539 2358 2595 2413 p.
2649 2340 2752 2396 113
2788 2343 2844 2397 et
2892 2341 3082 2414 seqq.)
3141 2342 3433 2398 memoriae
3492 2344 3689 2416 prodi—

2044 2432 2276 2499 derunt,
2310 2430 2458 2487 bello
2488 2431 2756 2504 praeclare
2788 2431 2989 2503 gestis,
3020 2447 3143 2486 eum
3170 2433 3415 2503 patriam
3442 2432 3689 2505 claram,

2044 2523 2395 2590 incolumem,
2432 2524 2495 2576 ut
2525 2521 2605 2576 ait
2658 2519 2852 2576 adhuc
2902 2519 3170 2577 Valerius
3194 2525 3248 2577 M
3275 2521 3525 2587 aximus,
3558 2539 3692 2595 opu-

2048 2612 2270 2677 lentam,
2316 2612 2626 2683 principem
2682 2612 2916 2667 Greeciz
2967 2610 3233 2666 reddisset
3292 2610 3434 2683 (Val.
3536 2612 3685 2668 Max.

2042 2700 2143 2756 lib.
2166 2717 2220 2768 v,
2257 2716 2383 2771 cap.
2418 2700 2474 2767 3,
2496 2703 2675 2755 exter.
2710 2699 2739 2772 §
2769 2700 2842 2770 3),
2904 2699 3074 2771 plane
3130 2700 3423 2771 ingratam
3483 2717 3687 2774 exper-

2044 2793 2141 2845 tus
2172 2794 2281 2846 est.
2315 2788 2667 2845 Proditionis
2696 2789 2855 2845 enim
2895 2788 3041 2845 falso
3073 2794 3405 2861 accusatus,
3434 2792 3692 2863 primum

2044 2881 2246 2950 Argos,
2288 2878 2423 2933 inde
2452 2879 2783 2951 Corcyram,
2818 2884 3020 2950 postea
3050 2880 3120 2934 ad
3175 2881 3509 2947 Admetum,
3567 2882 3689 2938 Mo-

2043 2967 2336 3024 lossorum
2361 2984 2578 3040 regem,
2610 2985 2677 3023 ac
2707 2968 2917 3024 deinde
2964 2969 3036 3024 ad
3068 2970 3461 3041 Artaxerxem,
3497 2970 3687 3027 filium

2044 3056 2249 3113 Xerxis
2280 3056 2539 3129 confugit
2571 3078 2585 3127 ;
2621 3057 2786 3113 exsul
2816 3062 3078 3129 tandem,
3135 3058 3346 3114 hausto
3404 3062 3691 3133 sanguine

2046 3147 2232 3213 bovis,
2264 3151 2327 3202 ut
2356 3147 2593 3218 quidam
2624 3151 2853 3219 putant,
2886 3147 3027 3217 sive,
3059 3151 3126 3203 ut.
3152 3147 3251 3203 alii
3305 3147 3502 3220 plures
3560 3167 3691 3206 nar-

2050 3242 2202 3304 rant,
2230 3251 2476 3307 veneno,
2508 3251 2577 3292 ex
2634 3236 2893 3308 corporis
2951 3236 3199 3293 vinculis
3268 3241 3553 3309 tanquam
3620 3256 3691 3295 ex

2050 3327 2306 3399 quodam
2335 3325 2581 3382 evolavit
2607 3341 2858 3382 carcere.

2116 3415 2255 3480 Quis
2304 3416 2617 3487 gentilium
2688 3415 2852 3485 deus,
2924 3415 3113 3487 pergit
3180 3420 3402 3472 Auctor
3471 3421 3691 3487 noster,

2046 3505 2369 3561 Alexandro
2399 3510 2456 3561 et
2503 3506 2777 3578 Pompeio
2830 3505 3142 3562 sublimior
3170 3505 3197 3561 ?
3246 3505 3489 3578 Utrique
3535 3509 3694 3565 enim

2047 3613 2140 3653 res
2170 3596 2351 3652 armis
2381 3594 2650 3669 belloque
2679 3600 2852 3668 gesta
2874 3612 3193 3669 cognomen
3225 3597 3423 3669 magni
3453 3614 3693 3671 pepere-

2048 3688 2205 3741 runt.
2238 3683 2423 3747 Quam
2456 3687 2651 3740 autem
2683 3684 2901 3740 infelici
2932 3685 3090 3741 exitu
3122 3686 3295 3742 ambo
3326 3702 3394 3743 ex
3416 3686 3525 3744 hac
3573 3687 3693 3743 vita

2050 3774 2447 3847 migraverint,
2480 3790 2652 3830 nemo
2683 3778 2836 3830 certe
2867 3774 3136 3847 ignorare
3159 3775 3476 3848 potest,qui
3507 3775 3689 3834 libros

2051 3882 2083 3921 a
2111 3865 2325 3929 Quinto
2355 3864 2551 3921 Curtio
2580 3868 2637 3920 et
2666 3864 2979 3921 Plutarcho
3011 3865 3082 3921 de
3111 3864 3345 3921 illorum
3376 3865 3494 3921 vita
3551 3881 3687 3922 con-

2052 3956 2303 4027 scriptos
2332 3954 2441 4011 levi
2474 3971 2653 4011 manu
2703 3955 2982 4027 attigerit.
3036 3955 3160 4011 Non
3218 3954 3417 4010 minus
3474 3959 3696 4027 tamen,

2053 4061 2229 4114 quam
2252 4045 2429 4112 Mars,
2464 4043 2748 4100 Romulus
2778 4048 2835 4099 et
2865 4044 2983 4113 alii,
3017 4043 3344 4101 divinitatis
3393 4045 3692 4117 praemium

2055 4133 2282 4190 eximiis
2308 4134 2483 4190 rebus
2512 4133 2694 4205 gestis
2736 4137 3091 4189 meruerant.

2128 4241 2268 4304 Quis
2302 4244 2580 4312 praeterea
2609 4239 2917 4311 gentilium
2942 4241 3086 4296 deus
3135 4240 3331 4296 Graeco
3378 4241 3702 4313 Polycrate,

2056 4334 2112 4385 et
2141 4327 2301 4401 Sylla
2344 4329 2606 4384 Romano
2636 4327 2884 4385 feliciter
2922 4328 3190 4400 (Tertull.
3234 4330 3459 4401 loc.cit.)
3481 4330 3508 4385 ?
3540 4329 3707 4386 Multi

2056 4417 2346 4490 siquidem,
2378 4424 2444 4472 ut
2473 4417 2553 4472 ait
2582 4416 2915 4485 Sallustius,
2949 4418 3368 4475 dubitaverunt
3396 4421 3598 4492 fortior
3631 4436 3709 4475 an

2057 4513 2271 4584 felicior
2327 4516 2464 4567 esset
2521 4509 2680 4582 Sylla
2734 4509 3090 4579 (Sallustius,
3143 4511 3207 4567 de
3263 4513 3419 4569 Bello
3490 4514 3711 4585 Jugurh

2061 4619 2191 4674 cap.
2236 4602 2342 4673 17).
2377 4605 2674 4656 Testatum
2705 4600 2946 4672 insuper
2977 4600 3325 4659 Plutarchus
3358 4603 3490 4659 fecit
3519 4602 3711 4673 illum,

2062 4696 2358 4747 transacto
2393 4690 2709 4763 triumpho,
2743 4706 2876 4745 cum
2909 4708 3013 4763 pro
3082 4692 3359 4750 concione
3418 4710 3511 4750 res
3567 4710 3601 4749 a
3652 4708 3715 4749 se

2060 4786 2182 4837 tam
2216 4780 2464 4851 fortiter,
2503 4796 2680 4852 quam
2730 4778 2972 4837 feliciler
3023 4786 3217 4855 gestas
3298 4784 3713 4855 recensuisset,

2056 4869 2313 4942 jussisse
2363 4887 2423 4925 se
2468 4870 2693 4926 felicem
2747 4872 3152 4942 cognominari
3210 4874 3532 4945 (Plutarch.
3592 4874 3718 4930 Vita

2063 4962 2251 5033 Syllae,
2284 4965 2425 5015 tom.
2459 4961 2502 5028 Ι,
2538 4977 2665 5033 pag.
2700 4960 2800 5014 453
2831 4966 2889 5016 et
2918 4964 3132 5035 seqq.).
3200 4964 3311 5019 Sed
3368 4964 3492 5019 haec
3548 4962 3717 5018 illum

2069 5052 2140 5107 ad
2182 5050 2549 5107 divinitatem
2605 5067 2719 5105 non
2780 5052 3195 5121 perduxerunt.
3267 5053 3498 5109 Deliciis
3558 5053 3716 5109 enim

2067 5145 2397 5213 corruptus,
2440 5140 2757 5213 pediculari
2798 5142 2998 5198 morbo
3056 5143 3229 5199 vitam
3286 5142 3494 5199 ﬁnivit.
3553 5141 3723 5213 Poly-

2069 5233 2245 5289 cratis
2274 5247 2405 5289 vero
2438 5230 2686 5287 felicitas
2731 5230 2823 5287 his
2853 5230 3065 5303 Valerii
3098 5232 3331 5288 Maximi
3371 5230 3724 5288 describitur

2071 5321 2261 5378 verbis
2296 5339 2310 5377 :
2346 5342 2373 5372 «
2403 5324 2618 5378 Omnes
2651 5324 2897 5377 conatus
2929 5322 3057 5393 ejus
3090 5321 3318 5394 placido
3350 5320 3723 5393 accipieban-

2072 5416 2165 5467 tur
2222 5411 2428 5467 itinere
2462 5428 2476 5479 ;
2538 5428 2673 5483 spes
2706 5416 2927 5466 certum
2958 5412 3169 5483 cupitae
3200 5411 3282 5467 rei
3314 5412 3575 5467 fructum
3621 5425 3723 5481 ap-

2075 5501 2536 5574 prehendebant,
2585 5504 2719 5555 vota
2775 5502 3285 5573 nuncupabantur,
3317 5500 3496 5558 simul
3530 5504 3586 5557 et
3616 5499 3729 5555 sol-

2077 5594 2379 5662 vehantur,
2412 5589 2558 5647 velle
2588 5607 2652 5646 ac
2699 5606 2870 5661 posse
2900 5607 2969 5645 ex
3012 5608 3173 5663 (equo
3234 5590 3489 5664 positum
3538 5593 3664 5646 erat
3692 5606 3721 5640 ι

2080 5684 2231 5753 (Vat.
2268 5684 2415 5740 Max.
2467 5681 2569 5738 lib.
2619 5697 2696 5752 vr,
2747 5696 2875 5753 cap.
2924 5682 2978 5753 8,
3026 5681 3056 5755 §
3105 5683 3141 5738 5
3184 5681 3430 5755 extera.)
3482 5682 3549 5738 Et
3592 5696 3727 5737 vero

2082 5774 2357 5830 secundis
2390 5773 2565 5829 rebus
2596 5772 2677 5829 ita
2709 5771 3003 5844 utebatur,
3035 5777 3100 5829 ut
3130 5772 3367 5831 maximi
3398 5770 3567 5846 pretii
3622 5787 3729 5829 an-
