4162 6440
523 398 679 460 1199

1035 397 1560 459 TERTULLIANI
1602 394 1923 457 OPERUM
1969 389 2157 451 PARS

2291 419 2376 438 -
2399 389 2671 451 sumus
2712 389 2764 465 ι,
2808 389 3373 452 ΑροιοθιιτιοΑ.

3763 388 3936 450 1200

522 530 751 601 nulum,
782 545 915 587 cum
945 529 1003 585 in
1036 545 1192 585 mare
1215 530 1283 585 ad
1313 527 1606 584 felicitatis
1638 543 1755 583 suae
1796 523 2157 597 experimen-
2187 523 2240 588 Α
2272 522 2420 577 fecto
2455 522 2507 576 id
2542 521 2679 577 alibi
2714 520 3088 593 probavimus
3118 522 3421 593 (Dissertat.
3458 524 3521 577 in
3550 523 3928 594 Minuc.,cap.

520 624 646 674 tum
707 619 1062 690 projecisset,
1123 619 1180 672 in
1239 621 1406 689 capto
1464 621 1668 688 postea
1706 616 1864 686 pisce
1895 616 2159 683 repertus

522 706 947 760 fuerit.Testem
974 705 1153 775 hujus
1173 704 1538 775 aliarumque
1558 703 1685 773 ejus
1708 699 2158 773 prosperitatum

521 795 702 849 habes
732 795 1071 848 Strabonem
1131 793 1333 848 lib.x1v
1379 794 1605 860 Ceogr.,
1658 808 1714 862 p.
1780 790 1949 857 657);
1982 792 2157 841 Hero-

523 886 723 939 dotum
781 883 903 956 (lib.
938 900 1022 953 ιιι,
1072 883 1191 955 §39
1237 888 1293 938 et
1366 882 1576 953 seqq.),
1638 880 1841 935 1100
1906 882 1961 932 et
2014 875 2157 932 alios

523 963 920 1036 quamplures.
957 968 1025 1018 At
1104 968 1187 1018 tot
1238 966 1652 1031 tantarumque
1704 958 2157 1031 prosperitatum

523 1068 755 1107 cursum
790 1068 904 1107 non
937 1056 1171 1123 accepto
1197 1049 1518 1105 divinitatis
1548 1048 1743 1115 titulo,
1779 1047 1880 1102 sed
1931 1045 2013 1099 uti
2045 1047 2157 1097 Va-

520 1138 700 1194 lerius
732 1140 1022 1196 Maximus
1054 1140 1246 1195 adhuc
1278 1142 1581 1207 memorat,
1631 1135 1822 1191 crucis
1870 1131 2157 1204 supplicio

519 1228 789 1284 absolvit.

590 1316 738 1383 Quid
770 1315 1177 1388 plura?Nullus
1202 1316 1308 1371 fuit
1338 1317 1482 1371 deus
1504 1313 1743 1387 gentilis
1769 1312 1962 1367 Crcsso
1984 1311 2158 1365 Cras-

519 1420 702 1477 soque
732 1405 907 1460 ditior
951 1404 1217 1475 (Tertull,
1270 1406 1564 1474 Apologet.,
1615 1419 1741 1473 cap.
1795 1401 1883 1466 11,
1916 1399 2155 1471 p.337).

521 1497 596 1549 De
627 1493 813 1565 primo
844 1508 1099 1565 namque
1130 1492 1370 1549 Ovidius
1401 1490 1614 1547 cecinit
1646 1506 1659 1544 :

702 1633 874 1679 Divitis
902 1632 1062 1677 audita
1080 1638 1156 1678 est
1174 1632 1248 1678 cui
1277 1644 1369 1676 non
1398 1630 1641 1689 epulantia
1667 1628 1826 1675 Crcssi
1860 1628 1880 1669 ?

1376 1701 1511 1747 Ovid.
1537 1702 1612 1745 lib.
1644 1712 1707 1751 ιν,
1728 1700 1780 1742 de
1808 1699 1962 1751 Poni.)

520 1832 600 1887 De
630 1831 837 1887 Crasso
868 1835 1065 1896 autem
1087 1829 1314 1885 Tullius
1346 1844 1410 1883 :«
1436 1828 1720 1899 Negabat,
1754 1822 2157 1897 inquit,ullam

522 1920 665 1974 satis
705 1934 979 1989 magnam
1008 1917 1317 1987 pecuniam
1348 1932 1478 1972 esse
1507 1916 1580 1982 ei,
1612 1914 1711 1983 qui
1740 1915 1798 1967 in
1862 1910 2163 1982 republica

520 2008 792 2078 princeps
820 2023 949 2062 esse
976 2006 1165 2073 vellet,
1199 2006 1299 2076 qui
1326 2006 1450 2061 suis
1492 2004 1775 2059 fructibus
1838 2000 2161 2056 exercitum

522 2095 675 2150 alere
696 2112 811 2149 non
843 2101 1039 2166 posset
1075 2116 1102 2143 n
1129 2095 1328 2161 (Cicer.
1362 2093 1465 2148 lib.
1498 2109 1517 2147 ι
1571 2090 1635 2146 de
1694 2089 1872 2160 0fﬁc.,
1934 2104 1990 2159 p.
2034 2087 2161 2151 354,

520 2183 625 2237 lin.
655 2184 731 2253 3).
766 2188 948 2252 Atque
1003 2187 1209 2237 ortum
1266 2181 1401 2236 inde
1432 2180 1576 2235 illud
1608 2178 1881 2244 adagium
1910 2193 1922 2231 :
1984 2176 2163 2232 Crasso

519 2278 571 2327 et
602 2272 787 2327 Crasso
812 2272 999 2341 ditior,
1034 2272 1105 2325 de
1128 2286 1242 2341 quo
1276 2270 1443 2341 plura
1501 2269 1655 2339 apud
1707 2268 2012 2322 Erasmum
2078 2263 2163 2318 le-

521 2376 654 2433 gere
714 2360 931 2431 poteris
989 2360 1237 2431 (Erasm.
1290 2358 1459 2426 Adag.
1523 2356 1660 2411 chil.
1718 2357 1780 2423 1,
1846 2357 2161 2415 centur.6,

521 2449 689 2519 adag.
720 2448 835 2515 74).
866 2445 1067 2502 Victus
1097 2451 1294 2501 tamen
1325 2463 1359 2501 a
1394 2448 1535 2516 Cyro
1577 2450 1899 2514 captusque
1928 2441 2161 2498 Croesus

526 2538 886 2601 servitutem,
924 2542 1303 2606 postremum,
1338 2534 1526 2603 inquit
1547 2532 1740 2588 Cicero
1769 2530 2042 2602 (Philipp.
2095 2548 2159 2601 ιι,

524 2624 730 2696 p.506,
791 2623 893 2676 lin.
954 2623 1090 2691 12.),
1137 2622 1426 2677 malorum
1486 2621 1775 2687 omnium,
1827 2618 1912 2672 illi
1945 2619 2158 2674 servire

523 2716 757 2767 coactus
811 2714 925 2766 est.
991 2710 1216 2764 Videsis
1275 2710 1625 2764 Herodotum
1660 2707 1782 2779 (lib.
1820 2723 1859 2774 ι,
1920 2707 2045 2777 ἔὸϐ
2103 2712 2160 2761 et

524 2801 734 2869 seqq.),
764 2797 1185 2868 Thucydidem,
1209 2799 1499 2851 Justinum
1532 2795 1877 2850 historicum
1909 2804 1967 2849 et
1986 2795 2155 2851 alios.

523 2888 663 2951 Quis
685 2887 859 2942 etiam
910 2885 1139 2956 ignorat
1187 2885 1478 2940 infelicem
1537 2883 1725 2938 Crassi
1782 2883 2015 2947 caedem,
2050 2882 2153 2953 qui

524 2984 831 3047 postquam
862 2990 896 3029 a
916 2974 1143 3029 Parthis
1173 2990 1305 3028 cum
1339 2976 1560 3043 majore
1590 2971 1834 3027 Romani
1866 2971 2157 3026 exercitus

521 3069 686 3135 parte
709 3063 873 3117 fusus
902 3077 969 3116 ac
992 3061 1330 3132 proﬂigatus
1357 3059 1703 3129 fuisset,ipsi
1736 3065 2033 3130 amputato
2064 3075 2157 3113 ca-

520 3152 637 3223 pite
667 3150 909 3205 illusum
939 3148 1075 3204 est?
1096 3149 1279 3204 Multa
1308 3149 1378 3203 de
1410 3148 1509 3203 illo
1547 3149 1894 3203 Plutarchus
1944 3148 1998 3200 in
2032 3148 2158 3217 ejus

522 3240 652 3295 Vita
676 3240 819 3310 (Vita
868 3238 1072 3303 Crassi,
1134 3244 1274 3291 tom.
1335 3242 1378 3302 I,
1414 3254 1467 3305 p.
1503 3236 1608 3289 564
1639 3242 1696 3290 et
1722 3235 1946 3306 seqq.),
1980 3251 2151 3307 quem
2184 3235 2230 3303 C

523 3327 699 3383 sicuti
757 3327 1012 3395 Florum,
1070 3325 1353 3380 Velleium
1411 3324 1804 3388 i’aterculum,
1857 3323 2159 3378 Justinum

525 3413 895 3481 historicum,
928 3413 1188 3483 aliosque
1216 3413 1487 3467 Romanae
1542 3411 1796 3467 historiae
1848 3412 2162 3483 scriptores

529 3503 689 3560 adire
719 3501 956 3573 poteris.

601 3590 741 3655 Quis
755 3606 923 3661 porro
944 3589 1249 3660 gentilium
1262 3590 1406 3645 deus
1417 3593 1676 3645 Graacum
1690 3588 2158 3659 Demosthenem,

524 3681 857 3736 Ciceronem
890 3680 1183 3745 Latinum,
1215 3679 1559 3748 eloquentia,
1619 3680 1701 3734 ait
1744 3679 2160 3745 Tertullianus,

526 3784 787 3840 unquam
818 3767 1113 3837 superavit
1141 3767 1168 3821 ‘l
1207 3767 1318 3822 Sed
1349 3768 1522 3837 quale
1552 3767 1662 3821 fuit
1710 3772 1883 3822 tanta
1931 3767 2158 3838 Graecas,

524 3856 857 3927 Latinaeque
904 3854 1267 3925 eloquentiae,
1326 3856 1546 3910 nemini
1570 3872 1811 3925 prorsus
1854 3856 2159 3928 incognitis

522 3945 826 4016 praemium
847 3944 874 3998 ‘I
907 3943 1026 4000 Non
1060 3943 1335 3998 divinitas
1384 3960 1543 4013 sane,
1576 3944 1676 3998 sed
1719 3943 2159 4002 infelicissimus

520 4033 743 4088 crudeli
772 4048 911 4088 nece
941 4032 1214 4087 interitus
1244 4031 1271 4085 ?
1295 4035 1508 4087 Verum
1532 4032 1653 4087 haec
1690 4033 1966 4088 omnibus
2015 4035 2159 4091 satis

518 4122 958 4193 oomperta,jam
991 4122 1270 4192 probasse
1292 4120 1549 4176 sufﬁciat
1581 4122 1841 4193 quinque
1860 4122 2157 4179 Juvenalis

518 4216 649 4282 post
677 4211 1011 4266 decantatas
1039 4213 1312 4266 Crassum
1343 4215 1401 4265 et
1431 4210 1788 4281 Pompeium,
1840 4211 1999 4266 hisce
2029 4228 2153 4267 car-

517 4301 779 4356 minibus
820 4316 833 4356 :

644 4431 893 4488 Eloquium
918 4442 976 4475 ac
994 4431 1170 4477 famam
1199 4430 1537 4477 Demosthenis
1563 4434 1646 4475 aut
1674 4430 1919 4476 Ciceronis

644 4495 807 4552 Incipit
832 4500 1018 4550 Optare.
1046 4499 1094 4538 et
1123 4493 1237 4539 totis
1265 4492 1619 4549 quinquatribus
1645 4499 1793 4548 Optat,

643 4556 864 4613 Quisquis
890 4555 1048 4601 adhuc
1066 4568 1158 4601 uno
1189 4562 1374 4613 partem
1403 4555 1519 4600 colit
1546 4567 1658 4600 asse
1690 4556 1964 4606 Minervam,

2189 1881 2238 1946 B

2269 612 2355 674 18,
2387 615 2496 665 art.
2523 612 2581 677 1,
2610 616 2666 666 et
2696 612 2755 665 in.
2786 613 3033 666 Lactant.
3065 627 3193 681 cap.
3227 611 3318 680 32,
3350 617 3464 666 art.
3500 613 3573 682 1).
3614 611 3927 682 Numquid

2267 704 2461 754 autem
2495 701 2683 770 magis
2708 699 2949 770 pudicas
2980 699 3195 754 dixeris
3227 700 3516 767 Junonos,
3549 704 3807 767 Cereres,
3852 717 3928 754 ac

2269 787 2522 843 Dianas?
2550 788 2657 842 Sed
2690 787 2959 858 ipsismet
2991 786 3263 859 gentiles,
3288 788 3467 843 sicuti
3499 788 3558 843 in
3591 788 3928 860 superiori-

2268 876 2376 929 bus
2404 875 2917 931 dissertationibus
2950 875 3343 935 ostendimus.
3383 876 3724 931 effrenatam
3779 876 3925 932 illa-

2268 979 2397 1017 rum
2432 963 2737 1018 libidinem
2769 969 2825 1019 et
2854 963 3283 1034 impudicitiam
3343 964 3867 1036 promulgaverunt
3896 964 3927 1020 Τ

2267 1052 2654 1118 Quamobrem
2683 1054 2899 1107 Auctor
2931 1057 3130 1107 noster
3158 1050 3432 1107 insanam
3461 1052 3769 1123 gentilium
3797 1053 3924 1108 im-

2267 1141 2566 1211 pietatem,
2622 1140 2718 1210 qui
2776 1140 2885 1195 has
2941 1141 3082 1194 deas
3129 1141 3476 1211 adorabunt,
3539 1141 3624 1195 sic
3654 1140 3922 1197 irridet:

2270 1251 2299 1279 «ι
2352 1229 2540 1284 Velim
2591 1229 2797 1284 saltem
2840 1228 3075 1284 Laidem
3138 1244 3204 1284 ac
3263 1229 3531 1301 Phrynen
3595 1229 3749 1285 inter
3807 1230 3925 1285 Ju-

2266 1333 2470 1385 nones,
2493 1324 2550 1372 et
2580 1316 2835 1385 Cereres,
2865 1322 2923 1371 et
2955 1317 3169 1371 Dianas
3217 1317 3474 1373 adoretis
3529 1317 3921 1390 (Tertulliau.

2269 1407 2559 1477 Apotoget.,
2620 1422 2749 1477 cap.
2804 1406 2888 1460 13.
2924 1422 2980 1477 p.
3038 1406 3187 1476 347).
3249 1407 3449 1463 ιιθι
3512 1406 3921 1462 Meretriciam

2263 1510 2399 1550 vero
2431 1500 2611 1549 artem
2647 1494 2782 1549 Laia
2798 1492 3030 1566 publice
3060 1494 3382 1561 exercebat,
3417 1496 3488 1550 de
3514 1511 3630 1566 qua
3660 1498 3923 1566 Proper-

2265 1582 2384 1638 tius
2418 1600 2431 1638 :

2400 1716 2505 1759 Non
2536 1714 2599 1758 ita
2621 1713 2935 1770 complebant
2954 1713 3183 1770 Ephyreae
3210 1713 3371 1758 Loidis
3398 1712 3534 1759 aedes

2450 1777 2528 1821 Ad
2558 1777 2695 1831 cuius
2716 1776 2866 1831 jacuit
2895 1776 3085 1821 Graecis
3115 1780 3211 1820 tota
3235 1777 3382 1820 fores.

2833 1850 3065 1903 (PrOpert.
3097 1846 3174 1892 lib.
3206 1858 3256 1899 ιι,
3280 1846 3414 1904 Eleg.
3442 1858 3502 1898 va.
3534 1858 3582 1893 v.
3613 1848 3634 1892 1
3665 1852 3714 1893 et
3735 1848 3803 1901 2).

2266 1972 2502 2029 Nullum
2530 1976 2723 2028 autem
2754 1971 2853 2027 illa
2883 1971 3248 2041 admittebat,
3280 1970 3392 2026 nisi
3425 1975 3683 2044 accepta,
3727 1989 3922 2043 quam

2271 2064 2563 2134 poscebat,
2619 2061 2877 2133 pecuniae
2952 2076 3205 2115 summa.
3259 2060 3405 2124 Quia
3460 2076 3593 2115 vero
3641 2061 3926 2117 Corinthi

2270 2148 2757 2215 commorabatur,
2790 2148 2922 2203 inde
2952 2149 3168 2203 factum
3201 2147 3344 2203 illud
3378 2149 3923 2219 adagium,Horatii

2270 2254 2606 2309 expressum
2638 2238 2916 2293 carmine.

2399 2370 2507 2415 Non
2534 2368 2688 2413 cuivis
2716 2366 2895 2412 homini
2919 2366 3147 2423 contingit
3174 2366 3308 2412 adire
3336 2366 3630 2412 Corinthum.

2796 2438 2977 2493 (Horat.
3010 2438 3088 2483 lib.
3119 2448 3151 2487 ι,
3180 2437 3317 2495 epist.
3352 2438 3415 2491 l7,
3440 2450 3489 2485 v.
3518 2438 3604 2492 36).

2266 2574 2463 2630 Sotion
2497 2590 2688 2645 porro,
2717 2573 2788 2627 ab
2821 2575 2885 2627 A.
2915 2571 3097 2628 Gellio
3128 2572 3342 2628 etiatus
3374 2571 3665 2644 (GellJib.
3703 2579 3723 2628 Ι
3756 2576 3921 2632 Noct.

2265 2665 2423 2719 Attio.
2456 2679 2581 2733 cap.
2612 2663 2666 2728 8,
2702 2678 2758 2733 p.
2789 2662 2904 2729 37),
2935 2667 3135 2716 narrat
3178 2661 3630 2719 Demosthenem
3667 2680 3917 2736 respon-

2266 2753 2422 2806 disse
2453 2768 2514 2806 se
2539 2752 2683 2806 tanti
2719 2768 2832 2805 non
2864 2766 3058 2805 emere
3103 2750 3527 2820 pmnitentiam.
3566 2753 3639 2806 De
3669 2769 3736 2808 ea
3799 2770 3917 2810 nos

2264 2841 2485 2911 aliquid
2533 2840 2668 2895 alibi
2728 2839 3136 2894 adnotavimus
3186 2843 3354 2907 (tom.
3413 2840 3455 2895 Ι.
3524 2841 3798 2912 Apparat.
3847 2860 3912 2913 p.

2267 2928 2451 2999 1241),
2477 2945 2542 2983 ac
2573 2928 2739 2999 plura
2769 2928 2816 2982 si
2839 2927 3005 2993 velis,
3039 2926 3134 2982 adi
3166 2927 3516 2982 Pausaniam
3546 2928 3673 2999 (lib.
3727 2946 3791 2995 ιι,
3847 2947 3913 3001 ρ,

2265 3018 2354 3087 42)
2385 3016 2724 3071 Athenaeum
2762 3015 2888 3078 (lib.
2938 3031 3063 3079 xm,
3113 3032 3240 3085 cap.
3263 3018 3319 3081 6,
3355 3032 3410 3086 p.
3443 3016 3591 3086 587),
3624 3016 3905 3073 Ovidium

2264 3105 2389 3176 (lib.
2422 3121 2440 3159 ι
2471 3106 2648 3159 Amor.
2681 3103 2835 3175 Eleg.
2872 3104 2926 3169 5,
2956 3119 3013 3158 v.
3049 3104 3134 3170 12)
3186 3102 3470 3174 aliosque.
3528 3104 3912 3161 Callistratus

2262 3210 2397 3249 vero
2426 3195 2499 3248 ab
2528 3193 2731 3249 eodem
2780 3192 3045 3248 Athenaeo
3088 3191 3384 3261 laudatus,
3444 3209 3549 3247 nos
3600 3194 3916 3250 admonuit

2271 3287 2650 3337 memoratam
2708 3281 2897 3336 adhuc
2954 3297 2988 3334 a
3037 3280 3398 3335 Tertulliano
3447 3281 3711 3351 Phrynen
3761 3285 3917 3339 adeo

2270 3370 2451 3425 fuisse
2482 3370 2813 3435 divitem,ut
2839 3368 3094 3440 pollicita
3120 3368 3199 3424 sit
3227 3384 3291 3423 se
3321 3369 3650 3424 Thebarum
3693 3371 3922 3427 mcenia

2270 3464 2758 3525 oonstructuram,
2822 3457 2871 3511 si
2918 3457 3315 3512 adscriberetur
3362 3453 3762 3531 εἈλίξανδρος
3818 3459 3922 3529 μὶν

2268 3545 2612 3618 κατέσκαψεν,
2644 3544 2895 3613 ἀνέστησε
2926 3540 2983 3598 δὲ
3016 3542 3201 3618 Φρύνη
3253 3545 3287 3611 ἡ
3333 3543 3536 3618 ἑταίρα.
3596 3547 3926 3602 Alexander

2268 3636 2490 3707 quidem
2517 3636 2669 3706 fecit,
2693 3636 2914 3705 Phryne
2943 3637 3130 3688 autem
3157 3641 3401 3688 scortum
3433 3636 3625 3704 refecit
3644 3635 3918 3706 (Athan).

2267 3726 2375 3780 Sed
2408 3726 2478 3779 de
2511 3723 2610 3779 illa
2638 3739 2744 3778 nos
2776 3722 2945 3794 plura
2974 3721 3113 3777 alibi
3160 3722 3595 3778 observavimus
3653 3724 3845 3793 (Tom.
3891 3726 3919 3780 Ι

2268 3817 2553 3886 Appprat.,
2587 3830 2641 3885 p.
2674 3812 2801 3881 550,
2833 3815 2890 3865 et
2914 3811 3019 3865 744
3052 3828 3065 3877 ;
3098 3815 3154 3866 et
3186 3811 3411 3871 Dissert.
3444 3813 3503 3865 in
3567 3812 3793 3883 Arnob.,
3857 3829 3911 3867 ο.

2266 3904 2356 3969 22,
2390 3907 2497 3957 art.
2532 3903 2609 3971 3).

2337 3991 2597 4062 Denique
2630 3993 2837 4045 Auctor
2864 3993 3081 4054 noster,
3111 3992 3176 4042 ut
3218 3988 3426 4043 acriori
3482 3990 3724 4045 stimulo
3769 4006 3916 4045 con-

2267 4081 2447 4136 fodiat
2474 4079 2756 4145 ethnicos,
2816 4079 2886 4133 ab
2928 4078 3012 4132 eis
3044 4076 3379 4133 sciscitatur
3426 4094 3534 4132 cur
3618 4079 3914 4147 pessimos

2266 4169 2550 4233 homines,
2583 4172 2640 4222 et
2685 4167 2837 4231 aliis,
2879 4183 3027 4237 quos
3085 4165 3511 4230 recensuimus,
3571 4165 3916 4221 illustribus

2264 4258 2403 4312 viris
2428 4256 2598 4327 longe
2655 4258 2902 4327 pejores,
2948 4255 3088 4309 deos
3120 4253 3378 4308 fecerint.
3436 4254 3737 4324 Numquid
3798 4256 3917 4309 ali-

2266 4347 2499 4418 quando
2521 4342 3171 4413 claussum,inquit,fuit
3198 4341 3503 4411 omlum,ut
3532 4342 3675 4397 illud
3702 4344 3916 4413 optimi

2262 4435 2367 4489 viri
2422 4451 2536 4490 non
2594 4437 2908 4504 potuerunt
2964 4430 3237 4502 deinceps
3297 4430 3580 4501 ingredi?
3626 4434 3740 4486 Cur
3769 4448 3913 4505 ergo

2264 4524 2405 4579 illud
2436 4527 2636 4593 postea
2665 4525 3017 4593 aperuerunt
3038 4519 3162 4575 suis
3184 4518 3529 4587 Caesaribus,
3563 4536 3679 4574 non
3734 4522 3914 4577 modo

652 4598 860 4613 ‘i‘1—'"
893 4598 919 4600 ’-
958 4598 967 4601 ⁷
998 4598 1041 4600 ἠέ
1075 4598 1149 4601 ἠν
1189 4598 1337 4613 r"""’
1364 4598 1371 4599 ί
1411 4598 1477 4600 κήκ
1552 4598 1651 4600 "“’
1756 4598 1819 4600 ”"
1852 4598 1888 4601 τί
1954 4598 1963 4606 ι

626 4650 639 4663 ο
698 4652 709 4663 ο
764 4649 779 4663 ο
835 4650 849 4664 ο
906 4650 918 4663 ο
977 4653 987 4663 ο
1047 4653 1056 4662 ι
1116 4652 1126 4663 ι
1187 4652 1196 4661 ι
1257 4652 1267 4661 ι
1327 4650 1336 4660 ι
1397 4651 1409 4663 ο
1488 4652 1497 4663 ι
1561 4649 1573 4662 ο
1631 4650 1643 4662 ι
1705 4650 1713 4660 ι
1776 4651 1787 4663 ι
1847 4650 1858 4661 ο
1918 4651 1926 4661 ι
2005 4652 2015 4662 ο
2074 4652 2086 4665 ο
2144 4658 2155 4670 .

2266 4612 2641 4681 mortuis,sed
2673 4610 2847 4665 etiam
2879 4608 3515 4679 viventibus,omnique
3547 4608 3908 4680 ﬂagitiorum

641 4679 855 4735 Eloquio,
884 4679 972 4724 sed
1000 4685 1194 4737 uterque
1219 4680 1340 4736 perit
1368 4681 1559 4731 Orator,
1588 4683 1840 4735 utrumque

643 4740 831 4796 Largus
857 4745 906 4785 et
931 4740 1181 4787 exundans
1208 4741 1336 4786 letho
1366 4741 1494 4786 dedit
1522 4742 1696 4798 ingenii
1723 4743 1843 4786 fons.

1166 4821 1391 4875 (Juvenal.
1422 4822 1554 4867 satir.
1588 4835 1636 4871 κ,
1667 4836 1709 4865 v.
1743 4822 1818 4867 113
1841 4825 1888 4867 et
1910 4825 2078 4879 seqq.)

581 4960 840 5017 Ethnicis
862 4977 1019 5033 ergo,
1049 4963 1244 5033 arguit
1274 4962 1693 5034 Tertullianus,
1726 4964 1858 5035 quis
1882 4981 1996 5020 non
2027 4982 2153 5020 suc-

503 5055 759 5120 censeat,
794 5050 893 5123 qui
927 5067 1057 5106 cum
1091 5055 1174 5106 tot
1211 5053 1367 5106 viros
1394 5051 1605 5106 virtute
1636 5056 1693 5107 et
1745 5051 1972 5108 meritis
2005 5054 2148 5108 adeo

505 5139 851 5197 excellentes
879 5140 936 5195 in
972 5140 1174 5195 inferis
1198 5139 1580 5211 reliquerunt,
1615 5157 1679 5195 ac
1704 5144 1789 5195 tot
1822 5140 1966 5195 alios
2024 5158 2147 5197 sce-

501 5228 678 5285 lestos
721 5232 776 5284 et
826 5228 1295 5300 improbissimos
1342 5233 1474 5300 post
1517 5245 1717 5284 eorum
1767 5234 2012 5285 mortem
2073 5231 2144 5285 ob

503 5319 768 5391 quedam
802 5318 1034 5390 egregia
1084 5317 1340 5372 facinora
1400 5318 1538 5372 deos
1594 5319 1958 5374 renuntiatos
2016 5335 2144 5374 esse

500 5407 834 5480 garriebant
856 5405 1114 5467 (Tertull.
1148 5407 1444 5477 Apologct.,
1476 5422 1603 5477 cap.
1640 5407 1727 5475 11,
1757 5423 1813 5478 p.
1856 5407 1982 5475 337)
2010 5407 2037 5461 ?

572 5496 747 5573 Urget
793 5495 984 5550 adhuc
1040 5495 1137 5549 ille
1187 5495 1345 5565 (Ibid.
1407 5510 1532 5567 cap.
1594 5495 1682 5562 13,
1740 5511 1795 5566 p.
1829 5495 1978 5562 347),
2024 5511 2135 5551 ac:

2264 4717 2470 4772 genere
2500 4699 2748 4772 perditis
2780 4714 2845 4753 ac
2874 4697 3211 4752 dissolutis?
3239 4696 3760 4767 Numquid,pergit
3784 4698 3909 4769 ille,

2261 4791 2446 4858 vobis,
2478 4804 2509 4845 ο
2531 4787 2767 4854 ethnici,
2801 4789 3021 4857 accepto
3049 4787 3233 4856 ferent
3258 4785 3342 4839 dii
3368 4785 3564 4854 vestri,
3614 4786 3729 4839 imo
3776 4803 3910 4853 gra-

2261 4879 2603 4943 tulabuntur,
2636 4876 2780 4948 quod
2809 4891 2967 4946 pares
2996 4875 3132 4944 ﬁant
3160 4876 3235 4929 cis
3264 4873 3478 4929 domini
3503 4874 3595 4928 sui
3634 4872 3906 4944 (Tertull.

2258 4969 2557 5037 Apologet.,
2586 4982 2710 5035 cap.
2748 4965 2832 5029 13,
2876 4981 2930 5034 p.
2962 4964 3089 5033 347)
3125 4962 3154 5017 ‘l
3204 4962 3396 5018 Jocari
3456 4978 3589 5018 eum
3645 4962 3911 5033 profecto

2258 5055 2465 5123 sentis,
2496 5059 2554 5110 et
2583 5054 2964 5124 imperatores
2988 5052 3059 5107 ab
3090 5051 3189 5107 illo
3222 5052 3459 5107 deorum
3493 5051 3767 5106 dominos
3806 5069 3910 5121 ap-

2256 5142 2495 5215 pellari:
2529 5142 2667 5213 quia
2700 5142 2756 5196 in
2783 5156 3006 5206 eorum,
3044 5144 3108 5196 ut
3131 5142 3254 5211 jam
3287 5139 3570 5205 diximus,
3620 5144 3912 5210 potestate

2253 5238 2375 5288 erat
2404 5234 2507 5287 aut
2543 5246 2721 5286 novos
2754 5230 2939 5284 facere
2966 5230 3127 5297 deos,
3160 5229 3403 5297 autjam
3465 5226 3648 5282 factos
3700 5225 3910 5285 tollere

2252 5303 2563 5376 de‘medio.
2596 5319 2710 5375 Nec
2742 5320 2941 5373 minus
2974 5318 3347 5389 perspicuum
3374 5319 3465 5371 est
3487 5332 3667 5386 quam
3688 5314 3906 5372 validis

2249 5410 2347 5463 ille
2372 5408 2698 5463 rationibus
2727 5408 3086 5461 demonstret
3127 5405 3271 5460 nihil
3303 5405 3375 5460 ab
3430 5403 3684 5460 ethnicis
3758 5402 3903 5475 ﬁngi

2250 5497 2442 5568 potius
2474 5495 2778 5558 insulsius,
2811 5510 2985 5561 quam
3021 5493 3286 5550 homines
3338 5495 3411 5549 ob
3443 5494 3710 5564 quaedam
3772 5508 3900 5549 me-

500 5585 657 5654 Qusa,
690 5584 904 5654 inquit,
958 5584 1195 5639 fuerunt
1242 5584 1360 5638 dea:
1407 5584 1728 5639 Larentina;
1783 5584 2026 5640 virtutes
2082 5589 2140 5641 et
2245 5586 2377 5653 rita,
2436 5591 2540 5641 aut
2594 5582 2879 5640 nonnulla
2934 5582 3149 5639 eximia
3207 5584 3466 5638 facinora
3535 5581 3724 5637 factos
3766 5596 3904 5638 esse

503 5671 712 5727 merita
736 5669 766 5725 ‘l
792 5671 979 5727 Nonne
1008 5672 1288 5741 publicum
1312 5676 1548 5727 scortum
1601 5670 1775 5728 erat?
1799 5670 1955 5728 Satis
2003 5689 2134 5744 pro-

2242 5674 2403 5731 deos.
