4162 6406
264 3681 270 3686 ·
346 3668 547 3726 fabula
594 3669 809 3726 dicitur
857 3670 1064 3741 (lbid.).
1116 3692 1144 3719 ››

365 394 388 449 1
409 390 519 451 301

969 534 1287 574 Αιιτιουιυε
1331 534 1405 574 ιν.

364 628 659 697 Re/ellitur
687 626 875 696 ﬁctum
906 641 940 681 α
977 626 1212 679 Varrone
1255 626 1463 693 triplex
1510 625 1732 681 deorum
1779 642 1957 694 genus
2002 643 2021 680 :

425 699 743 770 physicum,
803 714 899 752 seu
945 697 1251 770 naturale;
1300 699 1631 770 mythicam,
1664 700 1781 754 sive
1808 699 2021 769 fabulo-

426 768 590 832 sum;
620 778 673 825 et
699 770 929 840 gentile,
959 770 1076 825 sive
1100 768 1264 824 civile
1290 781 1344 825 et
1369 769 1661 841 populare.

426 912 745 968 Gentilium
778 913 850 967 de
885 910 996 967 diis
1019 911 1145 967 suis
1195 927 1445 981 errores,
1502 915 1566 967 ut
1616 910 2017 967 Tertullianus

353 1001 678 1057 raddicitus
707 1000 937 1066 evellet,
964 1000 1022 1056 in
1057 1001 1316 1056 secundo
1349 1016 1456 1056 suo
1487 1000 1556 1055 ad
1578 1000 1836 1056 Nationes
1870 1001 2015 1056 libro

354 1088 621 1163 (Tertull.
657 1089 757 1145 lib.
793 1106 834 1145 ιι
863 1089 933 1145 ad
964 1091 1215 1156 Nation.,
1247 1105 1374 1160 cap.
1412 1092 1432 1143 1
1472 1092 1529 1144 et
1560 1104 1725 1159 seqq.
1761 1105 1816 1160 p.
1848 1088 1917 1142 64
1961 1092 2018 1143 et

351 1180 543 1251 seqq.)
574 1195 641 1235 ea
673 1178 869 1234 omnia
920 1178 1156 1244 refellit,
1205 1194 1333 1249 quas
1385 1178 1456 1231 de
1509 1176 1627 1231 illis
1677 1194 1710 1232 a
1755 1177 2015 1232 Varrone

347 1267 406 1323 in
440 1267 637 1324 citatis
672 1269 744 1323 ab
775 1268 1105 1337 Augustino
1138 1266 1431 1322 sexdecim
1468 1266 1538 1321 de
1569 1265 1784 1320 divinis
1840 1267 2014 1321 rebus

348 1356 515 1412 libris
566 1358 785 1413 tradita
838 1358 1071 1412 fuerant
1122 1358 1390 1427 (August.
1448 1354 1555 1411 lib.
1620 1372 1695 1410 IV.
1725 1356 1796 1410 de
1824 1356 2011 1424 Civit.,

344 1463 469 1519 cap.
504 1449 561 1515 2,
597 1466 654 1521 p.
692 1448 836 1517 147).
874 1447 1047 1503 Illum
1081 1450 1278 1502 autem
1316 1446 1663 1501 nominatim
1698 1448 2009 1500 confutan-

345 1537 487 1592 dum
519 1552 647 1593 esse
677 1536 997 1592 arbitratus
1024 1536 1281 1607 est;quia
1310 1536 1578 1590 omnium
1633 1535 2010 1605 scriptorum,

346 1630 412 1681 ut
443 1643 551 1681 suo
584 1626 707 1681 loco
738 1626 1109 1681 ostendimus
1141 1626 1461 1695 (Dissertat.
1496 1625 1557 1679 in
1588 1626 1856 1690 Lactant,
1880 1639 2008 1695 cap.

342 1715 448 1769 ult.
485 1719 594 1771 art.
629 1716 706 1787 3),
741 1713 1125 1771 acutissimus
1159 1713 1656 1784 doctissimusqus
1704 1711 2009 1767 existima-

350 1804 543 1859 batur.

1308 390 1381 448 D.
1428 388 1525 448 LE
1571 389 1898 451 NOURRY
1942 388 2598 450 OBSERVATIONES
2642 389 2900 451 Νονίιζ.

2043 523 2096 588 Α
2127 519 2362 590 vulgus,
2415 522 2546 590 post
2593 520 2721 574 vitae
2782 519 2957 589 hujus
3010 515 3279 573 mortatis
3326 517 3558 585 tempus
3623 510 3786 566 omni

3629 379 3787 439 1202

2133 610 2417 663 scelerum
2454 625 2685 679 genere,
2718 610 2801 663 uti
2854 606 3071 677 saepius
3119 606 3393 673 diximus,
3444 603 3780 665 decursum,

2131 713 2376 753 numero
2407 699 2646 752 deorum
2680 697 2933 752 adscribi
2968 694 3296 750 tinxerant?

2197 785 2430 857 Triplex
2462 790 2655 841 autem
2689 784 2833 839 illud
2870 786 3111 840 deorum
3146 799 3332 853 genus
3380 777 3780 835 Tertullianus

2128 878 2332 930 noster
2360 874 2535 929 variis
2567 874 2861 930 rationum
2895 872 3308 936 momentis,ac
3342 873 3544 942 postea
3573 874 3780 938 Augu-

2128 964 2318 1019 stinus
2350 963 2616 1019 funditus
2647 967 2913 1019 evertunt
2945 963 3148 1034 (Idem,
3182 960 3283 1015 lib.
3334 976 3412 1025 v1,
3464 974 3591 1029 cap.
3641 957 3679 1011 5
3723 959 3781 1011 et

2128 1068 2314 1124 seqq.,
2366 1068 2496 1125 pag.
2551 1054 2653 1108 150
2685 1056 2742 1107 et
2770 1052 2994 1124 scqq.).
3027 1055 3275 1106 Necesse
3307 1048 3486 1119 igitur
3516 1062 3630 1101 non
3663 1049 3776 1112 est,

2126 1145 2191 1196 ut
2219 1158 2287 1196 ea
2316 1159 2439 1213 quae
2471 1142 2542 1196 ab
2573 1141 2679 1196 hoc
2710 1145 2875 1197 tanto
2899 1142 3131 1195 doctore
3162 1138 3493 1194 examinata
3515 1136 3777 1190 enuclea-

2126 1237 2298 1301 taque
2328 1233 2469 1286 sunt
2501 1231 2699 1298 (Idem,
2734 1230 2833 1285 lib.
2874 1246 2945 1299 Iv,
2974 1246 3102 1300 cap.
3135 1228 3197 1282 31
3254 1233 3312 1282 et
3364 1242 3525 1297 seqq.
3572 1227 3628 1279 et
3671 1222 3772 1278 lib.

2123 1336 2247 1390 νιιι,
2300 1336 2425 1391 cap.
2476 1320 2500 1373 1
2544 1324 2600 1374 et
2630 1336 2792 1391 seqq.
2828 1335 2961 1391 pag.
3002 1319 3101 1372 162
3130 1322 3186 1372 et
3217 1316 3430 1387 seqq.),
3468 1312 3771 1385 sigillatim

2123 1425 2157 1463 a
2187 1408 2356 1463 nobis
2390 1424 2543 1463 nunc
2574 1408 2951 1477 explicentur.
2990 1407 3207 1462 Deinde
3242 1422 3376 1460 vero
3426 1404 3473 1458 si
3522 1402 3663 1474 quid
3713 1401 3771 1455 in

2122 1495 2206 1549 eis
2238 1494 2605 1549 difficultatis
2635 1493 2910 1559 occurrit,
2944 1493 3000 1546 id
3035 1492 3091 1547 in
3128 1493 3237 1547 hac
3267 1490 3518 1561 aliisque
3543 1486 3773 1547 lnostris

2121 1582 2641 1639 dissertationibus
2672 1599 2776 1655 pro
2804 1582 2958 1638 virili
2992 1587 3156 1654 parte
3204 1584 3401 1637 nostra
3430 1575 3768 1648 complana-

2117 1676 2245 1727 tum
2276 1675 2386 1728 est.

2706 1786 2938 1845 CAPUT
2975 1786 3167 1842 XXVI.

415 1892 649 1965 Triplex
678 1897 877 1949 autem
911 1891 1007 1947 ille
1039 1891 1386 1947 distinxerat
1414 1889 1646 1961 gentilis
1676 1889 2003 1961 theologica,

2130 1904 2292 1971 Quam
2351 1904 2657 1959 luculenter
2712 1903 3086 1958 Tertullianus
3132 1901 3480 1956 ethnicorum
3537 1897 3763 1971 litteris,

343 1984 384 2037 I
408 1983 550 2039 102
577 1998 681 2037 seu
715 1983 956 2037 deorum
981 1997 1189 2053 genus;
1210 1984 1265 2034 et
1295 1980 1550 2052 primum
1583 1979 1821 2050 quidem
1856 1978 2006 2050 phy-

342 2071 554 2142 sicum,
588 2070 709 2126 sive
739 2070 1027 2135 naturale,
1061 2070 1214 2141 quod
1267 2067 1602 2142 philosOphi
1652 2066 1900 2140 gentiles
1944 2066 2003 2122 in

345 2158 563 2215 scholis
613 2158 759 2227 suis,
813 2159 1264 2229 innumerisque
1295 2174 1439 2230 pene
1468 2156 1526 2212 in
1559 2154 2006 2211 commentatio-

342 2250 519 2304 nibus
551 2265 811 2305 asserere
843 2250 1062 2304 frustra
1094 2247 1282 2302 conati
1316 2250 1477 2302 sunt.
1505 2251 1651 2301 Nam
1697 2244 1818 2300 haec
1867 2249 2007 2300 sunt

344 2338 589 2409 hujusce
660 2337 949 2392 Varronis
1018 2336 1198 2391 citata
1251 2336 1324 2391 ab
1381 2334 1708 2408 Augustino
1759 2334 1935 2388 verba
1989 2351 2002 2388 :

356 2448 386 2478 ιι
415 2426 627 2481 Multos
660 2425 841 2481 libros
882 2424 1219 2497 philosophi
1266 2424 1649 2495 reliquerunt,
1695 2422 1754 2477 in
1789 2422 2005 2494 quibus

355 2520 445 2571 est
482 2533 493 2570 :
529 2514 617 2571 Dii
652 2515 750 2586 qui
784 2514 921 2581 sint,
957 2514 1057 2569 ubi
1117 2513 1256 2583 sint,
1288 2514 1443 2585 quod
1496 2530 1703 2585 genus,
1757 2511 1949 2583 quale,
1974 2527 2007 2564 a

352 2621 605 2675 quonam
653 2608 934 2676 tempore,
991 2620 1061 2658 an
1105 2621 1138 2659 a
1170 2602 1529 2674 sempiterno
1560 2600 1798 2660 fuerint.
1831 2618 1902 2656 an
1938 2616 2005 2655 ex

354 2692 487 2765 igne
519 2693 658 2759 sint,
696 2696 758 2747 ut
789 2691 974 2748 credit
1005 2690 1330 2747 Heraclitus
1357 2710 1369 2759 ;
1406 2708 1475 2745 an
1508 2708 1578 2746 ex
1608 2688 1891 2758 numeris,
1942 2694 2007 2743 ut

353 2782 738 2854 Pythagoras;
770 2798 843 2836 an
876 2798 944 2837 ex
973 2780 1279 2846 atomis,ut
1305 2780 1703 2852 Epicnrus,sic
1732 2778 1846 2833 alia
1878 2795 2004 2849 qua:

352 2870 581 2926 facilius
610 2870 768 2925 intra
798 2869 1048 2941 parietes
1080 2869 1135 2924 in
1169 2868 1563 2939 schola,quam
1599 2871 1760 2923 extra
1789 2867 1847 2922 in
1883 2868 2003 2921 foro

352 2961 501 3015 ferre
531 2962 782 3031 possunt
814 2974 984 3013 aures
1019 2980 1047 3007 »
1099 2958 1360 3029 (August.
1416 2957 1519 3013 lib.
1570 2974 1647 3020 v1,
1698 2956 1765 3012 de
1814 2957 1999 3021 Civit.,

350 3065 480 3120 cap.
529 3048 586 3112 5,
636 3065 693 3121 p.
748 3047 895 3119 150).
952 3047 1061 3103 Sed
1113 3046 1199 3101 hee
1248 3046 1735 3119 philosophorum
1785 3046 1857 3100 de
1888 3044 2001 3100 diis

350 3136 752 3192 dissensiones
784 3141 840 3191 et
883 3136 1288 3191 controversiae
1339 3135 1707 3207 apertissime
1755 3134 1998 3189 demon-

348 3230 537 3281 strant
569 3225 747 3281 falsas
778 3226 1182 3297 absurdasque
1205 3225 1440 3297 penitus
1461 3225 1643 3279 fuisse
1662 3222 1896 3278 illorum
1926 3223 1996 3278 de

348 3313 462 3369 diis
493 3314 620 3370 suis
647 3314 975 3386 opiniones.

420 3403 753 3459 Secundum
787 3404 1028 3458 deorum
1059 3418 1243 3473 genus
1270 3405 1454 3458 Varro
1499 3400 1843 3474 mythicam,
1891 3415 1991 3454 seu

348 3491 682 3547 fabulosum
715 3491 941 3548 vocavit
973 3508 986 3547 :
1024 3513 1052 3541 «
1084 3497 1129 3545 A
1157 3490 1370 3547 fabulis
1395 3490 1573 3554 enim,
1609 3490 1689 3544 ait
1722 3487 1995 3559 Augusti-

348 3597 484 3650 nus,
516 3581 816 3653 mythicon
848 3580 1070 3636 dictum
1102 3584 1223 3648 est;
1257 3580 1536 3653 quoniam
1586 3582 1753 3650 μῦθος
1800 3581 1992 3633 Graece

1194 3674 1269 3724 At
1314 3670 1517 3725 ﬁctum
1561 3668 1707 3724 illud
1741 3670 1932 3724 fuerat
1962 3684 1995 3724 a

346 3760 557 3831 poetis,
590 3759 690 3832 qui
720 3760 965 3815 deorum
991 3759 1420 3833 generationes,
1452 3764 1675 3829 stupra,
1709 3757 1996 3814 adulteria

346 3866 412 3905 ao
443 3850 719 3921 qualibet
748 3849 862 3904 alia
892 3849 1145 3905 nefanda
1176 3850 1433 3904 facinora
1462 3849 1859 3903 decantavere.
1882 3847 1993 3902 Ve-

346 3943 675 3993 rumtamen
698 3937 824 4009 ipse
850 3936 1209 4007 Varro,teste
1241 3938 1431 3992 adhuc
1466 3936 1788 4008 Augustino
1813 3937 1992 4009 (Idem

345 4024 448 4081 lib.
482 4043 557 4091 ιν,
590 4042 718 4096 cap.
748 4026 837 4095 32,
867 4042 924 4097 p.
950 4026 1097 4095 112),
1128 4024 1322 4096 palam
1355 4025 1661 4080 confessus
1692 4029 1781 4080 est
1809 4026 1993 4095 majo-

345 4129 440 4168 res
472 4130 574 4168 seu
597 4118 820 4168 veteres
838 4113 1131 4168 Romanos
1149 4113 1608 4180 illis,horrendia
1629 4115 1730 4169 illa
1750 4115 1992 4169 deorum

347 4201 570 4273 flagitia
598 4218 664 4258 ac
691 4201 967 4273 conjugis.
995 4202 1457 4271 venditantibus,
1484 4203 1656 4257 fidem
1683 4202 1991 4269 habuisse;

346 4291 484 4362 quia
511 4289 799 4362 imperitae
828 4289 1017 4362 plebis
1048 4290 1367 4347 multitudo
1399 4292 1470 4346 ad
1502 4292 1610 4346 hos
1641 4296 1841 4362 poetas
1874 4307 1996 4345 ma-

346 4379 437 4453 gis
469 4378 886 4448 inclinabatur,
918 4394 1096 4450 quam
1144 4379 1215 4434 ad
1268 4379 1558 4451 physicos.
1609 4379 1750 4442 Quis
1799 4384 1995 4434 autem

350 4468 667 4525 maximam
703 4468 961 4539 profecto
984 4473 1299 4540 utramque
1329 4468 1691 4540 impietatem
1723 4484 1837 4523 non
1891 4468 1995 4523 de-

345 4556 776 4613 testetur‘mam
809 4556 1008 4629 populi
1036 4558 1142 4613 hos
1173 4560 1556 4629 quantumvis
1583 4556 1835 4613 infames
1863 4556 1999 4611 ridi-

2184 1976 2510 2101 ;criptisque
2573 1974 2818 2032 ostendat
2877 1974 3043 2046 falsos
3095 1988 3207 2030 esse
3272 1988 3453 2029 emnes
3526 1968 3764 2026 illorum

2224 2062 2337 2101 eos.

2224 2062 2316 2102 €08
2324 2088 2337 2101 .

2627 2168 2951 2217 amicosne
2992 2176 3236 2217 PRIMUS.

2117 2276 2386 2347 Quomodo
2409 2278 2779 2332 Tertullianus
2798 2276 3126 2333 demonstret
3147 2278 3314 2346 falsos
3334 2290 3447 2330 esse
3464 2274 3766 2345 gentilium

2185 2350 2390 2403 1103
2439 2348 2561 2404 deos
2610 2365 2680 2403 ea:
2728 2350 2950 2415 litteris,
2997 2349 3193 2419 quibus
3223 2349 3297 2401 ad
3322 2348 3680 2419 prudentiam
3710 2348 3761 2399 et

2187 2420 2451 2475 liberalia
2481 2419 2664 2490 ofﬁcia
2703 2418 3171 2490 iri/armabantur,
3219 2422 3381 2490 atque
3425 2418 3761 2473 docebantur

2185 2493 2370 2546 varias
2399 2491 2624 2547 deorum
2655 2494 2799 2545 inter
2817 2508 2873 2546 se
2900 2508 3129 2562 pugnas,
3152 2493 3404 2546 Venerem
3430 2490 3757 2559 sauciatam,

2186 2564 2417 2618 Martem
2452 2564 2683 2618 vinculis
2714 2564 2810 2617 diu
2831 2564 3171 2632 adstrictum,
3202 2564 3385 2618 Jovem
3432 2579 3466 2616 a
3511 2568 3757 2615 monstro

2190 2636 2501 2703 liberatum,
2552 2635 2636 2689 vel
2683 2650 2868 2689 casum
2914 2635 3248 2706 Sarpedonis
3277 2636 3519 2706 ﬂentem,
3554 2634 3635 2686 vel
3663 2647 3757 2706 su-

2189 2706 2403 2761 bantem
2434 2710 2494 2761 in
2523 2708 2731 2761 sororis
2759 2723 2999 2762 amorem
3015 2703 3035 2767 ξ
3067 2710 3198 2761 item
3228 2705 3535 2776 Appollinis
3560 2707 3615 2759 et
3654 2703 3757 2757 Ne-

2181 2780 2346 2861 ptuni
2374 2780 2722 2861 servitutum,
2734 2778 3045 2848 judicatum
3066 2776 3312 2861 fulmine
3341 2776 3754 2861 xEsqulapi‘um,

2185 2847 2249 2935 ac
2277 2847 2890 2935 trapwdiispoctarum,
2924 2847 3270 2935 nominatum
3300 2863 3421 2903 vero
3456 2847 3670 2935 Lentuli
3693 2850 3758 2935 let

2184 2920 2435 3048 glostilii,
2517 2918 2754 2992 aliisque
2829 2922 3136 2977 masculum
3205 2922 3398 2976 lunam
3472 2918 3755 2974 irridenti-

2220 3009 2303 3048 us.

2220 3009 2303 3049 αδ.

2180 3136 2261 3192 Ea
2289 3141 2380 3192 est
2410 3135 2623 3191 erroris
2655 3139 2957 3203 natura,ut
2974 3135 3072 3191 diu
3096 3134 3211 3191 sibi
3230 3134 3344 3208 ipsi
3366 3150 3482 3191 non
3509 3136 3758 3200 constet,

2108 3241 2290 3297 seque
2346 3225 2459 3297 ipsi
2518 3230 2645 3280 tum
2705 3225 2881 3280 etiam
2940 3225 3222 3294 destruat,
3280 3240 3416 3280 cum
3470 3221 3754 3278 audacius

2111 3319 2285 3386 caput
2307 3312 2539 3369 attollit.
2572 3314 2697 3369 Non
2721 3315 2935 3369 mirum
2967 3315 3187 3386 itaque,
3222 3313 3272 3369 si
3302 3311 3519 3369 ethnici
3552 3311 3750 3366 datam

2104 3403 2357 3459 mortuis
2388 3402 2725 3458 hominibus
2756 3402 3121 3458 divinitatem
3153 3403 3232 3458 ibi
3265 3400 3598 3466 everterint,
3648 3397 3752 3454 ubi

2103 3509 2231 3548 eam
2257 3491 2486 3547 firmius
2510 3491 2771 3547 stabilire
2792 3492 3329 3548 debebant.Nullibi
3356 3490 3512 3546 enim
3533 3488 3749 3546 clarius

2102 3588 2160 3637 et
2190 3581 2500 3637 enodatius
2530 3582 2871 3652 exponenda
2900 3587 3043 3651 erat,
3075 3598 3251 3652 quam
3287 3581 3345 3635 in
3394 3580 3465 3635 iis
3511 3577 3745 3645 litteris,

2103 3671 2319 3743 quibus
2347 3669 2744 3725 adolescentes
2776 3669 3267 3741 inlormabantur,
3300 3669 3386 3725 uti
3418 3669 3500 3724 ait
3525 3666 3748 3723 Tertul-

2102 3760 2318 3828 lianus,
2352 3760 2420 3815 ad
2452 3758 2801 3830 prudentiam
2855 3759 3222 3831 (Tertullian.
3270 3759 3575 3829 Apologet.,
3616 3773 3744 3827 cap.

2103 3851 2193 3917 14,
2225 3864 2356 3921 pag.
2390 3849 2538 3918 351),
2590 3864 2740 3920 quae,
2791 3853 2939 3904 teste
2984 3848 3276 3915 Cicerone,
3324 3870 3352 3899 α
3406 3850 3634 3903 constat
3678 3861 3747 3900 ex

2104 3940 2347 3997 scientia
2377 3956 2571 3996 rerum
2606 3940 2891 3995 bonarum
2923 3945 2979 3995 ct
3008 3941 3321 4007 malarum,
3354 3943 3412 3993 et
3439 3954 3545 3993 nec
3576 3936 3749 3992 bona-

2104 4047 2237 4085 rum
2274 4045 2378 4085 nec
2410 4028 2735 4095 malarum;
2768 4033 2825 4084 et
2854 4028 3121 4084 liberalia
3151 4027 3344 4084 ofﬁcia
3375 4050 3403 4078 »
3432 4024 3747 4097 (Cicer.lib.

2104 4134 2190 4185 ιιι,
2224 4118 2292 4173 de
2318 4120 2513 4173 Natur.
2546 4117 2719 4183 deor.,
2753 4133 2885 4189 pag.
2917 4118 3044 4182 246,
3074 4116 3178 4171 lin.
3216 4118 3324 4187 15),
3367 4132 3494 4188 quae
3543 4112 3751 4169 videli-

2105 4211 2196 4262 cet
2224 4206 2500 4272 liberum,
2533 4206 2725 4276 inquit
2753 4205 3083 4269 Terentius,
3117 4211 3175 4259 et
3204 4206 3524 4277 ingenuum
3557 4202 3748 4257 homi-

2105 4311 2240 4349 nem
2270 4294 2416 4349 scire
2440 4294 2681 4349 omnino
2706 4308 2939 4363 aequum
2973 4299 3063 4348 est
3092 4292 3748 4364 (Terent.Eunuch.,act.

2107 4383 2226 4449 111,,
2258 4399 2416 4438 scen.
2464 4382 2518 4451 2,
2571 4399 2627 4437 v.
2678 4383 2791 4450 24).
2843 4386 2915 4436 At
2962 4382 3021 4437 in
3052 4383 3145 4437 his
3174 4381 3386 4437 litteris
3415 4385 3653 4453 quanta,
3688 4384 3754 4434 ut

2103 4471 2368 4543 loquitur
2400 4474 2615 4526 Auctor
2645 4473 3091 4539 noster,invenio
3123 4470 3613 4543 ludibria,quibus
3643 4482 3755 4524 nu-

2108 4560 2338 4617 minum
2370 4566 2620 4616 suorum
2643 4559 3011 4616 infamabant
3038 4560 3448 4616 divinitatem?

347 4645 631 4717 culosque
661 4627 989 4702 deos—serio
1020 4627 1312 4703 colebant.
1343 4647 1455 4702 Alii
1486 4663 1620 4702 vero
1650 4646 1725 4701 iis
1771 4646 2000 4717 sapisn-
2034 4627 2078 4692 Ῑ)
2178 4648 2236 4705 Si
2268 4649 2402 4722 quis
2426 4666 2560 4705 vero
2590 4648 2851 4721 inquirat
2881 4665 3006 4721 quas
3037 4650 3157 4706 sint
3184 4648 3494 4706 emvlitterse
3526 4652 3584 4705 et
3601 4665 3756 4705 com-

347 4736 548 4801 tiores,
583 4734 755 4790 malis
788 4735 1122 4791 daemonum
1155 4734 1305 4790 dolis
1331 4749 1397 4791 ac
1420 4735 1726 4791 fraudibus
1749 4734 1999 4799 incitati,

350 4825 619 4881 incautos
649 4823 809 4896 vulgi
835 4825 1064 4880 animos
1103 4825 1162 4879 in
1195 4841 1303 4880 sua
1350 4824 1478 4896 ipsa
1522 4823 1823 4896 religione,
1870 4840 1999 4895 quae

352 4928 589 4968 summa
619 4929 816 4968 rerum
868 4918 976 4979 est,
1028 4912 1327 4981 fallebant,
1381 4918 1484 4969 aut
1530 4912 1653 4968 falli
1704 4913 2002 4985 patieban-

353 5003 472 5056 tur.

424 5088 686 5145 Tertium
718 5106 887 5161 porro
914 5089 1222 5163 theologia:
1251 5107 1353 5147 seu
1386 5092 1627 5147 deorum
1659 5107 1847 5164 genus
1894 5108 2001 5164 ap-

357 5176 609 5250 pellatur
662 5176 851 5247 civile,
902 5194 1007 5234 seu
1059 5179 1276 5235 civium
1307 5184 1364 5235 et
1396 5179 1767 5251 p0pulorum,
1800 5181 1857 5236 id
1891 5186 1999 5249 est,

356 5268 593 5324 illorum
628 5268 896 5337 deorum,
927 5286 1076 5341 quos
1108 5269 1312 5342 populi
1343 5271 1455 5327 sibi
1503 5289 1604 5343 pro
1658 5273 1898 5329 arbitrio
1947 5278 2004 5329 et

356 5357 600 5414 libidine
647 5358 1085 5428 adoptaverant.
1127 5361 1235 5416 Sed
1288 5364 1670 5433 praeterquam
1704 5363 1859 5433 quod
1894 5362 2004 5419 hoc

358 5449 599 5504 deorum
633 5463 816 5519 genus
846 5448 918 5504 ad
952 5450 1277 5505 secundum
1303 5454 1358 5505 et
1388 5449 1745 5521 fabulosum,
1770 5451 1853 5507 uti
1876 5453 2001 5523 jam

357 5536 633 5595 laudatus
664 5553 698 5592 a
731 5538 900 5595 nobis
930 5540 1301 5612 Augustinus
1334 5540 1499 5596 docet
1529 5541 1728 5613 (Idem,
1770 5539 1871 5595 lib.
1925 5560 2002 5613 γι,

361 5644 488 5699 cap.
512 5626 570 5695 7,
603 5642 736 5700 pag.
772 5628 921 5700 153),
966 5629 1142 5701 plane
1191 5630 1459 5701 refertur,
1503 5629 1637 5703 quid
1691 5630 2005 5688 absurdius

363 5732 545 5789 quam
578 5715 719 5774 deos
747 5716 879 5779 illos
906 5719 1164 5793 credere,
1194 5735 1339 5793 quos
1366 5735 1583 5778 osseum
1611 5719 2011 5793 insanumque

2111 4738 2526 4805 mentationes,
2555 4738 3043 4810 respondebimus
3090 4756 3156 4796 eo
3204 4739 3440 4795 nomine
3488 4742 3760 4810 poemata

2110 4826 2343 4884 Homeri
2374 4827 2690 4899 designari.
2710 4827 2843 4890 Quae
2875 4828 3033 4883 enim
3065 4833 3280 4884 Auctor
3309 4830 3508 4885 noster
3536 4827 3756 4883 ibidem

2110 4920 2330 4985 narrat,
2365 4915 2483 4971 haec
2511 4916 2582 4971 ab
2614 4916 2817 4971 eodem
2848 4920 3018 4989 poeta
3047 4916 3342 4973 delibavit.
3388 4916 3506 4973 Sibi
3557 4921 3755 4971 autem

2110 5006 2258 5062 illud
2306 5005 2355 5061 si
2404 5006 2540 5076 quis
2587 5004 2836 5075 alicujus
2866 5008 3213 5064 auctoritate
3240 5006 3463 5063 ﬁrmari
3492 5006 3651 5076 velit,
3683 5023 3755 5061 en

2112 5098 2321 5167 praesto
2352 5098 2441 5150 est
2468 5094 2757 5150 Minucius
2787 5095 2961 5161 Felix,
2995 5097 3093 5168 qui
3126 5104 3436 5167 postquam
3469 5095 3628 5151 varia
3656 5093 3759 5150 illa

2113 5185 2355 5240 deorum
2385 5182 2641 5239 ludibria
2660 5200 2737 5245 ex
2765 5186 3023 5251 Homeri,
3053 5203 3160 5241 suo
3192 5186 3430 5241 nomine
3457 5184 3755 5256 appellati,

2114 5272 2477 5328 carminibus
2509 5274 2823 5343 recensuit,
2857 5272 2940 5329 sic
2990 5274 3367 5345 prosequitur
3400 5289 3465 5328 :«
3515 5272 3617 5328 His
3665 5277 3751 5327 at-

2114 5378 2227 5433 que
2255 5361 2592 5431 hujusmodi
2629 5362 3012 5434 ﬁgmentis,et
3042 5362 3362 5418 mendaciis
3392 5361 3754 5417 dulcioribus

2115 5455 2573 5522 corrumpuntur
2606 5451 2842 5522 ingenia
2873 5468 3213 5522 puerorum,
3245 5456 3302 5507 et
3327 5451 3538 5507 iisdem
3587 5451 3754 5507 fabu-

2114 5539 2188 5595 lis
2233 5539 2653 5595 inhaerentibus
2704 5540 2773 5594 ad
2822 5556 3006 5610 usque
3055 5558 3299 5596 summae
3343 5541 3531 5597 (statis
3578 5542 3759 5597 robur

2117 5631 2476 5699 adolescunt,
2509 5636 2567 5687 et
2594 5631 2803 5687 iisdem
2826 5631 3201 5704 opinionibus
3232 5632 3432 5688 miseri
3482 5649 3758 5689 consene-

2116 5727 2309 5784 scunt.
2344 5743 2375 5775 »
2403 5724 2514 5781 Sed
2545 5722 2668 5781 haec
2696 5723 2757 5781 in
2780 5723 3067 5797 superiori
3097 5725 3169 5783 de
3195 5725 3304 5785 hoc
3330 5724 3573 5785 Minucii
3610 5724 3758 5784 libro
