4162 6406
468 330 625 391 1203

984 331 1511 416 TERTULLIANI
1557 329 1881 395 OPERUM
1930 332 2124 393 PARS
2169 333 2217 393 l.
2254 365 2330 376 -—
2360 333 2633 395 SEHIES
2678 336 2725 404 Ι.
2775 335 3337 397 APOLOGETICA.

3709 331 3883 393 1204

473 461 887 518 dissertatione
916 462 1105 519 fusius
1135 464 1425 537 explicare
1475 464 1668 521 conati
1718 481 1923 521 sumus
1969 456 2110 536 (Dis-
2143 465 2199 532 Α
2225 468 2336 520 etc.
2371 468 2544 522 Tacet
2573 468 2811 539 quidem
2843 466 3130 539 Rigaltius
3161 484 3265 523 cur
3294 467 3412 522 haec
3442 465 3617 522 verba
3665 464 3891 521 abstu-

473 557 657 608 sertat-
694 554 753 607 in
782 554 1019 625 Minuc.,
1054 570 1182 625 cap.
1224 557 1306 624 17,
1340 559 1447 610 art.
1483 555 1555 628 4).

546 661 666 726 Quo
699 664 893 716 autem
927 662 1097 717 modo
1128 662 1248 718 haec
1279 679 1313 717 a
1363 662 1723 718 Tertulliano
1772 663 2115 735 probentur,

466 748 592 819 jam
624 748 673 804 si
705 748 894 820 placet
923 750 1415 807 consideremusn
1452 752 1537 806 Ab
1570 751 2114 823 ipso,inquit,exor-

473 838 551 892 di.
597 880 609 892 .
656 880 668 891 .
704 842 920 905 vestro,
947 840 1075 909 ejus
1106 839 1241 895 inde
1267 856 1419 910 oma,
1453 845 1509 896 et
1538 857 1710 897 omne
1739 858 1989 912 aequore,
2022 840 2113 895 cui

474 930 758 997 quantum
788 926 1064 983 honorem
1090 929 1564 1002 additis,tantum
1583 930 1707 986 deis
1727 930 1935 985 vestris
1957 930 2118 985 dero-

476 1015 1120 1088 gastis;magniﬁcando
1151 1017 1252 1088 qui
1284 1018 1355 1073 de
1386 1017 1468 1073 eis
1498 1017 2117 1087 lusit»(Tertull.lib.r,

477 1105 549 1159 ad
568 1104 715 1174 Nat.,
748 1121 874 1176 cap.
910 1106 998 1175 10,
1031 1123 1088 1177 p.
1119 1105 1266 1176 575).
1301 1107 1371 1161 Et
1398 1107 1519 1162 haec
1551 1107 1789 1178 quidem
1818 1106 1994 1162 verba
2035 1106 2117 1161 sic

478 1193 773 1263 descripta
802 1197 943 1249 sunt
972 1194 1029 1248 in
1052 1195 1347 1266 Agobardi
1390 1196 1608 1261 codice,
1659 1200 1715 1252 et
1759 1196 1817 1250 in
1867 1196 2118 1251 editione

477 1280 831 1351 Gothofredi,
864 1283 964 1353 qui
996 1282 1184 1338 deleta
1213 1284 1293 1339 ibi
1323 1285 1498 1340 verba
1526 1285 1609 1341 sic
1639 1284 1967 1357 supplenda
1996 1284 2118 1356 opi-

479 1374 655 1425 natur
685 1386 699 1423 :
734 1393 761 1419 «
786 1371 868 1425 Ab
900 1370 1028 1442 ipso
1059 1372 1325 1428 exordiar
1354 1374 1547 1429 studio
1576 1378 1792 1441 vestro,
1816 1374 1970 1429 unde
1998 1390 2118 1428 cm-

482 1457 573 1513 nis
604 1457 851 1514 materia
879 1464 937 1513 et
964 1476 1137 1516 omne
1167 1478 1389 1532 aequor.
1422 1482 1452 1511 »
1483 1461 1769 1534 Rigaltius
1798 1460 2119 1531 vero,nulla

484 1547 714 1603 reddita
743 1547 987 1617 ratione,
1039 1565 1105 1605 ac
1146 1554 1424 1621 tanquam
1472 1551 1544 1606 de
1590 1568 1725 1607 vera
1778 1550 2119 1606 Tertulliani

484 1634 732 1693 lectione
785 1653 1047 1707 securus,
1092 1638 1152 1693 in
1200 1640 1328 1710 ejus
1374 1642 1534 1695 textu
1579 1640 1859 1712 scriptum
1892 1639 2119 1696 voluit:

490 1745 520 1775 ‹‹
548 1725 635 1780 Ab
668 1724 794 1798 ipso
829 1727 1096 1783 exordiar
1133 1726 1380 1784 Homero
1428 1732 1640 1796 vestro,
1692 1730 1819 1799 ejus
1867 1730 2023 1784 unda
2068 1731 2125 1784 et

487 1830 659 1870 omne
687 1831 903 1886 aequor.
941 1838 962 1865 ι»

560 1904 670 1959 Sed
699 1903 819 1959 haec
850 1904 1183 1976 conjectura
1210 1905 1409 1961 debuit
1439 1905 1636 1977 aliqua
1665 1906 1871 1963 saltem
1902 1905 2124 1961 ratione

489 1992 703 2048 fulciri.
736 1994 911 2049 Nobis
942 1998 1138 2049 tamen
1172 1994 1466 2066 probabile
1497 1996 1640 2051 satis
1668 1996 1897 2051 videtur
1926 2013 1959 2051 a
1986 1996 2121 2051 Ter-

490 2081 759 2149 tulliano,
782 2082 878 2153 qui
910 2083 980 2137 de
1010 2082 1312 2155 gentilium
1344 2082 1553 2139 litteris
1584 2084 1861 2155 loquitur,
1918 2100 2121 2155 quem-

489 2170 625 2225 dam
657 2170 821 2225 citari
851 2170 1292 2227 celeberrimum
1331 2158 1564 2227 illorum
1616 2173 1978 2244 scriptorem,
2029 2173 2119 2228 cui

488 2262 771 2332 quantum
802 2259 1081 2315 honorem
1114 2260 1330 2316 ethnici
1361 2261 1719 2327 tribuebant,
1750 2267 1977 2317 tantum
2011 2261 2122 2317 diis

485 2348 630 2416 suis,
662 2364 793 2404 eum
823 2348 1135 2418 laudando,
1168 2350 1568 2407 detrahebant.
1600 2353 1672 2407 At
1701 2350 1751 2406 is
1782 2352 1981 2423 procul
2016 2353 2121 2407 du-

483 2436 579 2492 bio
610 2442 700 2493 est
728 2438 1036 2505 Homerus,
1063 2442 1189 2494 tum
1234 2439 1373 2511 quia
1421 2440 1683 2496 omnium
1713 2440 2014 2512 vetustior,
2059 2445 2123 2496 ut

484 2524 621 2579 alibi
648 2526 920 2598 vidimus,
948 2529 1157 2582 1104
1185 2528 1436 2600 scriptor
1463 2532 1705 2600 est,tum
1739 2530 1878 2601 quia
1906 2530 2123 2601 scripta

483 2612 643 2670 illius
676 2617 823 2671 tanti
855 2616 1167 2686 faciebant,
1200 2622 1265 2673 ut
1294 2617 1694 2674 adolescentes
1742 2618 1816 2675 iis
1862 2619 1931 2676 ad
1983 2636 2120 2691 pru-

485 2702 766 2775 dentiam,
795 2705 947 2761 sicut
978 2722 1111 2761 mox
1142 2706 1500 2779 dicebamus,
1533 2712 1590 2764 et
1620 2708 1884 2765 liberalia
1931 2709 2121 2765 ofﬁcia

485 2792 875 2849 erudirentur.
929 2794 986 2848 Si
1035 2794 1165 2865 quis
1198 2800 1392 2852 tamen
1425 2797 1686 2869 sagacior
1715 2797 1894 2853 alium
1919 2816 1951 2853 a
1980 2800 2120 2854 Ter-

484 2880 731 2937 tulliano
761 2881 1004 2938 indicari
1027 2884 1478 2953 ostendat,hunc
1502 2886 1767 2942 lubenter
1788 2887 2118 2943 audiemus.

483 2970 887 3027 Adimadverle
918 2976 1134 3041 tamen,
1168 2990 1384 3046 quaeso,
1411 2976 1606 3047 ipsum
1644 2976 1957 3031 Homerum
2014 2994 2120 3032 no-

484 3059 754 3116 minatim
776 3061 1057 3133 appellari
1080 3062 1172 3119 his
1193 3064 1685 3136 subsequentibus
1701 3065 1967 3121 Auctoris
1991 3082 2121 3121 nos-

480 3147 558 3203 tri
587 3148 778 3205 verbis
811 3165 825 3206 :
861 3170 890 3200 «
919 3150 1122 3207 Adhuc
1160 3153 1531 3209 meminimus
1568 3154 1812 3222 Homeri,
1845 3154 1941 3210 ille
2000 3155 2119 3225 opi-

482 3253 588 3293 nor
618 3239 831 3310 est,qui
861 3239 1119 3296 divinam
1150 3242 1515 3313 majestatem
1546 3242 1807 3298 humana
1835 3243 2116 3299 conditio-

481 3341 553 3383 ne
578 3328 867 3398 tractavit,
896 3329 1130 3386 casibus
1157 3335 1214 3386 et
1242 3331 1617 3402 passionibus
1662 3332 1935 3387 humanis
1984 3332 2123 3388 deos

480 3413 755 3473 imbuens
786 3438 813 3465 ››
848 3418 1048 3488 αὑτά),
1081 3419 1137 3473 id
1170 3424 1279 3489 est,
1324 3421 1599 3477 omnibus
1647 3420 1821 3476 etiam
1874 3421 2122 3476 foedissi-

484 3502 597 3559 mis
628 3504 906 3562 humanis
935 3507 1239 3564 aﬁ‘ectibus
1266 3525 1331 3564 ac
1359 3508 1517 3565 vitiis
1548 3514 1871 3581 corruptos.

558 3610 625 3667 Et
682 3615 838 3665 certe
895 3611 989 3668 ille
1043 3614 1372 3669 Graecorum
1432 3620 1735 3685 poetarum
1785 3616 2123 3689 coryphaeus

486 3696 670 3754 libros
700 3716 839 3754 suos
870 3698 1030 3756 hisce
1060 3703 1300 3757 deorum
1330 3703 1590 3759 infamiis
1633 3705 1854 3775 passim
1907 3704 2123 3775 ubique

488 3787 742 3844 fcedavit.
792 3788 1083 3846 Nonnulla
1131 3795 1326 3847 autem
1375 3793 1586 3849 Auctor
1627 3799 1844 3861 noster,
1876 3811 1948 3850 ne
1978 3794 2124 3849 foret

486 3876 731 3947 longior,
769 3877 974 3950 selegit
1005 3879 1286 3952 exempla,
1313 3898 1379 3937 ac
1408 3880 1551 3937 illud
1584 3883 1821 3954 quidem
1846 3883 2120 3955 primum,

487 3981 598 4035 quo
628 3966 899 4023 decantat
927 3968 1067 4025 deos
1096 3971 1244 4026 inter
1270 3986 1328 4026 se
1348 3979 1569 4043 propter
1600 3973 1852 4043 Trojano:
1881 3977 1933 4028 et
1964 3974 2123 4028 Achi-

485 4069 595 4124 νοις,
654 4060 713 4111 ut
764 4057 1135 4125 gladiatorum
1188 4062 1369 4131 paria,
1425 4077 1739 4134 congressos
1791 4063 2124 4134 depugnasse

484 4143 664 4215 (Idem
694 4145 964 4217 Apologet.
995 4163 1121 4219 cap.
1159 4150 1244 4219 14,
1279 4166 1333 4220 p.
1366 4150 1520 4221 351);
1555 4150 1673 4206 sive
1703 4151 1854 4207 sicut
1882 4152 1941 4206 in
1975 4152 2122 4208 libro

483 4230 553 4287 ad
582 4233 837 4291 Nationes
864 4252 885 4291 :
921 4257 947 4289 ι
978 4236 1087 4300 Qui
1116 4238 1187 4293 de
1216 4237 1333 4294 illis
1366 4241 1558 4295 favore
1604 4241 1851 4297 diversis
1899 4241 2123 4313 gladia-

484 4320 635 4377 toria
681 4322 936 4393 quodam
981 4326 1153 4381 modo
1187 4327 1347 4398 paria
1378 4328 1673 4385 commisit
1703 4350 1733 4379 »
1761 4330 1843 4402 (et
1871 4329 1973 4385 lib.
2006 4348 2024 4386 I
2054 4331 2124 4386 ad

486 4411 709 4469 Nation.
742 4428 869 4485 cap.
904 4414 991 4480 10,
1019 4431 1077 4486 p.
1133 4415 1281 4487 575).
1342 4416 1452 4472 Sed
1511 4418 1643 4488 quis
1701 4419 1888 4475 nescit
1944 4436 2121 4491 quam

488 4500 703 4571 saepius
733 4501 831 4557 ille
860 4501 923 4558 in
952 4503 1135 4559 Itiade
1184 4504 1455 4561 cecinerit
1502 4506 1676 4563 hasce
1717 4508 1959 4565 deorum
2009 4526 2119 4581 pu-

488 4603 656 4659 gnas,
688 4594 747 4645 et
775 4590 1079 4657 Venerem,
1095 4591 1266 4648 sicuti
1299 4595 1481 4667 pergil
1512 4595 1902 4652 Tertullianus
1934 4573 2126 4670 (Ibid)
2155 4573 2202 4640 D

488 4676 752 4733 humana
776 4679 990 4750 sagitta
1007 4682 1597 4749 sauciatam,Martem
1628 4684 1686 4740 in
1712 4685 1961 4743 vinculis
1982 4702 2129 4759 pene

491 4770 1126 4838 consumptum,Jovem
1152 4788 1308 4827 nunc
1337 4774 1645 4843 cujusdam
1678 4776 1925 4831 monstri
1954 4793 2130 4848 opera

488 4853 827 4923 liberatum,
858 4859 1027 4914 modo
1054 4859 1287 4915 ﬂentem
1320 4861 1670 4934 Sarpedonis
1704 4881 1925 4935 casum,
1968 4883 2126 4923 nunc

488 4943 910 5003 obscenissimo
926 4964 1231 5019 porcorum
1248 4966 1406 5007 more
1418 4952 1728 5009 subantem
1742 4956 2128 5026 prurientem-

485 5048 599 5105 que
629 5033 873 5092 libidine
891 5036 951 5093 in
983 5054 1237 5096 sororem
1264 5057 1618 5113 uxoremque
1643 5060 1810 5100 suam
1831 5045 2123 5103 Junonern

483 5122 627 5180 dum
656 5123 742 5181 illi
772 5129 1005 5199 turpem
1031 5144 1205 5185 suum
1236 5129 1295 5185 in
1327 5131 1544 5187 amicas
1576 5149 1834 5190 amorem
1867 5152 2119 5191 comme-

482 5214 767 5270 morabat.
823 5219 891 5271 At
939 5216 1019 5271 ibi
1064 5218 1245 5274 obiter
1301 5220 1728 5277 observandum
1777 5223 1837 5278 in
1887 5213 2122 5297 Rigallii

480 5304 735 5360 editione
765 5304 1112 5377 simpliciter
1139 5308 1424 5379 scriptum
1460 5326 1472 5365 :
1498 5310 1827 5367 «Venerem
1860 5312 2122 5369 humana

482 5392 699 5464 sagitta
729 5394 1076 5451 sauciatam.
1109 5418 1137 5445 »
1165 5396 1228 5451 In
1261 5399 1476 5455 nostris
1512 5414 1644 5455 vero
1677 5403 2116 5474 manuscriptis,

482 5486 540 5539 et
568 5483 998 5556 antiquioribus
1029 5484 1205 5542 editis
1234 5487 1529 5544 codicibus
1562 5488 1675 5561 legi
1710 5508 1722 5545 :
1758 5513 1785 5541 ‹‹
1837 5490 2115 5548 Venerem

483 5573 832 5641 sauciatam,
864 5575 1017 5645 quod
1049 5574 1235 5631 filium
1268 5594 1442 5633 suum
1473 5579 1712 5634 [Eneam
1764 5595 1907 5649 pene
1939 5580 2117 5636 inter-

484 5658 701 5718 fectum
718 5662 790 5719 ab
808 5662 1008 5720 eodeni
1030 5663 1305 5723 Diomede
1324 5682 1525 5738 rapere
1544 5666 2117 5740 voluerit,Martem.»

2226 553 2490 622 lerit,sed
2521 557 2842 613 arbitratus
2872 566 2959 613 est
2988 556 3143 613 haud
3179 557 3353 612 dubie
3382 556 3502 613 haec
3532 553 3888 626 explicatio—

2228 643 2318 698 nis
2349 661 2527 702 causa
2556 646 2628 701 ab
2662 646 2859 719 aliquo
2891 646 3130 702 librario
3161 646 3385 715 adjecta
3413 644 3617 712 fuisse,
3645 648 3703 699 et
3743 645 3889 715 post

2225 731 2344 788 haec
2376 733 2607 791 intrusa
2636 737 2695 791 in
2726 740 2967 792 textum.
3002 736 3147 791 Nam
3181 735 3300 790 haec
3332 735 3390 789 in
3438 734 3587 790 libro
3635 733 3704 788 ad
3757 732 3882 786 Na-

2223 823 2434 890 tiones,
2470 824 2567 878 uhi
2604 826 2807 881 eadem
2842 829 3212 897 repetuntur,
3247 841 3359 880 non
3393 827 3727 880 occurrunt.
3760 822 3886 877 Ne-

2225 927 2337 982 que
2368 913 2541 968 etiam
2575 914 2733 969 dictu
2767 914 2935 969 facile
2967 920 3057 970 est
3081 931 3186 970 cur
3215 913 3295 970 ibi
3325 913 3556 984 adjecta
3604 912 3725 967 sint
3772 910 3889 965 illa

2228 1002 2423 1071 verba,
2464 1003 2533 1057 ab
2565 1003 2746 1059 eodem
2778 1004 3054 1073 Diomede,
3088 1003 3257 1075 cujus
3288 1000 3451 1057 nulla
3498 1001 3660 1073 prius
3710 1016 3889 1055 men-

2224 1090 2304 1145 tio
2332 1090 2500 1159 .facta
2529 1092 2758 1147 fuerat?
2789 1097 3008 1147 Merum
3045 1092 3184 1164 quia
3213 1092 3335 1147 haec
3368 1091 3424 1145 in
3458 1089 3731 1161 plurimis
3763 1105 3888 1143 an-

2226 1178 2582 1250 tiquissimis
2626 1180 3046 1252 manuscriptis
3076 1179 3508 1251 exemplaribus
3557 1178 3887 1247 habentur,

2229 1283 2343 1321 non
2377 1267 2501 1324 sine
2524 1269 2751 1339 praevia,
2808 1274 2869 1324 ut
2918 1285 3096 1340 supra
3145 1267 3401 1323 diximus
3448 1267 3763 1333 (Dissertat.
3814 1266 3883 1319 in

2228 1359 2440 1413 Minue.
2477 1358 2683 1423 0ctav.,
2715 1374 2841 1428 cap.
2877 1359 2963 1423 17,
2996 1361 3103 1411 art.
3138 1357 3210 1427 4),
3244 1355 3637 1410 admonitione
3666 1371 3883 1425 ampu-

2228 1446 2337 1500 tari
2369 1447 2676 1502 debebant.
2711 1451 2990 1501 Csaterum
3023 1445 3163 1500 alibi
3197 1443 3425 1499 Homeri
3467 1443 3593 1499 loca
3644 1443 3880 1498 indica-

2228 1534 2422 1590 vimus
2452 1540 2508 1590 et
2536 1534 2979 1608 explanavimus
3017 1536 3092 1605 (et
3124 1534 3474 1588 Dz’ssertat.in
3500 1532 3878 1605 Arnob.,cap.

2233 1624 2320 1690 12,
2354 1628 2461 1680 art.
2498 1625 2523 1679 1
2554 1630 2611 1679 et
2638 1625 2714 1696 3),
2746 1641 2869 1695 quas
2918 1622 3315 1679 Tertullianus
3363 1623 3433 1677 de
3480 1621 3582 1677 illa
3626 1620 3883 1688 Venere,

2232 1714 2304 1768 de
2344 1713 2502 1780 Jove,
2552 1731 2617 1770 ac
2666 1714 2846 1770 Marte
2895 1713 3105 1769 citasse
3154 1712 3311 1769 haud
3358 1709 3652 1768 immerito
3714 1710 3886 1766 vide-

2152 1832 2199 1897 B
2231 1806 2346 1897 tur.

2302 1890 2491 1946 Simili
2524 1891 2696 1946 etiam
2731 1892 2898 1947 modo
2922 1891 2979 1945 in
3004 1889 3209 1946 iisdem
3242 1888 3757 1946 dissertationibus
3789 1905 3891 1945 os-

2230 1980 2530 2035 tendimus
2583 1980 2819 2051 quantis
2869 1980 2966 2035 alii
3018 1985 3479 2051 quoque,poetae
3529 1978 3759 2051 probris
3809 1995 3886 2034 ac

2232 2068 2603 2124 contumeliis
2633 2070 2771 2125 deos
2801 2085 2939 2125 suos
2981 2069 3230 2125 insecuti
3279 2072 3437 2123 sunt.
3487 2071 3611 2123 Non
3662 2084 3885 2140 magno

2230 2157 2387 2213 enim
2430 2157 2555 2214 sine
2604 2157 2837 2214 illorum
2888 2159 3165 2214 dedecore
3215 2158 3522 2227 tinxerant,
3577 2155 3661 2211 uti
3708 2161 3886 2212 notat

2231 2246 2420 2301 adhuc
2451 2246 2846 2303 Tertullianus
2877 2247 3212 2318 (Apotohet.,
3246 2263 3294 2300 c.
3330 2246 3417 2314 14,
3446 2244 3655 2316 p.352),
3687 2244 3884 2316 Apol-

2230 2335 2409 2391 linem
2439 2352 2644 2408 greges
2676 2340 3009 2408 pascentem
3037 2335 3265 2391 Admeti
3305 2334 3480 2407 regis,
3533 2334 3882 2406 Neptunum

2229 2425 2545 2480 structorias
2602 2442 2805 2498 operas
2862 2424 3242 2480 Laomedonti
3300 2422 3628 2490 locantem,
3697 2427 3884 2494 atque

2228 2514 2627 2587 [Esculapium
2658 2516 2903 2572 fulmine
2930 2516 3090 2572 Jovis
3123 2516 3326 2584 ictum,
3373 2515 3880 2585 quemadmodum

2228 2604 2521 2661 Pindarus
2554 2605 2727 2662 etiam
2760 2605 2987 2662 cecinit.

2298 2697 2513 2767 Majore
2573 2695 2765 2752 adhuc
2817 2694 3073 2752 ludibrio
3130 2693 3478 2767 probroque,
3531 2694 3617 2749 uti
3680 2693 3884 2765 pergit

2230 2785 2630 2841 Tertullianus
2680 2787 2758 2857 (et
2807 2784 2910 2841 lib.
2953 2802 2971 2840 1
3000 2784 3071 2839 ad
3098 2786 3345 2849 Nattam,
3371 2800 3498 2854 cap.
3533 2782 3619 2849 10,
3652 2799 3708 2854 p.
3740 2783 3880 2852 576,

2230 2878 2287 2930 et
2318 2875 2418 2930 lib.
2449 2892 2509 2944 ιι,
2543 2891 2668 2945 cap.
2697 2876 2801 2943 14),
2826 2875 3028 2930 1105
3065 2890 3288 2945 nosque
3312 2872 3452 2929 alibi
3483 2872 3660 2928 etiam
3691 2888 3884 2927 anno-

2227 2964 2482 3018 tavimus
2514 2965 2819 3034 (Dissertat.
2854 2965 2914 3018 in
2942 2963 3168 3031 Arnob.,
3202 2979 3327 3033 cap.
3373 2962 3459 3030 14,
3502 2965 3609 3017 art.
3666 2961 3737 3029 1),
3793 2961 3879 3016 dii

2228 3052 2576 3107 exhibentur
2606 3054 2662 3106 in
2698 3052 2912 3122 scenis,
2942 3051 3242 3124 tragcediis
3281 3050 3558 3123 ludisque
3604 3049 3875 3106 ethnico-

2230 3157 2377 3196 rum.
2432 3140 2653 3208 Quibus
2686 3140 2863 3207 enim,
2898 3141 3137 3196 obsecro
3169 3144 3244 3208 te,
3278 3138 3551 3195 conviciis
3579 3144 3635 3194 et
3662 3144 3879 3194 contu-

2230 3229 2421 3286 meliis
2452 3231 2522 3285 ab
2564 3228 2977 3285 comoediarum
3029 3228 3527 3301 trgcediarumque
3576 3227 3881 3283 actoribus

2229 3319 2414 3376 vexati
2445 3336 2560 3374 non
2595 3319 2869 3374 fuerunt?
2900 3317 3018 3374 Soli
3049 3334 3250 3373 earum
3280 3317 3457 3386 tituli,
3490 3316 3729 3388 solaque
3783 3334 3882 3371 ar-

2230 3414 2509 3480 gumenta
2558 3407 2700 3463 satis
2763 3406 2871 3463 hoc
2936 3407 3313 3462 manifestum
3370 3404 3643 3461 omnibus
3701 3405 3883 3460 facie-

2228 3498 2391 3552 bant.
2423 3500 2502 3551 Ex
2554 3496 2626 3552 iis
2678 3501 2875 3552 autem
2923 3512 3109 3569 pauca
3155 3498 3418 3550 recenset
3467 3492 3877 3550 Tertullianus

2232 3586 2530 3657 (Apologet.
2594 3602 2644 3640 c.
2704 3585 2793 3652 46,
2874 3602 2933 3657 p.
3012 3584 3159 3656 358),
3236 3581 3505 3639 videlicet
3582 3582 3880 3637 moechum

2230 3674 2506 3741 Anubim,
2538 3675 2781 3730 Dianam
2813 3672 3186 3746 ﬂagellatam,
3218 3671 3377 3728 Jovis
3427 3672 3644 3727 mortui
3697 3675 3884 3727 testa-

2232 3768 2519 3831 mentum,
2568 3768 2686 3819 tres
2737 3761 3032 3818 famelicos
3065 3760 3338 3817 Hercules
3370 3760 3596 3828 irrisos,
3627 3764 3683 3816 et
3714 3776 3873 3817 mas-

2232 3852 2427 3908 culum
2459 3852 2861 3918 Lunum.Quid
2893 3868 3049 3924 ergo,
3080 3850 3357 3923 inquies?
3388 3849 3689 3923 Numquid
3721 3849 3880 3906 inter

2231 3942 2648 3997 commdiarum
2680 3941 2885 3997 titulos
2918 3942 3077 3996 Luna
3107 3939 3416 3996 masculini
3449 3939 3741 4012 fgeneris?
3794 3940 3878 3995 Ita

2230 4030 2539 4087 sane.Nam
2570 4030 2767 4104 plures
2798 4030 3052 4103 profecto
3081 4028 3297 4086 ethnici
3320 4044 3666 4101 persuasum
3698 4028 3879 4084 stulte

2230 4119 2523 4177 habebant
2554 4121 2838 4191 quosdam
2867 4119 3076 4175 saltem
3106 4119 3244 4175 deos
3272 4135 3410 4174 suos
3454 4134 3646 4173 mares
3695 4117 3877 4173 simul

2230 4224 2359 4265 esse
2408 4213 2465 4265 et
2511 4209 2761 4265 feminas
2821 4209 3125 4281 (Dissertat.
3177 4208 3239 4263 in
3288 4208 3557 4275 Lactant.,
3608 4223 3736 4278 cap.
3782 4207 3876 4278 27,

2231 4302 2337 4354 art.
2371 4298 2403 4354 3
2434 4302 2491 4354 et
2520 4299 2571 4369 4,
2604 4302 2659 4354 et
2689 4296 2819 4354 aliis
2861 4298 2940 4353 ibi
2990 4297 3134 4369 cit.).
3189 4296 3420 4352 Servius
3469 4294 3763 4367 siquidem
3817 4296 3879 4350 in

2230 4386 2387 4444 hunc
2419 4386 2664 4459 LVirgilii
2712 4403 2972 4459 versum,
3022 4403 3136 4458 quo
3188 4386 3386 4454 Enen,
3449 4385 3690 4442 ardente
3748 4384 3877 4456 Illo,

2230 4475 2564 4550 loquentem
2598 4476 2683 4533 sic
2714 4476 2941 4533 inducit
2975 4493 2988 4533 :

2329 4602 2620 4665 Descendo,
2656 4616 2719 4654 ac
2747 4601 2978 4653 ducente
3005 4601 3106 4652 deo
3134 4602 3402 4651 ﬂammam
3435 4600 3578 4651 inter
3611 4602 3665 4651 et
3692 4599 3880 4653 hostes

2328 4666 2612 4730 Expedior.
2708 4701 2723 4716 .
2821 4698 2837 4716 .
3157 4699 3174 4730 ε

2909 4726 3106 4790 (Virgil.
3134 4724 3337 4777 Eneid.
3368 4725 3460 4776 lib.
3490 4733 3545 4787 ιι,
3570 4738 3617 4776 v.
3649 4725 3780 4787 632).

2236 4853 2356 4910 haec
2392 4853 2802 4909 animadvertit
2851 4868 2864 4909 :
2916 4874 2944 4902 «
2995 4851 3331 4908 Secundum
3377 4866 3477 4907 eos
3523 4849 3626 4921 qui
3673 4850 3883 4907 dicunt

2234 4941 2539 5013 utriusque
2590 4958 2766 4998 sexus
2814 4940 3322 5013 participationem
3356 4937 3571 4995 habere
3602 4937 3880 4995 numina.

2234 5030 2379 5090 Nam
2410 5030 2619 5087 Calvus
2653 5046 2667 5085 :

2416 5119 2818 5183 Pollentemque
2848 5119 3015 5170 Deum
3045 5118 3321 5170 Venerem.

2232 5209 2374 5265 Item
2405 5208 2688 5281 Virgilius
2722 5223 2734 5262 :

2415 5308 2523 5357 Nec
2549 5307 2750 5357 dextris
2780 5306 2977 5355 erranti
3007 5306 3145 5355 Deus
3173 5303 3360 5365 abfuit,

2230 5423 2363 5462 cum
2392 5410 2492 5463 aut
2520 5406 2675 5462 Juno
2706 5404 2900 5474 fuerit,
2932 5409 3035 5461 aut
3066 5405 3283 5462 Alecto.
3316 5405 3420 5460 Est
3451 5403 3627 5460 etiam
3658 5402 3718 5457 in
3763 5402 3876 5475 Cy-

2230 5512 2332 5568 pro
2391 5495 2777 5553 simulacrum
2836 5493 3077 5551 Veneris
3134 5495 3387 5552 barbatis
3434 5513 3462 5547 ι
3514 5493 3694 5565 (Serv.
3730 5508 3869 5564 pag.

2224 5586 2373 5656 252).
2405 5585 2563 5641 Alios
2608 5586 2657 5641 si
2699 5588 2879 5641 testes
2925 5585 3244 5654 desideras,
3294 5583 3492 5656 plures
3546 5581 3654 5637 tibi
3703 5580 3873 5636 dabit

2227 5673 2579 5746 Macrobius,
2613 5674 2714 5747 qui
2743 5674 3011 5733 observat
3039 5673 3100 5733 in
3127 5674 3301 5733 citato
3334 5671 3558 5745 Virgilii
3605 5668 3875 5739 carmine
