4162 6374
328 360 354 416 1
368 356 482 417 *205

1236 357 1309 417 D.
1356 356 1453 415 LE
1500 356 1826 418 NOURRY
1872 354 2518 421 OBSERVATIONES
2566 362 2831 422 NOVIE.

3586 361 3742 424 1206

325 489 637 562 legendum
671 488 766 545 deo
798 503 912 543 non
945 490 1141 544 autem
1183 486 1283 544 dea
1331 487 1607 559 (Moerob.
1641 487 1742 544 lib.
1776 504 1841 544 ιιι
1874 488 1971 544 Sa-
2003 491 2057 559 Α
2159 491 2495 563 gens/ilium,
2530 495 2725 565 Cybele
2766 501 3038 565 pastorem
3086 496 3393 566 suspirans,
3436 496 3581 552 lovis
3629 496 3744 551 elo-

325 580 561 647 turnal.,
616 595 743 651 cap.
796 581 849 634 8.
896 595 952 650 p.
997 578 1145 645 3‘39).
1179 579 1341 643 Quod
1376 579 1614 649 quidem
1648 577 1743 633 ille
1776 579 1982 650 probat

325 686 439 723 non
489 667 686 723 solum
729 667 855 738 jam
905 666 1097 721 citatis
1146 683 1179 722 a
1227 666 1425 721 Servio
1470 666 1621 721 Calvi
1666 666 1878 733 verbis,
1914 684 1977 722 ao

324 756 567 813 Veneris
590 757 846 812 barbatae
870 754 1415 826 simulacro,verum
1439 756 1623 815 etiam,
1639 756 1977 812 testimonio

323 844 760 918 AristOphanis,
794 845 895 918 qui
937 860 1067 901 eam
1108 839 1400 919 ἀφρόδιτον
1432 849 1615 912 vocat,
1649 849 1706 901 et
1756 844 1976 912 Levini,

323 936 425 1008 qui
458 934 620 991 illam
651 934 957 1006 adorabat,
989 934 1110 991 sive
1141 950 1291 1003 mas,
1325 934 1445 991 sive
1487 933 1702 991 femina
1733 934 1827 990 sit.
1860 934 1976 988 Ad-

324 1025 410 1080 dit
438 1041 571 1081 vero
604 1023 1016 1080 Philochorum
1057 1022 1383 1080 asseruisse
1412 1024 1677 1080 eamdem
1709 1038 1835 1078 esse
1871 1022 1976 1076 Lu-

326 1132 485 1182 nam,
518 1114 610 1169 cui
642 1114 749 1170 viri
782 1129 916 1170 cum
946 1117 1109 1169 veste
1150 1111 1444 1179 muliebri,
1474 1112 1748 1168 mulieres
1780 1115 1976 1167 autem

322 1205 476 1261 virili
506 1204 860 1263 sacriﬁcium
892 1202 1136 1259 faciunt.
1169 1204 1331 1268 Quod
1364 1219 1495 1259 vere
1525 1203 1597 1259 ad
1632 1201 1979 1258 Tertulliani

323 1296 687 1367 propositum
724 1294 962 1367 propius
993 1294 1185 1350 adhuc
1215 1294 1460 1362 accedit,
1483 1294 1827 1365 Spartianus
1851 1310 1980 1347 nar-

323 1390 414 1440 rat
440 1383 796 1441 Caracallam
850 1384 1261 1456 imperatorem
1306 1383 1535 1439 venisse
1584 1382 1789 1439 Carras
1833 1384 1981 1439 Luni

326 1474 423 1530 Dei
451 1475 635 1543 gratia
675 1473 989 1546 (Spartian.
1022 1472 1081 1528 in
1138 1474 1260 1529 Vita
1308 1472 1627 1543 Caracall.)
1680 1473 1866 1542 Atque
1897 1469 1977 1527 ibi

324 1579 432 1619 nos
466 1566 661 1618 monet
694 1560 987 1618 memoriis
1020 1578 1053 1616 a
1083 1560 1440 1617 doctissimis
1470 1560 1804 1632 quibusque
1833 1558 1977 1614 illud

327 1652 699 1718 mandatum,
734 1651 889 1722 quod
922 1667 954 1705 a
985 1649 1253 1706 Carrenis
1302 1650 1589 1722 pracipue
1622 1648 1975 1704 observaba-

323 1746 440 1810 tur,
475 1742 666 1810 illum,
701 1741 802 1815 qui
836 1741 1037 1797 lunam
1069 1741 1351 1797 feminam
1398 1756 1526 1797 esse
1557 1740 1974 1804 arbitrabatur,

326 1830 675 1887 mulieribus
737 1846 972 1902 semper
1019 1829 1345 1897 inservire;
1396 1830 1496 1902 qui
1568 1845 1698 1885 vero
1751 1844 1971 1884 marem

323 1922 497 1976 deum
547 1920 839 1990 credebat,
870 1920 1029 1976 hunc
1075 1919 1365 1975 dominari
1416 1919 1582 1975 uxori
1614 1935 1754 1989 suae,
1790 1934 1976 1990 neque

322 2008 473 2063 ullas
506 2007 625 2081 pati
660 2007 973 2064 muliebres
1005 2007 1274 2063 insidias.

391 2096 538 2161 Quid
569 2112 707 2169 ergo
734 2096 973 2163 mirum,
1001 2096 1050 2153 si
1073 2101 1254 2168 poetis
1286 2095 1344 2150 in
1376 2096 1619 2151 deorum
1652 2094 1978 2151 irrisionem

319 2185 635 2257 tragoedias
665 2186 1104 2258 composuerint
1129 2184 1391 2241 ridiculis
1415 2186 1657 2241 deorum
1682 2184 1870 2240 titulis
1896 2184 1978 2240 in-

322 2274 623 2347 scriptas?
667 2275 826 2331 Duos
876 2280 1073 2330 autem
1125 2292 1193 2331 ex
1241 2274 1313 2330 iis
1361 2277 1578 2330 Auctor
1628 2278 1822 2330 noster
1870 2290 1976 2330 no-

326 2366 533 2432 minat,
570 2364 885 2421 Lentulum
919 2372 971 2421 et
1011 2363 1326 2420 Hostilium
1355 2365 1678 2437 (Apologet.,
1711 2380 1762 2419 c.
1798 2364 1884 2431 15,
1920 2380 1975 2435 ρ.

321 2453 426 2509 358
458 2457 517 2509 et
548 2452 651 2508 lib.
687 2454 711 2508 1
748 2453 817 2508 ad
845 2454 1094 2519 Nation.,
1125 2470 1175 2509 c.
1230 2454 1317 2523 10,
1368 2470 1425 2526 p.
1470 2455 1596 2525 576)
1631 2470 1644 2509 :
1692 2453 1791 2509 sed
1847 2469 1980 2507 rara

322 2542 478 2613 apud
526 2540 671 2598 alios
724 2542 979 2599 occurrit
1032 2541 1267 2598 illorum
1322 2542 1567 2597 mentio.
1608 2540 1737 2596 Alio
1782 2545 1976 2596 tamen

325 2631 420 2687 ille
450 2631 510 2688 in
540 2631 689 2687 libro
719 2633 790 2688 de
845 2634 1048 2688 eodem
1100 2633 1343 2689 Lentulo
1399 2633 1546 2688 dixit
1579 2650 1591 2688 :
1626 2634 1792 2704 Pugil
1824 2632 1978 2687 Cleo-

322 2722 616 2778 machus...
652 2723 800 2778 inler
847 2722 1089 2797 fullones
1126 2725 1248 2795 jam
1294 2724 1564 2779 Novianos
1610 2722 1976 2788 coronandus,

323 2814 637 2884 meritoque
692 2812 1082 2883 mimographo
1151 2813 1378 2869 Lentulo
1460 2814 1520 2867 in
1598 2811 1980 2867 Catinensibus

324 2907 785 2959 commemorata:
817 2924 846 2951 »
876 2902 985 2973 ([d.
1022 2902 1059 2955 l.
1091 2901 1156 2956 de
1200 2901 1371 2971 Pall.,
1412 2918 1462 2957 c.
1514 2902 1593 2973 4).
1653 2901 1738 2955 Ibi
1784 2904 1977 2955 autem

324 2987 423 3048 ille
471 2990 806 3057 Lentulum,
839 2992 1010 3063 cujus
1064 2991 1447 3061 Hieronymus
1492 2992 1669 3046 etiam
1712 2989 1980 3046 meminit

324 3080 683 3151 (Hieronym.
716 3078 819 3135 lib.
853 3096 915 3146 ιι,
946 3079 1171 3151 Apolog.
1205 3079 1414 3135 advers.
1450 3080 1681 3150 Ruﬁn.),
1729 3078 1977 3134 disserte

332 3173 496 3225 vocat
525 3168 1137 3242 mimographum,seu
1169 3168 1376 3224 fabulae
1416 3172 1736 3235 auctorem,
1770 3168 1976 3223 1106

325 3260 419 3316 cui
450 3259 689 3316 titulum
719 3260 1037 3317 Catinenses
1067 3260 1410 3332 praaﬁxerat.
1447 3258 1627 3314 Paulo
1669 3262 1801 3330 post
1846 3275 1979 3314 vero

322 3351 539 3405 Auctor
606 3353 805 3405 noster
878 3350 1020 3405 citat
1096 3347 1328 3404 Lentuli
1404 3348 1646 3422 auguris
1712 3349 1981 3405 consulta

327 3437 588 3510 (Tertull.
625 3438 723 3495 lib.
759 3438 824 3494 de
852 3439 1005 3494 Pall.
1035 3455 1160 3510 cap.
1194 3439 1268 3507 4).
1303 3438 1411 3494 Sed
1440 3438 1534 3495 hic
1584 3456 1617 3493 a
1659 3439 1979 3511 mimogra-

328 3528 444 3600 pho
474 3528 741 3584 diversus
766 3527 893 3585 fuit.
921 3529 1103 3599 Major
1122 3527 1320 3601 itaque
1350 3528 1685 3601 ambigendi
1717 3529 1863 3585 ratio
1892 3532 1983 3585 est

333 3621 531 3672 utrum
583 3618 634 3673 is
683 3616 760 3673 sit
808 3616 1233 3689 minographus
1282 3622 1472 3690 poeta,
1506 3618 1607 3690 qui
1642 3618 1980 3675 aluvenale

330 3706 562 3762 duobus
593 3706 686 3763 his
718 3707 1081 3763 carminibus
1112 3706 1321 3763 acriter
1351 3707 1670 3780 castigatur
1702 3722 1716 3763 :

484 3832 796 3897 Laureolam
826 3832 984 3897 velox
1014 3832 1171 3882 etiam
1201 3832 1339 3883 bene
1370 3832 1625 3884 Lentulus
1654 3834 1777 3897 egit,

484 3895 671 3946 Judice
701 3908 786 3945 me
816 3896 1015 3959 dignus
1042 3909 1171 3945 vera
1200 3909 1375 3945 cruce.

1044 3966 1308 4027 (Juvenal.
1338 3966 1485 4015 satir.
1519 3966 1567 4026 8,
1598 3982 1645 4016 v.
1680 3965 1808 4029 184.)

398 4097 675 4161 Quamvis
705 4097 862 4154 enim
896 4115 1067 4155 nemo
1101 4099 1424 4156 difﬁteatur
1474 4101 1777 4157 laureolam
1809 4100 1980 4157 fabu-

330 4189 449 4243 lam
482 4187 701 4256 fuisse;
735 4188 1005 4245 nonnulli
1038 4193 1235 4245 tamen
1268 4190 1648 4262 suspicantur
1671 4192 1843 4248 verbo
1874 4194 1983 4263 egit

332 4276 652 4349 signiﬁcari
682 4278 844 4334 illam
874 4283 1063 4335 actam
1096 4280 1290 4352 potius
1325 4298 1357 4336 a
1399 4281 1642 4336 Lentulo
1675 4281 1981 4350 histrione,

332 4384 510 4439 quam
540 4369 613 4424 ab
644 4367 824 4439 huius
855 4368 1111 4425 nominis
1133 4368 1534 4441 poetalitteris
1554 4372 1981 4444 consignatam.

332 4457 481 4521 Quid
510 4474 666 4528 vero,
690 4457 741 4513 si
773 4458 871 4514 ille
899 4462 957 4515 et
985 4458 1194 4516 histrio
1223 4463 1281 4516 et
1309 4464 1479 4532 poeta
1506 4460 1657 4516 hanc
1684 4461 1987 4533 scripserit

332 4550 389 4601 et
416 4546 645 4619 egerit?
694 4548 915 4605 Deinde
951 4564 1087 4605 vero
1129 4564 1197 4605 ea
1228 4549 1427 4606 fabula
1456 4566 1575 4606 non
1605 4551 1677 4607 ab
1710 4568 1825 4607 uno
1855 4555 1983 4607 tan-

2160 567 2278 640 gitt,
2309 568 2578 640 lunonis,
2599 569 2822 640 ,l’eneris
2850 571 2899 622 et
2949 566 3205 623 Minervae
3259 566 3549 640 iudicium,
3583 576 3742 640 atque

2162 639 2529 707 ignominiosa
2558 639 2809 695 Minervae
2837 643 2887 694 et
2918 640 3177 695 Herculis
3205 640 3411 709 imago.

2157 800 2240 854 Ad
2274 800 2589 856 histriones
2616 802 2829 857 transit
2850 800 3585 873 Tertullianus,palamque
3608 799 3745 855 facit

2088 888 2159 944 ab
2183 888 2274 943 his
2298 890 2436 945 deos
2460 907 2599 946 suos
2621 907 2737 946 non
2763 890 2972 946 minori
2998 907 3173 962 quam
3208 907 3241 946 a
3273 890 3459 963 poetis
3482 889 3743 945 ludibrio

2087 976 2309 1033 haberi.
2343 979 2486 1034 Nam
2520 979 2851 1036 histrionum
2882 980 3102 1047 litterae,
3134 979 3214 1036 ait
3244 980 3364 1047 ille,
3398 995 3616 1035 omnem
3642 980 3743 1050 fa:-

2084 1068 2312 1123 ditatem
2350 1084 2534 1124 eorum
2584 1069 2870 1139 designant
2900 1068 3161 1139 (Tertull.
3196 1068 3438 1141 Apolog.,
3490 1085 3618 1141 cap.
3653 1066 3742 1135 15,

2088 1158 2324 1230 p.359),
2367 1156 2650 1230 illamque
2701 1174 2858 1227 voce,
2919 1157 3085 1225 facie,
3140 1158 3402 1229 corporis
3461 1157 3742 1229 motibus,

2085 1253 2246 1302 veste
2302 1251 2360 1302 et
2416 1247 2747 1319 insignibus
2801 1248 3153 1320 exprimunt.
3188 1248 3328 1313 Quis
3386 1248 3543 1304 enim
3604 1264 3739 1303 vero

2086 1337 2274 1392 nescit
2316 1336 2656 1408 histriones,
2688 1338 2759 1393 de
2802 1338 3014 1409 quibus
3067 1338 3235 1410 plura
3269 1337 3527 1395 Valerius
3560 1338 3743 1393 Maxi-

2088 1442 2218 1481 mus
2248 1426 2489 1482 tradidit
2520 1425 2664 1496 (Val.
2700 1427 2848 1482 Max.
2874 1427 2975 1482 lib.
3003 1444 3063 1493 ιι,
3097 1444 3226 1499 cap.
3258 1429 3310 1495 4,
3339 1431 3366 1496 §
3398 1428 3471 1498 4),
3516 1432 3743 1482 actores

2086 1515 2267 1572 fuisse
2298 1517 2739 1589 tragoediarum,
2769 1534 2834 1573 ac
2883 1516 3323 1585 commdiarum,
3357 1516 3457 1588 qui
3496 1516 3739 1571 deorum

2086 1604 2453 1679 aliorumque
2521 1607 3014 1677 reprwseutabant
3071 1622 3352 1679 personas
3398 1605 3425 1658 ?
3492 1606 3565 1660 At
3612 1621 3737 1672 cur,

2084 1695 2313 1767 inquiet
2368 1695 2584 1767 aliquis
2631 1695 3028 1752 Tertullianus
3059 1713 3173 1752 non
3207 1694 3316 1751 hoc
3348 1697 3601 1760 tantum,
3636 1693 3737 1749 sed

2084 1784 2197 1839 alio
2229 1784 2421 1840 adhuc
2453 1785 2509 1839 in
2541 1784 2712 1854 libro,
2734 1802 2850 1841 non
2882 1786 3027 1841 dixit
3057 1782 3483 1851 histriones,sed
3513 1782 3737 1839 histrio-

2006 1869 2053 1936 B
2082 1890 2214 1929 num
2269 1875 2480 1930 litteras
2528 1874 2792 1946 ('l‘ertull.
2854 1874 2955 1929 lib.
2991 1892 3030 1941 ι,
3061 1875 3130 1929 ad
3177 1876 3429 1943 Nation.,
3475 1888 3601 1943 cap.
3646 1872 3736 1939 10,

2085 1980 2143 2035 p.
2174 1963 2349 2034 576)?
2379 1966 2512 2031 Quae
2545 1971 2680 2020 sunt
2711 1964 2796 2019 hae
2828 1963 3181 2020 histrionum
3214 1964 3415 2019 littera:
3440 1968 3462 2021 Ρ
3489 1961 3736 2028 Quidam

2085 2068 2218 2109 vero
2249 2052 2469 2125 opinati
2518 2058 2657 2109 sunt
2694 2051 2774 2107 ibi
2826 2052 3137 2125 legendum
3172 2053 3390 2115 latera;
3449 2052 3548 2107 sed
3582 2066 3743 2105 mera

2086 2142 2346 2214 suspicio
2376 2146 2484 2211 est,
2520 2141 2741 2197 nullius
2775 2141 2993 2197 codicis
3025 2140 3169 2196 fulta
3199 2141 3564 2197 auctoritate.
3595 2138 3744 2206 Quid

2086 2236 2307 2297 autem,
2328 2232 2377 2287 si
2397 2230 2724 2287 litterarum
2757 2230 2991 2287 nomine
3018 2230 3351 2302 signiﬁcare
3377 2229 3629 2286 voluerit
3653 2244 3744 2298 ea,

2089 2338 2220 2392 quae
2250 2320 2607 2377 histrionum
2637 2337 2776 2377 voce
2806 2324 2863 2375 et
2910 2320 3171 2391 corporis
3213 2320 3471 2375 motibus
3500 2318 3740 2375 exhibe-

2088 2409 2429 2481 bantur,sed
2457 2410 2621 2482 prius
2642 2427 2674 2465 a
2698 2410 2882 2481 poetis
2905 2410 3123 2481 scripto
3154 2414 3211 2464 et
3241 2408 3451 2465 litteris
3482 2409 3741 2464 tradita?

2091 2500 2266 2568 Nam,
2304 2500 2386 2555 uti
2417 2500 2784 2572 Augustinus
2816 2500 2897 2554 ait
2930 2516 2942 2554 :
2981 2522 3001 2547 α
3030 2497 3176 2564 Quid
3206 2502 3344 2553 sunt
3376 2498 3447 2553 ad
3482 2499 3591 2554 hoc
3624 2514 3745 2553 ma-

2088 2589 2211 2644 lum
2272 2588 2543 2645 Mercurii
2604 2588 2779 2656 furta,
2845 2587 3075 2645 Veneris
3122 2586 3380 2657 lascivia,
3425 2591 3630 2658 stupra
3676 2602 3743 2642 ao

2088 2679 2419 2751 turpidines
2465 2682 2828 2745 ceterorum,
2862 2694 2988 2749 quas
3023 2678 3418 2750 proferremus
3451 2676 3521 2732 de
3552 2675 3741 2747 libris,

2089 2769 2201 2823 nisi
2235 2768 2494 2839 quotidie
2522 2770 2899 2823 cantarentur
2919 2770 2976 2821 et
2998 2765 3357 2822 saltarentur
3379 2766 3437 2821 in
3463 2765 3738 2821 theatris»

2087 2858 2356 2929 (August.
2388 2857 2490 2913 lib.
2524 2874 2620 2924 vu,
2652 2856 2717 2913 de
2764 2856 2946 2922 Civit.,
2980 2872 3107 2929 cap.
3138 2857 3230 2924 26,
3264 2872 3319 2927 p.
3356 2856 3499 2927 182).
3532 2860 3580 2908 A
3612 2854 3744 2925 qui-

2088 2946 2198 3002 bus
2255 2952 2451 3003 autem
2510 2946 2623 3002 nisi
2676 2946 2747 3001 ab
2804 2944 3191 3001 histrionibus
3250 2945 3641 3000 cantabantur
3685 2946 3745 2999 et

2086 3036 2476 3105 saltabantnr,
2510 3039 2821 3108 postquam
2879 3052 2913 3091 a
2962 3034 3148 3106 poetis
3197 3034 3431 3106 scriptis
3463 3034 3744 3089 mandata

2088 3128 2319 3182 fuerant
2337 3126 2365 3181 ’ἶ

2012 3243 2054 3311 C
2098 3214 2558 3311 mTertullianus
2591 3218 2785 3270 autem
2818 3231 3045 3281 eorum,
3082 3230 3210 3311 quae
3251 3213 3323 3269 ab
3354 3211 3744 3269 histrionibus

2094 3305 2214 3360 illis
2246 3306 2305 3361 in
2334 3306 2578 3361 deorum
2612 3321 2853 3360 suorum
2878 3303 3294 3360 contumeliam
3319 3319 3744 3373 summumque

2089 3395 2343 3451 dedecus
2375 3394 2722 3466 agebantur,
2756 3394 2876 3449 hac
2907 3395 3128 3466 protert
3155 3392 3421 3465 exempla
3452 3408 3466 3448 :
3507 3411 3530 3441 ι
3563 3395 3747 3463 Luget

2088 3484 2181 3540 Sol
2216 3484 2406 3540 ﬁlium
2436 3484 2758 3540 detractum
2800 3485 2871 3539 dc
2899 3483 3038 3539 coelo
3074 3504 3094 3534 ι
3130 3481 3394 3554 (Tertull.
3440 3482 3743 3554 Apologet.,

2089 3591 2216 3645 cap.
2252 3576 2338 3639 15,
2390 3590 2445 3646 p.
2493 3572 2639 3645 359).
2702 3575 2903 3629 1107
2962 3574 3024 3627 In
3085 3571 3443 3629 membranis
3500 3572 3742 3639 nostris,

2088 3668 2145 3719 et
2175 3661 2607 3734 antiquioribus
2653 3662 2907 3734 Rigultio
2956 3662 3334 3731 editionibus,
3371 3663 3653 3734 jactatum
3680 3661 3744 3717 de

2087 3753 2397 3819 etelo,haud
2421 3753 2597 3809 dubie
2623 3752 3067 3819 Phaethontem,
3091 3753 3262 3823 cujus
3294 3756 3433 3807 nota
3463 3755 3553 3807 est
3579 3751 3742 3808 fabu-

2088 3842 2162 3898 la.
2198 3842 2261 3898 In
2303 3841 2492 3914 primo
2532 3840 2914 3897 nihilominus
2963 3842 3040 3898 ad
3077 3844 3331 3899 Nationes
3384 3840 3533 3895 libro
3593 3838 3744 3911 legi-

2090 3949 2222 3988 mus
2269 3948 2282 3988 :
2343 3931 2495 3987 «Sol
2555 3931 2714 4003 luget
2770 3930 2956 3986 ﬁlium
3019 3931 3264 3986 fulmine
3320 3930 3676 3986 exstinctum
3712 3949 3738 3977 ››

2092 4022 2295 4093 (Idem,
2325 4021 2429 4077 lib.
2465 4021 2489 4075 1
2534 4021 2604 4077 ad
2632 4022 2886 4091 Nation.,
2920 4038 2970 4076 c.
3008 4022 3094 4089 10,
3143 4038 3199 4093 p.
3230 4021 3377 4090 576).
3412 4018 3574 4084 Quod
3608 4016 3744 4090 qui-

2092 4112 2220 4166 dem
2260 4110 2593 4182 Esculapio
2620 4111 2907 4180 convenit,
2942 4110 3439 4181 quemadmodum
3472 4107 3532 4163 in
3565 4123 3745 4179 supe-

2093 4200 2246 4255 riore
2272 4198 2517 4255 articulo
2547 4199 2983 4255 annotavimus.
3016 4198 3431 4254 Verumtamen
3464 4197 3605 4270 quia
3634 4194 3743 4250 ibi-

2092 4288 2226 4344 dem
2258 4288 2512 4343 vidimus
2542 4287 2901 4343 mentionem
2952 4287 3132 4357 hujus
3164 4288 3222 4342 in
3255 4287 3596 4358 Apologetico
3628 4286 3746 4340 fac-

2092 4381 2235 4446 tam,
2262 4378 2398 4433 inde
2418 4376 2610 4449 colligi
2645 4380 2835 4449 potest
2856 4375 2936 4431 ibi
2967 4376 3482 4445 Phaethontem,et
3508 4376 3568 4430 in
3595 4374 3746 4430 libro

2092 4467 2166 4523 ad
2195 4469 2455 4523 Nationes
2487 4466 2883 4536 (Esculapium
2917 4464 3126 4521 notari.

2163 4556 2250 4612 Ab
2298 4556 2583 4612 histrione
2632 4554 2824 4611 adhuc
2871 4554 3399 4627 repraesentabatur
3429 4554 3625 4625 Cybele
3650 4570 3747 4625 pa-

333 4638 459 4691 tum
509 4635 792 4693 histrione
839 4641 970 4694 acta
1001 4642 1110 4694 est.
1144 4642 1257 4694 Cur
1304 4655 1437 4710 ergo
1492 4638 1776 4696 Lentulus
1820 4640 1981 4697 solus
2013 4623 2058 4689 Ι)
2088 4650 2294 4703 storem
2323 4648 2613 4718 suspirans
2639 4623 3252 4717 fastidiosum,scilicet
3281 4623 3743 4715 Atydem.Quam

333 4727 695 4793 nominatur,
728 4726 841 4783 nisi
883 4726 1043 4783 illam
1089 4728 1303 4800 scripto
1335 4745 1565 4800 quoque
1594 4728 1981 4785 tradidisset?

405 4820 687 4873 Caeterum
720 4816 917 4873 minus
951 4818 1142 4874 adhuc
1174 4818 1448 4889 frequens
1497 4818 1727 4873 Hostilii
1773 4818 1981 4874 mimo-

335 4906 545 4978 graphi
581 4908 638 4963 in
671 4908 921 4965 aliorum
969 4908 1135 4964 libris
1184 4908 1685 4966 commemoratio.
1718 4909 1983 4967 Pisciano

334 4998 535 5051 tamen
566 4996 617 5050 si
646 4997 820 5053 ﬁdem
854 4998 1093 5068 habeas,
1117 4998 1420 5070 Hostilius,
1454 4999 1621 5055 Ennii
1650 5000 1983 5073 exemplum

334 5084 844 5151 secutus,annales
876 5085 1104 5142 romani
1127 5086 1324 5157 populi
1347 5087 1548 5143 stricto
1578 5104 1847 5145 sermone
1868 5090 1986 5146 edi-

336 5171 525 5227 derat.
558 5171 753 5228 Potuit
808 5190 944 5246 ergo
1001 5175 1253 5230 scribere
1309 5174 1483 5231 etiam
1544 5179 1879 5236 comoedias.
1924 5180 1985 5237 Si

336 5260 469 5331 quis
502 5277 672 5333 porro
720 5262 789 5317 de
821 5261 920 5318 illo
960 5267 1016 5319 et
1060 5262 1303 5319 Lentulo
1335 5263 1578 5322 meliora
1604 5270 1983 5341 suggesserit,

336 5354 677 5422 pergratum
710 5350 883 5408 nobis
913 5352 1103 5408 faciet.

964 5487 1270 5528 ARTICULUS
1296 5488 1357 5528 ΙΙ.

341 5566 849 5648 Quam‘perspicue
897 5572 1263 5648 Tertullianus
1310 5571 1645 5648 demonstret
1682 5577 1848 5648 [alsos
1878 5595 1989 5633 esse

408 5643 714 5722 gentilium
757 5644 885 5701 deos
940 5661 1009 5701 ex
1056 5645 1261 5722 litteris
1306 5644 1655 5722 histrionum,
1682 5643 1745 5704 ἀ
1781 5652 1988 5722 quibus

409 5726 551 5781 voce,
588 5718 762 5789 gestu,
792 5725 965 5789 motu,
997 5720 1165 5774 cantu
1206 5720 1721 5788 representatmntur
1763 5718 1857 5780 Sol
1899 5725 1984 5781 tu-

2092 4736 2351 4792 fabulam
2415 4736 2766 4809 descriptam
2833 4734 3088 4791 vidimus
3146 4751 3179 4790 a
3246 4733 3499 4789 Minucio
3558 4732 3746 4789 Felice

2092 4825 2405 4898 (Dissertat.
2439 4828 2495 4881 in
2528 4827 2745 4883 Minue.
2779 4825 2985 4897 Octav.,
3010 4841 3135 4897 cap.
3167 4824 3256 4893 20,
3296 4827 3406 4879 art.
3438 4824 3493 4893 2,
3528 4827 3584 4879 et
3616 4824 3745 4879 Dis-

2091 4920 2280 4972 sertat.
2313 4917 2373 4971 in
2399 4916 2624 4987 Arnob.,
2658 4932 2782 4988 cap.
2814 4916 2905 4982 26,
2954 4920 3061 4971 art.
3107 4914 3180 4986 1),
3235 4917 3292 4970 et
3348 4915 3421 4969 ab
3462 4913 3742 4979 Arnobio,

2095 5006 2196 5076 qui
2244 5005 2459 5062 idcirco
2518 5004 2783 5062 ethnicos
2839 5005 3094 5077 exagitat
3157 5020 3169 5060 :
3238 5022 3263 5055 ι
3327 5000 3744 5073 Tranquillior,

2096 5092 2283 5150 lenior
2316 5100 2503 5151 mater
2535 5111 2749 5167 magna
2781 5094 3048 5163 efﬁcitur,
3074 5092 3121 5148 si
3153 5091 3353 5163 Alydis
3383 5087 3749 5160 conspexerit

2096 5184 2349 5256 priscam
2378 5185 2635 5241 refricari
2666 5185 2736 5240 ab
2760 5183 3153 5239 histrionibus
3177 5179 3433 5235 fabulam
3462 5199 3483 5228 α
3507 5178 3747 5248 (Arnob.

2095 5274 2197 5329 lib.
2234 5291 2332 5342 vu,
2366 5274 2577 5342 advers,
2612 5273 2788 5343 Gent.)
2811 5273 2838 5327 ?
2888 5274 3071 5327 Antea
3117 5285 3247 5325 vero
3284 5286 3297 5325 :
3330 5290 3358 5318 ι(
3392 5267 3577 5323 Mater
3613 5280 3749 5320 eum

2098 5364 2299 5420 dilexit
2332 5381 2547 5436 magna
2580 5382 2592 5421 :
2627 5364 2677 5420 si
2708 5366 3001 5435 nepotem,
3036 5370 3100 5414 ut
3146 5358 3295 5427 avia,
3328 5373 3421 5412 res
3451 5354 3699 5426 simplex
3732 5370 3746 5409 :

2096 5453 2187 5509 sin
2238 5454 2466 5510 theatra
2518 5458 2581 5509 ut
2628 5454 2995 5525 percrepant,
3029 5447 3264 5504 infamis
3314 5450 3369 5503 et
3420 5443 3751 5519 perniciosa

2096 5542 2330 5599 dilectio
2369 5547 2457 5599 est
2489 5566 2515 5592 ››
2550 5542 2652 5613 (Id.
2684 5541 2723 5595 l.
2756 5540 2831 5611 v).

2166 5630 2359 5706 Pergit
2388 5631 2806 5697 Tertullianus,
2840 5632 3015 5700 atque
3057 5625 3322 5683 ethnicos
3365 5625 3458 5682 his
3486 5624 3750 5697 increpat

2095 5722 2291 5779 verbis
2317 5738 2330 5777 :
2358 5742 2387 5775 «
2416 5720 2729 5778 Sustinctis
2756 5719 2786 5777 J
2794 5719 2915 5777 ovis
2945 5716 3133 5791 elogia
3162 5715 3385 5775 cantari
3417 5736 3446 5768 ››
3476 5713 3747 5791 (Tertull.
