4162 6416
511 395 666 454 1207

1026 391 1557 454 TERTULLIANI
1601 391 1927 453 OPEBUM
1968 390 2169 450 PARS
2213 390 2264 451 l.
2297 421 2373 433 --
2415 387 2687 450 SERIES
2732 386 2780 459 Ι,
2831 378 3395 445 APOLOGETIGA.

3755 368 3924 432 1208

513 525 818 596 Apologet.,
849 539 972 596 cap.
1009 522 1094 594 15,
1126 539 1259 595 pag.
1291 523 1438 595 359),
1470 528 1527 579 et
1568 522 1627 578 in
1658 523 1805 578 libro
1843 522 1914 578 ad
1961 522 2148 577 Natio-
2177 521 2230 588 Α
2259 523 2576 576 admonum
2604 535 2672 574 ex
2701 517 2973 574 Cicerone
3023 514 3118 583 (de
3146 511 3357 569 Senect.
3390 525 3444 581 p.
3493 507 3619 596 1112,
3651 504 3769 596 lin,
3795 502 3872 558 3‘7
3907 518 3922 570 ;

512 632 630 684 nes,
665 635 691 664 ‹‹
725 612 914 684 elogia
945 611 1233 667 modulari
1262 634 1281 660 η
1326 612 1449 684 (lib.
1485 631 1526 684 1,
1559 629 1683 684 cap.
1721 613 1806 682 10,
1840 627 1970 684 pag.
2002 611 2150 682 576),

513 703 634 759 sive
678 701 840 757 Jovis
887 701 1361 772 vituperationes,
1407 705 1464 758 et
1511 701 1862 774 ignominias
1909 699 2154 772 exprimi

514 791 873 847 histrionum
902 790 1139 845 vocibus
1172 806 1234 846 ac
1257 791 1542 862 gestibus,
1565 795 1620 846 et
1651 790 1926 846 tibiarum
1963 789 2158 844 modu-

515 880 732 936 latione
783 879 840 934 in
883 879 1202 948 comoediis,
1235 880 1404 934 sicuti
1453 879 1910 952 Amphitryonis,
1941 881 1997 933 et
2027 876 2157 933 aliis

518 976 672 1027 certe
689 987 862 1042 quam
885 969 1158 1042 plurimis
1181 970 1472 1026 similibus
1486 970 1802 1026 decantari.
1818 967 2159 1026 «Sustinetis

520 1075 752 1131 quoque
779 1057 1092 1129 Junouem,
1138 1059 1442 1128 Venerem,
1476 1059 1790 1116 Minervam
1843 1075 1875 1112 a
1932 1065 2161 1130 pastore

513 1147 767 1220 judicari
797 1170 824 1197 ››
857 1148 1060 1220 (Idem,
1089 1148 1384 1220 Apologet.,
1414 1147 1898 1220 ibid.),nimirum
1934 1146 2157 1211 Paride,

519 1236 580 1291 in
630 1241 825 1291 monte
881 1237 981 1292 Ida
1017 1238 1259 1292 educato
1306 1237 1461 1292 inter
1505 1241 1789 1308 pastores,
1833 1241 1889 1290 et
1935 1240 2163 1307 pastore

522 1330 878 1397 nuncupato,
934 1326 1103 1396 cujus
1151 1325 1221 1381 de
1269 1325 1360 1380 his
1409 1325 1628 1380 deabus
1678 1323 1967 1395 judicium
2018 1323 2163 1377 nulli

523 1413 954 1484 incompertum
983 1413 1253 1469 est.Nihil
1281 1415 1474 1485 itaque
1496 1413 1985 1485 adjiciemus,nisi
2011 1411 2164 1483 quod

522 1502 666 1557 scite
697 1505 752 1556 et
782 1501 1019 1558 omnino
1050 1503 1120 1557 ad
1157 1519 1279 1558 rem
1312 1506 1574 1558 nostram
1609 1502 1868 1574 apposite
1899 1500 2167 1573 Augusti-

525 1608 638 1645 nus
670 1589 813 1644 dixit
846 1606 858 1644 :
893 1590 1145 1646 Tametsi
1186 1591 1334 1646 falsa
1366 1591 1505 1661 sint,
1555 1615 1582 1641 ‹‹
1617 1589 1804 1664 litigio.
1833 1591 1918 1646 vel
1942 1589 2169 1660 judicia

529 1679 622 1752 [de
653 1678 920 1750 pluribus
954 1679 1090 1749 diis,
1123 1683 1177 1734 et
1209 1680 1396 1735 tribus
1450 1678 1566 1734 illis
1615 1679 1878 1750 deabus],
1913 1696 2036 1750 qum
2069 1694 2168 1750 pro

529 1766 684 1822 malo
716 1784 890 1823 aureo
925 1768 1302 1839 adipiscendo
1335 1768 1486 1838 apud
1513 1768 1771 1838 judicem
1807 1767 2069 1822 Paridem
2100 1767 2170 1822 de

530 1855 990 1928 pulchritudinis
1042 1855 1378 1912 excellentia
1423 1862 1676 1912 certasse
1731 1861 2065 1925 narrantur,
2114 1863 2172 1912 et

534 1943 606 1997 ad
639 1942 950 2014 placandos
979 1942 1134 1998 ludis
1160 1944 1314 2011 deos,
1340 1943 1439 2015 qui
1472 1943 1834 1998 delectantur
1862 1959 1962 1998 seu
1995 1943 2168 2012 veris,

534 2045 636 2084 seu
670 2029 833 2084 falsis
864 2031 992 2086 istis
1022 2031 1405 2100 criminibus;
1457 2032 1608 2087 inter
1637 2032 1949 2087 theatricos
1974 2035 2168 2085 tamen

530 2117 776 2190 plausus
808 2124 1117 2175 cantantur
1146 2124 1319 2191 atque
1368 2121 1660 2176 saltantur
1688 2142 1715 2170 ››
1767 2122 2032 2193 (August.
2066 2119 2165 2174 lib.

529 2228 669 2268 xvm
697 2211 764 2266 de
794 2211 1122 2284 Civit.,fcap.
1160 2213 1225 2267 10
1255 2229 1386 2285 pag.
1412 2213 1555 2284 1196).
1589 2215 1776 2284 Atque
1806 2213 1909 2280 ita,
1942 2212 2022 2267 ait
2053 2218 2166 2266 Au-

526 2309 652 2357 ctor
681 2304 899 2370 noster,
932 2301 1175 2356 deorum
1209 2302 1507 2372 majestas,
1549 2301 1796 2356 ethnicis
1850 2317 1960 2356 non
1997 2301 2169 2355 modo

521 2407 633 2445 non
661 2391 1100 2446 erubescentibus
1132 2391 1390 2461 (Tertull.
1425 2391 1726 2463 Apologet.,
1751 2407 1877 2462 cap.
1913 2391 1999 2454 15,
2035 2406 2167 2462 pag.

522 2482 672 2552 359),
706 2485 803 2538 sed
837 2483 1036 2550 etiam,
1069 2482 1239 2538 sicuti
1273 2482 1331 2537 in
1365 2482 1616 2538 editione
1667 2480 1901 2553 Rigaltii
1933 2479 2166 2552 legitur,

518 2569 934 2641 plaudentibus,
976 2570 1032 2624 in
1081 2570 1296 2626 nostris
1344 2586 1474 2625 vero
1521 2568 1899 2638 membranis,
1933 2574 1988 2624 et
2018 2567 2165 2622 anti-

526 2656 661 2728 quis
692 2658 1070 2728 editionibus,
1103 2675 1169 2714 ac
1219 2659 1368 2714 libro
1418 2659 1488 2714 ad
1541 2659 1815 2713 Nationes
1858 2658 2172 2712 laetantibus

525 2745 650 2816 (lib.
684 2763 700 2802 1
732 2746 801 2800 ad
825 2749 1077 2816 Nalion.,
1111 2763 1160 2802 c.
1205 2748 1292 2815 10,
1325 2765 1381 2819 p.
1413 2747 1559 2819 576),
1593 2746 1921 2803 violabatur
1948 2751 2002 2803 et
2035 2763 2169 2801 con-

526 2838 619 2890 stu
628 2834 870 2906 prabatu
880 2852 924 2890 r.

600 2922 776 2996 Urget
823 2923 1218 2981 Tertullianus
1260 2925 1440 2997 (ibid.)
1491 2941 1503 2981 :
1553 2948 1580 2975 ‹‹
1620 2925 1785 2993 Quid,
1838 2925 1990 2996 quod
2041 2925 2168 2996 (no-

528 3011 634 3068 stri
657 3013 884 3069 codices
909 3014 1291 3086 manuscripti
1313 3019 1370 3071 et
1397 3016 1642 3086 antiqua:
1661 3013 2169 3084 editiones,ipsum)

526 3100 720 3174 imago
751 3101 844 3157 dei
874 3102 1046 3159 vestri
1077 3103 1707 3176 ignominiosissimum
1737 3103 1914 3175 (idem
1946 3103 2045 3158 alii
2077 3119 2168 3158 co-

528 3189 708 3262 dices,
757 3193 1205 3264 ignominiosum)
1255 3197 1429 3265 caput
1478 3197 1534 3247 et
1578 3193 1865 3248 famosum
1913 3191 2104 3246 vestit.
2139 3211 2163 3242 ιο

2261 615 2318 666 et
2371 609 2434 665 de
2480 607 2697 663 Amicit.
2749 625 2805 678 p.
2867 605 2990 674 422,
3031 602 3134 657 lin.
3191 601 3300 671 13),
3357 595 3636 654 Suetonio
3685 592 3816 666 (lib.
3856 607 3924 658 η,

2261 699 2426 772 ΞΜ),
2452 697 2648 753 Servio
2681 696 2760 768 (in
2795 693 2895 748 lib.
2927 709 2960 748 v
2990 691 3210 747 Αιῖηοίά.
3261 705 3315 742 ν.
3366 685 3488 754 340,
3531 689 3588 740 et
3631 682 3735 772 lib.
3783 696 3924 772 vnx,

2263 771 2316 842 v.
2343 787 2490 858 635),
2515 785 2760 856 aliisque
2791 779 3344 838 discimus.Summa
3371 772 3619 844 erat,ubi
3654 771 3924 839 femina},

2266 875 2458 930 media
2487 875 2586 929 ubi
2621 871 2894 946 populus,
2929 868 3098 924 tertia
3130 866 3226 922 ubi
3261 863 3576 921 nobiliores
3602 860 3712 917 viri
3745 859 3924 914 sede-

2268 964 2428 1032 bant,
2457 961 2916 1035 spectabantque
2957 956 3221 1029 publicos
3273 953 3461 1010 ludos.
3512 947 3926 1005 Tertullianus

2267 1056 2484 1119 tamen,
2509 1047 3003 1122 quemadmodum
3033 1043 3379 1101 Ammianus
3399 1037 3770 1095 Marcellinus
3790 1035 3928 1107 (lib.

2267 1158 2384 1207 χιχ,
2417 1157 2474 1212 p.
2505 1141 2652 1208 550),
2687 1154 2868 1194 caveae
2917 1133 3149 1190 nomine
3195 1131 3508 1204 designant
3545 1124 3928 1198 amphithea-

2269 1229 2345 1285 tri
2375 1245 2633 1295 arenam,
2665 1227 2725 1281 in
2773 1243 2887 1297 qua
2917 1223 3256 1296 pugnabant
3285 1217 3655 1290 gladiatores.
3697 1216 3762 1269 In
3805 1229 3925 1268 suo

2273 1318 2489 1390 quippe
2535 1317 2604 1371 ad
2650 1315 2910 1373 Nationes
2949 1312 3098 1366 libro
3130 1309 3366 1380 scripsit
3399 1323 3412 1361 :
3447 1328 3475 1356 ‹‹
3510 1303 3933 1375 Religiosiores

2273 1407 2415 1462 estis
2447 1406 2503 1460 in
2535 1405 2922 1476 gladiatorum
2973 1415 3165 1468 cavea,
3199 1396 3298 1452 ubi
3348 1410 3525 1467 super
3566 1391 3930 1462 sanguinem

2275 1496 2624 1559 humanum,
2658 1509 2834 1564 super
2859 1487 3305 1559 inquinamenta
3337 1498 3640 1556 pcenarum
3677 1479 3936 1553 proinde

2277 1584 2492 1640 saltant
2521 1583 2600 1638 dii
2634 1580 2828 1649 vestri,
2863 1583 3208 1650 argumenta
3247 1579 3303 1630 et
3349 1571 3627 1627 historias
3668 1567 3942 1624 nocenti-

2278 1673 2385 1728 bus
2415 1669 2743 1743 erogandis,
2768 1667 2948 1725 autin
2981 1664 3125 1736 ipsis
3168 1663 3290 1719 deis
3338 1664 3610 1718 nocentes
3660 1657 3929 1730 puniun-

2277 1765 2374 1816 tur
2400 1780 2423 1812 η
2463 1758 2726 1832 (Tertull.
2761 1757 2861 1812 lib.
2897 1772 2914 1810 1
2945 1753 3015 1808 ad
3046 1755 3193 1822 Nat.,
3225 1768 3348 1823 cap.
3385 1751 3472 1819 10,
3506 1763 3637 1820 pag.
3671 1747 3824 1815 576).
3866 1746 3935 1801 In

2279 1850 2617 1921 Apologetico
2642 1852 2839 1903 autem
2867 1841 3044 1900 simili
3079 1841 3248 1897 modo
3285 1857 3300 1897 :
3336 1861 3364 1890 α
3399 1839 3461 1893 In
3486 1852 3680 1906 cavea,
3705 1835 3935 1906 inquit,

2280 1939 2378 1994 ubi
2427 1955 2604 2010 super
2648 1935 2990 2008 sanguinem
3043 1934 3391 1995 humanum,
3425 1943 3603 1998 super
3648 1925 3938 1997 inquina-

2279 2032 2480 2083 menta
2511 2042 2828 2100 pcenarum-
2854 2018 3096 2095 proinde
3148 2019 3363 2076 saltant
3402 2017 3482 2072 dii
3515 2015 3710 2084 vestri,
3746 2029 3938 2085 argu-

2279 2122 2476 2172 menta
2496 2119 2550 2171 et
2582 2113 2854 2170 historias
2886 2110 3071 2168 noxiis
3101 2101 3647 2171 ministrantes,nisi
3681 2099 3838 2172 quod
3877 2104 3942 2154 et

2276 2205 2436 2277 ipsos
2493 2206 2631 2260 deos
2687 2206 2908 2257 vestros
2966 2215 3117 2270 saepe
3175 2194 3326 2252 noxii
3367 2192 3624 2247 induunt
3655 2212 3682 2239 ››
3715 2189 3935 2262 (Idem,

2277 2275 2520 2366 dpolog.,
2554 2309 2681 2363 cap.
2717 2291 2801 2360 15,
2833 2306 2887 2360 p.
2919 2289 3045 2356 361,
3081 2293 3137 2340 et
3167 2285 3268 2339 lib.
3302 2300 3318 2337 1
3347 2281 3416 2336 ad
3454 2281 3598 2350 Nat.,
3635 2278 3744 2333 loc.
3781 2275 3942 2347 cit.),

2279 2383 2500 2447 Quibus
2532 2380 2626 2435 ille
2657 2378 2847 2435 verbis
2879 2375 3168 2448 significat
3214 2375 3346 2444 post
3375 2369 3770 2442 gladiatorum
3805 2381 3938 2420 cer-

2277 2476 2498 2536 tamen,
2532 2467 2957 2542 pantominum,
2993 2467 3228 2534 sumpta
3258 2461 3350 2515 dei
3391 2457 3638 2528 alicujus
3670 2454 3832 2509 larva
3865 2469 3940 2508 ac

2279 2577 2547 2633 persona,
2581 2555 2951 2614 descendisse
2993 2552 3053 2607 in
3087 2565 3348 2620 arenam,
3378 2551 3436 2603 et
3465 2545 3711 2602 saltasse
3743 2559 3938 2615 supra

2279 2665 2521 2722 corpora
2552 2647 2900 2710 occisorum,
2934 2647 3032 2696 aut
3081 2640 3336 2696 animam
3378 2634 3802 2700 exhalantium,
3834 2647 3944 2686 no-

2276 2741 2524 2808 xiorum,
2558 2735 2614 2791 id
2647 2739 2755 2805 est,
2791 2732 3024 2788 illorum
3075 2728 3199 2800 qui,
3227 2726 3300 2782 ob
3348 2723 3595 2781 crimina
3644 2737 3753 2776 sua
3783 2736 3938 2775 con-

2280 2827 2561 2897 demnati,
2612 2841 2741 2880 cum
2793 2820 2996 2878 bestiis
3043 2819 3338 2874 decertare
3387 2812 3762 2885 cogebantur.
3825 2809 3940 2864 Dic

2279 2934 2435 2989 ergo,
2460 2932 2632 2986 quam
2667 2911 2978 2984 pulchrum
3002 2925 3065 2964 ac
3100 2907 3258 2980 pium
3291 2906 3416 2960 erat
3445 2903 3618 2957 deum
3651 2915 3943 2972 persona-

2279 2986 2406 3062 tum
2456 3001 2745 3060 carniﬁcis
2795 2999 2957 3070 fungi
3011 2995 3223 3062 officio,
3257 3002 3353 3049 aut
3401 3005 3634 3047 reorum
3675 3005 3709 3044 a
3739 2986 3938 3042 beatis

2280 3095 2605 3151 occisorum
2637 3087 3014 3146 cadaveribus
3043 3083 3308 3139 illudere.

2355 3204 2534 3261 Nemo
2567 3206 2761 3257 autem
2792 3197 2937 3252 illud
2970 3196 3042 3250 ab
3084 3196 3334 3249 Auctore
3379 3193 3576 3245 nostro
3605 3186 3810 3242 ﬁctum
3843 3185 3942 3241 vel

534 3279 598 3334 In
629 3254 1006 3336 libro'autem
1037 3282 1106 3336 ad
1135 3254 1408 3337 Nationes.
1436 3304 1462 3331 «
1486 3282 1796 3337 Famosum
1829 3285 1885 3335 ct
1914 3280 2169 3335 diminu-
2201 3254 2243 3322 α
2283 3254 2694 3363 εχξιέέξιῖαίυάῇ
2745 3283 3050 3359 putaverit,
3095 3280 3248 3352 quod
3282 3279 3407 3350 ipse
3453 3275 3700 3331 suismet
3732 3273 3936 3329 oculis

531 3371 658 3422 tum
702 3373 877 3440 caput
922 3369 1114 3441 imago
1166 3369 1479 3440 cujuslibet
1527 3370 1615 3425 dei
1665 3369 1877 3436 vestit;
1913 3392 1940 3419 »
1971 3368 2030 3424 id
2060 3373 2166 3439 est,

527 3452 738 3510 histrio
769 3455 1218 3526 ignominiosus,
1267 3461 1323 3512 et
1368 3456 1604 3529 ﬂagitiis
1652 3458 1933 3523 famosus,
1970 3474 2172 3528 reprae-

528 3545 722 3595 sentat
777 3543 1092 3613 cujuslibet
1141 3544 1230 3600 dei
1288 3545 1624 3616 imaginem.
1684 3544 1863 3599 Addit
1921 3544 2167 3599 adhuc:

533 3629 750 3699 Corpus
781 3631 1078 3700 impurum,
1129 3636 1178 3687 et
1214 3633 1283 3688 ad
1333 3635 1493 3687 istam
1538 3638 1718 3688 artem
1765 3634 2174 3704 effeminatione

525 3717 1000 3788 productum,sive
1026 3721 1204 3774 mima
1228 3723 1569 3792 impendens
1589 3722 1885 3776 Minervam
1905 3723 2168 3792 aliquam.

529 3805 634 3872 vel,
663 3806 1019 3878 petulantior
1043 3809 1260 3864 mimus
1287 3809 1572 3865 Herculem
1603 3811 1803 3882 (ibid.),
1826 3811 1881 3865 id
1917 3817 2022 3876 est,
2047 3815 2169 3865 tur-

532 3895 628 3966 pia
660 3896 967 3968 utriusque
1009 3897 1158 3952 facta
1207 3898 1264 3953 in
1310 3915 1484 3955 scena
1513 3899 1763 3954 exhibet.
1798 3899 1936 3964 Quis
1967 3901 2170 3955 1108

531 3987 725 4040 autem
767 4002 921 4041 sana:
979 3987 1190 4042 mentis
1220 3987 1394 4043 homo
1425 4004 1538 4043 non
1571 3988 1762 4043 videat
1785 3990 2066 4059 jactatam
2099 3990 2171 4044 ab

531 4072 781 4128 ethnicis
812 4074 1019 4130 horum
1067 4076 1376 4131 numinum
1418 4077 1778 4132 divinitatem
1813 4077 1982 4149 plane
2014 4077 2171 4149 peni-

529 4165 746 4233 tusque
777 4163 952 4218 everti
981 4163 1073 4220 his
1106 4165 1456 4220 histrionum
1491 4167 1739 4230 actibus,
1773 4167 1872 4222 illo
1904 4171 2171 4239 spectan-

529 4249 679 4305 tium
711 4249 920 4321 plausu
954 4268 1020 4307 ac
1050 4254 1287 4324 gaudio,
1311 4255 1703 4326 omnibusque
1726 4255 1843 4309 illis
1873 4255 2171 4327 tragoediis

529 4343 587 4394 et
615 4341 936 4411 comoediis,
967 4342 1038 4396 de
1068 4342 1282 4413 quibus
1313 4342 1481 4413 plura
1529 4344 1586 4397 in
1635 4344 1918 4415 superiori
1954 4347 2168 4400 disser-

527 4428 748 4484 tatione
793 4434 849 4484 et
887 4429 1017 4485 aliis
1065 4428 1208 4486 locis
1240 4432 1314 4485 ibi
1349 4432 1541 4486 citatis
1569 4432 1996 4504 disputavimus
2027 4435 2168 4506 (Dis-

528 4522 697 4574 sertat
724 4519 786 4574 in
815 4522 1088 4591 Lactant.,
1119 4535 1247 4592 cap.
1280 4521 1369 4586 27,
1403 4525 1510 4576 art.
1542 4521 1644 4590 3)?

1129 4661 1444 4701 ARTICULUS
1483 4663 1566 4702 III.

2280 3361 2493 3451 saepius
2522 3376 2733 3433 vidisse
2762 3373 3111 3429 testificatur
3147 3386 3158 3423 :
3197 3368 3458 3431 Vidimus,
3492 3363 3592 3432 ait,
3627 3361 3943 3451 aliquando

2279 3449 2539 3540 (Tertull.
2589 3466 2791 3531 ibid.);
2840 3467 2896 3516 et
2940 3461 2999 3514 in
3045 3457 3191 3512 libro
3227 3456 3302 3510 ad
3345 3455 3601 3510 Nationes
3647 3469 3666 3505 ι
3717 3449 3944 3540 «WVidi-

2279 3539 2410 3614 nius
2441 3573 2590 3627 saepe
2618 3557 2935 3609 castratum
2978 3551 3163 3620 Atym,
3195 3545 3363 3601 illum
3411 3544 3588 3598 deum
3630 3556 3700 3595 ex
3742 3539 3941 3594 Pessi-

2279 3652 2478 3712 nunte,
2516 3667 2542 3695 ‹‹
2576 3644 2716 3697 urbe
2745 3637 3010 3695 videlicet
3039 3637 3098 3692 in
3131 3633 3391 3706 Phrygiae
3425 3645 3648 3701 magnae
3671 3628 3937 3684 confinio

2281 3736 2390 3791 sub
2419 3731 2652 3803 Agdesti
2710 3732 2905 3783 monte
2937 3726 3068 3791 sita,
3102 3724 3159 3778 in
3193 3739 3309 3794 qua
3338 3723 3498 3792 Atys,
3532 3722 3680 3774 teste
3711 3720 3935 3772 Pausa-

2281 3825 2378 3880 nia
2409 3819 2732 3878 tumulatus
2784 3815 3097 3879 ferebatur,
3137 3812 3417 3866 Praeterea
3474 3825 3489 3864 :
3543 3829 3568 3860 ι
3597 3805 3705 3870 Qui
3736 3805 3932 3871 vivus,

2281 3916 2361 3970 ait
2391 3913 2506 3982 ille,
2540 3910 2800 3976 ardebat,
2833 3901 3135 3961 Herculem
3161 3901 3480 3956 induerat»
3508 3897 3787 3969 (Pausan.
3823 3893 3934 3952 lib.

2282 4021 2320 4069 1,
2376 4019 2431 4074 p.
2500 4000 2575 4068 4).
2633 3995 2780 4061 Quid
2839 3999 3032 4048 autem
3091 3990 3251 4046 hisce
3306 3985 3497 4043 verbis
3541 3984 3667 4074 sibi
3717 3983 3935 4074 voluit,

2280 4071 2396 4147 nisi
2427 4090 2485 4143 in
2516 4083 2853 4143 crudelibus
2886 4080 3000 4136 illis
3041 4075 3390 4150 spectaculis
3423 4073 3625 4129 noxios
3656 4071 3934 4126 homines

2279 4185 2337 4235 et
2364 4177 2677 4235 sceleratos
2707 4175 2943 4242 sumpta
2971 4167 3059 4224 vel
3085 4166 3312 4239 Atydis,
3343 4163 3546 4220 1109
3573 4160 3663 4216 vel
3718 4159 3940 4216 Hercu-

2280 4267 2353 4324 lis
2386 4268 2590 4330 forma,
2610 4263 3058 4334 repraesentasse
3087 4259 3408 4311 castratum
3438 4254 3631 4323 Atym,
3654 4253 3712 4304 et
3730 4248 3934 4304 vivum

2280 4353 2584 4412 Herculem
2613 4349 3006 4406 combustum.
3026 4350 3108 4400 De
3130 4348 3378 4414 utroque
3397 4340 3622 4412 egimus
3646 4339 3705 4392 in
3729 4341 3937 4392 nostra

2279 4445 2350 4500 de
2375 4439 2613 4499 Arnobii
2638 4437 2803 4494 libris
2833 4432 3244 4490 dissertatione
3265 4431 3575 4503 (Dissertat.
3609 4427 3669 4482 in
3698 4424 3931 4494 Amob.,

2277 4549 2403 4604 cap.
2432 4531 2521 4599 14,
2554 4531 2664 4584 art.
2716 4528 2772 4592 2,
2794 4527 2852 4580 et
2879 4539 3006 4594 cap.
3038 4519 3126 4591 48,
3160 4522 3268 4576 art.
3301 4517 3374 4591 1).

2347 4636 2494 4703 Quid
2525 4629 2741 4707 plura?
2771 4651 2799 4682 «
2829 4627 3109 4692 Risimus,
3152 4623 3345 4697 inquit
3382 4621 3576 4680 adhuc
3613 4617 3933 4676 Tertullia-

537 4741 810 4810 Quantum
841 4732 1094 4811 gentiles,
1118 4759 1406 4812 personam
1433 4743 1656 4798 deorum
1686 4744 1745 4797 ίη
1774 4759 1935 4798 cavea
1966 4741 2168 4810 induti,
2201 4730 2249 4793 D
2280 4743 2412 4797 nus,
2436 4729 2494 4781 et
2535 4724 2686 4778 inter
2715 4719 2972 4812 ludicras
3001 4715 3458 4812 meridianorum
3489 4708 3778 4812 (Tertull?
3815 4707 3930 4764 loc.

606 4813 955 4868 divinitatem
1001 4814 1224 4886 illorum
1250 4815 1735 4886 pessumdcderint,
1769 4823 2169 4885 repraesentan-

604 4892 681 4938 tes
725 4887 1021 4939 castratum
1067 4885 1258 4956 Atym,’
1297 4887 1378 4940 vel
1425 4887 1708 4942 Herculem
1752 4889 1938 4940 vivum
1972 4887 2168 4941 arden-

603 4959 729 5018 tem,
760 4957 843 5010 vel
872 4959 1216 5012 Mercurium
1261 4960 1504 5013 cauterio
1551 4963 1794 5013 mortuos
1836 4959 2166 5012 examinan-

603 5040 728 5088 tem,
760 5029 847 5082 vel
891 5030 1037 5084 Jovis
1080 5029 1314 5097 fratrem
1351 5029 1618 5084 cadavera
1647 5028 2015 5098 gladiatorum
2042 5045 2168 5083 cum

604 5099 796 5172 malleo
845 5099 1214 5167 deducentem,
1272 5101 1479 5172 aliique
1520 5104 1578 5154 in
1634 5101 1850 5170 templis
1897 5099 2168 5155 adulteria

599 5179 652 5227 et
682 5171 956 5226 lenocinia
988 5171 1395 5243 componentes,
1421 5173 1612 5242 quibus
1639 5173 1866 5228 deorum
1907 5174 2165 5243 majesta-

599 5245 706 5298 tem
735 5243 1082 5298 obsoletant.

598 5357 683 5412 Ab
715 5357 1068 5414 histrionum
1100 5357 1324 5414 theatro
1356 5358 1656 5414 descendit
1684 5356 2079 5414 Tertullianus
2109 5372 2170 5411 in

529 5463 772 5519 caveam,
807 5452 872 5503 ut
900 5448 1023 5520 ipse
1071 5447 1349 5520 loquitur,
1381 5463 1485 5503 nec
1517 5445 1782 5503 ethnicos
1825 5445 1903 5500 ibi
1937 5443 2169 5516 religio-

530 5538 704 5593 siores
746 5536 967 5592 invenit
1021 5536 1285 5609 (Tertull.
1336 5537 1606 5607 Apologet.
1661 5553 1710 5590 c.
1742 5537 1829 5605 15,
1863 5551 1916 5605 p.
1959 5534 2084 5602 361,
2116 5539 2174 5590 et

528 5623 634 5679 lib.
668 5641 686 5678 1
725 5625 802 5682 ad
832 5626 1072 5696 Nattam,
1095 5642 1144 5681 c.
1181 5626 1268 5696 10,
1290 5641 1344 5696 p.
1376 5625 1522 5692 576).
1555 5623 1866 5696 Triplicem
1895 5638 2026 5679 vero
2050 5623 2173 5679 dis-

531 5711 809 5781 tinguunt
826 5728 1083 5784 caveam,
1106 5713 1226 5770 sive
1247 5713 1441 5783 potius
1463 5717 1579 5770 tres
1601 5714 1731 5785 ejus
1755 5715 2176 5786 partes,quem-

2276 4817 2398 4890 cit.)
2429 4814 2840 4888 gladiatorum,
2889 4810 2961 4864 de
3012 4807 3228 4880 quibus
3272 4821 3379 4862 nos
3438 4819 3619 4875 supra
3671 4799 3934 4890 egimus,

2271 4889 2628 4965 crudelitatei
2671 4900 3037 4964 Mercurium,
3095 4896 3150 4951 id
3209 4899 3320 4966 est,
3375 4892 3672 4950 hominem
3705 4889 3930 4944 larvam

2272 4995 2539 5053 Mercurii
2599 5010 2711 5066 prae
2769 5008 2831 5047 se
2889 4991 3190 5058 ferentem,
3236 4989 3497 5055 mortuos,
3534 4982 3656 5039 sive
3699 4981 3932 5036 occisos

2278 5087 2655 5160 gladiatores,
2707 5079 2972 5145 cauterio,
3020 5093 3124 5133 seu
3175 5077 3323 5133 ferro
3381 5073 3668 5130 candente
3699 5071 3933 5126 exami-

2272 5157 2496 5232 nantem
2555 5180 2753 5229 utrum
2807 5170 2966 5223 fraus
3006 5165 3205 5238 aliqua
3257 5181 3373 5221 non
3424 5163 3649 5229 lateret,
3712 5174 3778 5215 ac
3843 5157 3935 5214 illi

2277 5281 2473 5322 revera
2499 5260 2714 5319 mortui
2746 5260 2963 5315 essent.

2348 5354 2640 5420 Vidimus,
2668 5349 2854 5424 pergit
2883 5345 2980 5402 ille
3009 5344 3217 5417 (ibid.),
3275 5345 3324 5401 et
3374 5343 3523 5400 lovis
3550 5342 3804 5413 fratrem,
3838 5335 3931 5391 ni-

2279 5445 2494 5502 mirum
2524 5441 2828 5497 Plutonem
2882 5434 3259 5508 gladiatorum
3304 5432 3569 5488 cadavera
3610 5445 3733 5484 cum
3784 5426 3931 5481 mal-

2281 5536 2385 5603 lco,
2412 5534 2527 5590 sive
2561 5536 2625 5586 ut
2653 5529 2713 5585 in
2753 5527 2902 5582 libro
2950 5524 3020 5580 ad
3067 5525 3329 5581 Nationes
3358 5520 3596 5594 legitur,
3635 5517 3933 5587 exsequias

2280 5639 2403 5678 cum
2452 5619 2653 5677 malleo
2695 5616 3068 5684 deducentem,
3125 5613 3186 5668 in
3244 5609 3588 5684 spoliarium
3636 5603 3929 5672 videlicet,

2282 5711 2384 5769 ubi
2414 5708 2765 5783 gladiatores
2791 5703 2947 5775 victi,
2979 5709 3035 5761 et
3075 5700 3276 5762 lethali
3303 5699 3544 5758 vulnere
3573 5698 3832 5768 accepto,
3879 5691 3932 5749 si
