4162 6430
325 406 482 467 1209

1236 408 1308 466 D.
1356 408 1452 469 LE
1498 409 1826 470 NOURRY
1871 408 2525 472 OBSERVATIONES
2569 410 2828 473 NOVIE.

3586 410 3745 471 1219

325 537 466 609 quid
498 538 709 610 reliqui
747 538 892 594 foret
921 537 1186 610 spiritus,
1219 537 1729 596 interimebantur.
1761 539 1974 604 Quam-
2006 540 2055 606 Α
2092 542 2514 599 sertationibus
2543 542 2854 609 (Dissertat.
2889 544 2947 597 in
2981 542 3201 608 Minue,
3236 557 3362 612 cap.
3400 542 3486 610 13,
3520 546 3629 598 art.
3689 544 3741 598 1,

326 628 525 684 obrem
587 630 881 686 scribebat
940 630 1216 687 Seneca:
1274 653 1301 680 «
1361 630 1657 703 Numquid
1720 632 1974 704 aliquem

323 734 453 774 esse
483 722 603 775 tam
637 720 914 792 cupidum
945 720 1072 775 vitae
1107 722 1299 792 putas,
1336 725 1397 775 ut
1442 721 1704 793 jugulari
1738 721 1794 777 in
1848 739 1974 793 spo-

324 807 514 877 liario,
550 827 725 882 quam
760 813 817 866 in
851 828 1027 867 arena
1056 811 1223 867 malit
1282 836 1309 861 ››
1366 813 1590 884 (Senec.
1652 813 1822 884 epist.
1881 814 1971 885 9i,

324 899 436 955 sub
470 899 569 955 fin.
604 916 735 973 pag.
768 900 894 972 384)
926 900 955 955 ?
982 900 1152 957 Plura
1182 905 1378 958 autem
1412 901 1509 958 ille
1540 901 1678 958 alibi
1711 903 1970 974 (epist.7,

322 1005 455 1060 pag.
491 988 634 1060 172),
668 990 738 1045 de
769 989 1195 1062 gladiatoribus
1218 991 1763 1065 meridianis,atque
1794 992 1971 1048 etiam

320 1076 811 1151 Suetonius(Vita
839 1079 1038 1137 Claud.
1093 1083 1121 1150 §
1175 1080 1265 1147 34,
1323 1085 1381 1137 ct
1437 1081 1675 1151 Caligul.
1737 1083 1764 1150 §
1818 1082 1888 1136 26
1917 1086 1973 1137 et

322 1166 538 1238 scqq.),
573 1184 721 1239 quos
753 1168 968 1225 videsis
1001 1169 1155 1224 sicut
1190 1169 1586 1242 Lampridium
1628 1170 1770 1242 (Vita
1806 1171 1970 1227 Com-

318 1255 463 1311 mod.
497 1258 849 1330 imperator.)
882 1259 951 1314 de
982 1257 1279 1331 spoliario,
1326 1259 1382 1314 in
1414 1261 1567 1332 quod
1621 1259 1971 1333 gladiatores

322 1361 473 1401 unco
504 1345 910 1403 trahebantur.

395 1433 691 1497 Quosdam
725 1452 895 1507 porro
926 1435 1202 1491 admirari
1238 1436 1417 1508 subit,
1446 1436 1543 1508 qui
1605 1437 1663 1493 in
1695 1437 1802 1494 hoc
1834 1439 1969 1494 Ter-

321 1520 551 1577 tulliani
586 1528 743 1579 textu
775 1524 1059 1597 scriptum
1091 1525 1295 1582 volunt
1329 1543 1342 1581 :
1376 1549 1403 1576 «
1468 1527 1731 1583 Vidimus
1790 1533 1846 1583 et
1896 1529 1968 1583 ad

320 1611 482 1667 Jovis
514 1613 751 1669 fratrem
777 1636 805 1664 »
841 1614 1029 1685 (Joan.
1062 1615 1255 1688 Argo].
1285 1619 1409 1672 Not.
1444 1618 1502 1671 in
1535 1617 1780 1688 Onuphr.
1809 1634 1830 1680 ,'
1864 1622 1968 1673 Pa-

324 1700 487 1756 nuin.
518 1704 585 1757 de
616 1703 729 1757 lud.
785 1703 1024 1760 Circens.
1060 1720 1185 1776 cap.
1236 1705 1317 1777 2),
1369 1705 1537 1777 quasi
1582 1707 1795 1761 dixerit
1828 1724 1841 1762 :
1873 1707 1969 1761 Vi-

320 1789 515 1847 dimus
543 1793 815 1848 eumdem
846 1795 1217 1861 Mercurium,
1277 1795 1376 1867 qui
1435 1794 1825 1868 gladiatorum
1876 1813 1971 1852 ca-

318 1879 529 1936 davera
561 1898 674 1937 non
727 1883 918 1939 solum
966 1883 1224 1939 cauterio
1280 1885 1677 1953 examinabat,
1723 1886 1821 1941 sed
1869 1885 1970 1958 qui
2000 1916 2047 1982 B

315 1970 610 2025 eosetiam
672 1988 805 2027 cum
867 1972 1076 2027 malleo
1126 1974 1451 2029 deducebat
1508 1976 1577 2029 ad
1638 1974 1965 2041 Plutonem,

313 2057 472 2113 Jovis
506 2059 763 2126 fratrem,
799 2060 918 2115 sive
949 2062 1017 2116 ad
1052 2062 1287 2117 inferos.
1345 2064 1468 2118 Non
1517 2063 1671 2118 enim
1706 2064 1967 2119 animum

315 2146 461 2202 satis
488 2149 807 2205 advertisse
836 2149 1115 2206 videntur
1143 2152 1215 2207 ad
1266 2150 1387 2206 haec
1434 2152 1700 2223 ejusdem
1733 2152 1968 2208 Tertul-

314 2234 455 2290 liani
483 2236 542 2291 in
568 2236 714 2293 libro
747 2239 823 2294 ad
848 2243 1119 2296 Nationes
1148 2244 1323 2296 verba
1356 2258 1368 2294 :
1429 2262 1457 2290 «
1488 2240 1773 2312 Dispater,
1806 2241 1967 2297 Jovis

315 2325 519 2391 frater,
552 2325 939 2395 gladiatorum
973 2330 1279 2400 exsequias
1310 2347 1442 2385 cum
1476 2331 1687 2386 malleo
1709 2332 1966 2399 deducit,

316 2428 431 2483 quo
464 2414 811 2481 Mercurius,
846 2416 905 2470 in
957 2416 1187 2473 calvitio
1245 2418 1623 2490 pennatulus,
1674 2420 1732 2474 in
1787 2421 1964 2476 cadu-

316 2516 417 2557 ceo
448 2502 755 2575 ignitulus,
789 2521 1031 2577 corpora
1077 2507 1409 2563 examinata
1461 2508 1609 2578 jam,
1645 2513 1966 2565 mortemve

316 2590 679 2658 simulantia,
721 2610 751 2649 θ
783 2596 1039 2650 cauterio
1092 2598 1301 2667 probat
1326 2621 1346 2646 ιι
1383 2598 1651 2664 (Tertull.
1685 2599 1784 2653 lib.
1820 2616 1836 2653 ι
1894 2600 1965 2654 ad

315 2680 602 2752 Nat.cap.
660 2683 747 2750 10,
785 2700 840 2753 p.
898 2684 1049 2755 576).
1110 2684 1425 2757 Utriusque
1481 2687 1661 2758 igitur
1704 2688 1962 2743 officium

316 2768 646 2841 distinguit,
679 2774 736 2826 et
792 2772 1063 2829 Mercurii
1120 2774 1380 2847 quidem,
1435 2776 1533 2848 qui
1595 2777 1965 2833 examinabat

316 2862 514 2913 utrum
546 2857 901 2931 gladiatores
934 2863 1147 2918 mortui
1180 2866 1379 2919 essent
1412 2882 1427 2934 ;
1460 2868 1516 2920 et
1546 2864 1828 2937 Plutonis,
1861 2866 1963 2938 qui

315 2952 600 3015 mortuos,
634 2948 754 3005 sive
784 2966 982 3006 eorum
1018 2952 1324 3023 exsequias
1353 2954 1680 3011 deducebat
1718 2955 1775 3010 in
1827 2972 1962 3028 spo-

316 3035 572 3092 liarium.
611 3038 686 3093 De
733 3038 828 3094 his
886 3039 1178 3111 siquidem
1236 3041 1335 3098 ille
1389 3042 1674 3115 loquitur,
1715 3061 1842 3116 quas
1902 3046 1958 3100 in

312 3124 703 3197 gladiatorum
756 3127 912 3184 ludis
972 3128 1095 3185 ﬁeri
1153 3137 1595 3188 consueverant.
1645 3133 1799 3189 Alias
1829 3150 1960 3191 vero

313 3214 634 3271 Mercurius
656 3217 950 3274 ferebatur
995 3219 1270 3290 caduceo,
1303 3237 1405 3277 seu
1463 3221 1625 3294 virga
1676 3224 1960 3280 deducere

312 3303 383 3358 ad
432 3308 669 3376 tartara,
728 3308 1225 3378 quemadmodum
1287 3310 1358 3366 de
1406 3310 1505 3366 illo
1555 3312 1713 3367 canit
1769 3313 1959 3386 Virgi-

312 3391 428 3447 lius
456 3409 469 3448 :

419 3506 540 3551 Tum
569 3509 759 3566 virgam
784 3512 924 3567 capit,
955 3512 1045 3556 hac
1064 3512 1248 3558 animas
1266 3512 1347 3559 ille
1373 3518 1546 3559 evocat
1568 3516 1695 3561 Orco

419 3571 673 3625 Pallentes,
704 3573 826 3619 alias
855 3575 944 3619 sub
971 3576 1125 3620 tristia
1152 3577 1357 3622 Tartara
1385 3577 1539 3628 mittit,

414 3633 509 3681 Det
529 3647 746 3685 somnos.
777 3636 1050 3695 adimitque,
1071 3648 1119 3684 et
1145 3640 1322 3685 lumina
1362 3646 1517 3685 morte
1546 3643 1773 3699 resignat.

724 3701 918 3759 (Virgil.
951 3703 1127 3753 ίΕηείά.
1165 3703 1241 3746 lib.
1270 3715 1337 3756 xv,
1368 3716 1413 3748 ν.
1443 3707 1489 3748 et
1516 3704 1597 3749 242
1622 3708 1773 3763 seqq.)

380 3799 530 3856 Suos
560 3818 731 3873 porro
763 3803 901 3858 deos
931 3802 1149 3858 ethnici
1200 3822 1314 3860 non
1347 3804 1403 3859 in
1440 3805 1692 3876 publicis
1727 3812 1955 3865 tantum

307 3888 657 3959 spectaculis
706 3894 765 3945 et
821 3908 994 3947 cavea
1050 3892 1395 3963 irridebant,
1448 3893 1550 3948 sed
1610 3894 1671 3949 in
1718 3894 1955 3954 illorum

306 3975 483 4031 etiam
516 3978 776 4049 templis,
810 3979 908 4034 ubi
942 3997 1082 4036 sane
1112 3980 1249 4050 illis,
1302 3981 1489 4036 sicubi
1549 4000 1833 4054 unquam,
1866 3986 1953 4041 di-

306 4063 427 4118 vini
458 4065 709 4122 honores
739 4067 994 4122 habendi
1025 4072 1210 4123 erant.
1245 4069 1307 4125 In
1340 4069 1413 4125 iis
1435 4070 1728 4128 enimvero
1758 4074 1956 4131 videre

307 4158 455 4224 erat,
504 4153 699 4227 inquit
748 4155 1170 4225 Tertullianus,
1229 4182 1256 4208 «
1318 4158 1607 4231 adulteria
1662 4165 1951 4236 componi,

305 4242 462 4299 inter
491 4260 622 4300 eras
680 4245 969 4301 lenocinia
1006 4248 1263 4316 tractari,
1317 4250 1376 4304 in
1426 4248 1570 4318 ipsis
1614 4254 1952 4324 plerumque

306 4334 655 4390 aedituorum
686 4352 751 4391 ac
783 4337 1154 4392 sacerdotum
1187 4337 1582 4394 tabernaculis
1612 4340 1749 4411 [non
1782 4358 1951 4398 secus

305 4427 480 4495 atque
512 4424 569 4478 in
600 4424 1007 4497 lupanaribus]
1039 4426 1147 4481 sub
1184 4426 1393 4482 iisdem
1425 4427 1586 4485 vittis
1616 4429 1946 4500 [ipsorum],

304 4516 360 4567 et
389 4513 678 4585 apicibus,
709 4518 767 4571 et
797 4516 1096 4587 purpuris,
1130 4516 1303 4572 thure
1335 4516 1950 4589 ﬂagrante,libidinem

302 4602 559 4675 expungi
597 4624 626 4653 »
661 4603 899 4675 (Terull.
924 4605 1150 4676 Apolog.
1215 4623 1264 4660 c.
1327 4607 1434 4677 15).
1469 4609 1677 4663 1110
1709 4625 1813 4664 seu
1852 4626 1946 4665 ex-

302 4692 499 4763 primi,
533 4698 708 4765 atque
738 4692 976 4765 expleri.
1001 4693 1114 4751 Nec
1160 4694 1287 4767 tibi,
1321 4712 1539 4767 quasso,
1571 4703 1846 4770 suspecta
1877 4699 1953 4756 sit

300 4781 426 4851 ejus
455 4782 620 4839 ﬁdes.
654 4783 800 4839 Nam
831 4784 1150 4853 Juvenalis,
1207 4786 1443 4841 tametsi
1501 4786 1791 4856 ethnicus,
1816 4804 1949 4845 cum

298 4873 463 4927 tanta
492 4871 714 4945 ﬂagitia
744 4872 891 4930 ferre
924 4890 1037 4930 non
1071 4878 1288 4946 posset,
1323 4891 1391 4931 ea
1422 4893 1534 4931 non
1568 4877 1693 4933 sine
1714 4895 1951 4934 summa

298 4957 701 5031 indignatione
721 4962 815 5018 his
845 4964 1113 5021 versibus
1141 4964 1395 5037 exagitat
1420 4980 1434 5022 :

406 5082 569 5138 Nuper
596 5084 737 5136 enim,
770 5091 820 5129 ut
846 5092 1005 5143 repeto
1029 5087 1188 5132 fanum
1222 5086 1383 5139 Isidis.
1414 5093 1462 5133 et
1493 5088 1839 5147 Ganymedem,

405 5147 553 5195 Pacis.
580 5154 628 5191 et
656 5148 871 5193 advectae
899 5156 1092 5195 secreta
1124 5152 1298 5207 palatia
1324 5152 1510 5205 Matris,

406 5207 467 5252 Et
493 5212 715 5255 Cererem
747 5224 759 5266 ;
784 5223 894 5256 nam
922 5224 1016 5268 quo
1034 5225 1126 5258 non
1152 5218 1339 5269 prostat
1366 5214 1542 5260 femine
1554 5216 1741 5273 templo
1766 5219 1786 5259 τ

856 5274 1084 5328 (Juvenal.
1115 5275 1249 5322 setir.
1273 5275 1316 5327 9,
1342 5288 1387 5321 v.
1407 5277 1475 5327 22,
1506 5282 1555 5322 et
1578 5280 1732 5336 seqq.)

366 5389 435 5446 Et
456 5406 515 5446 re
546 5390 786 5463 quidem
809 5406 942 5447 vera
968 5389 1063 5447 ille
1087 5394 1251 5464 prius
1278 5392 1505 5450 dixerat
1537 5409 1550 5449 :

396 5515 496 5559 Aut
524 5515 649 5573 apud
682 5514 850 5560 Isiacae
880 5515 1039 5573 potius
1061 5516 1279 5563 sacraria
1308 5516 1429 5562 lenes

400 5578 652 5636 Componit
678 5580 880 5626 crinem.

1227 5635 1389 5691 (Satir.
1416 5647 1479 5687 VI.
1509 5650 1556 5683 v.
1587 5638 1627 5689 4,
1655 5638 1714 5694 5.)

363 5741 475 5799 Sed
503 5743 575 5801 de
604 5741 698 5801 his
721 5743 847 5816 jam
866 5742 1034 5816 plura
1049 5743 1306 5804 diximus
1335 5744 1395 5802 in
1418 5745 1551 5805 aliis
1580 5745 1799 5804 nostris
1816 5746 1940 5805 dis-

1982 4659 2029 4724 D

2085 634 2143 686 et
2173 632 2231 685 in
2262 632 2503 688 Lactant.
2540 650 2594 705 p.
2630 633 2720 699 27,
2755 637 2861 687 art.
2898 633 2921 686 1
2953 636 3008 687 et
3037 634 3148 699 34).
3185 631 3323 694 Quis
3365 637 3584 697 autem,
3644 634 3738 688 cui

2085 736 2227 775 sana
2264 738 2426 777 mens
2461 722 2555 789 sit,
2591 727 2798 792 sponte
2831 738 2944 777 non
2997 720 3325 776 subscribet
3356 720 3738 788 Tertulliano,

2084 810 2182 880 qui
2216 828 2282 865 ex
2314 810 2406 867 his
2438 810 2736 877 omnibus,
2785 828 2915 882 quas
2973 810 3027 864 in
3072 811 3178 865 boc
3228 814 3284 864 et
3333 809 3737 881 superioribus

2083 898 2347 955 articulis
2379 900 2669 972 explicata
2701 905 2858 970 sunt,
2894 904 3049 955 recte
3094 899 3391 955 concludit
3438 898 3509 954 ab
3559 900 3736 972 ipsis-

2082 993 2203 1043 met
2222 988 2475 1045 ethnicis
2503 1006 2737 1045 omnem
2772 988 2941 1062 plane
2974 990 3215 1045 deorum
3267 1005 3531 1058 suorum,
3587 1006 3736 1060 quos

2081 1077 2493 1134 aChristianis
2551 1078 2797 1150 aliisque
2874 1078 3113 1151 agnosci
3175 1082 3231 1134 et
3288 1076 3395 1134 coli
3440 1078 3733 1146 volebant,

2081 1166 2447 1224 divinitatem
2478 1167 2867 1240 pessumdari,
2898 1168 3249 1240 penitusque
3280 1167 3538 1223 subverti
3566 1167 3594 1222 7

2152 1257 2262 1311 Tot
2292 1256 2445 1311 enim
2479 1260 2769 1329 tantasque
2828 1258 3073 1313 deorum
3128 1256 3515 1325 contumelias,
3563 1256 3731 1329 igno-

2082 1345 2297 1412 minias,
2332 1346 2669 1403 irrisiones:
2734 1348 3022 1413 Honorem,
3058 1346 3160 1411 ait,
3221 1347 3530 1417 inquietant
3586 1345 3727 1401 divi-

2079 1434 2294 1500 nitatis,
2328 1435 2381 1489 id
2417 1440 2524 1502 est,
2560 1436 2820 1505 turbant,
2881 1452 2985 1492 nec
3035 1434 3294 1507 quietam
3345 1450 3732 1506 securamque

2078 1539 2206 1579 esse
2237 1524 2461 1580 sinunt.
2495 1524 2642 1589 Quin
2676 1525 2853 1581 etiam
2886 1526 3200 1598 majestatis
3251 1525 3485 1595 [astigia
3521 1525 3723 1579 obsole-

2078 1616 2205 1668 tant
2238 1613 2496 1684 (Tertull.
2530 1615 2837 1685 Apologet.,
2872 1615 3095 1686 capJS,
3129 1618 3185 1668 et
3217 1613 3320 1668 lib.
3353 1631 3371 1667 1
3410 1613 3481 1668 ad
3509 1614 3727 1669 Nation.

2080 1718 2128 1756 c.
2168 1703 2271 1773 10).
2306 1705 2495 1775 Atque
2528 1703 2605 1757 ita
2630 1704 2869 1775 quidem
2930 1704 2987 1758 in
3050 1703 3265 1759 noslris
3318 1702 3643 1770 codicibus,
3676 1706 3733 1758 et

2081 1791 2356 1847 omnibus
2389 1796 2523 1847 ante
2556 1792 2871 1865 Rigaltium
2902 1792 3093 1848 editis.
3130 1794 3196 1847 At
3225 1791 3275 1846 is
3306 1792 3462 1846 verbi
3520 1792 3727 1848 obsole-

2080 1884 2201 1935 tant
2259 1881 2691 1953 ineptissimam
2741 1882 3114 1938 existimabat
3170 1897 3299 1937 esse
3346 1880 3728 1953 signiﬁcatio-

2081 1986 2235 2034 nem,
2291 1970 2618 2042 corrigique
2683 1970 2871 2025 voluit
2926 1971 3197 2038 adsolant,
3245 1987 3358 2041 quo
3413 1969 3539 2041 ipse
3597 1975 3731 2042 post

2076 2059 2496 2115 Gothofredum
2532 2064 2727 2115 censet
2784 2060 3126 2131 significari,
3184 2060 3243 2114 in
3286 2058 3477 2115 solum
3530 2063 3725 2115 etter-

2078 2165 2203 2204 ram
2230 2149 2588 2221 deprimunt.
2640 2153 2873 2205 Fatetur
2929 2149 3175 2205 libenter
3206 2148 3260 2203 in
3297 2148 3485 2220 primo
3508 2151 3723 2203 Aucto-

2077 2238 2157 2292 ris
2188 2239 2371 2293 nostri
2412 2239 2482 2294 ad
2537 2240 2795 2294 Nationes
2842 2238 2990 2293 libro
3049 2238 3333 2309 scriptum
3367 2254 3381 2292 :
3418 2238 3726 2309 Majeslatz’s

2074 2328 2356 2398 fastigium
2410 2327 2659 2383 adsolant
2704 2327 2997 2398 (Tertul|.,
3060 2327 3159 2381 loc.
3225 2328 3393 2397 cit);
3453 2330 3511 2381 at
3578 2327 3719 2398 quid

2075 2416 2344 2488 prohibet
2375 2415 2693 2488 quominus
2731 2416 2836 2471 hoc
2865 2417 3105 2471 verbum
3147 2432 3263 2471 uno
3315 2415 3376 2470 in
3432 2415 3604 2485 libro,
3664 2421 3722 2471 et

2074 2504 2230 2560 aliud
2255 2505 2311 2559 in
2347 2505 2526 2561 altero
2553 2505 2883 2561 adhibuerit
2912 2505 2940 2559 ?
2968 2504 3139 2560 Verbi
3174 2509 3366 2559 autem
3423 2504 3722 2559 obsoletant

2072 2593 2503 2667 ineptissimam
2538 2610 2666 2649 esse
2695 2593 3185 2666 significationem
3246 2593 3342 2663 qui
3403 2592 3627 2662 objicit,
3670 2593 3721 2649 is

2073 2688 2226 2739 certe
2279 2685 2424 2739 satis
2484 2700 2597 2739 non
2650 2683 2899 2739 attendit
2953 2683 3225 2737 eumdem
3291 2680 3720 2737 Tertullianum

2075 2772 2211 2827 alibi
2242 2773 2457 2828 dixisse
2491 2789 2503 2827 :
2541 2795 2568 2822 «
2607 2772 2905 2827 Perituros
2948 2772 3257 2843 plerosque
3290 2786 3525 2825 rursum
3588 2773 3722 2841 post

2072 2861 2352 2932 salutem,
2387 2862 2488 2933 qui
2544 2862 2820 2917 vestitum
2854 2860 3286 2917 obsoletassent
3324 2859 3648 2932 nuptialem
3693 2881 3714 2908 ι

2072 2951 2280 3020 (Idem,
2312 2950 2595 3021 Scorpios.
2625 2966 2753 3021 cap.
2786 2951 2864 3021 6).
2901 2950 3102 3004 Nonne
3130 2949 3187 3003 in
3219 2949 3329 3005 hoc
3386 2948 3533 3003 libro
3562 2947 3717 3003 idem

2071 3044 2159 3095 est
2191 3039 2370 3110 hujus
2401 3039 2559 3095 verbi
2617 3043 2791 3110 atque
2842 3038 2900 3093 in
2960 3038 3312 3110 Apologetico
3361 3054 3572 3098 sensus
3599 3036 3627 3091 ?
3657 3036 3720 3092 Si

2071 3144 2206 3200 ergo
2233 3128 2664 3199 ineptissimus,
2697 3128 2983 3194 videatur,
3018 3144 3142 3192 cur,
3209 3126 3448 3182 obsecro
3505 3130 3582 3193 te,
3617 3126 3716 3181 Ri-

2070 3217 2288 3290 galtius
2319 3217 2487 3286 illud,
2519 3217 2576 3272 in
2612 3217 2723 3272 hoc
2752 3216 2901 3272 libro
2957 3220 3271 3284 mutatum,
3332 3215 3391 3271 in
3445 3214 3556 3271 alio
3602 3232 3720 3271 ser-

1989 3292 2035 3358 C
2073 3307 2229 3361 vavit
2256 3305 2285 3360 ?
2315 3307 2439 3362 Non
2469 3322 2573 3379 ego
2600 3305 2901 3361 immutari
2936 3305 3136 3360 debuit
3165 3305 3365 3375 unius,
3398 3304 3447 3359 si
3498 3303 3556 3358 in
3614 3303 3715 3359 illo

2071 3396 2416 3468 reperiatur,
2455 3395 2762 3451 Fuldensis
2791 3394 3009 3450 codicis
3066 3392 3425 3467 testimonio,
3478 3391 3573 3447 cui
3632 3395 3720 3448 tot

2070 3484 2186 3541 alia
2217 3474 2566 3557 antiquioris
2599 3483 2974 3556 meliorisque
3005 3486 3152 3539 nota:
3175 3480 3531 3554 exemplaria
3552 3497 3717 3553 aper-

2068 3573 2298 3629 tissime
2330 3578 2675 3646 repugnant.
2708 3573 2860 3628 Satis
2910 3572 3127 3645 quippe
3183 3575 3273 3628 est
3304 3572 3351 3627 si
3392 3570 3715 3643 genuinum

2070 3662 2415 3719 Tertulliani
2443 3664 2687 3718 verbum
2718 3662 2796 3718 sit
2822 3662 3145 3728 obsoletant,
3201 3678 3315 3732 quo
3376 3660 3551 3716 etiam
3586 3660 3717 3714 For-

2068 3757 2311 3809 tunatus
2343 3770 2488 3808 usus
2519 3756 2607 3807 est
2644 3752 2844 3807 eodem
2890 3752 3061 3824 plane
3120 3751 3454 3823 signiﬁcatu
3487 3751 3716 3820 (Fortu-

2068 3848 2188 3898 nat.
2248 3845 2363 3899 Vita
2421 3842 2475 3897 S.
2537 3842 2785 3913 Albini§
2835 3841 2907 3911 1),
2971 3846 3145 3911 atque
3205 3840 3509 3910 abrogant,
3560 3838 3718 3893 anti-

2067 3936 2271 4004 quant,
2303 3930 2631 3987 obsoletum
2665 3930 2906 3985 faciunt.
2965 3933 3184 3984 Sensus
3235 3926 3416 4000 igitur
3445 3927 3716 3981 Auctoris

2065 4022 2252 4079 nostri
2283 4021 2377 4076 hic
2409 4025 2497 4076 est
2531 4036 2543 4076 :
2573 4019 2809 4090 ethnici,
2844 4035 2975 4075 cum
3029 4019 3170 4073 deos
3201 4033 3339 4071 suos
3370 4016 3549 4070 tantis
3574 4032 3715 4071 con~

2063 4110 2344 4181 tumeliis,
2380 4109 2633 4182 probris,
2667 4108 2901 4180 injuriis
2960 4107 3019 4162 in
3080 4106 3412 4179 quibusque
3467 4103 3610 4159 locis
3658 4109 3717 4160 et

2063 4200 2246 4257 sacris
2278 4203 2334 4253 et
2365 4198 2620 4270 profanis
2650 4200 2878 4263 vexant,
2913 4212 3129 4266 eosque
3165 4192 3550 4248 nihilominus
3599 4191 3713 4247 coli

2060 4293 2117 4343 et
2146 4289 2374 4343 adorari
2402 4285 2626 4353 volunt,
2677 4285 2910 4339 illorum
2972 4282 3337 4339 divinitatem
3370 4298 3488 4336 una
3528 4297 3708 4336 manu

2061 4377 2371 4447 antiquant
2404 4380 2459 4431 et
2481 4376 2816 4438 destruunt,
2840 4389 3013 4445 quam
3039 4372 3221 4428 altera
3252 4371 3555 4427 adstruere
3586 4370 3707 4425 fru-

2061 4469 2184 4521 stra
2211 4464 2574 4521 nitebantur.

2673 4647 2989 4687 ARTICULUS
3021 4647 3095 4686 IV.

2063 4751 2264 4821 Quibus
2294 4751 2632 4822 argumentis
2664 4748 3030 4822 Tertullianus
3085 4748 3404 4822 patefecerit
3454 4748 3705 4805 ethnico-

2129 4841 2255 4879 rum
2279 4819 2404 4879 deos
2432 4839 2467 4877 a
2496 4820 2846 4894 philosophis,
2905 4836 2972 4874 ac
3025 4819 3355 4894 nominatim
3386 4837 3420 4875 α
3459 4822 3704 4889 Socrate,

2128 4897 2385 4966 Diogene,
2418 4898 2468 4949 et
2496 4891 2746 4949 Varrone
2774 4894 2967 4948 irrisas
2996 4897 3160 4964 atque
3187 4891 3462 4963 explosos.

2128 5037 2307 5093 Nemo
2338 5051 2502 5105 sane,
2532 5034 2805 5107 quisquis
2835 5035 2933 5105 sit,
2966 5035 3222 5106 objicere
3287 5034 3460 5092 nobis
3516 5037 3707 5107 potest

2056 5129 2257 5183 1111
2299 5126 2579 5197 majorem
2614 5124 2797 5180 fuisse
2837 5123 3321 5197 philosophorum
3370 5122 3702 5195 gentilium,

2056 5233 2233 5289 quam
2268 5220 2606 5273 casterorum
2624 5212 2987 5285 plebeiorum
3004 5213 3393 5279 hominum,in
3410 5212 3547 5266 deos
3565 5227 3703 5267 suos

2056 5305 2395 5379 religionem
2430 5303 2694 5377 (Tertull.
2730 5304 3007 5374 Apologet.
3042 5320 3091 5358 c.
3127 5303 3212 5372 14,
3247 5318 3302 5373 p.
3363 5301 3508 5371 353).
3554 5299 3701 5356 Nam

2054 5395 2315 5468 plerique
2344 5410 2551 5451 omnes
2600 5410 2634 5449 a
2689 5393 2808 5451 veri
2839 5394 2940 5448 Dei
2987 5392 3305 5464 agnitione,
3360 5393 3462 5445 aut
3517 5388 3700 5461 agniti

2052 5483 2466 5557 praedicatione
2498 5482 2582 5538 sic
2622 5481 3126 5551 abalienabantur,
3181 5483 3244 5534 ut
3297 5478 3429 5534 illos
3468 5478 3699 5533 Tertul-

2051 5573 2247 5630 lianus
2278 5589 2435 5629 nunc
2457 5570 2796 5627 nominibus
2853 5570 2977 5625 suis
3009 5567 3287 5641 appellari
3347 5583 3699 5639 supervaca-

2050 5679 2225 5719 neum
2259 5678 2387 5719 esse
2417 5658 2728 5733 putaverit.
2764 5658 2975 5715 Missos
2998 5663 3192 5715 autem
3223 5656 3358 5714 illos
3379 5656 3475 5712 hic
3493 5654 3698 5713 fecisse

2046 5752 2298 5826 videtur,
2331 5749 2470 5825 quia
2499 5746 2664 5821 alibi,
2696 5747 2847 5806 sicut
2903 5748 3268 5807 ostendimus
3322 5747 3509 5821 (supr.
3567 5762 3694 5820 cap.
