4162 6432
553 356 704 415 1211

1071 356 1595 418 TERTULLIANI
1641 356 1963 418 OPERUM
2008 356 2210 416 PARS
2254 357 2301 416 1.
2331 386 2409 400 —
2439 353 2713 415 SERIES
2755 354 2804 425 Ι,
2849 352 3414 413 APOLOGETICA.

3797 349 3965 409 1212

551 488 608 554 5,
644 491 753 541 art.
787 487 861 556 4),
889 502 1067 541 vanas
1100 487 1670 559 absurdissimasque
1708 487 1940 544 illorum
1977 488 2047 543 de
2079 493 2189 544 Deo
2216 488 2273 555 Α
2303 486 2503 543 fuisse.
2536 485 2831 556 Quidquid
2864 489 3061 541 autem
3093 482 3460 556 pronunties,
3490 480 3632 537 inde
3681 478 3783 536 ille
3816 494 3970 535 con-

554 574 859 645 opiniones
889 575 1033 630 satis
1057 581 1253 645 aperte
1284 576 1797 633 demonstraverat.

623 681 919 736 Socratem
980 680 1362 736 nihilominus
1417 683 1764 738 nominatim
1815 687 1921 737 hoc
1970 682 2097 754 ipso
2132 681 2190 736 in

550 769 674 824 loco
756 769 1029 840 appellat,
1097 786 1197 823 nec
1257 771 1549 826 immerito
1610 771 1864 842 quidem.
1915 770 2189 826 Omnium

554 858 772 929 quippe
804 858 1165 929 mortalium,
1198 861 1698 929 quemadmodum
1755 865 1927 916 antea
1948 862 2191 915 adnota-

550 947 743 1002 vimus
770 947 1019 1018 (Dissert.
1051 949 1111 1002 in
1142 948 1339 1003 Minuc.
1375 952 1588 1019 0ctav.,
1649 966 1774 1020 cap.
1830 951 1884 1019 3,
1946 953 2053 1004 art.
2112 950 2189 1019 2),

554 1036 1027 1107 sapientissimus
1077 1036 1308 1092 oraculo
1356 1037 1642 1109 Apollinis
1696 1038 2028 1093 declaratus
2067 1042 2182 1093 est.

555 1125 666 1180 Sed
694 1124 790 1179 ille
821 1126 1197 1195 quantumvis
1230 1127 1464 1197 sapiens
1507 1126 1762 1193 habitus,
1798 1148 1827 1178 ‹‹
1860 1127 1917 1180 in
1952 1127 2191 1181 deorum

558 1213 997 1282 contumeliam,
1026 1214 1108 1269 ait
1156 1215 1568 1280 Tertullianus,
1625 1232 1929 1287 quercum,
1961 1219 2019 1270 et
2070 1215 2191 1270 hir-

559 1318 716 1369 cum,
747 1308 803 1356 et
841 1318 1043 1356 canem
1075 1302 1371 1372 dejerabat
1400 1325 1429 1353 η
1462 1303 1728 1371 ’1‘ertull.,
1757 1303 1863 1359 loc.
1902 1302 2041 1373 cit.).
2079 1303 2192 1360 Nos

555 1406 690 1446 vero
731 1390 1016 1461 Rigalitus
1051 1391 1129 1444 ibi
1161 1393 1412 1447 monitos
1478 1409 1603 1449 esse
1641 1392 1825 1447 voluit
1880 1393 1939 1447 in
1999 1391 2194 1447 codice

552 1476 827 1532 Fuldensi
859 1479 979 1533 haec
1010 1480 1184 1535 verba
1211 1485 1263 1535 et
1290 1496 1485 1536 canem
1516 1482 1721 1536 abesse
1753 1498 1767 1535 :
1815 1482 1914 1537 sed
1978 1481 2195 1537 sufﬁcit

554 1566 809 1636 profecto
860 1582 928 1621 ea
982 1566 1042 1621 in
1094 1567 1224 1622 aliis
1281 1569 1557 1624 omnibus
1605 1569 1864 1641 reperiri.
1935 1571 1999 1625 In
2044 1568 2193 1625 libro

553 1659 749 1709 autem
780 1654 850 1709 ad
879 1657 1145 1711 Nationes
1174 1658 1385 1712 erravit
1416 1656 1689 1713 librarius
1719 1660 1908 1714 heram
1939 1675 2041 1730 pro
2074 1658 2191 1712 hir-

553 1759 678 1798 cum
707 1744 1014 1798 scribendo
1048 1744 1255 1815 (Idem,
1312 1745 1414 1801 lib.
1472 1746 1544 1801 ad
1599 1749 1746 1817 Nat,
1777 1764 1905 1819 cap.
1938 1749 2025 1815 10,
2061 1763 2190 1817 pag.

551 1832 701 1903 576).
735 1831 910 1887 Plura
940 1836 1134 1887 autem
1185 1850 1290 1889 nos
1321 1834 1460 1889 alibi
1520 1836 1828 1891 retulimus
1859 1836 1929 1890 de
1961 1835 2059 1889 illo
2091 1836 2193 1889 So-

554 1920 730 1975 cratis
752 1921 1161 1990 jurejurando,
1196 1921 1499 1993 palamque
1558 1924 1805 1979 fecimus
1839 1924 1979 1978 illud
2031 1926 2194 1993 ajva-

554 2008 657 2063 riis
689 2008 1072 2079 scriptoribus
1104 2010 1260 2065 varie
1292 2011 1550 2082 quidem,
1584 2013 1685 2067 sed
1740 2028 2041 2082 nunquam
2071 2011 2197 2066 sine

555 2098 796 2152 deorum
819 2102 1152 2168 contemptu
1185 2105 1241 2153 et
1271 2100 1489 2170 injuria
1538 2102 1736 2157 referri
1792 2101 2101 2173 (Dissertat.
2133 2102 2197 2155 in

555 2186 828 2254 Lactant.,
852 2202 980 2256 cap.
1014 2188 1101 2256 30,
1136 2196 1243 2242 art.
1281 2191 1355 2257 1).

627 2275 805 2329 Addit
826 2279 1102 2345 praeterea
1134 2278 1528 2333 Tertullianus
1585 2280 1875 2334 Socratem
1908 2280 1979 2333 ab
2017 2278 2197 2333 Athe-

558 2363 864 2419 niensibus
920 2364 1110 2418 'morte
1165 2365 1380 2421 idcirco
1440 2368 1804 2437 damnatum,
1866 2369 2001 2438 quia
2059 2369 2195 2422 deos

557 2453 896 2509 destruebat
932 2456 1072 2523 ;sed
1104 2472 1202 2510 eos
1236 2456 1470 2510 tandem
1531 2456 1743 2527 iniquae
1804 2456 2197 2512 damnationis

558 2543 902 2613 poenitentia
936 2544 1021 2599 sic
1052 2550 1235 2613 actos,
1270 2553 1327 2599 ut
1358 2547 1744 2601 criminatores
1810 2547 2071 2614 Socratis,
2105 2546 2196 2600 in-

560 2631 707 2701 quit,
737 2641 915 2699 postea
943 2634 1256 2703 afflixerint
1277 2634 1536 2703 (Tertull.
1596 2636 1893 2706 Apologet.,
1949 2651 2073 2706 cap.
2109 2636 2196 2703 14,

560 2734 692 2790 pag.
725 2720 871 2790 354),
895 2720 1166 2776 videlicet
1197 2721 1461 2776 Melitum
1509 2727 1715 2793 morte,
1776 2730 1948 2794 atque
1995 2724 2197 2779 exsilio

561 2809 843 2879 Anytum,
902 2816 959 2865 et
1008 2812 1303 2880 imaginem
1359 2812 1475 2881 ejus
1525 2812 1781 2867 Socratis
1846 2829 2081 2868 auream
2139 2816 2199 2868 in

560 2896 757 2966 templo
788 2898 1106 2952 collocarint
1136 2899 1342 2969 (Plato,
1372 2901 1588 2971 Apolog.
1640 2901 1880 2971 Socrat.,
1918 2906 2060 2957 tom.
2093 2901 2197 2979 ΙΙΙ,

562 3001 695 3055 pag.
728 2986 873 3056 390).
912 2986 1121 3041 Verum
1155 3007 1188 3042 a
1222 2989 1443 3044 Laertio
1464 2990 1699 3061 scriptis
1749 2992 2031 3046 traditum
2053 2991 2201 3062 legi-

562 3089 694 3128 mus
727 3091 741 3129 :
775 3071 996 3142 Χαλκῆς
1027 3074 1233 3138 εἰκόνος
1284 3074 1631 3149 ἐτιμήσαντο,
1689 3095 1859 3147 area,
1920 3096 2035 3134 non
2092 3096 2198 3135 au-

558 3177 676 3231 rea,
708 3163 967 3233 imagine,
1002 3164 1405 3221 honoraverunt
1435 3167 1648 3237 (Laert.
1703 3167 1804 3223 lib.
1838 3185 1899 3235 n,
1958 3169 2017 3223 in
2084 3170 2198 3225 Vita

555 3248 991 3322 Socrat.,§-l13).
1048 3254 1408 3324 Quapropter
1447 3256 1826 3311 Casaubonus
1884 3261 1941 3315 et
1998 3258 2197 3312 Mena-

558 3336 691 3407 gius
719 3339 777 3393 in
809 3339 1158 3396 Tertulliani
1207 3346 1367 3397 textu
1428 3344 1661 3399 restitui
1711 3344 1913 3400 volunt
1967 3360 2194 3418 aeream,

558 3425 768 3497 hicque
798 3429 1045 3484 miratur
1074 3431 1411 3501 Rigaltium,
1440 3434 1535 3503 qui
1567 3433 1745 3504 hujus
1767 3436 2196 3491 emendationis

561 3516 849 3572 monitum
878 3518 1077 3574 fecerit
1122 3522 1439 3577 neminem.
1502 3524 1613 3578 Sed
1648 3524 1845 3581 minus
1902 3532 2054 3581 certe
2085 3526 2197 3581 mi-

559 3604 780 3659 randus
821 3604 901 3659 ibi
933 3606 1240 3677 Rigaltius,
1277 3609 1374 3665 ubi
1414 3610 1711 3682 vulgatam
1744 3613 2009 3684 sequitur
2035 3614 2196 3669 codi-

559 3708 693 3746 cum
727 3694 988 3749 omnium
1045 3696 1369 3766 lectionem,
1431 3716 1606 3770 quam
1666 3702 1797 3756 aliis
1846 3702 2115 3768 plurimis
2136 3703 2196 3757 in

557 3780 722 3851 locis,
764 3783 861 3837 ubi
894 3789 1095 3840 contra
1125 3788 1499 3843 manifestam
1530 3789 1765 3845 illorum
1800 3792 1973 3847 fidem
2006 3792 2196 3847 since-

557 3887 689 3925 rum
715 3871 1056 3927 Tertulliani
1076 3878 1297 3930 textum
1328 3875 1661 3933 immutavit
1690 3884 1747 3934 et
1779 3880 2052 3950 corrupit.

631 3977 778 4042 Quia
806 3994 943 4049 ergo
999 3984 1284 4051 Socrates,
1345 3982 1484 4038 deos
1536 3985 1841 4055 gentilium
1910 3988 2196 4059 negando,

558 4065 1001 4123 Atheniensium
1086 4071 1286 4125 odium
1345 4071 1402 4127 in
1458 4089 1519 4127 se
1600 4075 2006 4147 concitaverat,
2068 4076 2199 4131 hinc

562 4154 959 4212 Tertullianus
1009 4159 1377 4215 continenter
1431 4162 1689 4233 adjecit:
1724 4186 1750 4211 ‹‹
1810 4163 1985 4219 Plane
2034 4164 2197 4235 olim,

560 4242 619 4296 id
649 4247 759 4314 est,
791 4261 1022 4317 semper
1076 4248 1292 4304 veritas
1330 4250 1462 4305 odio
1494 4256 1597 4306 est.
1631 4271 1657 4302 ω
1695 4253 1800 4307 Sed
1835 4253 1893 4307 in
1951 4254 2197 4309 dubium

561 4331 720 4387 haud
749 4349 989 4403 prorsus
1028 4335 1321 4393 immerito
1350 4337 1566 4410 aliquis
1597 4341 1823 4396 vocabit
1848 4345 2045 4397 utrum
2079 4342 2199 4398 hac

560 4420 756 4491 verba,
788 4422 844 4476 id
872 4427 967 4492 est,
999 4440 1233 4496 semper,
1293 4425 1428 4481 huic
1485 4429 1666 4483 textui
1721 4433 1923 4499 postea
1979 4430 2200 4486 inserta

562 4508 701 4565 sint.
759 4513 1049 4574 Quorsum
1103 4514 1281 4586 enim,
1338 4514 1584 4587 inquiet,
1646 4516 1740 4573 his
1802 4519 2195 4574 Tertullianus

2300 575 2485 631 cludit
2514 579 2742 630 tantum
2774 589 2903 630 esse
2961 573 3162 628 odium
3194 571 3480 641 veritatis,
3516 575 3581 626 ut
3627 568 3969 625 Athenien-

2299 680 2393 719 ses
2445 680 2574 719 eam
2624 663 2682 718 in
2732 664 2965 719 Socrate
3016 661 3252 716 ﬁctitios
3302 661 3441 716 deos
3490 664 3792 715 evertente
3824 658 3970 713 odio

2300 753 2631 808 habuerint.
2714 758 2791 808 De
2871 751 3029 805 illius
3087 754 3281 804 autem
3328 749 3829 805 condemnatione
3905 752 3973 801 et

2303 848 2486 898 morte
2515 859 2696 914 supra
2724 841 2783 895 in
2842 839 3244 911 superioribus
3301 837 3826 894 dissertationibus
3880 835 3970 890 ibi

2301 932 2495 987 citatis
2526 929 2956 1003 disputavimus
2987 930 3189 1001 (supra
3220 945 3345 999 cap.
3377 929 3467 997 25,
3496 930 3607 982 art.
3641 927 3719 998 3).

2369 1022 2588 1075 Socrati
2672 1020 2821 1075 duos
2903 1017 3050 1074 alios
3114 1015 3498 1088 philosophos
3548 1014 3974 1070 Tertullianus

2300 1110 2606 1181 conjungit
2680 1108 3001 1180 (Apologet.,
3068 1122 3195 1178 cap.
3248 1106 3335 1172 14,
3394 1120 3527 1177 pag.
3586 1105 3737 1175 355),
3802 1102 3974 1158 Grae-

2302 1214 2434 1253 cum
2483 1213 2667 1252 unum
2720 1196 3054 1268 Diogenem,
3109 1194 3360 1250 alterum
3417 1198 3749 1249 Romanum
3811 1191 3974 1247 Var-

2301 1303 2522 1341 ronem.
2584 1290 2657 1339 At
2744 1284 2958 1339 mirum
3041 1284 3286 1339 fortasse
3341 1282 3609 1353 pluribus
3658 1281 3774 1337 erit
3858 1297 3974 1335 cur

2301 1375 2479 1448 priori
2512 1375 2842 1430 testimonio
2875 1373 3155 1428 adversus
3186 1372 3453 1427 ethnicos
3484 1371 3541 1425 in
3587 1370 3699 1425 hoc
3729 1375 3789 1425 et
3849 1370 3976 1442 prio

2302 1482 2396 1521 mo
2426 1464 2498 1520 ad
2525 1466 2782 1521 Nationes
2832 1461 2981 1517 libro
3038 1461 3122 1517 sic
3179 1462 3440 1533 disputet
3474 1478 3485 1515 :
3520 1461 3812 1531 Diogenes,
3880 1458 3973 1512 in-

2303 1554 2449 1627 quit,
2480 1555 2657 1609 nescio
2686 1551 2815 1625 quid
2846 1552 2905 1606 in
2958 1550 3243 1606 Herculem
3276 1549 3415 1604 ludit
3434 1566 3455 1610 ,°
3512 1548 3571 1603 in
3631 1548 3747 1603 alio
3808 1547 3971 1602 libro

2302 1644 2434 1699 lusit
2465 1641 2589 1714 (lib.
2623 1641 2735 1698 xad
2772 1642 3018 1710 Nation.,
3067 1656 3195 1711 cap.
3256 1639 3343 1706 10,
3397 1653 3530 1709 pag.
3589 1637 3743 1708 576).
3808 1636 3967 1691 Nam

2302 1732 2545 1799 tantine,
2596 1736 2865 1801 arguant,
2927 1727 3200 1801 ponderis
3225 1732 3315 1783 est
3346 1726 3463 1782 hazc
3497 1725 3972 1799 argumentatio,

2304 1825 2369 1875 ut
2397 1819 2575 1890 repeti
2610 1817 2940 1873 meruerit?
2983 1817 3042 1873 Si
3090 1817 3388 1872 nesciebat
3446 1815 3603 1871 enim
3640 1812 3971 1869 Tertullia-

2305 1926 2417 1964 nus
2448 1908 2588 1980 quid
2621 1908 2904 1979 Diogenes
2953 1905 3095 1961 lusit
3125 1907 3183 1960 in
3233 1903 3566 1972 Herculem,
3614 1902 3759 1975 quid
3822 1902 3972 1957 inde

2304 2002 2505 2055 contra
2531 1996 2720 2068 (falsos
2766 1995 3074 2067 gentilium
3133 1995 3272 2049 deos
3323 1994 3609 2049 conﬁcere
3667 1992 3973 2064 poterat?

2307 2085 2446 2151 Quis
2476 2102 2606 2141 vero
2640 2084 2747 2139 iste
2777 2089 2867 2139 est
2901 2085 3181 2155 Diogenes
3209 2082 3236 2137 ?
3298 2081 3467 2137 Dictu
3523 2097 3660 2136 cum
3707 2080 3767 2135 id
3800 2079 3969 2135 difﬁ-

2305 2174 2413 2229 cile
2436 2174 2531 2241 sit,
2565 2174 2801 2243 quidam
2852 2173 3227 2244 suspicantur
3283 2170 3595 2242 legendum
3654 2170 3965 2240 Diagoras,

2307 2264 2406 2335 qui
2436 2264 2672 2334 quidem
2705 2262 2843 2334 quia
2875 2261 2945 2317 ad
2977 2260 3297 2332 coqendam
3338 2276 3562 2315 ccenam
3596 2257 3733 2329 igne
3792 2273 3963 2312 care-

2306 2354 2427 2419 bat,
2458 2353 2528 2407 ab
2560 2350 2822 2406 Herculis
2854 2349 3168 2405 simulacro
3199 2348 3435 2421 petiisse
3473 2346 3839 2419 perhibetur,
3901 2349 3969 2399 ut

2306 2458 2408 2513 pro
2461 2440 2684 2495 decimo
2742 2438 2909 2493 tertio
2969 2438 3287 2493 certamine
3360 2436 3520 2490 illam
3582 2438 3962 2505 excoqueret.

2304 2530 2412 2585 Sed
2446 2529 2581 2583 huic
2610 2527 3002 2583 emendationi
3049 2527 3435 2581 adversantur
3473 2540 3678 2579 omnes
3710 2522 3965 2578 omnino

2306 2616 2551 2673 codices.
2588 2616 2765 2671 Nobis
2796 2616 3010 2686 itaque,
3074 2615 3281 2670 horum
3322 2612 3656 2669 auctoritati
3688 2609 3960 2666 cedenti-

2306 2708 2437 2773 bus,
2472 2705 2639 2761 facile
2661 2704 3108 2776 persuadebitur
3138 2704 3208 2758 ab
3266 2702 3365 2758 illo
3422 2702 3739 2774 Diogenem
3772 2700 3964 2773 Cyni-

2307 2810 2462 2865 cum,
2494 2794 2646 2849 sicut
2675 2792 2909 2847 ibidem.
2942 2791 3263 2847 Varronem
3321 2789 3597 2861 Cynicum
3643 2788 3963 2860 appellari-

2307 2883 2447 2950 Quis
2476 2883 2628 2937 enim
2662 2881 2846 2936 nescit
2876 2886 3163 2953 quantum
3189 2880 3247 2935 in
3271 2879 3503 2935 Luciani
3530 2877 3782 2946 Dialoyis
3813 2878 3963 2933 Her—

2306 2971 2464 3027 cules
2495 2972 2565 3027 ab
2599 2970 2706 3025 hoc
2738 2970 2865 3041 ipso
2898 2970 3148 3040 Diogene
3178 2968 3387 3041 Cynico
3445 2966 3787 3023 derideatur
3816 2970 3959 3035 (Lu-

2305 3061 2457 3116 cian.
2511 3059 2719 3130 Dialog.
2751 3065 2937 3125 mort.,
2979 3058 3070 3127 56,
3103 3074 3231 3128 pag.
3265 3056 3407 3112 137:
3440 3060 3498 3111 et
3554 3059 3730 3111 veter.
3796 3060 3963 3110 auct.

2307 3167 2445 3223 pag.
2490 3151 2608 3219 190)
2640 3148 2667 3203 ‘2
2696 3150 3179 3203 Pretereaexstat
3208 3145 3347 3202 illud
3380 3145 3625 3201 Ausonii
3658 3144 3964 3216 epigram-

2228 3224 2270 3291 C
2310 3258 2425 3308 ma,
2460 3257 2573 3312 quo
2607 3239 2888 3311 Diogenes
2923 3237 3219 3293 Herculem
3251 3241 3419 3293 sectae
3477 3253 3595 3292 sua:
3651 3240 3969 3291 auctorem

2307 3330 2461 3386 haud
2492 3329 2617 3384 sine
2643 3330 2776 3399 joco
2810 3327 3017 3382 fecisse
3046 3326 3299 3381 traditur
3331 3344 3345 3382 :

2412 3446 2631 3491 Inventor
2654 3443 2835 3501 primus
2864 3442 3068 3500 Cynicos
3094 3454 3202 3498 ego.
3232 3444 3351 3495 Quae
3379 3442 3499 3487 ratio
3528 3442 3700 3487 isth
3727 3444 3751 3485 ?

2464 3507 2664 3551 Alcides
2685 3505 2833 3549 multo
2861 3504 3031 3549 dicitur
3052 3517 3163 3549 esse
3193 3505 3338 3562 prior.

2412 3568 2587 3614 Alcide
2616 3567 2905 3624 quomodam
2931 3566 3117 3612 fueram
3142 3566 3341 3611 doctore
3365 3566 3607 3611 secundus
3634 3581 3651 3613 .'

2460 3632 2597 3677 Nunc
2625 3642 2718 3687 ego
2739 3643 2847 3676 sum
2876 3629 3074 3686 Cynicos
3103 3629 3300 3685 primus,
3328 3632 3377 3673 et
3402 3628 3482 3672 ille
3510 3628 3649 3673 deus.

3153 3692 3355 3746 (Auson.
3383 3691 3533 3747 epigr.
3556 3690 3644 3745 28.)

2304 3811 2376 3865 At
2406 3822 2597 3863 nonne
2622 3805 2765 3861 illud
2797 3809 2886 3861 est
2914 3805 3109 3862 nescio
3140 3807 3302 3878 quid,
3353 3807 3507 3877 quod
3548 3804 3961 3862 Tertullianus

2306 3896 2569 3953 Herculis
2600 3894 2965 3951 divinitatem
2994 3895 3065 3950 ab
3087 3895 3195 3950 hoc
3228 3895 3480 3968 Diogene
3520 3895 3755 3950 irrisam
3809 3911 3959 3949 con-

2305 3984 2600 4042 testatur?
2639 3984 2699 4039 Si
2731 3988 2929 4039 tamen
2958 3999 3091 4039 eum
3125 3984 3196 4040 ad
3229 3984 3405 4040 aliam
3463 3984 3747 4056 aliquam,
3770 4001 3808 4039 a
3840 3984 3962 4039 Lu-

2307 4074 2473 4130 ciano
2504 4078 2604 4127 aut
2635 4071 2747 4128 alio
2792 4077 3196 4139 memoratam,
3236 4072 3569 4129 irrisionem
3626 4072 3963 4143 respexisse

2308 4162 2604 4227 ostendas,
2636 4159 2741 4215 tibi
2799 4176 2915 4216 non
2969 4160 3410 4217 reluctabimur.
3444 4162 3722 4228 Quamvis
3780 4177 3961 4232 porro

2306 4251 2451 4306 illud
2482 4251 2663 4306 nescio
2729 4248 2861 4319 quid
2907 4248 3225 4316 vocaverit;
3258 4250 3397 4321 quia
3449 4254 3646 4305 tamen
3702 4249 3962 4304 ethnicis

2308 4341 2736 4411 incompertum
2769 4354 2883 4392 non
2906 4342 3050 4405 erat,
3082 4338 3220 4393 hinc
3246 4339 3526 4394 adversus
3548 4337 3785 4394 illorum
3818 4338 3961 4394 deos

2307 4433 2461 4485 recte
2489 4430 2933 4499 argumentatur
2963 4427 3212 4498 (Dissert.
3256 4428 3319 4483 in
3364 4427 3639 4493 Lactant,
3698 4443 3828 4498 cap.
3860 4427 3957 4494 24,

2310 4521 2419 4574 art.
2453 4518 2526 4589 4).

559 4598 751 4653 verbis
772 4601 1109 4658 adverbium
1142 4604 1276 4660 olim
1305 4604 1710 4677 explicavisset
1739 4606 1766 4660 ?
1795 4606 1997 4663 Nonne
2048 4608 2196 4663 slm-
2224 4593 2273 4658 D
2382 4604 2677 4662 Dubitabit
2707 4603 2946 4659 forsitan
2982 4604 3193 4677 aliquis
3238 4607 3436 4661 utrum
3489 4605 3635 4661 alter
3689 4604 3955 4677 philoso-

561 4683 773 4755 plicius
803 4689 994 4745 dicere
1022 4695 1281 4763 poterat:
1305 4715 1333 4743 «
1351 4694 1594 4767 Semper
1625 4694 1833 4752 veritas
1854 4697 1987 4753 odio
2008 4698 2141 4754 est?
2171 4720 2191 4747 ι

560 4772 707 4837 Quid
749 4777 904 4845 quod
953 4779 1291 4837 adverbium
1331 4784 1463 4837 olim
1526 4800 1628 4855 pro
1677 4782 1881 4855 quovis
1936 4790 2197 4859 tempore

560 4860 945 4933 signiﬁcando
974 4884 1008 4921 a
1045 4868 1285 4941 Virgilio
1318 4873 1594 4940 sumitur,
1630 4873 1729 4928 ubi
1761 4874 1916 4929 canit
1949 4891 1962 4930 :
2006 4898 2033 4925 «
2066 4876 2195 4932 Jam

558 4950 666 5008 tibi
744 4955 1084 5025 praevalidas
1135 4958 1275 5014 olim
1333 4981 1363 5010 ››
1422 4962 1649 5033 (Virgil.
1708 4962 1813 5018 lib.
1876 4980 1915 5019 ιι
1982 4964 2194 5036 Georg,

559 5058 612 5095 v.
650 5040 788 5113 100;
821 5048 876 5099 et
905 5042 1006 5101 lib.
1041 5064 1140 5101 vm
1172 5049 1386 5116 zEneid,
1418 5066 1475 5104 ν.
1502 5050 1629 5118 391)
1660 5068 1676 5119 ;
1736 5050 1793 5106 id
1855 5058 1962 5121 est,
2007 5054 2200 5124 inquit

558 5132 808 5200 Servius,
840 5137 997 5191 omni
1024 5144 1281 5209 tempore.
1323 5137 1584 5194 Posthac
1615 5155 1747 5195 vero
1800 5140 1955 5198 idem
1986 5147 2195 5214 poeta:

564 5242 585 5268 α
622 5224 748 5276 Non
780 5240 947 5280 secus
978 5230 1153 5297 atque
1171 5226 1308 5282 olim
1329 5227 1571 5293 tonitru,
1606 5248 1634 5276 »
1668 5227 1773 5284 hoc
1798 5234 1977 5301 est,ut
2009 5231 2200 5287 adhuc

558 5311 826 5366 observat
848 5314 1079 5370 Servius
1112 5330 1127 5371 :
1159 5338 1185 5364 ‹‹
1219 5317 1359 5371 Fore
1394 5321 1458 5370 ut
1486 5315 1653 5371 solet.
1675 5316 1818 5373 Nam
1842 5336 1958 5374 non
1990 5324 2079 5375 est
2094 5321 2199 5376 ad-

556 5398 820 5454 verbium
852 5403 1133 5475 temporis
1164 5426 1191 5453 ››
1226 5405 1407 5476 (Serv.
1442 5405 1727 5476 pag.5ll).
1756 5409 1959 5464 1112
1985 5408 2198 5464 Verum

562 5503 752 5543 nonne
784 5490 1181 5549 Tertullianus
1203 5493 1391 5550 dicere
1449 5494 1638 5565 potuit
1690 5495 1991 5552 veritatem
2048 5499 2199 5565 olim,

562 5576 843 5633 nimirum
872 5583 1146 5650 Socratis,
1190 5584 1259 5639 de
1283 5600 1398 5654 quo
1429 5583 1798 5654 loquebatur,
1831 5589 2110 5658 tempore,
2144 5592 2202 5644 et

564 5678 671 5717 suo
719 5665 896 5724 etiam
959 5677 1133 5741 atque
1205 5673 1348 5729 adeo
1406 5686 1617 5743 semper
1671 5670 1803 5731 odio
1858 5673 2200 5734 hominibus

2306 4695 2483 4768 phus,
2516 4692 2616 4765 qui
2668 4690 2739 4747 ab
2798 4707 2864 4748 eo
2922 4699 3159 4749 vocatur
3188 4698 3370 4751 Varro
3426 4694 3696 4768 Cynicus,
3757 4694 3811 4751 is
3851 4696 3956 4765 sit,

2305 4784 2476 4854 cuius
2516 4780 2904 4838 eruditionem
2958 4783 3161 4854 tantis,
3231 4788 3296 4840 ut
3351 4783 3628 4855 vidimus,
3674 4783 3957 4840 laudibus

2306 4871 2523 4928 ethnici
2553 4870 2879 4936 cumulant,
2936 4874 3141 4945 totque
3199 4874 3269 4929 de
3327 4873 3707 4945 religionibus
3766 4873 3955 4931 libros

2307 4966 2734 5033 composuerat.
2766 4962 3062 5033 Numquid
3095 4963 3253 5019 enim
3312 4962 3411 5018 ille
3468 4962 3645 5019 etiam
3706 4964 3778 5019 de
3838 4963 3958 5021 diis

2297 5050 2485 5123 jocari
2516 5067 2698 5108 ausus
2728 5053 2859 5109 est?
2890 5053 3102 5117 Quidni
3132 5053 3160 5108 ?
3181 5052 3383 5108 Nonne
3412 5052 3471 5107 in
3526 5052 3800 5109 Auctoris
3854 5070 3958 5109 no-

2306 5140 2412 5196 stri
2465 5140 2537 5195 ad
2592 5141 2844 5198 Nationes
2901 5141 3067 5198 libris
3125 5140 3381 5212 legimus
3412 5157 3479 5197 :«
3532 5141 3780 5198 Romani
3814 5141 3955 5215 styli

2305 5227 2591 5300 Diogenes
2618 5234 2801 5286 Varro
2821 5234 3109 5287 trecentos
3127 5234 3314 5297 Joves,
3340 5229 3459 5287 sive
3479 5230 3772 5303 Jupiteres
3799 5231 3955 5303 (ma-

2308 5318 2595 5390 nuscripti
2626 5319 2814 5377 nostri
2846 5321 3076 5377 codices
3130 5321 3428 5393 Jupiteros)
3486 5321 3802 5378 dicendum
3837 5325 3953 5390 est,

2307 5406 2434 5463 sine
2463 5408 2758 5479 capitibus
2788 5409 3015 5465 inducit
3045 5430 3074 5459 ››
3117 5411 3288 5481 (Tert.
3323 5409 3426 5466 lib.
3459 5428 3479 5467 ι
3507 5411 3579 5466 ad
3632 5412 3757 5467 Nat.
3816 5428 3952 5484 cap.

2307 5497 2395 5566 10,
2428 5514 2559 5568 pag.
2589 5498 2736 5566 576).
2768 5502 2844 5554 At
2882 5499 3175 5571 quomodo
3212 5500 3338 5555 sine
3367 5500 3635 5556 irrisione
3665 5504 3751 5555 tot
3778 5500 3956 5557 Joves

2306 5585 2581 5641 inducere
2613 5587 2801 5658 potuit
2828 5588 2856 5641 ‘l
2885 5588 3087 5644 Nonne
3140 5586 3427 5644 Minucius
3488 5587 3661 5659 Felix,
3720 5589 3957 5644 Tertul-

2307 5672 2533 5733 lianum
2563 5680 2829 5735 nostrum
2860 5675 3018 5736 haud
3075 5676 3251 5734 dubie
3306 5680 3572 5745 secutus,
3628 5677 3777 5735 dixit
3823 5693 3958 5737 esse
