4162 6392
268 347 430 407 1213

1182 351 1257 411 D.
1303 349 1401 412 LE
1446 352 1771 413 NOURRY
1818 352 2474 417 OBSERVATIONES
2518 357 2777 418 ΝονιΕ.

3523 359 3682 422 1214

264 484 345 535 tot
374 481 524 536 Iovi:
556 484 799 535 monstra
829 481 1036 537 1113
1076 486 1203 553 quot
1248 484 1496 538 nomina.
1530 483 1761 540 Videsis
1793 500 1920 555 qua
1950 487 2002 554 Α
2035 484 2355 542 Pharaonis
2414 487 2646 543 familia
2704 488 3026 559 ascriptum
3086 488 3268 545 fuisse
3326 489 3684 561 probaveris.

262 568 328 624 in
386 569 507 625 hac
563 570 742 625 verba
797 569 936 625 alibi
992 572 1515 628 animadvertimus
1574 573 1919 645 (Dissertin

259 670 466 725 Minue.
502 668 708 736 Oetam,
762 685 888 740 cap.
944 670 1029 736 15,
1062 673 1169 725 art.
1222 670 1298 741 2).
1362 670 1641 725 (laterum
1679 671 1919 743 quidam

260 762 478 830 putant
510 758 630 813 hac
661 775 695 814 a
742 757 1000 815 Varrone
1030 759 1188 815 dicta
1219 759 1278 815 in
1324 758 1521 815 satiris
1554 759 1917 832 Menippeis;

262 863 372 904 cur
408 864 524 903 non
585 848 645 903 in
705 846 836 903 aliis
895 849 1024 919 ejus
1081 849 1153 905 de
1209 848 1582 906 ethnicorum
1641 850 1920 922 religione

259 935 452 1008 libris,
486 952 738 1009 quorum
769 941 971 994 tantus
1016 938 1127 994 fuit
1158 939 1488 995 numerus?
1530 938 1640 995 Sed
1675 938 1919 995 ubicun-

262 1042 379 1097 que
438 1026 509 1082 ab
566 1042 633 1082 eo
669 1026 825 1083 dicta
882 1027 1023 1095 sint,
1078 1027 1215 1083 inde
1272 1032 1328 1083 et
1375 1028 1532 1085 lovis
1589 1034 1646 1083 et
1670 1027 1920 1085 aliorum

260 1114 414 1171 falsa
496 1115 774 1171 divinitas
859 1116 1346 1174 manifestissime
1429 1118 1917 1174 demonstratur.

260 1203 621 1261 Persuasum
651 1221 787 1261 vero
818 1204 968 1261 illud
1001 1206 1142 1262 adeo
1190 1206 1304 1262 fuit
1331 1206 1427 1277 iis,
1458 1205 1519 1261 in
1568 1207 1781 1277 quibus
1813 1206 1918 1263 ali-

260 1308 384 1364 qua
413 1293 603 1349 adhuc
643 1298 947 1366 supererat
995 1295 1305 1366 probitatis
1335 1298 1393 1351 et
1441 1295 1733 1367 aquitatis
1764 1295 1918 1352 scin-

260 1380 413 1453 tilla,
446 1385 511 1437 ut
570 1382 843 1438 Liberum
905 1386 1154 1454 patrem,
1214 1384 1369 1440 sicut
1427 1401 1607 1457 supra
1662 1384 1920 1441 vidimus

260 1470 453 1544 (supr.
489 1488 616 1545 cap.
652 1473 739 1539 18,
775 1476 884 1529 art.
917 1472 995 1543 9).
1044 1473 1384 1545 Serapidem
1417 1478 1474 1530 et
1504 1474 1917 1547 Harpocratem

260 1577 400 1617 cum
430 1560 830 1633 Cynocephalo
861 1579 968 1619 suo
996 1563 1232 1635 penitus
1263 1563 1590 1635 rejecerint.
1626 1565 1704 1618 At
1735 1579 1919 1619 unum

260 1650 543 1722 profecto,
575 1650 827 1708 sublatis
856 1651 988 1708 aliis
1032 1652 1306 1709 omnibus
1338 1653 1503 1709 falsis
1550 1652 1919 1721 numinibus,

261 1738 450 1796 Deum
481 1739 943 1813 omnipotentem
973 1739 1162 1797 colere
1193 1741 1503 1799 debebant.

844 1874 1078 1931 CAPUT
1118 1874 1342 1931 XXVII.

263 1961 680 2036 Expenduntur
727 1964 1072 2020 Tertulliani
1119 1972 1467 2035 argumenta,
1514 1964 1709 2036 quibus
1753 1965 1926 2036 falso:

445 2035 737 2107 nullosque
764 2052 877 2091 esse
905 2037 1201 2107 gentilium
1230 2037 1354 2092 deos
1382 2035 1745 2093 demonstrat.

809 2170 1132 2209 ARTICULUS
1172 2170 1352 2209 PRIMO
1362 2172 1390 2211 Β

263 2238 442 2307 Quam
493 2241 715 2311 nefaria
772 2243 947 2311 fuerit
998 2243 1434 2313 provinciarum,
1494 2244 1807 2313 civitatum,
1860 2260 1925 2299 ac

331 2314 637 2385 prasertim
694 2314 1077 2385 ﬁgyptiorum
1133 2316 1438 2385 peculiare:
1490 2315 1614 2369 deos
1642 2316 1751 2370 sibi
1778 2317 1921 2372 ado-

328 2382 531 2453 ptandi
562 2382 845 2439 licentia?
874 2402 1039 2456 quam
1084 2382 1287 2456 parum
1334 2388 1667 2442 verisimilia
1696 2388 1807 2443 sint
1856 2403 1921 2443 ea

333 2468 460 2531 qua:
488 2472 534 2531 a_
583 2455 916 2512 Tertulliano
972 2455 1180 2513 tradita
1237 2462 1364 2513 sunt
1406 2459 1485 2531 (de
1539 2460 1770 2531 Josepho
1815 2476 1919 2531 pa-

330 2526 603 2603 triarcha,
638 2535 698 2603 et,
713 2532 903 2584 utrum
931 2530 1190 2603 zEgyptii
1217 2546 1338 2585 cum
1388 2526 1672 2603 Serapidis
1696 2526 1922 2587 nomine

328 2596 487 2653 deum
514 2598 765 2675 ᾴίωθνίῃι
811 2604 862 2675 et
909 2596 1225 2657 coluerint:
1276 2618 1389 2675 quor
1426 2596 1559 2675 jure
1600 2603 1803 2659 abillo
1832 2604 1918 2659 di-

327 2670 644 2746 caturdeus
700 2672 884 2744 Syriae
939 2675 1203 2741 Astartes,
1262 2670 1483 2732 Arabiae
1537 2677 1783 2746 Disares,
1814 2677 1919 2732 Νο-

330 2744 747 2870 νίείειῌειιτιιιε,
778 2746 985 2817 Africae
1030 2747 1291 2819 Calcatis,
1338 2751 1394 2804 et
1438 2748 1524 2804 dii
1562 2744 1921 2806 Mauritaniae

332 2832 469 2870 reau
496 2833 517 2870 ι
546 2833 656 2870 sui.

332 2832 517 2887 reguu
546 2833 656 2873 sui.

333 2938 507 2994 Aliud
540 2940 1053 2998 evidentissimum
1103 2944 1358 3015 profecto
1411 2943 1570 3000 falsa
1619 2943 1921 3017 religionis

262 3034 681 3101 argumentum
714 3037 802 3087 est
824 3033 960 3089 data
982 3033 1316 3089 civitatibus
1342 3038 1400 3090 et
1422 3034 1656 3107 populis
1686 3034 1922 3091 licentia

261 3118 591 3190 quemlibet
621 3121 820 3193 deum,
853 3123 1078 3179 cateris
1125 3123 1336 3195 sapius
1384 3124 1771 3196 incognitum,
1805 3123 1919 3179 sibi

2032 573 2179 629 falsa
2229 576 2457 631 videtur
2505 576 2626 631 hac
2673 577 3017 632 Tertulliani
3070 578 3286 649 opinio.
3336 579 3449 634 Nec
3486 580 3685 636 verius

2031 668 2119 719 est
2149 665 2303 735 quod
2337 666 2664 738 subjunxit,
2696 683 2829 722 eum
2860 684 2892 722 a
2922 668 3115 738 regina
3146 669 3333 723 minus
3359 668 3564 740 pudica
3592 668 3685 725 de-

2028 753 2358 826 sideratum,
2394 760 2570 827 atque
2603 756 2661 811 in
2707 772 2995 813 carcerem
3049 757 3266 813 idcirco
3317 759 3471 830 regis
3506 760 3680 829 jussu

2031 849 2396 902 contrusum.
2429 847 2554 902 Non
2587 847 2743 903 enim
2793 865 2826 903 a
2857 848 3079 920 regina,
3130 849 3231 904 sed
3282 866 3315 905 a
3345 849 3681 922 Putipbaris

2032 951 2229 1005 uxore,
2264 936 2348 991 uti
2380 935 2439 991 in
2474 937 2675 992 eodem
2725 953 2892 993 sacro
2922 936 3071 993 libro
3122 942 3413 1009 narratur,
3448 940 3519 994 ad
3553 943 3677 995 stu-

2030 1040 2205 1097 prum
2236 1024 2584 1082 sollicitatus
2614 1026 2748 1097 fuit,
2774 1031 2831 1082 et
2862 1044 2896 1083 a
2926 1028 3163 1099 decepto
3196 1028 3510 1099 Putipbare
3538 1044 3681 1085 con-

2020 1114 2215 1184 jectus
2246 1114 2305 1169 in
2339 1114 2589 1171 vincula.
2640 1120 2949 1173 Asseverat
2996 1117 3238 1189 insuper
3282 1116 3682 1173 Tertullianus

2029 1204 2349 1276 Josephum
2382 1204 2675 1277 accepisse
2708 1206 2766 1260 in
2820 1206 3262 1263 matrimonium
3316 1206 3495 1262 ﬁliam
3529 1207 3682 1279 regis

2029 1293 2373 1364 Pharaonis,
2408 1295 2576 1365 cujus
2609 1294 2836 1352 somnia
2885 1295 3287 1367 explicaverat.
3340 1296 3516 1352 Sacra
3545 1312 3679 1351 vero

2031 1383 2335 1455 Scriptura
2367 1385 2517 1453 (Gen.
2574 1400 2687 1455 xm,
2735 1386 2847 1457 50),
2908 1389 2964 1441 et
3017 1385 3311 1457 Josephus
3370 1384 3681 1441 historicus

2030 1473 2290 1545 (Joseph.
2353 1472 2463 1529 loc.
2525 1473 2646 1545 cit.)
2698 1474 2975 1530 certiores
3034 1492 3139 1531 nos
3199 1475 3422 1531 faciunt
3479 1474 3680 1530 abillo

2028 1562 2285 1635 Josepbo
2318 1563 2652 1635 patriarcha
2690 1565 2925 1620 ductam
2974 1565 3251 1637 Aseneth,
3300 1564 3483 1622 filiam
3516 1565 3679 1621 Puti-

2030 1650 2231 1724 pharis
2254 1651 2661 1725 Heliopolitani
2702 1654 3036 1710 sacerdotis.

2101 1760 2365 1833 Denique
2398 1759 2664 1818 nonnulli
2696 1761 2948 1828 veritati,
2971 1762 3031 1817 in
3064 1762 3271 1818 iisdem
3304 1761 3596 1820 Geneseos
3627 1766 3685 1819 et

1951 1848 2270 1932 BJosephi
2319 1850 2487 1906 libris
2543 1851 2791 1919 traditae,
2844 1850 2989 1907 illud
3048 1868 3373 1924 repugnare
3418 1857 3681 1920 censent,

2036 1940 2191 2009 quod
2222 1944 2438 1995 Auctor
2469 1945 2666 1996 noster
2693 1941 2905 2010 adiecit
2930 1957 2941 1995 :
2969 1964 2996 1991 ‹‹
3028 1942 3245 2013 Joseph
3276 1942 3685 2017 expedimenta

2034 2030 2104 2084 de
2126 2044 2354 2084 carcere
2374 2029 2624 2096 edocuit,
2648 2030 2945 2085 somnium
2966 2030 3089 2103 regi
3112 2031 3341 2103 aperuit
3364 2054 3391 2081 »
3409 2030 3679 2104 (Tertull.

2033 2116 2134 2172 lib.
2170 2134 2229 2185 II,
2263 2117 2333 2173 ad
2362 2119 2613 2188 Nation.,
2646 2135 2694 2173 c.
2729 2119 2806 2190 8).
2839 2118 3102 2175 Emissus
3132 2119 3423 2191 siquidem
3453 2135 3523 2175 ex
3553 2136 3681 2175 car-

2034 2222 2162 2261 cere
2195 2207 2399 2273 fuerat,
2456 2223 2587 2262 cum
2637 2207 2791 2280 regis
2840 2208 3069 2263 somnia
3118 2208 3537 2280 interpretatus
3570 2212 3678 2264 est.

2032 2294 2233 2351 Nonne
2263 2300 2457 2351 tamen
2490 2296 2583 2352 his
2637 2296 2831 2352 verbis
2880 2296 3138 2352 indicare
3197 2297 3386 2369 potuit
3427 2298 3678 2353 duorum

2031 2383 2354 2440 Pharaonis
2411 2385 2815 2441 cunuchorum
2864 2386 3116 2453 somnia,
3177 2403 3303 2458 qua
3352 2403 3551 2442 revera
3578 2402 3677 2441 ex-

2032 2473 2267 2545 plicavit
2300 2474 2355 2528 in
2405 2491 2657 2545 carcere,
2718 2481 2895 2548 atque
2950 2476 3430 2548 explicandorum
3474 2481 3680 2548 postea

2030 2564 2294 2635 ejusdem
2327 2564 2648 2621 Pharaonis
2678 2566 3043 2621 somniorum
3093 2567 3385 2622 dederunt
3415 2565 3677 2622 occasio-

2030 2671 2164 2710 nem
2193 2653 2221 2708 ?
2250 2656 2383 2720 Qua
2415 2671 2590 2727 porro
2638 2672 2812 2711 sacra
2858 2656 3171 2729 Scriptura
3212 2656 3505 2713 contraria
3534 2656 3675 2711 Ter-

2028 2743 2315 2800 tullianus
2348 2744 2543 2814 refert,
2602 2744 2723 2800 hac
2753 2744 2989 2818 scripsit
3043 2745 3103 2801 in
3135 2745 3260 2802 solo
3318 2746 3389 2802 ad
3415 2747 3675 2803 Nationes

2028 2832 2201 2903 libro,
2248 2839 2306 2889 et
2350 2833 2410 2889 in
2467 2835 2809 2907 Apologetico
2858 2836 3094 2907 penitus
3152 2835 3371 2891 omisit.
3432 2838 3565 2902 Qua
3598 2834 3676 2891 sit

2030 2928 2228 2979 autem
2260 2924 2439 2996 hujus
2474 2926 2997 2996 ‘pratermissionis
3046 2942 3243 2996 causa,
3296 2930 3493 2980 utrum
3536 2926 3675 2995 quia

2030 3013 2270 3068 omnino
2299 3030 2436 3069 vera
2465 3030 2580 3069 non
2612 3029 2741 3070 esse
2785 3014 3220 3085 animadvertit,
3272 3015 3406 3085 quis
3435 3013 3679 3070 deﬁnire

2032 3103 2291 3158 audeat?
2321 3102 2606 3159 Caeterum
2628 3120 2695 3158 ea
2725 3104 2967 3159 forsitan
2991 3104 3270 3159 hauserat
3291 3120 3359 3159 ex
3385 3102 3678 3175 corruptis

260 3206 578 3305 adoptandi
602 3224 668 3263 ac
690 3190 937 3265 colendi.
962 3214 1036 3265 At
1063 3190 1263 3267 multa
1281 3190 1588 3284 gentilium
1608 3190 1919 3283 provincia
1952 3237 1995 3305 α
2028 3192 2315 3305 ξοῐῖξίδυες
2365 3192 2491 3305 Πιξξῖ
2523 3191 3090 3305 ᾖίξτξιῖξοβεῃξεξοξῖτξξ
3136 3193 3397 3305 ηΔοῬίΡξν
3434 3190 3678 3305 3:313“

257 3299 314 3351 et
344 3293 606 3352 civitates
634 3302 880 3371 sumptos
924 3316 1027 3372 pro
1073 3280 1333 3372 libidine,
1387 3301 1469 3357 ait
1517 3280 1916 3358 Tertullianus
1952 3280 1995 3305 υ
2027 3283 2264 3372 sapius;
2294 3282 2353 3337 in
2385 3281 2493 3337 h°°
2522 3280 2670 3338 libro
2714 3281 3117 3354 άθδοτίδθηάοι
3162 3298 3388 3339 arma“
3429 3283 3676 3338 demon‘

257 3389 487 3457 noster,
504 3402 616 3441 non
642 3404 745 3460 pro
789 3392 989 3445 notitia
1036 3391 1305 3461 veritatis,
1357 3391 1499 3462 deos,
1532 3394 1634 3446 aut
1683 3390 1757 3446 ab
1787 3390 1918 3448 aliis

256 3475 525 3547 rejectos,
557 3483 661 3533 aut
690 3478 807 3535 illis
830 3478 1161 3553 incognitos
1183 3481 1617 3536 venerabantur
1648 3479 1914 3552 (Tertull.

256 3565 507 3637 Apolog.,
540 3584 667 3640 cap.
690 3568 782 3635 24,
816 3584 872 3640 p.
907 3568 1012 3624 417
1041 3573 1098 3624 et
1127 3568 1229 3625 lib.
1266 3587 1329 3641 ιι,
1361 3586 1430 3641 ap
1459 3571 1709 3637 Notium,
1751 3586 1803 3626 c.
1835 3570 1914 3641 8).

254 3658 554 3731 Egyptios
587 3669 785 3715 autem
818 3657 899 3714 ibi
931 3659 1222 3730 pracipue
1253 3658 1573 3731 redarguit,
1628 3658 1729 3731 qui
1763 3659 1917 3714 sicut

255 3744 315 3801 in
339 3745 470 3804 aliis
494 3748 712 3805 nostris
737 3746 1253 3804 dissertationibus
1276 3748 1643 3804 ostendimus
1663 3748 1913 3820 (Dissert.

256 3837 317 3891 in
342 3837 617 3908 Lactant,
649 3854 700 3894 ο.
734 3838 825 3904 34,
858 3841 966 3893 art.
998 3840 1034 3891 2
1065 3841 1121 3893 et
1150 3838 1260 3892 loc.
1293 3837 1375 3892 ibi
1399 3837 1544 3908 cit.),
1577 3841 1700 3892 tam
1732 3837 1916 3910 impia

256 3940 434 3995 quam
465 3927 721 3983 absurda
751 3925 1169 3997 superstitione
1201 3943 1315 3981 non
1355 3924 1547 3981 solum
1578 3941 1713 3981 oves
1743 3925 1913 3982 alias-

256 4030 369 4085 que
399 4015 622 4071 bestias
675 4015 1119 4083 consecrabant,
1171 4015 1273 4070 sed
1321 4014 1455 4070 illos
1514 4014 1691 4070 etiam
1722 4016 1914 4087 capite

254 4102 637 4174 damnabant,
679 4103 782 4176 qui
834 4101 1092 4175 aliquem
1150 4101 1497 4173 hujusmodi
1554 4103 1729 4158 deum
1762 4103 1913 4159 occi-

252 4191 494 4248 dissent.
528 4193 779 4264 Accepta
833 4195 1031 4246 autem
1092 4190 1201 4246 hac
1242 4207 1341 4247 eos
1391 4191 1707 4263 adoptandi
1738 4192 1913 4248 liber-

248 4285 385 4354 tate,
419 4282 694 4355 Egyptii,
728 4280 921 4352 inquit
962 4279 1383 4348 Tertullianus,
1419 4281 1504 4336 sic
1550 4281 1720 4337 abusi
1749 4286 1910 4354 sunt,

253 4379 315 4428 ut
343 4371 668 4445 Josephum
703 4370 1101 4427 Patriarcham
1133 4370 1435 4443 Serapidis
1466 4370 1704 4427 nomine
1734 4372 1909 4427 deum

252 4461 495 4518 fecerint
522 4459 794 4532 (Tertull.
826 4459 937 4517 loc.
970 4459 1118 4529 cit.).
1164 4460 1275 4516 Sed
1326 4460 1515 4516 multa
1543 4460 1624 4516 ibi
1655 4460 1753 4516 ille
1782 4465 1912 4516 tur-

251 4551 349 4607 bat
379 4554 553 4623 atque
584 4550 666 4607 ita
696 4565 859 4620 sane,
910 4553 976 4605 nt
1021 4550 1238 4605 mirum
1296 4550 1568 4605 videatur
1617 4551 1910 4621 quomodo

2026 3371 2323 3428 straveris.

2095 3459 2242 3517 Vero
2273 3460 2471 3532 itaque
2502 3459 2755 3517 similius
2798 3460 3000 3517 Vossio
3049 3460 3194 3516 illud
3225 3460 3458 3517 videtur
3505 3459 3628 3533 (lib.
3660 3476 3675 3514 ι

2023 3549 2088 3606 de
2118 3550 2330 3621 Origin.
2364 3553 2414 3607 et
2444 3556 2727 3620 Progress.
2763 3549 2922 3619 idol.,
2957 3567 3006 3606 ο.
3036 3551 3127 3623 29)
3166 3552 3321 3623 quod
3352 3549 3450 3607 ille
3481 3550 3675 3606 adhuc

2024 3645 2259 3697 enarrat
2314 3641 2612 3713 [Egyptios
2650 3681 2667 3710 ,
2724 3644 2856 3713 post
2910 3640 3108 3712 fruges
3166 3640 3280 3696 sibi
3333 3658 3367 3695 a
3420 3639 3673 3711 Josepho

2023 3730 2197 3786 famis
2223 3733 2485 3802 tempore
2507 3728 3005 3800 subministratas,
3033 3730 3283 3799 jussisse
3312 3729 3373 3785 in
3395 3730 3544 3785 tanti
3577 3730 3672 3785 be-

2024 3819 2216 3876 neﬁcii
2248 3820 2590 3875 memoriam
2623 3835 2689 3874 ac
2720 3818 3050 3891 symbolum
3082 3818 3159 3875 ali
3206 3837 3239 3875 a
3269 3819 3673 3875 sacerdotibus

2022 3910 2251 3981 bovem,
2313 3925 2488 3982 quem
2546 3908 2803 3981 primum
2863 3907 3039 3979 civili,
3095 3912 3153 3964 et
3209 3907 3418 3964 deinde
3473 3907 3671 3962 divino

2022 3997 2183 4055 cultu
2239 3998 2693 4055 honoraverunt.
2749 3998 2823 4052 At
2876 4001 3106 4054 constat
3161 4013 3300 4053 sane
3347 3997 3550 4052 bovem
3596 3995 3668 4050 ab

2020 4086 2230 4143 iisdem
2256 4087 2539 4160 [Egyptiis
2564 4086 2779 4142 factum
2802 4102 2933 4142 esse
2953 4087 3126 4141 deum
3160 4085 3353 4157 Apim,
3376 4089 3434 4141 et
3462 4084 3671 4140 exinde

2022 4177 2310 4249 Serapim,
2369 4178 2440 4232 de
2497 4192 2612 4248 quo
2671 4176 2941 4230 Ruffinus
2999 4174 3125 4246 (lib.
3184 4192 3226 4230 ιι
3272 4176 3470 4231 Histor.
3520 4174 3666 4231 Eccl.

2021 4282 2069 4321 c.
2103 4266 2218 4337 23),
2249 4269 2307 4320 et
2340 4282 2444 4321 nos
2476 4264 2611 4320 alibi
2656 4264 2820 4335 (tom.
2853 4264 2876 4317 Ι
2923 4264 3208 4336 Apparat.,
3239 4281 3296 4337 p.
3348 4264 3528 4335 1090).
3562 4263 3671 4319 Ce-

2018 4353 2401 4410 leberrimum
2461 4369 2694 4425 quoque
2750 4352 3113 4409 Alexandria
3183 4353 3526 4410 fabricatum
3581 4356 3671 4409 est

2020 4445 2200 4517 hujus
2227 4445 2521 4517 Serapidis
2570 4445 2976 4513 simulacrum,
3018 4446 3090 4503 de
3138 4462 3251 4519 quo
3296 4446 3452 4503 idem
3484 4446 3665 4503 Rufti-

2020 4553 2171 4593 nus:
2212 4556 2234 4585 α
2268 4535 2470 4607 Cujus,
2502 4534 2713 4606 inquit,
2747 4535 2922 4607 capiti
2971 4536 3204 4593 modius
3235 4535 3665 4609 superpositus,

252 4642 339 4698 vir
366 4641 424 4696 in
454 4615 639 4698 sacris
694 4615 1015 4712 Scripturis
1073 4638 1339 4711 apprime
1396 4615 1684 4712 versatus,
1739 4615 2074 4713 pluraDet
2102 4624 2343 4696 (Ιυίάθω
2395 4624 2457 4679 in
2506 4625 2786 4679 honorem
2845 4624 3030 4680 “03m
3075 4624 3292 4699 Joseph
3350 4626 3667 4682 formatum

253 4730 368 4787 illis
399 4747 541 4788 sane
572 4728 859 4804 opposita,
893 4727 1064 4785 nobis
1092 4728 1372 4785 venditet.

321 4816 585 4876 Primum
642 4818 799 4875 enim
852 4817 1180 4890 Josephus,
1241 4817 1436 4889 inquit
1481 4816 1577 4873 ille
1635 4816 1904 4888 (Tertull.

253 4909 352 4965 lib.
386 4927 431 4966 ιι
458 4910 698 4981 adNat.,
723 4926 777 4966 c.
807 4910 887 4981 8),
910 4908 1136 4964 cateris
1167 4908 1450 4963 fratribus
1470 4907 1905 4979 (Benjaminum

252 4998 511 5069 excipere
538 4998 811 5069 debebat)
844 4998 1047 5069 junior
1090 4997 1151 5052 in
1198 4997 1443 5069 Egypto
1490 4998 1904 5069 venumdatus,

251 5087 308 5143 in
339 5087 660 5143 Pharaonis
690 5086 1087 5159 Egyptiorum
1138 5086 1295 5157 regis
1344 5085 1565 5142 familia
1595 5086 1901 5144 serviebat.

245 5180 315 5234 At
342 5177 589 5233 inlibro
646 5180 938 5234 Geneseos
996 5176 1151 5248 (Gen.
1209 5194 1422 5247 xxxvn,
1478 5178 1543 5232 18
1600 5182 1659 5233 et
1708 5178 1818 5247 36;
1849 5182 1907 5237 ct

250 5283 575 5339 c.xxx1x,v.
603 5267 630 5323 1
655 5269 712 5323 et
728 5267 915 5339 seqq.)
932 5264 1186 5337 legimus
1203 5264 1374 5323 illum
1397 5265 1700 5323 venditum
1722 5267 1904 5323 fuisse

248 5358 599 5429 Madianitis,
632 5360 689 5414 et
713 5356 785 5412 ab
807 5355 901 5412 his
925 5355 1248 5428 Putipbari,
1278 5354 1548 5412 eunucho
1580 5355 1903 5413 Pharaonis

251 5454 306 5506 et
337 5448 592 5505 militum
625 5446 928 5518 magistro,
961 5445 1057 5502 cui
1086 5463 1287 5503 revera
1336 5446 1595 5517 servivit,
1628 5446 1813 5503 donec
1842 5446 1903 5503 in

256 5556 541 5597 carcerem
572 5538 926 5594 mitteretur.
959 5536 1084 5593 Nisi
1124 5553 1262 5609 ergo
1292 5536 1451 5594 hunc
1498 5535 1899 5607 Putipbarem,

260 5629 394 5701 quia
421 5630 677 5703 Josepho
733 5626 1010 5705 Πετεφρὴς
1058 5632 1303 5685 vocatur
1352 5626 1614 5701 (Joseph.
1647 5626 1693 5688 Ι.
1719 5643 1762 5683 ιι
1791 5628 1903 5685 An-

261 5719 439 5791 tiquit.
468 5719 716 5791 Judaic.,
747 5734 800 5776 c.
829 5718 885 5790 3,
916 5735 975 5791 p.
1023 5718 1095 5775 39
1125 5722 1183 5777 et
1226 5718 1434 5791 seqq.),
1491 5718 1702 5778 1114
1730 5717 1902 5792 regis!

2014 4714 2347 4787 perhibent,
2376 4715 2449 4770 ob
2508 4713 2937 4771 dimensionem
2985 4715 3284 4786 frumenti,
3338 4733 3452 4788 quo
3492 4714 3667 4772 famis

2012 4808 2275 4874 tempore
2304 4803 2574 4859 subvenit
2617 4802 2922 4875 Egyptiis.
2973 4826 3001 4855 »
3034 4805 3267 4862 Rufflno
3312 4806 3670 4879 suffragatur

2014 4893 2228 4949 Suidas
2257 4892 2505 4964 (Suidas,
2540 4893 2611 4948 ad
2644 4909 2677 4948 v
2722 4890 3007 4966 Σάραπις),
3040 4911 3145 4951 nec
3193 4900 3438 4968 uterque
3466 4900 3666 4953 tamen

2014 4982 2251 5039 difﬁteri
2280 4982 2474 5055 potuit
2503 4981 2649 5039 alias
2680 4981 2863 5040 fuisse
2896 4984 3144 5041 aliorum
3176 4985 3502 5059 Opiniones.
3718 4972 3726 4983 ⁴

2083 5091 2169 5146 Ab
2198 5089 2485 5163 [Egyptiis
2540 5092 2758 5146 Auctor
2814 5095 3015 5148 noster
3060 5094 3133 5149 ad
3191 5094 3335 5151 alios
3374 5093 3666 5150 delabitur

2012 5179 2280 5253 populos,
2312 5180 2413 5251 qui
2444 5196 2561 5236 non
2604 5179 2828 5237 minore
2860 5181 3101 5239 licentia
3146 5184 3287 5239 deos
3318 5182 3662 5255 peculiares,

2014 5268 2146 5325 aliis
2177 5287 2241 5326 ac
2300 5270 2627 5341 praesertim
2660 5271 2938 5327 Romanis
2982 5272 3335 5345 incognitos,
3366 5271 3479 5327 sibi
3511 5270 3660 5327 asci-

2009 5364 2253 5416 verant:
2290 5382 2317 5410 «
2350 5359 2556 5426 Quanti
2607 5360 2901 5416 enimvero
2946 5365 3102 5431 sunt,
3151 5360 3367 5434 inquit,
3420 5361 3521 5434 qui
3551 5377 3660 5417 no-

2010 5448 2130 5505 rint
2157 5449 2288 5505 visu
2339 5450 2425 5505 vel
2474 5449 2677 5506 auditu
2710 5449 2842 5522 quis
2902 5450 3217 5523 unicuique
3266 5451 3571 5525 provincia
3603 5454 3661 5507 et

2011 5538 2227 5594 civitati
2259 5556 2405 5595 suus
2435 5542 2525 5595 est
2552 5539 2719 5607 deus,
2752 5543 2817 5594 ut
2844 5539 3019 5611 Syria
3046 5543 3357 5597 Astartes»
3393 5539 3657 5612 (Tertull.

2010 5628 2286 5700 Apologet.
2314 5644 2364 5684 c.
2393 5628 2483 5699 24,
2515 5645 2571 5701 p.
2607 5627 2732 5696 418)
2762 5627 3170 5703 (manuscripti
3213 5631 3399 5688 nostri
3425 5630 3656 5687 codices

2009 5717 2308 5793 Aduartes)
2334 5716 2396 5775 in
2423 5716 2572 5775 libro
2603 5716 2676 5774 ad
2713 5717 3012 5790 Nationes,
3054 5720 3341 5795 Atagartis
3386 5721 3656 5795 Syrorum
