  <div class='ocr_page' id='page_1' title='image "/cluster/home/n/w/nwhite01/storage/ocr_20150623/1/umn.31951002477295j/611.png"; bbox 0 0 4162 6396; ppageno 0'>
   <div class='ocr_carea' id='block_1_1' title="bbox 601 378 761 438">
    <p class='ocr_par' dir='ltr' id='par_1_1' title="bbox 601 378 761 438">
     <span class='ocr_line' id='line_1_1' title="bbox 601 378 761 438; baseline 0.013 -2"><span class='ocrx_word' id='word_1_1' title='bbox 601 378 761 438; x_wconf 75' lang='grc'><strong>1215</strong></span> 
     </span>
    </p>
   </div>
   <div class='ocr_carea' id='block_1_2' title="bbox 1122 371 3467 453">
    <p class='ocr_par' dir='ltr' id='par_1_2' title="bbox 1122 371 3467 453">
     <span class='ocr_line' id='line_1_2' title="bbox 1122 371 3467 453; baseline -0.003 -15"><span class='ocrx_word' id='word_1_2' title='bbox 1122 379 1650 442; x_wconf 80' lang='lat' dir='ltr'>TERTULLIANI</span> <span class='ocrx_word' id='word_1_3' title='bbox 1694 379 2017 442; x_wconf 74' lang='lat' dir='ltr'>OPERUM</span> <span class='ocrx_word' id='word_1_4' title='bbox 2065 379 2266 440; x_wconf 79' lang='lat' dir='ltr'>PARS</span> <span class='ocrx_word' id='word_1_5' title='bbox 2309 378 2355 441; x_wconf 87' lang='grc' dir='ltr'><strong>ι.</strong></span> <span class='ocrx_word' id='word_1_6' title='bbox 2389 410 2464 422; x_wconf 92' lang='lat'>—-</span> <span class='ocrx_word' id='word_1_7' title='bbox 2495 377 2769 438; x_wconf 81' lang='lat' dir='ltr'>SERIES</span> <span class='ocrx_word' id='word_1_8' title='bbox 2815 377 2862 453; x_wconf 90' lang='lat' dir='ltr'>l,</span> <span class='ocrx_word' id='word_1_9' title='bbox 2907 371 3467 435; x_wconf 80' lang='lat' dir='ltr'>APOLOGETICA.</span> 
     </span>
    </p>
   </div>
   <div class='ocr_carea' id='block_1_3' title="bbox 3849 365 4015 426">
    <p class='ocr_par' dir='ltr' id='par_1_3' title="bbox 3849 365 4015 426">
     <span class='ocr_line' id='line_1_3' title="bbox 3849 365 4015 426; baseline -0.012 0"><span class='ocrx_word' id='word_1_10' title='bbox 3849 365 4015 426; x_wconf 68' lang='lat'>1116</span> 
     </span>
    </p>
   </div>
   <div class='ocr_carea' id='block_1_4' title="bbox 601 499 4013 579">
    <p class='ocr_par' dir='ltr' id='par_1_4' title="bbox 601 499 4013 579">
     <span class='ocr_line' id='line_1_4' title="bbox 601 499 4013 579; baseline -0.003 -16"><span class='ocrx_word' id='word_1_11' title='bbox 601 508 725 579; x_wconf 99' lang='lat' dir='ltr'>(lib.</span> <span class='ocrx_word' id='word_1_12' title='bbox 761 524 801 563; x_wconf 89' lang='grc' dir='ltr'>ιι</span> <span class='ocrx_word' id='word_1_13' title='bbox 832 508 904 562; x_wconf 87' lang='lat' dir='ltr'>ad</span> <span class='ocrx_word' id='word_1_14' title='bbox 957 510 1201 576; x_wconf 87' lang='lat' dir='ltr'>Nation.,</span> <span class='ocrx_word' id='word_1_15' title='bbox 1235 527 1286 566; x_wconf 93' lang='lat' dir='ltr'>c.</span> <span class='ocrx_word' id='word_1_16' title='bbox 1345 512 1400 579; x_wconf 92' lang='grc'>8)</span> <span class='ocrx_word' id='word_1_17' title='bbox 1421 511 1450 567; x_wconf 77' lang='lat' dir='ltr'>‘t</span> <span class='ocrx_word' id='word_1_18' title='bbox 1503 513 1639 576; x_wconf 77' lang='lat' dir='ltr'>Quae</span> <span class='ocrx_word' id='word_1_19' title='bbox 1693 511 1863 568; x_wconf 77' lang='lat' dir='ltr'>lectio</span> <span class='ocrx_word' id='word_1_20' title='bbox 1908 509 2235 566; x_wconf 82' lang='lat' dir='ltr'>confirmari</span> <span class='ocrx_word' id='word_1_21' title='bbox 2269 512 2324 577; x_wconf 73' lang='grc' dir='ltr'><strong>Α</strong></span> <span class='ocrx_word' id='word_1_22' title='bbox 2354 509 2696 565; x_wconf 71' lang='lat' dir='ltr'>Mauritaniae</span> <span class='ocrx_word' id='word_1_23' title='bbox 2724 507 2914 576; x_wconf 83' lang='lat' dir='ltr'>reguli</span> <span class='ocrx_word' id='word_1_24' title='bbox 2934 507 3044 562; x_wconf 87' lang='lat' dir='ltr'>sui.</span> <span class='ocrx_word' id='word_1_25' title='bbox 3077 509 3152 560; x_wconf 79' lang='lat' dir='ltr'>At</span> <span class='ocrx_word' id='word_1_26' title='bbox 3172 502 3468 560; x_wconf 87' lang='lat' dir='ltr'>Minucius</span> <span class='ocrx_word' id='word_1_27' title='bbox 3489 500 3648 558; x_wconf 79' lang='lat' dir='ltr'>Felix</span> <span class='ocrx_word' id='word_1_28' title='bbox 3669 503 3730 557; x_wconf 86' lang='lat' dir='ltr'>et</span> <span class='ocrx_word' id='word_1_29' title='bbox 3761 499 4013 556; x_wconf 87' lang='lat' dir='ltr'>Lactan-</span> 
     </span>
    </p>
   </div>
   <div class='ocr_carea' id='block_1_5' title="bbox 601 597 2237 673">
    <p class='ocr_par' dir='ltr' id='par_1_5' title="bbox 601 597 2237 673">
     <span class='ocr_line' id='line_1_5' title="bbox 601 597 2237 673; baseline 0.001 -22"><span class='ocrx_word' id='word_1_30' title='bbox 601 603 792 667; x_wconf 89' lang='lat' dir='ltr'>potcst</span> <span class='ocrx_word' id='word_1_31' title='bbox 823 597 914 652; x_wconf 89' lang='lat' dir='ltr'>his</span> <span class='ocrx_word' id='word_1_32' title='bbox 948 597 1116 652; x_wconf 86' lang='lat' dir='ltr'>Plinii</span> <span class='ocrx_word' id='word_1_33' title='bbox 1164 601 1352 655; x_wconf 83' lang='lat' dir='ltr'>verbis</span> <span class='ocrx_word' id='word_1_34' title='bbox 1384 618 1399 654; x_wconf 86' lang='lat'><strong>:</strong></span> <span class='ocrx_word' id='word_1_35' title='bbox 1449 624 1474 650; x_wconf 85' lang='lat'><strong>«</strong></span> <span class='ocrx_word' id='word_1_36' title='bbox 1510 601 1665 673; x_wconf 85' lang='lat' dir='ltr'>Syris</span> <span class='ocrx_word' id='word_1_37' title='bbox 1714 619 1844 656; x_wconf 89' lang='lat' dir='ltr'>vero</span> <span class='ocrx_word' id='word_1_38' title='bbox 1890 601 2118 672; x_wconf 91' lang='lat' dir='ltr'>Magog.</span> <span class='ocrx_word' id='word_1_39' title='bbox 2153 599 2237 654; x_wconf 91' lang='lat' dir='ltr'>Ibi</span> 
     </span>
    </p>
   </div>
   <div class='ocr_carea' id='block_1_6' title="bbox 600 685 2234 758">
    <p class='ocr_par' dir='ltr' id='par_1_6' title="bbox 600 685 2234 758">
     <span class='ocr_line' id='line_1_6' title="bbox 600 685 2234 758; baseline 0.002 -20"><span class='ocrx_word' id='word_1_40' title='bbox 600 685 936 756; x_wconf 75' lang='lat' dir='ltr'>prodigiosa</span> <span class='ocrx_word' id='word_1_41' title='bbox 964 688 1275 758; x_wconf 85' lang='lat' dir='ltr'>Atagartis,</span> <span class='ocrx_word' id='word_1_42' title='bbox 1309 688 1520 744; x_wconf 76' lang='lat' dir='ltr'>Graecis</span> <span class='ocrx_word' id='word_1_43' title='bbox 1543 694 1736 744; x_wconf 88' lang='lat' dir='ltr'>autem</span> <span class='ocrx_word' id='word_1_44' title='bbox 1763 690 1999 745; x_wconf 85' lang='lat' dir='ltr'>Derceto</span> <span class='ocrx_word' id='word_1_45' title='bbox 2030 689 2182 742; x_wconf 85' lang='lat' dir='ltr'>dicta</span> <span class='ocrx_word' id='word_1_46' title='bbox 2208 709 2234 735; x_wconf 88' lang='grc'><strong>››</strong></span> 
     </span>
    </p>
   </div>
   <div class='ocr_carea' id='block_1_7' title="bbox 600 772 2232 850">
    <p class='ocr_par' dir='ltr' id='par_1_7' title="bbox 600 772 2232 850">
     <span class='ocr_line' id='line_1_7' title="bbox 600 772 2232 850; baseline 0.004 -24"><span class='ocrx_word' id='word_1_47' title='bbox 600 772 770 842; x_wconf 91' lang='lat' dir='ltr'>(Plin.</span> <span class='ocrx_word' id='word_1_48' title='bbox 805 772 905 828; x_wconf 89' lang='lat' dir='ltr'>lib.</span> <span class='ocrx_word' id='word_1_49' title='bbox 938 791 970 827; x_wconf 78' lang='grc' dir='ltr'><strong>ν</strong></span> <span class='ocrx_word' id='word_1_50' title='bbox 1004 779 1209 831; x_wconf 87' lang='lat' dir='ltr'>Natur.</span> <span class='ocrx_word' id='word_1_51' title='bbox 1263 778 1399 830; x_wconf 85' lang='lat' dir='ltr'>Hist.</span> <span class='ocrx_word' id='word_1_52' title='bbox 1453 793 1578 849; x_wconf 89' lang='lat' dir='ltr'>cap.</span> <span class='ocrx_word' id='word_1_53' title='bbox 1609 779 1701 847; x_wconf 92' lang='lat'>23,</span> <span class='ocrx_word' id='word_1_54' title='bbox 1735 797 1788 850; x_wconf 91' lang='lat' dir='ltr'>p.</span> <span class='ocrx_word' id='word_1_55' title='bbox 1847 778 1994 848; x_wconf 88' lang='lat'>577).</span> <span class='ocrx_word' id='word_1_56' title='bbox 2033 775 2232 832; x_wconf 72' lang='lat' dir='ltr'><strong>Il15</strong></span> 
     </span>
    </p>
   </div>
   <div class='ocr_carea' id='block_1_8' title="bbox 600 861 2240 938">
    <p class='ocr_par' dir='ltr' id='par_1_8' title="bbox 600 861 2240 938">
     <span class='ocr_line' id='line_1_8' title="bbox 600 861 2240 938; baseline 0 -23"><span class='ocrx_word' id='word_1_57' title='bbox 600 861 808 916; x_wconf 81' lang='lat' dir='ltr'>Strabo</span> <span class='ocrx_word' id='word_1_58' title='bbox 838 879 971 918; x_wconf 89' lang='lat' dir='ltr'>vero</span> <span class='ocrx_word' id='word_1_59' title='bbox 1018 863 1088 918; x_wconf 91' lang='lat' dir='ltr'>de</span> <span class='ocrx_word' id='word_1_60' title='bbox 1138 864 1450 937; x_wconf 80' lang='lat' dir='ltr'>Hierapoli,</span> <span class='ocrx_word' id='word_1_61' title='bbox 1482 863 1532 918; x_wconf 75' lang='lat' dir='ltr'>tv</span> <span class='ocrx_word' id='word_1_62' title='bbox 1564 866 1602 936; x_wconf 75' lang='grc' dir='ltr'><strong><em>ᾗ</em></strong></span> <span class='ocrx_word' id='word_1_63' title='bbox 1630 869 1828 938; x_wconf 81' lang='grc' dir='ltr'>τιμῶσι</span> <span class='ocrx_word' id='word_1_64' title='bbox 1884 865 1982 932; x_wconf 80' lang='grc' dir='ltr'>τὴν</span> <span class='ocrx_word' id='word_1_65' title='bbox 2045 862 2240 936; x_wconf 72' lang='grc' dir='ltr'>Συρίαν</span> 
     </span>
    </p>
   </div>
   <div class='ocr_carea' id='block_1_9' title="bbox 603 948 2267 1026">
    <p class='ocr_par' dir='ltr' id='par_1_9' title="bbox 603 948 2267 1026">
     <span class='ocr_line' id='line_1_9' title="bbox 603 948 2267 1026; baseline 0.003 -25"><span class='ocrx_word' id='word_1_66' title='bbox 603 948 721 1011; x_wconf 79' lang='grc' dir='ltr'>θεὸν</span> <span class='ocrx_word' id='word_1_67' title='bbox 774 950 876 1017; x_wconf 73' lang='grc' dir='ltr'>τὴν</span> <span class='ocrx_word' id='word_1_68' title='bbox 935 951 1246 1026; x_wconf 84' lang='grc' dir='ltr'>Ἀταργατίν</span> <span class='ocrx_word' id='word_1_69' title='bbox 1279 995 1294 1023; x_wconf 89' lang='grc'>,</span> <span class='ocrx_word' id='word_1_70' title='bbox 1350 955 1410 1009; x_wconf 86' lang='lat' dir='ltr'>in</span> <span class='ocrx_word' id='word_1_71' title='bbox 1465 971 1573 1026; x_wconf 79' lang='lat' dir='ltr'>qua</span> <span class='ocrx_word' id='word_1_72' title='bbox 1658 957 1960 1026; x_wconf 81' lang='lat' dir='ltr'>Atargatim</span> <span class='ocrx_word' id='word_1_73' title='bbox 2017 954 2267 1024; x_wconf 61' lang='lat' dir='ltr'>Syriam,</span> 
     </span>
    </p>
   </div>
   <div class='ocr_carea' id='block_1_10' title="bbox 599 1036 2239 1114">
    <p class='ocr_par' dir='ltr' id='par_1_10' title="bbox 599 1036 2239 1114">
     <span class='ocr_line' id='line_1_10' title="bbox 599 1036 2239 1114; baseline 0.003 -23"><span class='ocrx_word' id='word_1_74' title='bbox 599 1036 763 1092; x_wconf 82' lang='lat' dir='ltr'>deam</span> <span class='ocrx_word' id='word_1_75' title='bbox 791 1039 974 1094; x_wconf 89' lang='lat' dir='ltr'>colunt</span> <span class='ocrx_word' id='word_1_76' title='bbox 1030 1041 1236 1111; x_wconf 60' lang='lat' dir='ltr'>(Strab.</span> <span class='ocrx_word' id='word_1_77' title='bbox 1301 1041 1401 1098; x_wconf 91' lang='lat' dir='ltr'>lib.</span> <span class='ocrx_word' id='word_1_78' title='bbox 1457 1059 1550 1098; x_wconf 70' lang='lat' dir='ltr'>xv:</span> <span class='ocrx_word' id='word_1_79' title='bbox 1606 1048 1793 1114; x_wconf 90' lang='lat' dir='ltr'>Geogr.</span> <span class='ocrx_word' id='word_1_80' title='bbox 1844 1061 1898 1114; x_wconf 92' lang='lat' dir='ltr'>p.</span> <span class='ocrx_word' id='word_1_81' title='bbox 1947 1043 2096 1112; x_wconf 89' lang='grc'><strong>748).</strong></span> <span class='ocrx_word' id='word_1_82' title='bbox 2127 1041 2239 1096; x_wconf 89' lang='lat' dir='ltr'>Sed</span> 
     </span>
    </p>
   </div>
   <div class='ocr_carea' id='block_1_11' title="bbox 600 1128 2241 1204">
    <p class='ocr_par' dir='ltr' id='par_1_11' title="bbox 600 1128 2241 1204">
     <span class='ocr_line' id='line_1_11' title="bbox 600 1128 2241 1204; baseline 0 -23"><span class='ocrx_word' id='word_1_83' title='bbox 600 1132 804 1196; x_wconf 89' lang='lat' dir='ltr'>postea</span> <span class='ocrx_word' id='word_1_84' title='bbox 865 1128 1103 1200; x_wconf 79' lang='lat' dir='ltr'>scripsit</span> <span class='ocrx_word' id='word_1_85' title='bbox 1149 1130 1534 1204; x_wconf 71' lang='grc' dir='ltr'>εἈταργατὴν</span> <span class='ocrx_word' id='word_1_86' title='bbox 1575 1129 1629 1185; x_wconf 74' lang='grc' dir='ltr'>δὲ</span> <span class='ocrx_word' id='word_1_87' title='bbox 1674 1135 1774 1199; x_wconf 79' lang='grc' dir='ltr'>τήν</span> <span class='ocrx_word' id='word_1_88' title='bbox 1827 1131 2080 1204; x_wconf 76' lang='grc' dir='ltr'>Ἀθάραν,</span> <span class='ocrx_word' id='word_1_89' title='bbox 2113 1135 2241 1202; x_wconf 82' lang='grc' dir='ltr'>Δερ-</span> 
     </span>
    </p>
   </div>
   <div class='ocr_carea' id='block_1_12' title="bbox 597 1212 2244 1294">
    <p class='ocr_par' dir='ltr' id='par_1_12' title="bbox 597 1212 2244 1294">
     <span class='ocr_line' id='line_1_12' title="bbox 597 1212 2244 1294; baseline 0.004 -28"><span class='ocrx_word' id='word_1_90' title='bbox 597 1214 738 1267; x_wconf 85' lang='grc' dir='ltr'>κετὼ</span> <span class='ocrx_word' id='word_1_91' title='bbox 770 1212 815 1268; x_wconf 83' lang='grc' dir='ltr'>δ’</span> <span class='ocrx_word' id='word_1_92' title='bbox 864 1216 1032 1284; x_wconf 77' lang='grc' dir='ltr'>αὐτὴν</span> <span class='ocrx_word' id='word_1_93' title='bbox 1086 1217 1318 1286; x_wconf 76' lang='grc' dir='ltr'>Κτησίας</span> <span class='ocrx_word' id='word_1_94' title='bbox 1367 1217 1562 1288; x_wconf 73' lang='grc' dir='ltr'>καλεῖς</span> <span class='ocrx_word' id='word_1_95' title='bbox 1617 1222 1927 1294; x_wconf 78' lang='lat' dir='ltr'>Alargalim</span> <span class='ocrx_word' id='word_1_96' title='bbox 1984 1220 2244 1275; x_wconf 81' lang='lat' dir='ltr'>Atharam</span> 
     </span>
    </p>
   </div>
   <div class='ocr_carea' id='block_1_13' title="bbox 600 1303 2239 1381">
    <p class='ocr_par' dir='ltr' id='par_1_13' title="bbox 600 1303 2239 1381">
     <span class='ocr_line' id='line_1_13' title="bbox 600 1303 2239 1381; baseline 0.002 -25"><span class='ocrx_word' id='word_1_97' title='bbox 600 1303 879 1371; x_wconf 71' lang='lat' dir='ltr'>dixerunt,</span> <span class='ocrx_word' id='word_1_98' title='bbox 913 1322 1075 1376; x_wconf 89' lang='lat' dir='ltr'>quam</span> <span class='ocrx_word' id='word_1_99' title='bbox 1111 1309 1310 1363; x_wconf 84' lang='lat' dir='ltr'>Ctesias</span> <span class='ocrx_word' id='word_1_100' title='bbox 1337 1311 1559 1365; x_wconf 80' lang='lat' dir='ltr'>Derecto</span> <span class='ocrx_word' id='word_1_101' title='bbox 1580 1313 1792 1365; x_wconf 68' lang='lat' dir='ltr'>vocavit</span> <span class='ocrx_word' id='word_1_102' title='bbox 1821 1309 1978 1381; x_wconf 89' lang='lat' dir='ltr'>(lbid.</span> <span class='ocrx_word' id='word_1_103' title='bbox 2014 1307 2239 1379; x_wconf 90' lang='lat' dir='ltr'>p.785).</span> 
     </span>
    </p>
   </div>
   <div class='ocr_carea' id='block_1_14' title="bbox 601 1392 2242 1470">
    <p class='ocr_par' dir='ltr' id='par_1_14' title="bbox 601 1392 2242 1470">
     <span class='ocr_line' id='line_1_14' title="bbox 601 1392 2242 1470; baseline 0.002 -25"><span class='ocrx_word' id='word_1_104' title='bbox 601 1393 688 1446; x_wconf 84' lang='lat' dir='ltr'>Ab</span> <span class='ocrx_word' id='word_1_105' title='bbox 721 1392 853 1446; x_wconf 86' lang='lat' dir='ltr'>aliis</span> <span class='ocrx_word' id='word_1_106' title='bbox 878 1399 1070 1449; x_wconf 88' lang='lat' dir='ltr'>autem</span> <span class='ocrx_word' id='word_1_107' title='bbox 1107 1401 1367 1452; x_wconf 81' lang='lat' dir='ltr'>Astartes</span> <span class='ocrx_word' id='word_1_108' title='bbox 1401 1397 1691 1470; x_wconf 83' lang='lat' dir='ltr'>appellata</span> <span class='ocrx_word' id='word_1_109' title='bbox 1721 1403 1828 1467; x_wconf 88' lang='lat' dir='ltr'>est,</span> <span class='ocrx_word' id='word_1_110' title='bbox 1863 1397 2242 1468; x_wconf 86' lang='lat' dir='ltr'>quemadmo-</span> 
     </span>
    </p>
   </div>
   <div class='ocr_carea' id='block_1_15' title="bbox 603 1481 2241 1557">
    <p class='ocr_par' dir='ltr' id='par_1_15' title="bbox 603 1481 2241 1557">
     <span class='ocr_line' id='line_1_15' title="bbox 603 1481 2241 1557; baseline 0.002 -23"><span class='ocrx_word' id='word_1_111' title='bbox 603 1481 742 1534; x_wconf 88' lang='lat' dir='ltr'>dum</span> <span class='ocrx_word' id='word_1_112' title='bbox 778 1497 810 1536; x_wconf 90' lang='lat' dir='ltr'>a</span> <span class='ocrx_word' id='word_1_113' title='bbox 842 1482 1091 1538; x_wconf 82' lang='lat' dir='ltr'>Minucio</span> <span class='ocrx_word' id='word_1_114' title='bbox 1129 1483 1332 1555; x_wconf 75' lang='lat' dir='ltr'>Felice,</span> <span class='ocrx_word' id='word_1_115' title='bbox 1365 1487 1462 1557; x_wconf 91' lang='lat' dir='ltr'>qui</span> <span class='ocrx_word' id='word_1_116' title='bbox 1512 1485 1620 1542; x_wconf 90' lang='lat' dir='ltr'>hoc</span> <span class='ocrx_word' id='word_1_117' title='bbox 1657 1502 1866 1541; x_wconf 86' lang='lat' dir='ltr'>nomen</span> <span class='ocrx_word' id='word_1_118' title='bbox 1923 1486 1980 1540; x_wconf 90' lang='lat' dir='ltr'>in</span> <span class='ocrx_word' id='word_1_119' title='bbox 2010 1483 2241 1539; x_wconf 83' lang='lat' dir='ltr'>Tertul-</span> 
     </span>
    </p>
   </div>
   <div class='ocr_carea' id='block_1_16' title="bbox 603 1567 2240 1646">
    <p class='ocr_par' dir='ltr' id='par_1_16' title="bbox 603 1567 2240 1646">
     <span class='ocr_line' id='line_1_16' title="bbox 603 1567 2240 1646; baseline 0.003 -23"><span class='ocrx_word' id='word_1_120' title='bbox 603 1567 742 1624; x_wconf 89' lang='lat' dir='ltr'>liani</span> <span class='ocrx_word' id='word_1_121' title='bbox 777 1570 958 1625; x_wconf 81' lang='lat' dir='ltr'>nostri</span> <span class='ocrx_word' id='word_1_122' title='bbox 1014 1571 1405 1645; x_wconf 86' lang='lat' dir='ltr'>Apologetico,</span> <span class='ocrx_word' id='word_1_123' title='bbox 1465 1575 1619 1630; x_wconf 82' lang='lat' dir='ltr'>sicut</span> <span class='ocrx_word' id='word_1_124' title='bbox 1672 1580 1728 1629; x_wconf 89' lang='lat' dir='ltr'>et</span> <span class='ocrx_word' id='word_1_125' title='bbox 1780 1575 1894 1629; x_wconf 90' lang='lat' dir='ltr'>alia</span> <span class='ocrx_word' id='word_1_126' title='bbox 1940 1573 2127 1646; x_wconf 91' lang='lat' dir='ltr'>plura,</span> <span class='ocrx_word' id='word_1_127' title='bbox 2163 1572 2240 1628; x_wconf 91' lang='lat' dir='ltr'>le-</span> 
     </span>
    </p>
   </div>
   <div class='ocr_carea' id='block_1_17' title="bbox 603 1657 2241 1734">
    <p class='ocr_par' dir='ltr' id='par_1_17' title="bbox 603 1657 2241 1734">
     <span class='ocr_line' id='line_1_17' title="bbox 603 1657 2241 1734; baseline 0.001 -22"><span class='ocrx_word' id='word_1_128' title='bbox 603 1662 785 1728; x_wconf 88' lang='lat' dir='ltr'>gerat.</span> <span class='ocrx_word' id='word_1_129' title='bbox 819 1657 1050 1715; x_wconf 85' lang='lat' dir='ltr'>Vidcsis</span> <span class='ocrx_word' id='word_1_130' title='bbox 1081 1661 1356 1718; x_wconf 87' lang='lat' dir='ltr'>Vossium</span> <span class='ocrx_word' id='word_1_131' title='bbox 1411 1662 1534 1734; x_wconf 89' lang='lat' dir='ltr'>(lib.</span> <span class='ocrx_word' id='word_1_132' title='bbox 1576 1680 1614 1730; x_wconf 85' lang='grc' dir='ltr'><strong>ι,</strong></span> <span class='ocrx_word' id='word_1_133' title='bbox 1675 1664 1738 1719; x_wconf 88' lang='lat' dir='ltr'>de</span> <span class='ocrx_word' id='word_1_134' title='bbox 1766 1663 1914 1734; x_wconf 86' lang='lat' dir='ltr'>Orig.</span> <span class='ocrx_word' id='word_1_135' title='bbox 1944 1666 1994 1718; x_wconf 85' lang='lat' dir='ltr'>et</span> <span class='ocrx_word' id='word_1_136' title='bbox 2050 1663 2241 1730; x_wconf 89' lang='lat' dir='ltr'>Progr.</span> 
     </span>
    </p>
   </div>
   <div class='ocr_carea' id='block_1_18' title="bbox 601 1745 2239 1824">
    <p class='ocr_par' dir='ltr' id='par_1_18' title="bbox 601 1745 2239 1824">
     <span class='ocr_line' id='line_1_18' title="bbox 601 1745 2239 1824; baseline 0.001 -21"><span class='ocrx_word' id='word_1_137' title='bbox 601 1745 914 1816; x_wconf 82' lang='lat' dir='ltr'>Idolol.,c.</span> <span class='ocrx_word' id='word_1_138' title='bbox 953 1749 1067 1820; x_wconf 87' lang='lat'>28),</span> <span class='ocrx_word' id='word_1_139' title='bbox 1127 1767 1192 1804; x_wconf 88' lang='lat' dir='ltr'>ac</span> <span class='ocrx_word' id='word_1_140' title='bbox 1249 1767 1337 1818; x_wconf 90' lang='lat' dir='ltr'>ea,</span> <span class='ocrx_word' id='word_1_141' title='bbox 1395 1751 1445 1806; x_wconf 91' lang='lat' dir='ltr'>si</span> <span class='ocrx_word' id='word_1_142' title='bbox 1501 1751 1712 1824; x_wconf 79' lang='lat' dir='ltr'>placet,</span> <span class='ocrx_word' id='word_1_143' title='bbox 1771 1769 1898 1823; x_wconf 69' lang='lat' dir='ltr'>quae</span> <span class='ocrx_word' id='word_1_144' title='bbox 1955 1752 2014 1805; x_wconf 89' lang='lat' dir='ltr'>in</span> <span class='ocrx_word' id='word_1_145' title='bbox 2072 1751 2239 1804; x_wconf 91' lang='lat' dir='ltr'>illum</span> 
     </span>
    </p>
   </div>
   <div class='ocr_carea' id='block_1_19' title="bbox 2348 588 4014 665">
    <p class='ocr_par' dir='ltr' id='par_1_19' title="bbox 2348 588 4014 665">
     <span class='ocr_line' id='line_1_19' title="bbox 2348 588 4014 665; baseline -0.007 -12"><span class='ocrx_word' id='word_1_146' title='bbox 2348 599 2466 653; x_wconf 89' lang='lat' dir='ltr'>tius</span> <span class='ocrx_word' id='word_1_147' title='bbox 2483 598 2696 652; x_wconf 91' lang='lat' dir='ltr'>Jubam</span> <span class='ocrx_word' id='word_1_148' title='bbox 2722 597 3230 665; x_wconf 87' lang='lat' dir='ltr'>nominant,quem</span> <span class='ocrx_word' id='word_1_149' title='bbox 3259 591 3566 664; x_wconf 75' lang='lat' dir='ltr'>provinciis</span> <span class='ocrx_word' id='word_1_150' title='bbox 3589 589 3775 662; x_wconf 84' lang='lat' dir='ltr'>hujus</span> <span class='ocrx_word' id='word_1_151' title='bbox 3798 588 4014 644; x_wconf 68' lang='lat' dir='ltr'>incola</span> 
     </span>
    </p>
   </div>
   <div class='ocr_carea' id='block_1_20' title="bbox 2347 678 4012 756">
    <p class='ocr_par' dir='ltr' id='par_1_20' title="bbox 2347 678 4012 756">
     <span class='ocr_line' id='line_1_20' title="bbox 2347 678 4012 756; baseline -0.007 -14"><span class='ocrx_word' id='word_1_152' title='bbox 2347 687 2567 742; x_wconf 91' lang='lat' dir='ltr'>honore</span> <span class='ocrx_word' id='word_1_153' title='bbox 2599 686 2792 740; x_wconf 91' lang='lat' dir='ltr'>divino</span> <span class='ocrx_word' id='word_1_154' title='bbox 2840 685 3144 756; x_wconf 77' lang='lat' dir='ltr'>speciatim</span> <span class='ocrx_word' id='word_1_155' title='bbox 3196 681 3720 752; x_wconf 89' lang='lat' dir='ltr'>prosequebantur.</span> <span class='ocrx_word' id='word_1_156' title='bbox 3775 678 3916 740; x_wconf 83' lang='lat' dir='ltr'>Adi,</span> <span class='ocrx_word' id='word_1_157' title='bbox 3960 679 4012 730; x_wconf 88' lang='lat' dir='ltr'>si</span> 
     </span>
    </p>
   </div>
   <div class='ocr_carea' id='block_1_21' title="bbox 2349 767 4013 845">
    <p class='ocr_par' dir='ltr' id='par_1_21' title="bbox 2349 767 4013 845">
     <span class='ocr_line' id='line_1_21' title="bbox 2349 767 4013 845; baseline -0.006 -15"><span class='ocrx_word' id='word_1_158' title='bbox 2349 775 2530 844; x_wconf 90' lang='lat' dir='ltr'>lubet,</span> <span class='ocrx_word' id='word_1_159' title='bbox 2563 791 2695 845; x_wconf 67' lang='lat' dir='ltr'>quas</span> <span class='ocrx_word' id='word_1_160' title='bbox 2721 773 2782 828; x_wconf 92' lang='lat' dir='ltr'>in</span> <span class='ocrx_word' id='word_1_161' title='bbox 2815 773 3032 829; x_wconf 88' lang='lat' dir='ltr'>nostris</span> <span class='ocrx_word' id='word_1_162' title='bbox 3064 771 3134 826; x_wconf 93' lang='lat' dir='ltr'>de</span> <span class='ocrx_word' id='word_1_163' title='bbox 3169 770 3478 840; x_wconf 90' lang='lat' dir='ltr'>utriusque</span> <span class='ocrx_word' id='word_1_164' title='bbox 3509 767 3676 822; x_wconf 89' lang='lat' dir='ltr'>libris</span> <span class='ocrx_word' id='word_1_165' title='bbox 3709 767 4013 822; x_wconf 88' lang='lat' dir='ltr'>disserta-</span> 
     </span>
    </p>
   </div>
   <div class='ocr_carea' id='block_1_22' title="bbox 2347 856 4015 933">
    <p class='ocr_par' dir='ltr' id='par_1_22' title="bbox 2347 856 4015 933">
     <span class='ocr_line' id='line_1_22' title="bbox 2347 856 4015 933; baseline -0.007 -15"><span class='ocrx_word' id='word_1_166' title='bbox 2347 863 2609 919; x_wconf 90' lang='lat' dir='ltr'>tionibus</span> <span class='ocrx_word' id='word_1_167' title='bbox 2638 861 2934 933; x_wconf 82' lang='lat' dir='ltr'>disputata</span> <span class='ocrx_word' id='word_1_168' title='bbox 2955 865 3096 916; x_wconf 90' lang='lat' dir='ltr'>sunt</span> <span class='ocrx_word' id='word_1_169' title='bbox 3115 859 3420 930; x_wconf 87' lang='lat' dir='ltr'>(Dissertat.</span> <span class='ocrx_word' id='word_1_170' title='bbox 3453 856 3661 912; x_wconf 72' lang='grc'><strong>1116</strong></span> <span class='ocrx_word' id='word_1_171' title='bbox 3693 857 3757 910; x_wconf 88' lang='lat' dir='ltr'>in</span> <span class='ocrx_word' id='word_1_172' title='bbox 3788 857 4015 911; x_wconf 72' lang='lat' dir='ltr'>Minue.</span> 
     </span>
    </p>
   </div>
   <div class='ocr_carea' id='block_1_23' title="bbox 2348 945 4019 1022">
    <p class='ocr_par' dir='ltr' id='par_1_23' title="bbox 2348 945 4019 1022">
     <span class='ocr_line' id='line_1_23' title="bbox 2348 945 4019 1022; baseline -0.008 -10"><span class='ocrx_word' id='word_1_173' title='bbox 2348 956 2564 1020; x_wconf 84' lang='lat' dir='ltr'>Octav.,</span> <span class='ocrx_word' id='word_1_174' title='bbox 2595 968 2721 1022; x_wconf 86' lang='lat' dir='ltr'>cap.</span> <span class='ocrx_word' id='word_1_175' title='bbox 2756 951 2844 1022; x_wconf 97' lang='lat'>16,</span> <span class='ocrx_word' id='word_1_176' title='bbox 2896 953 3006 1006; x_wconf 89' lang='lat' dir='ltr'>art.</span> <span class='ocrx_word' id='word_1_177' title='bbox 3047 951 3103 1020; x_wconf 94' lang='lat'>2,</span> <span class='ocrx_word' id='word_1_178' title='bbox 3161 947 3388 1004; x_wconf 87' lang='lat' dir='ltr'>Dissert.</span> <span class='ocrx_word' id='word_1_179' title='bbox 3441 947 3497 1000; x_wconf 88' lang='lat' dir='ltr'>in</span> <span class='ocrx_word' id='word_1_180' title='bbox 3557 945 3843 1012; x_wconf 89' lang='lat' dir='ltr'>Lactant.,</span> <span class='ocrx_word' id='word_1_181' title='bbox 3881 958 4019 1015; x_wconf 84' lang='lat' dir='ltr'>cap.</span> 
     </span>
    </p>
   </div>
   <div class='ocr_carea' id='block_1_24' title="bbox 2349 1040 2686 1108">
    <p class='ocr_par' dir='ltr' id='par_1_24' title="bbox 2349 1040 2686 1108">
     <span class='ocr_line' id='line_1_24' title="bbox 2349 1040 2686 1108; baseline -0.009 -12"><span class='ocrx_word' id='word_1_182' title='bbox 2349 1040 2439 1108; x_wconf 88' lang='lat'>30,</span> <span class='ocrx_word' id='word_1_183' title='bbox 2473 1045 2582 1095; x_wconf 89' lang='lat' dir='ltr'>art.</span> <span class='ocrx_word' id='word_1_184' title='bbox 2609 1042 2686 1108; x_wconf 91' lang='lat'>2).</span> 
     </span>
    </p>
   </div>
   <div class='ocr_carea' id='block_1_25' title="bbox 2962 1139 3382 1181">
    <p class='ocr_par' dir='ltr' id='par_1_25' title="bbox 2962 1139 3382 1181">
     <span class='ocr_line' id='line_1_25' title="bbox 2962 1139 3382 1181; baseline -0.012 0"><span class='ocrx_word' id='word_1_185' title='bbox 2962 1139 3279 1181; x_wconf 75' lang='grc' dir='ltr'><strong>Αιιτιαυιυε</strong></span> <span class='ocrx_word' id='word_1_186' title='bbox 3318 1139 3382 1178; x_wconf 88' lang='grc' dir='ltr'><strong>ιι.</strong></span> 
     </span>
    </p>
   </div>
   <div class='ocr_carea' id='block_1_26' title="bbox 2354 1209 4021 1287">
    <p class='ocr_par' dir='ltr' id='par_1_26' title="bbox 2354 1209 4021 1287">
     <span class='ocr_line' id='line_1_26' title="bbox 2354 1209 4021 1287; baseline -0.007 -13"><span class='ocrx_word' id='word_1_187' title='bbox 2354 1224 2436 1275; x_wconf 87' lang='lat' dir='ltr'>De</span> <span class='ocrx_word' id='word_1_188' title='bbox 2466 1217 2594 1272; x_wconf 85' lang='lat' dir='ltr'>aliis</span> <span class='ocrx_word' id='word_1_189' title='bbox 2617 1217 2746 1287; x_wconf 87' lang='lat' dir='ltr'>diis,</span> <span class='ocrx_word' id='word_1_190' title='bbox 2779 1216 2872 1286; x_wconf 90' lang='lat' dir='ltr'>qui</span> <span class='ocrx_word' id='word_1_191' title='bbox 2925 1214 3182 1287; x_wconf 81' lang='lat' dir='ltr'>Romanis</span> <span class='ocrx_word' id='word_1_192' title='bbox 3229 1211 3520 1282; x_wconf 73' lang='lat' dir='ltr'>incogniti,</span> <span class='ocrx_word' id='word_1_193' title='bbox 3569 1211 3629 1287; x_wconf 76' lang='lat' dir='ltr'>in</span> <span class='ocrx_word' id='word_1_194' title='bbox 3659 1209 3856 1287; x_wconf 74' lang='lat' dir='ltr'>Italiae</span> <span class='ocrx_word' id='word_1_195' title='bbox 3881 1225 4021 1287; x_wconf 66' lang='lat' dir='ltr'>pro-</span> 
     </span>
    </p>
   </div>
   <div class='ocr_carea' id='block_1_27' title="bbox 2425 1280 4019 1353">
    <p class='ocr_par' dir='ltr' id='par_1_27' title="bbox 2425 1280 4019 1353">
     <span class='ocr_line' id='line_1_27' title="bbox 2425 1280 4019 1353; baseline -0.006 -9"><span class='ocrx_word' id='word_1_196' title='bbox 2425 1291 2619 1344; x_wconf 87' lang='lat' dir='ltr'>vinciis</span> <span class='ocrx_word' id='word_1_197' title='bbox 2647 1292 2698 1343; x_wconf 87' lang='lat' dir='ltr'>et</span> <span class='ocrx_word' id='word_1_198' title='bbox 2728 1280 2955 1343; x_wconf 76' lang='lat' dir='ltr'>urbibus</span> <span class='ocrx_word' id='word_1_199' title='bbox 2984 1285 3320 1352; x_wconf 75' lang='lat' dir='ltr'>colebantur,</span> <span class='ocrx_word' id='word_1_200' title='bbox 3358 1280 3824 1353; x_wconf 62' lang='lat' dir='ltr'>quemadmodum</span> <span class='ocrx_word' id='word_1_201' title='bbox 3869 1280 4019 1335; x_wconf 77' lang='lat' dir='ltr'>Cas-</span> 
     </span>
    </p>
   </div>
   <div class='ocr_carea' id='block_1_28' title="bbox 2420 1352 4019 1415">
    <p class='ocr_par' dir='ltr' id='par_1_28' title="bbox 2420 1352 4019 1415">
     <span class='ocr_line' id='line_1_28' title="bbox 2420 1352 4019 1415; baseline -0.006 0"><span class='ocrx_word' id='word_1_202' title='bbox 2420 1360 2728 1415; x_wconf 83' lang='lat' dir='ltr'>sinensium</span> <span class='ocrx_word' id='word_1_203' title='bbox 2788 1361 2905 1414; x_wconf 90' lang='lat' dir='ltr'>sive</span> <span class='ocrx_word' id='word_1_204' title='bbox 2980 1352 3525 1410; x_wconf 80' lang='lat' dir='ltr'>Crustuminensium</span> <span class='ocrx_word' id='word_1_205' title='bbox 3596 1352 3970 1406; x_wconf 85' lang='lat' dir='ltr'>Delventinus</span> <span class='ocrx_word' id='word_1_206' title='bbox 4005 1393 4019 1412; x_wconf 89' lang='lat'>.</span> 
     </span>
    </p>
   </div>
   <div class='ocr_carea' id='block_1_29' title="bbox 2422 1424 4019 1494">
    <p class='ocr_par' dir='ltr' id='par_1_29' title="bbox 2422 1424 4019 1494">
     <span class='ocr_line' id='line_1_29' title="bbox 2422 1424 4019 1494; baseline -0.006 -8"><span class='ocrx_word' id='word_1_207' title='bbox 2422 1432 2811 1487; x_wconf 74' lang='lat' dir='ltr'>Narniensium</span> <span class='ocrx_word' id='word_1_208' title='bbox 2877 1427 3228 1494; x_wconf 73' lang='lat' dir='ltr'>Visidianus,</span> <span class='ocrx_word' id='word_1_209' title='bbox 3277 1427 3704 1481; x_wconf 66' lang='lat' dir='ltr'>rEsculanOrum</span> <span class='ocrx_word' id='word_1_210' title='bbox 3763 1424 4019 1478; x_wconf 81' lang='lat' dir='ltr'>Ancaria</span> 
     </span>
    </p>
   </div>
   <div class='ocr_carea' id='block_1_30' title="bbox 2422 1495 4022 1561">
    <p class='ocr_par' dir='ltr' id='par_1_30' title="bbox 2422 1495 4022 1561">
     <span class='ocr_line' id='line_1_30' title="bbox 2422 1495 4022 1561; baseline -0.006 -3"><span class='ocrx_word' id='word_1_211' title='bbox 2422 1519 2516 1558; x_wconf 88' lang='lat' dir='ltr'>seu</span> <span class='ocrx_word' id='word_1_212' title='bbox 2548 1503 2845 1561; x_wconf 82' lang='lat' dir='ltr'>Ancharia.</span> <span class='ocrx_word' id='word_1_213' title='bbox 2905 1499 3311 1555; x_wconf 75' lang='lat' dir='ltr'>Volsinensium</span> <span class='ocrx_word' id='word_1_214' title='bbox 3367 1497 3590 1561; x_wconf 84' lang='lat' dir='ltr'>Nursia,</span> <span class='ocrx_word' id='word_1_215' title='bbox 3640 1497 3758 1550; x_wconf 88' lang='lat' dir='ltr'>sive</span> <span class='ocrx_word' id='word_1_216' title='bbox 3790 1495 4022 1558; x_wconf 82' lang='lat' dir='ltr'>Nortia,</span> 
     </span>
    </p>
   </div>
   <div class='ocr_carea' id='block_1_31' title="bbox 2427 1566 4022 1638">
    <p class='ocr_par' dir='ltr' id='par_1_31' title="bbox 2427 1566 4022 1638">
     <span class='ocr_line' id='line_1_31' title="bbox 2427 1566 4022 1638; baseline -0.006 -9"><span class='ocrx_word' id='word_1_217' title='bbox 2427 1574 2876 1629; x_wconf 84' lang='lat' dir='ltr'>Ocriculanorum</span> <span class='ocrx_word' id='word_1_218' title='bbox 2927 1571 3193 1638; x_wconf 82' lang='lat' dir='ltr'>Valentia,</span> <span class='ocrx_word' id='word_1_219' title='bbox 3225 1577 3275 1624; x_wconf 88' lang='lat' dir='ltr'>et</span> <span class='ocrx_word' id='word_1_220' title='bbox 3311 1569 3671 1633; x_wconf 83' lang='lat' dir='ltr'>Faliscorum,</span> <span class='ocrx_word' id='word_1_221' title='bbox 3722 1566 3786 1620; x_wconf 89' lang='lat' dir='ltr'>in</span> <span class='ocrx_word' id='word_1_222' title='bbox 3821 1566 4022 1621; x_wconf 89' lang='lat' dir='ltr'>hono-</span> 
     </span>
    </p>
   </div>
   <div class='ocr_carea' id='block_1_32' title="bbox 2425 1639 3807 1717">
    <p class='ocr_par' dir='ltr' id='par_1_32' title="bbox 2425 1639 3807 1717">
     <span class='ocr_line' id='line_1_32' title="bbox 2425 1639 3807 1717; baseline -0.005 -18"><span class='ocrx_word' id='word_1_223' title='bbox 2425 1662 2548 1702; x_wconf 90' lang='lat' dir='ltr'>rem</span> <span class='ocrx_word' id='word_1_224' title='bbox 2582 1644 2768 1717; x_wconf 89' lang='lat' dir='ltr'>patris</span> <span class='ocrx_word' id='word_1_225' title='bbox 2798 1641 3018 1710; x_wconf 86' lang='lat' dir='ltr'>Curris,</span> <span class='ocrx_word' id='word_1_226' title='bbox 3049 1645 3106 1696; x_wconf 92' lang='lat' dir='ltr'>et</span> <span class='ocrx_word' id='word_1_227' title='bbox 3131 1639 3354 1711; x_wconf 88' lang='lat' dir='ltr'>accepit</span> <span class='ocrx_word' id='word_1_228' title='bbox 3380 1654 3596 1694; x_wconf 86' lang='lat' dir='ltr'>nomen</span> <span class='ocrx_word' id='word_1_229' title='bbox 3623 1640 3807 1693; x_wconf 88' lang='lat' dir='ltr'>Juno.</span> 
     </span>
    </p>
   </div>
   <div class='ocr_carea' id='block_1_33' title="bbox 2427 1742 4023 1824">
    <p class='ocr_par' dir='ltr' id='par_1_33' title="bbox 2427 1742 4023 1824">
     <span class='ocr_line' id='line_1_33' title="bbox 2427 1742 4023 1824; baseline -0.007 -16"><span class='ocrx_word' id='word_1_230' title='bbox 2427 1754 2856 1824; x_wconf 82' lang='lat' dir='ltr'>Argumentum</span> <span class='ocrx_word' id='word_1_231' title='bbox 2907 1763 3081 1804; x_wconf 89' lang='lat' dir='ltr'>suum</span> <span class='ocrx_word' id='word_1_232' title='bbox 3153 1743 3527 1817; x_wconf 76' lang='lat' dir='ltr'>prosequitur</span> <span class='ocrx_word' id='word_1_233' title='bbox 3579 1742 4023 1812; x_wconf 84' lang='lat' dir='ltr'>Tertullianua,</span> 
     </span>
    </p>
   </div>
   <div class='ocr_carea' id='block_1_34' title="bbox 603 1832 4020 1933">
    <p class='ocr_par' dir='ltr' id='par_1_34' title="bbox 603 1832 4020 1933">
     <span class='ocr_line' id='line_1_34' title="bbox 603 1832 4020 1933; baseline -0.001 -45"><span class='ocrx_word' id='word_1_234' title='bbox 603 1836 842 1891; x_wconf 81' lang='lat' dir='ltr'>Minucii</span> <span class='ocrx_word' id='word_1_235' title='bbox 900 1836 1089 1892; x_wconf 90' lang='lat' dir='ltr'>locum</span> <span class='ocrx_word' id='word_1_236' title='bbox 1149 1840 1557 1896; x_wconf 90' lang='lat' dir='ltr'>annotavimus</span> <span class='ocrx_word' id='word_1_237' title='bbox 1610 1841 1862 1912; x_wconf 87' lang='lat' dir='ltr'>(Dissert.</span> <span class='ocrx_word' id='word_1_238' title='bbox 1923 1843 1984 1895; x_wconf 88' lang='lat' dir='ltr'>in</span> <span class='ocrx_word' id='word_1_239' title='bbox 2041 1841 2238 1895; x_wconf 81' lang='lat' dir='ltr'>Minue.</span> <span class='ocrx_word' id='word_1_240' title='bbox 2270 1867 2318 1933; x_wconf 81' lang='grc' dir='ltr'>Β</span> <span class='ocrx_word' id='word_1_241' title='bbox 2353 1845 2529 1912; x_wconf 89' lang='lat' dir='ltr'>atque</span> <span class='ocrx_word' id='word_1_242' title='bbox 2559 1857 2594 1894; x_wconf 91' lang='lat' dir='ltr'>a</span> <span class='ocrx_word' id='word_1_243' title='bbox 2625 1836 2939 1910; x_wconf 84' lang='lat' dir='ltr'>provinciis</span> <span class='ocrx_word' id='word_1_244' title='bbox 2973 1837 3152 1892; x_wconf 84' lang='lat' dir='ltr'>Roma</span> <span class='ocrx_word' id='word_1_245' title='bbox 3184 1833 3419 1906; x_wconf 81' lang='lat' dir='ltr'>longius</span> <span class='ocrx_word' id='word_1_246' title='bbox 3458 1832 3724 1901; x_wconf 86' lang='lat' dir='ltr'>remotis,</span> <span class='ocrx_word' id='word_1_247' title='bbox 3758 1832 3932 1886; x_wconf 82' lang='lat' dir='ltr'>venit</span> <span class='ocrx_word' id='word_1_248' title='bbox 3962 1832 4020 1886; x_wconf 91' lang='lat' dir='ltr'>in</span> 
     </span>
    </p>
   </div>
   <div class='ocr_carea' id='block_1_35' title="bbox 607 1925 1253 1996">
    <p class='ocr_par' dir='ltr' id='par_1_35' title="bbox 607 1925 1253 1996">
     <span class='ocr_line' id='line_1_35' title="bbox 607 1925 1253 1996; baseline 0.005 -18"><span class='ocrx_word' id='word_1_249' title='bbox 607 1926 801 1978; x_wconf 82' lang='lat' dir='ltr'>Octav.</span> <span class='ocrx_word' id='word_1_250' title='bbox 830 1940 880 1978; x_wconf 93' lang='lat' dir='ltr'>c.</span> <span class='ocrx_word' id='word_1_251' title='bbox 917 1925 1003 1992; x_wconf 83' lang='grc'>14,</span> <span class='ocrx_word' id='word_1_252' title='bbox 1037 1929 1144 1980; x_wconf 91' lang='lat' dir='ltr'>art.</span> <span class='ocrx_word' id='word_1_253' title='bbox 1181 1927 1253 1996; x_wconf 92' lang='lat'>1).</span> 
     </span>
    </p>
   </div>
   <div class='ocr_carea' id='block_1_36' title="bbox 678 2029 2242 2105">
    <p class='ocr_par' dir='ltr' id='par_1_36' title="bbox 678 2029 2242 2105">
     <span class='ocr_line' id='line_1_36' title="bbox 678 2029 2242 2105; baseline 0.006 -22"><span class='ocrx_word' id='word_1_254' title='bbox 678 2029 842 2085; x_wconf 87' lang='lat' dir='ltr'>Sicut</span> <span class='ocrx_word' id='word_1_255' title='bbox 897 2036 1094 2086; x_wconf 87' lang='lat' dir='ltr'>autem</span> <span class='ocrx_word' id='word_1_256' title='bbox 1155 2033 1273 2089; x_wconf 75' lang='lat' dir='ltr'>bzec</span> <span class='ocrx_word' id='word_1_257' title='bbox 1329 2033 1504 2105; x_wconf 64' lang='lat' dir='ltr'>Syriae</span> <span class='ocrx_word' id='word_1_258' title='bbox 1573 2039 1696 2092; x_wconf 89' lang='lat' dir='ltr'>erat</span> <span class='ocrx_word' id='word_1_259' title='bbox 1750 2035 1856 2091; x_wconf 88' lang='lat' dir='ltr'>dea</span> <span class='ocrx_word' id='word_1_260' title='bbox 1889 2076 1903 2098; x_wconf 89' lang='lat'>.</span> <span class='ocrx_word' id='word_1_261' title='bbox 1962 2035 2040 2090; x_wconf 87' lang='lat' dir='ltr'>ita</span> <span class='ocrx_word' id='word_1_262' title='bbox 2096 2038 2242 2092; x_wconf 80' lang='lat' dir='ltr'>Ara-</span> 
     </span>
    </p>
   </div>
   <div class='ocr_carea' id='block_1_37' title="bbox 609 2117 2246 2195">
    <p class='ocr_par' dir='ltr' id='par_1_37' title="bbox 609 2117 2246 2195">
     <span class='ocr_line' id='line_1_37' title="bbox 609 2117 2246 2195; baseline 0.004 -23"><span class='ocrx_word' id='word_1_263' title='bbox 609 2117 731 2184; x_wconf 62' lang='lat' dir='ltr'>biz,</span> <span class='ocrx_word' id='word_1_264' title='bbox 763 2120 842 2173; x_wconf 85' lang='lat' dir='ltr'>ait</span> <span class='ocrx_word' id='word_1_265' title='bbox 871 2119 1266 2177; x_wconf 84' lang='lat' dir='ltr'>Tcrtullianus</span> <span class='ocrx_word' id='word_1_266' title='bbox 1323 2122 1456 2190; x_wconf 94' lang='lat' dir='ltr'>(loc.</span> <span class='ocrx_word' id='word_1_267' title='bbox 1503 2124 1628 2195; x_wconf 90' lang='lat' dir='ltr'>cit.)</span> <span class='ocrx_word' id='word_1_268' title='bbox 1675 2125 1912 2193; x_wconf 87' lang='lat' dir='ltr'>Disares,</span> <span class='ocrx_word' id='word_1_269' title='bbox 1945 2125 2045 2178; x_wconf 84' lang='lat' dir='ltr'>sed</span> <span class='ocrx_word' id='word_1_270' title='bbox 2078 2124 2246 2180; x_wconf 88' lang='lat' dir='ltr'>aliter</span> 
     </span>
    </p>
   </div>
   <div class='ocr_carea' id='block_1_38' title="bbox 607 2205 2242 2281">
    <p class='ocr_par' dir='ltr' id='par_1_38' title="bbox 607 2205 2242 2281">
     <span class='ocr_line' id='line_1_38' title="bbox 607 2205 2242 2281; baseline 0.005 -21"><span class='ocrx_word' id='word_1_271' title='bbox 607 2205 665 2260; x_wconf 92' lang='lat' dir='ltr'>in</span> <span class='ocrx_word' id='word_1_272' title='bbox 726 2207 871 2262; x_wconf 91' lang='lat' dir='ltr'>libro</span> <span class='ocrx_word' id='word_1_273' title='bbox 929 2211 1186 2265; x_wconf 88' lang='lat' dir='ltr'>secundo</span> <span class='ocrx_word' id='word_1_274' title='bbox 1244 2211 1314 2266; x_wconf 85' lang='lat' dir='ltr'>ad</span> <span class='ocrx_word' id='word_1_275' title='bbox 1369 2213 1645 2281; x_wconf 82' lang='lat' dir='ltr'>Nationes,</span> <span class='ocrx_word' id='word_1_276' title='bbox 1705 2212 2242 2269; x_wconf 84' lang='lat' dir='ltr'>Obodanedussiren.</span> 
     </span>
    </p>
   </div>
   <div class='ocr_carea' id='block_1_39' title="bbox 607 2295 2244 2372">
    <p class='ocr_par' dir='ltr' id='par_1_39' title="bbox 607 2295 2244 2372">
     <span class='ocr_line' id='line_1_39' title="bbox 607 2295 2244 2372; baseline 0.004 -23"><span class='ocrx_word' id='word_1_277' title='bbox 607 2295 954 2366; x_wconf 90' lang='lat' dir='ltr'>Corruptum</span> <span class='ocrx_word' id='word_1_278' title='bbox 989 2305 1184 2354; x_wconf 90' lang='lat' dir='ltr'>autem</span> <span class='ocrx_word' id='word_1_279' title='bbox 1237 2305 1445 2371; x_wconf 87' lang='lat' dir='ltr'>putant</span> <span class='ocrx_word' id='word_1_280' title='bbox 1474 2300 1582 2356; x_wconf 94' lang='lat' dir='ltr'>hoc</span> <span class='ocrx_word' id='word_1_281' title='bbox 1611 2317 1821 2356; x_wconf 89' lang='lat' dir='ltr'>nomen</span> <span class='ocrx_word' id='word_1_282' title='bbox 1873 2303 1944 2356; x_wconf 91' lang='lat' dir='ltr'>ab</span> <span class='ocrx_word' id='word_1_283' title='bbox 1975 2302 2244 2372; x_wconf 86' lang='lat' dir='ltr'>imperite</span> 
     </span>
    </p>
   </div>
   <div class='ocr_carea' id='block_1_40' title="bbox 604 2382 2244 2458">
    <p class='ocr_par' dir='ltr' id='par_1_40' title="bbox 604 2382 2244 2458">
     <span class='ocr_line' id='line_1_40' title="bbox 604 2382 2244 2458; baseline 0.004 -20"><span class='ocrx_word' id='word_1_284' title='bbox 604 2382 862 2452; x_wconf 88' lang='lat' dir='ltr'>librario,</span> <span class='ocrx_word' id='word_1_285' title='bbox 897 2386 996 2458; x_wconf 90' lang='lat' dir='ltr'>qui</span> <span class='ocrx_word' id='word_1_286' title='bbox 1028 2404 1203 2442; x_wconf 90' lang='lat' dir='ltr'>unum</span> <span class='ocrx_word' id='word_1_287' title='bbox 1236 2405 1300 2444; x_wconf 79' lang='lat' dir='ltr'>ex</span> <span class='ocrx_word' id='word_1_288' title='bbox 1341 2389 1430 2444; x_wconf 85' lang='lat' dir='ltr'>his</span> <span class='ocrx_word' id='word_1_289' title='bbox 1477 2390 1707 2445; x_wconf 89' lang='lat' dir='ltr'>duobus</span> <span class='ocrx_word' id='word_1_290' title='bbox 1759 2389 1992 2446; x_wconf 86' lang='lat' dir='ltr'>Obodam</span> <span class='ocrx_word' id='word_1_291' title='bbox 2039 2395 2095 2445; x_wconf 92' lang='lat' dir='ltr'>et</span> <span class='ocrx_word' id='word_1_292' title='bbox 2127 2395 2244 2445; x_wconf 87' lang='lat' dir='ltr'>Du-</span> 
     </span>
    </p>
   </div>
   <div class='ocr_carea' id='block_1_41' title="bbox 605 2472 2246 2548">
    <p class='ocr_par' dir='ltr' id='par_1_41' title="bbox 605 2472 2246 2548">
     <span class='ocr_line' id='line_1_41' title="bbox 605 2472 2246 2548; baseline 0.005 -23"><span class='ocrx_word' id='word_1_293' title='bbox 605 2487 783 2528; x_wconf 78' lang='lat' dir='ltr'>sarem</span> <span class='ocrx_word' id='word_1_294' title='bbox 815 2472 1030 2528; x_wconf 82' lang='lat' dir='ltr'>fecerit.</span> <span class='ocrx_word' id='word_1_295' title='bbox 1059 2479 1236 2530; x_wconf 91' lang='lat' dir='ltr'>Suam</span> <span class='ocrx_word' id='word_1_296' title='bbox 1287 2481 1479 2531; x_wconf 89' lang='lat' dir='ltr'>autem</span> <span class='ocrx_word' id='word_1_297' title='bbox 1514 2477 1845 2548; x_wconf 89' lang='lat' dir='ltr'>opinionem</span> <span class='ocrx_word' id='word_1_298' title='bbox 1902 2478 2246 2533; x_wconf 87' lang='lat' dir='ltr'>confirmare</span> 
     </span>
    </p>
   </div>
   <div class='ocr_carea' id='block_1_42' title="bbox 607 2564 2243 2636">
    <p class='ocr_par' dir='ltr' id='par_1_42' title="bbox 607 2564 2243 2636">
     <span class='ocr_line' id='line_1_42' title="bbox 607 2564 2243 2636; baseline 0.006 -23"><span class='ocrx_word' id='word_1_299' title='bbox 607 2566 899 2615; x_wconf 87' lang='lat' dir='ltr'>conantur</span> <span class='ocrx_word' id='word_1_300' title='bbox 928 2564 1273 2620; x_wconf 84' lang='lat' dir='ltr'>auctoritate</span> <span class='ocrx_word' id='word_1_301' title='bbox 1303 2566 1560 2634; x_wconf 85' lang='lat' dir='ltr'>Eusebii,</span> <span class='ocrx_word' id='word_1_302' title='bbox 1619 2583 1651 2620; x_wconf 90' lang='lat' dir='ltr'>a</span> <span class='ocrx_word' id='word_1_303' title='bbox 1682 2583 1797 2636; x_wconf 92' lang='lat' dir='ltr'>quo</span> <span class='ocrx_word' id='word_1_304' title='bbox 1849 2565 1956 2622; x_wconf 84' lang='lat' dir='ltr'>hos</span> <span class='ocrx_word' id='word_1_305' title='bbox 1988 2567 2243 2622; x_wconf 85' lang='lat' dir='ltr'>Arabum</span> 
     </span>
    </p>
   </div>
   <div class='ocr_carea' id='block_1_43' title="bbox 608 2648 2247 2725">
    <p class='ocr_par' dir='ltr' id='par_1_43' title="bbox 608 2648 2247 2725">
     <span class='ocr_line' id='line_1_43' title="bbox 608 2648 2247 2725; baseline 0.005 -24"><span class='ocrx_word' id='word_1_306' title='bbox 608 2648 747 2702; x_wconf 89' lang='lat' dir='ltr'>deos</span> <span class='ocrx_word' id='word_1_307' title='bbox 780 2657 1132 2706; x_wconf 87' lang='lat' dir='ltr'>memoratos</span> <span class='ocrx_word' id='word_1_308' title='bbox 1154 2669 1281 2707; x_wconf 87' lang='lat' dir='ltr'>esse</span> <span class='ocrx_word' id='word_1_309' title='bbox 1305 2653 1507 2708; x_wconf 90' lang='lat' dir='ltr'>dicunt</span> <span class='ocrx_word' id='word_1_310' title='bbox 1529 2655 1787 2725; x_wconf 88' lang='lat' dir='ltr'>quidem,</span> <span class='ocrx_word' id='word_1_311' title='bbox 1813 2655 1912 2708; x_wconf 92' lang='lat' dir='ltr'>sed</span> <span class='ocrx_word' id='word_1_312' title='bbox 1947 2671 2050 2710; x_wconf 93' lang='lat' dir='ltr'>nec</span> <span class='ocrx_word' id='word_1_313' title='bbox 2072 2657 2247 2710; x_wconf 90' lang='lat' dir='ltr'>verba</span> 
     </span>
    </p>
   </div>
   <div class='ocr_carea' id='block_1_44' title="bbox 609 2735 2244 2814">
    <p class='ocr_par' dir='ltr' id='par_1_44' title="bbox 609 2735 2244 2814">
     <span class='ocr_line' id='line_1_44' title="bbox 609 2735 2244 2814; baseline 0.006 -25"><span class='ocrx_word' id='word_1_314' title='bbox 609 2735 758 2805; x_wconf 90' lang='lat' dir='ltr'>ejus,</span> <span class='ocrx_word' id='word_1_315' title='bbox 796 2753 898 2792; x_wconf 88' lang='lat' dir='ltr'>nec</span> <span class='ocrx_word' id='word_1_316' title='bbox 927 2737 1141 2794; x_wconf 92' lang='lat' dir='ltr'>librum</span> <span class='ocrx_word' id='word_1_317' title='bbox 1175 2741 1455 2796; x_wconf 87' lang='lat' dir='ltr'>indicant.</span> <span class='ocrx_word' id='word_1_318' title='bbox 1515 2742 1594 2798; x_wconf 89' lang='lat' dir='ltr'>De</span> <span class='ocrx_word' id='word_1_319' title='bbox 1643 2748 1890 2814; x_wconf 89' lang='lat' dir='ltr'>utroque</span> <span class='ocrx_word' id='word_1_320' title='bbox 1921 2748 2111 2798; x_wconf 90' lang='lat' dir='ltr'>autem</span> <span class='ocrx_word' id='word_1_321' title='bbox 2146 2743 2244 2799; x_wconf 89' lang='lat' dir='ltr'>illo</span> 
     </span>
    </p>
   </div>
   <div class='ocr_carea' id='block_1_45' title="bbox 609 2824 2241 2903">
    <p class='ocr_par' dir='ltr' id='par_1_45' title="bbox 609 2824 2241 2903">
     <span class='ocr_line' id='line_1_45' title="bbox 609 2824 2241 2903; baseline 0.006 -25"><span class='ocrx_word' id='word_1_322' title='bbox 609 2824 716 2880; x_wconf 90' lang='lat' dir='ltr'>deo</span> <span class='ocrx_word' id='word_1_323' title='bbox 763 2824 932 2895; x_wconf 87' lang='lat' dir='ltr'>plura</span> <span class='ocrx_word' id='word_1_324' title='bbox 975 2826 1237 2895; x_wconf 89' lang='lat' dir='ltr'>Vossius,</span> <span class='ocrx_word' id='word_1_325' title='bbox 1265 2846 1436 2902; x_wconf 91' lang='lat' dir='ltr'>quem</span> <span class='ocrx_word' id='word_1_326' title='bbox 1477 2831 1637 2886; x_wconf 85' lang='lat' dir='ltr'>adire</span> <span class='ocrx_word' id='word_1_327' title='bbox 1683 2832 1866 2887; x_wconf 87' lang='lat' dir='ltr'>cuivis</span> <span class='ocrx_word' id='word_1_328' title='bbox 1904 2839 2241 2903; x_wconf 84' lang='lat' dir='ltr'>promptum</span> 
     </span>
    </p>
   </div>
   <div class='ocr_carea' id='block_1_46' title="bbox 608 2913 2236 2992">
    <p class='ocr_par' dir='ltr' id='par_1_46' title="bbox 608 2913 2236 2992">
     <span class='ocr_line' id='line_1_46' title="bbox 608 2913 2236 2992; baseline 0.005 -24"><span class='ocrx_word' id='word_1_329' title='bbox 608 2917 695 2968; x_wconf 87' lang='lat' dir='ltr'>est</span> <span class='ocrx_word' id='word_1_330' title='bbox 751 2913 812 2982; x_wconf 96' lang='lat' dir='ltr'>(l.</span> <span class='ocrx_word' id='word_1_331' title='bbox 872 2931 913 2969; x_wconf 87' lang='grc' dir='ltr'>ιι</span> <span class='ocrx_word' id='word_1_332' title='bbox 969 2915 1035 2970; x_wconf 88' lang='lat' dir='ltr'>de</span> <span class='ocrx_word' id='word_1_333' title='bbox 1065 2917 1314 2985; x_wconf 84' lang='lat' dir='ltr'>0rig.et</span> <span class='ocrx_word' id='word_1_334' title='bbox 1361 2920 1522 2990; x_wconf 88' lang='lat' dir='ltr'>Prog.</span> <span class='ocrx_word' id='word_1_335' title='bbox 1578 2921 1741 2986; x_wconf 81' lang='lat' dir='ltr'>Idol.,</span> <span class='ocrx_word' id='word_1_336' title='bbox 1797 2937 1941 2991; x_wconf 89' lang='lat' dir='ltr'>cap.</span> <span class='ocrx_word' id='word_1_337' title='bbox 2000 2921 2054 2989; x_wconf 92' lang='lat'>8,</span> <span class='ocrx_word' id='word_1_338' title='bbox 2114 2938 2236 2992; x_wconf 81' lang='lat' dir='ltr'>pag.</span> 
     </span>
    </p>
   </div>
   <div class='ocr_carea' id='block_1_47' title="bbox 608 3003 2236 3081">
    <p class='ocr_par' dir='ltr' id='par_1_47' title="bbox 608 3003 2236 3081">
     <span class='ocr_line' id='line_1_47' title="bbox 608 3003 2236 3081; baseline 0.007 -27"><span class='ocrx_word' id='word_1_339' title='bbox 608 3003 770 3072; x_wconf 87' lang='grc'>178).</span> <span class='ocrx_word' id='word_1_340' title='bbox 833 3003 1060 3060; x_wconf 88' lang='lat' dir='ltr'>Patrius</span> <span class='ocrx_word' id='word_1_341' title='bbox 1117 3006 1292 3061; x_wconf 90' lang='lat' dir='ltr'>etiam</span> <span class='ocrx_word' id='word_1_342' title='bbox 1349 3008 1492 3062; x_wconf 90' lang='lat' dir='ltr'>deus</span> <span class='ocrx_word' id='word_1_343' title='bbox 1551 3009 1662 3064; x_wconf 76' lang='lat' dir='ltr'>fuit</span> <span class='ocrx_word' id='word_1_344' title='bbox 1718 3008 1928 3064; x_wconf 85' lang='lat' dir='ltr'>Noricis</span> <span class='ocrx_word' id='word_1_345' title='bbox 1986 3011 2236 3081; x_wconf 85' lang='lat' dir='ltr'>Belenus,</span> 
     </span>
    </p>
   </div>
   <div class='ocr_carea' id='block_1_48' title="bbox 597 3088 2232 3169">
    <p class='ocr_par' dir='ltr' id='par_1_48' title="bbox 597 3088 2232 3169">
     <span class='ocr_line' id='line_1_48' title="bbox 597 3088 2232 3169; baseline 0.006 -26"><span class='ocrx_word' id='word_1_346' title='bbox 597 3088 796 3162; x_wconf 89' lang='lat' dir='ltr'>inquit</span> <span class='ocrx_word' id='word_1_347' title='bbox 853 3095 1066 3148; x_wconf 86' lang='lat' dir='ltr'>Auctor</span> <span class='ocrx_word' id='word_1_348' title='bbox 1121 3101 1317 3151; x_wconf 87' lang='lat' dir='ltr'>noster</span> <span class='ocrx_word' id='word_1_349' title='bbox 1372 3096 1536 3167; x_wconf 83' lang='lat' dir='ltr'>(ibid.</span> <span class='ocrx_word' id='word_1_350' title='bbox 1591 3114 1718 3168; x_wconf 90' lang='lat' dir='ltr'>cap.</span> <span class='ocrx_word' id='word_1_351' title='bbox 1774 3099 1865 3164; x_wconf 90' lang='grc'>24,</span> <span class='ocrx_word' id='word_1_352' title='bbox 1927 3115 1982 3169; x_wconf 94' lang='lat' dir='ltr'>p.</span> <span class='ocrx_word' id='word_1_353' title='bbox 2041 3097 2168 3166; x_wconf 85' lang='grc'><strong>419)</strong></span> <span class='ocrx_word' id='word_1_354' title='bbox 2217 3117 2232 3168; x_wconf 88' lang='lat'><strong>;</strong></span> 
     </span>
    </p>
   </div>
   <div class='ocr_carea' id='block_1_49' title="bbox 599 3180 2232 3259">
    <p class='ocr_par' dir='ltr' id='par_1_49' title="bbox 599 3180 2232 3259">
     <span class='ocr_line' id='line_1_49' title="bbox 599 3180 2232 3259; baseline 0.006 -25"><span class='ocrx_word' id='word_1_355' title='bbox 599 3180 702 3234; x_wconf 89' lang='lat' dir='ltr'>sed</span> <span class='ocrx_word' id='word_1_356' title='bbox 761 3187 1034 3253; x_wconf 89' lang='lat' dir='ltr'>corrupta</span> <span class='ocrx_word' id='word_1_357' title='bbox 1108 3200 1338 3256; x_wconf 91' lang='lat' dir='ltr'>quoque</span> <span class='ocrx_word' id='word_1_358' title='bbox 1411 3186 1648 3241; x_wconf 82' lang='lat' dir='ltr'>fuerunt</span> <span class='ocrx_word' id='word_1_359' title='bbox 1700 3186 1758 3241; x_wconf 91' lang='lat' dir='ltr'>in</span> <span class='ocrx_word' id='word_1_360' title='bbox 1816 3188 2232 3259; x_wconf 87' lang='lat' dir='ltr'>manuscriptis</span> 
     </span>
    </p>
   </div>
   <div class='ocr_carea' id='block_1_50' title="bbox 600 3269 2232 3343">
    <p class='ocr_par' dir='ltr' id='par_1_50' title="bbox 600 3269 2232 3343">
     <span class='ocr_line' id='line_1_50' title="bbox 600 3269 2232 3343; baseline 0.007 -22"><span class='ocrx_word' id='word_1_361' title='bbox 600 3269 816 3323; x_wconf 89' lang='lat' dir='ltr'>nostris</span> <span class='ocrx_word' id='word_1_362' title='bbox 847 3271 1144 3327; x_wconf 88' lang='lat' dir='ltr'>codicibus</span> <span class='ocrx_word' id='word_1_363' title='bbox 1191 3272 1310 3328; x_wconf 66' lang='lat' dir='ltr'>hmo</span> <span class='ocrx_word' id='word_1_364' title='bbox 1359 3275 1598 3329; x_wconf 85' lang='lat' dir='ltr'>nomine.</span> <span class='ocrx_word' id='word_1_365' title='bbox 1649 3275 1781 3330; x_wconf 89' lang='lat' dir='ltr'>Nori</span> <span class='ocrx_word' id='word_1_366' title='bbox 1829 3275 2143 3343; x_wconf 85' lang='lat' dir='ltr'>Cibelenus,</span> <span class='ocrx_word' id='word_1_367' title='bbox 2172 3277 2232 3332; x_wconf 92' lang='lat' dir='ltr'>in</span> 
     </span>
    </p>
   </div>
   <div class='ocr_carea' id='block_1_51' title="bbox 599 3356 2235 3434">
    <p class='ocr_par' dir='ltr' id='par_1_51' title="bbox 599 3356 2235 3434">
     <span class='ocr_line' id='line_1_51' title="bbox 599 3356 2235 3434; baseline 0.007 -24"><span class='ocrx_word' id='word_1_368' title='bbox 599 3356 954 3426; x_wconf 90' lang='lat' dir='ltr'>quibusdam</span> <span class='ocrx_word' id='word_1_369' title='bbox 1013 3377 1144 3416; x_wconf 92' lang='lat' dir='ltr'>vero</span> <span class='ocrx_word' id='word_1_370' title='bbox 1197 3361 1368 3417; x_wconf 88' lang='lat' dir='ltr'>editis</span> <span class='ocrx_word' id='word_1_371' title='bbox 1426 3363 1730 3427; x_wconf 85' lang='lat' dir='ltr'>Tibelenus,</span> <span class='ocrx_word' id='word_1_372' title='bbox 1783 3380 1958 3434; x_wconf 91' lang='lat' dir='ltr'>quem</span> <span class='ocrx_word' id='word_1_373' title='bbox 1997 3365 2235 3422; x_wconf 86' lang='lat' dir='ltr'>Vossius</span> 
     </span>
    </p>
   </div>
   <div class='ocr_carea' id='block_1_52' title="bbox 601 3444 2237 3526">
    <p class='ocr_par' dir='ltr' id='par_1_52' title="bbox 601 3444 2237 3526">
     <span class='ocr_line' id='line_1_52' title="bbox 601 3444 2237 3526; baseline 0.007 -29"><span class='ocrx_word' id='word_1_374' title='bbox 601 3444 936 3515; x_wconf 88' lang='lat' dir='ltr'>suspicatur</span> <span class='ocrx_word' id='word_1_375' title='bbox 980 3464 1114 3503; x_wconf 91' lang='lat' dir='ltr'>eum</span> <span class='ocrx_word' id='word_1_376' title='bbox 1161 3465 1310 3518; x_wconf 90' lang='lat' dir='ltr'>esse,</span> <span class='ocrx_word' id='word_1_377' title='bbox 1363 3467 1535 3521; x_wconf 92' lang='lat' dir='ltr'>quem</span> <span class='ocrx_word' id='word_1_378' title='bbox 1589 3450 1954 3522; x_wconf 81' lang='lat' dir='ltr'>Tybelinum,</span> <span class='ocrx_word' id='word_1_379' title='bbox 2006 3456 2237 3526; x_wconf 88' lang='lat' dir='ltr'>antiqui</span> 
     </span>
    </p>
   </div>
   <div class='ocr_carea' id='block_1_53' title="bbox 601 3533 2237 3604">
    <p class='ocr_par' dir='ltr' id='par_1_53' title="bbox 601 3533 2237 3604">
     <span class='ocr_line' id='line_1_53' title="bbox 601 3533 2237 3604; baseline 0.007 -16"><span class='ocrx_word' id='word_1_380' title='bbox 601 3533 858 3589; x_wconf 83' lang='lat' dir='ltr'>Saxones</span> <span class='ocrx_word' id='word_1_381' title='bbox 913 3535 1274 3604; x_wconf 90' lang='lat' dir='ltr'>Tebilenum,</span> <span class='ocrx_word' id='word_1_382' title='bbox 1325 3545 1382 3594; x_wconf 90' lang='lat' dir='ltr'>et</span> <span class='ocrx_word' id='word_1_383' title='bbox 1429 3539 1615 3595; x_wconf 88' lang='lat' dir='ltr'>Sclavi</span> <span class='ocrx_word' id='word_1_384' title='bbox 1661 3541 2024 3597; x_wconf 89' lang='lat' dir='ltr'>Zeerneboch</span> <span class='ocrx_word' id='word_1_385' title='bbox 2072 3559 2237 3599; x_wconf 88' lang='lat' dir='ltr'>voca-</span> 
     </span>
    </p>
   </div>
   <div class='ocr_carea' id='block_1_54' title="bbox 602 3619 2239 3700">
    <p class='ocr_par' dir='ltr' id='par_1_54' title="bbox 602 3619 2239 3700">
     <span class='ocr_line' id='line_1_54' title="bbox 602 3619 2239 3700; baseline 0.005 -26"><span class='ocrx_word' id='word_1_386' title='bbox 602 3619 764 3675; x_wconf 87' lang='lat' dir='ltr'>bant.</span> <span class='ocrx_word' id='word_1_387' title='bbox 798 3625 999 3678; x_wconf 88' lang='lat' dir='ltr'>Nonne</span> <span class='ocrx_word' id='word_1_388' title='bbox 1031 3640 1161 3680; x_wconf 91' lang='lat' dir='ltr'>vero</span> <span class='ocrx_word' id='word_1_389' title='bbox 1191 3625 1360 3698; x_wconf 90' lang='lat' dir='ltr'>longe</span> <span class='ocrx_word' id='word_1_390' title='bbox 1383 3627 1743 3697; x_wconf 91' lang='lat' dir='ltr'>probabilius</span> <span class='ocrx_word' id='word_1_391' title='bbox 1774 3633 1864 3683; x_wconf 88' lang='lat' dir='ltr'>est</span> <span class='ocrx_word' id='word_1_392' title='bbox 1893 3628 2239 3700; x_wconf 90' lang='lat' dir='ltr'>illumloqui</span> 
     </span>
    </p>
   </div>
   <div class='ocr_carea' id='block_1_55' title="bbox 603 3708 2237 3786">
    <p class='ocr_par' dir='ltr' id='par_1_55' title="bbox 603 3708 2237 3786">
     <span class='ocr_line' id='line_1_55' title="bbox 603 3708 2237 3786; baseline 0.006 -23"><span class='ocrx_word' id='word_1_393' title='bbox 603 3709 676 3764; x_wconf 90' lang='lat' dir='ltr'>de</span> <span class='ocrx_word' id='word_1_394' title='bbox 708 3708 916 3766; x_wconf 90' lang='lat' dir='ltr'>Beleno</span> <span class='ocrx_word' id='word_1_395' title='bbox 943 3712 1049 3766; x_wconf 91' lang='lat' dir='ltr'>deo</span> <span class='ocrx_word' id='word_1_396' title='bbox 1097 3729 1269 3784; x_wconf 90' lang='lat' dir='ltr'>quem</span> <span class='ocrx_word' id='word_1_397' title='bbox 1321 3714 1744 3786; x_wconf 83' lang='lat' dir='ltr'>Aquileienses,</span> <span class='ocrx_word' id='word_1_398' title='bbox 1777 3717 1858 3771; x_wconf 89' lang='lat' dir='ltr'>uti</span> <span class='ocrx_word' id='word_1_399' title='bbox 1914 3716 2102 3773; x_wconf 89' lang='lat' dir='ltr'>Julius</span> <span class='ocrx_word' id='word_1_400' title='bbox 2131 3719 2237 3773; x_wconf 87' lang='lat' dir='ltr'>Ca-</span> 
     </span>
    </p>
   </div>
   <div class='ocr_carea' id='block_1_56' title="bbox 607 3797 2240 3875">
    <p class='ocr_par' dir='ltr' id='par_1_56' title="bbox 607 3797 2240 3875">
     <span class='ocr_line' id='line_1_56' title="bbox 607 3797 2240 3875; baseline 0.007 -24"><span class='ocrx_word' id='word_1_401' title='bbox 607 3797 886 3869; x_wconf 89' lang='lat' dir='ltr'>pitolinus</span> <span class='ocrx_word' id='word_1_402' title='bbox 917 3802 999 3874; x_wconf 91' lang='lat' dir='ltr'>(in</span> <span class='ocrx_word' id='word_1_403' title='bbox 1036 3803 1116 3857; x_wconf 84' lang='lat' dir='ltr'>Vit</span> <span class='ocrx_word' id='word_1_404' title='bbox 1164 3803 1454 3858; x_wconf 71' lang='lat' dir='ltr'>Maximin.</span> <span class='ocrx_word' id='word_1_405' title='bbox 1501 3821 1556 3875; x_wconf 93' lang='lat' dir='ltr'>p.</span> <span class='ocrx_word' id='word_1_406' title='bbox 1587 3805 1710 3869; x_wconf 83' lang='lat'>361,</span> <span class='ocrx_word' id='word_1_407' title='bbox 1762 3804 1869 3860; x_wconf 90' lang='lat' dir='ltr'>col.</span> <span class='ocrx_word' id='word_1_408' title='bbox 1922 3808 1995 3875; x_wconf 88' lang='lat'>2),</span> <span class='ocrx_word' id='word_1_409' title='bbox 2046 3811 2102 3860; x_wconf 86' lang='lat' dir='ltr'>et</span> <span class='ocrx_word' id='word_1_410' title='bbox 2131 3807 2240 3862; x_wconf 88' lang='lat' dir='ltr'>He-</span> 
     </span>
    </p>
   </div>
   <div class='ocr_carea' id='block_1_57' title="bbox 606 3885 2239 3964">
    <p class='ocr_par' dir='ltr' id='par_1_57' title="bbox 606 3885 2239 3964">
     <span class='ocr_line' id='line_1_57' title="bbox 606 3885 2239 3964; baseline 0.007 -25"><span class='ocrx_word' id='word_1_411' title='bbox 606 3885 885 3944; x_wconf 87' lang='lat' dir='ltr'>rodianus</span> <span class='ocrx_word' id='word_1_412' title='bbox 915 3889 1038 3961; x_wconf 92' lang='lat' dir='ltr'>(lib.</span> <span class='ocrx_word' id='word_1_413' title='bbox 1074 3907 1113 3944; x_wconf 91' lang='grc' dir='ltr'>ιι</span> <span class='ocrx_word' id='word_1_414' title='bbox 1163 3893 1312 3946; x_wconf 83' lang='lat' dir='ltr'>Hist.</span> <span class='ocrx_word' id='word_1_415' title='bbox 1364 3908 1420 3963; x_wconf 91' lang='lat' dir='ltr'>p.</span> <span class='ocrx_word' id='word_1_416' title='bbox 1453 3893 1579 3962; x_wconf 89' lang='lat'>612)</span> <span class='ocrx_word' id='word_1_417' title='bbox 1628 3893 1918 3948; x_wconf 71' lang='lat' dir='ltr'>memoriis</span> <span class='ocrx_word' id='word_1_418' title='bbox 1968 3895 2239 3964; x_wconf 91' lang='lat' dir='ltr'>prodide-</span> 
     </span>
    </p>
   </div>
   <div class='ocr_carea' id='block_1_58' title="bbox 607 3979 2242 4051">
    <p class='ocr_par' dir='ltr' id='par_1_58' title="bbox 607 3979 2242 4051">
     <span class='ocr_line' id='line_1_58' title="bbox 607 3979 2242 4051; baseline 0.007 -22"><span class='ocrx_word' id='word_1_419' title='bbox 607 3981 764 4045; x_wconf 88' lang='lat' dir='ltr'>runt,</span> <span class='ocrx_word' id='word_1_420' title='bbox 800 3994 1032 4035; x_wconf 91' lang='lat' dir='ltr'>summo</span> <span class='ocrx_word' id='word_1_421' title='bbox 1075 3979 1132 4034; x_wconf 90' lang='lat' dir='ltr'>in</span> <span class='ocrx_word' id='word_1_422' title='bbox 1184 3980 1402 4035; x_wconf 87' lang='lat' dir='ltr'>honore</span> <span class='ocrx_word' id='word_1_423' title='bbox 1452 3980 1764 4051; x_wconf 91' lang='lat' dir='ltr'>habebant,</span> <span class='ocrx_word' id='word_1_424' title='bbox 1815 3987 1872 4036; x_wconf 90' lang='lat' dir='ltr'>et</span> <span class='ocrx_word' id='word_1_425' title='bbox 1901 3985 2082 4038; x_wconf 90' lang='lat' dir='ltr'>solem</span> <span class='ocrx_word' id='word_1_426' title='bbox 2115 3999 2242 4040; x_wconf 87' lang='lat' dir='ltr'>esse</span> 
     </span>
    </p>
   </div>
   <div class='ocr_carea' id='block_1_59' title="bbox 607 4065 2244 4135">
    <p class='ocr_par' dir='ltr' id='par_1_59' title="bbox 607 4065 2244 4135">
     <span class='ocr_line' id='line_1_59' title="bbox 607 4065 2244 4135; baseline 0.005 -17"><span class='ocrx_word' id='word_1_427' title='bbox 607 4065 1002 4135; x_wconf 86' lang='lat' dir='ltr'>opinabantur</span> <span class='ocrx_word' id='word_1_428' title='bbox 1040 4068 1068 4124; x_wconf 83' lang='lat'><strong>?</strong></span> <span class='ocrx_word' id='word_1_429' title='bbox 1113 4073 1390 4124; x_wconf 68' lang='lat' dir='ltr'>Praeterea</span> <span class='ocrx_word' id='word_1_430' title='bbox 1438 4069 1720 4124; x_wconf 87' lang='lat' dir='ltr'>Gruterus</span> <span class='ocrx_word' id='word_1_431' title='bbox 1778 4071 1969 4126; x_wconf 87' lang='lat' dir='ltr'>varias</span> <span class='ocrx_word' id='word_1_432' title='bbox 2014 4072 2244 4128; x_wconf 84' lang='lat' dir='ltr'>exhibet</span> 
     </span>
    </p>
   </div>
   <div class='ocr_carea' id='block_1_60' title="bbox 608 4153 2241 4230">
    <p class='ocr_par' dir='ltr' id='par_1_60' title="bbox 608 4153 2241 4230">
     <span class='ocr_line' id='line_1_60' title="bbox 608 4153 2241 4230; baseline 0.007 -23"><span class='ocrx_word' id='word_1_433' title='bbox 608 4153 1019 4226; x_wconf 89' lang='lat' dir='ltr'>inscriptiones</span> <span class='ocrx_word' id='word_1_434' title='bbox 1045 4158 1150 4214; x_wconf 87' lang='lat' dir='ltr'>Deo</span> <span class='ocrx_word' id='word_1_435' title='bbox 1181 4159 1396 4226; x_wconf 85' lang='lat' dir='ltr'>Beleno,</span> <span class='ocrx_word' id='word_1_436' title='bbox 1429 4159 1500 4214; x_wconf 92' lang='lat' dir='ltr'>ab</span> <span class='ocrx_word' id='word_1_437' title='bbox 1525 4161 1786 4230; x_wconf 88' lang='lat' dir='ltr'>Augusto</span> <span class='ocrx_word' id='word_1_438' title='bbox 1816 4161 2036 4216; x_wconf 60' lang='lat' dir='ltr'>Caesare</span> <span class='ocrx_word' id='word_1_439' title='bbox 2057 4163 2241 4218; x_wconf 87' lang='lat' dir='ltr'>editas</span> 
     </span>
    </p>
   </div>
   <div class='ocr_carea' id='block_1_61' title="bbox 607 4243 2240 4319">
    <p class='ocr_par' dir='ltr' id='par_1_61' title="bbox 607 4243 2240 4319">
     <span class='ocr_line' id='line_1_61' title="bbox 607 4243 2240 4319; baseline 0.006 -24"><span class='ocrx_word' id='word_1_440' title='bbox 607 4243 841 4311; x_wconf 78' lang='lat' dir='ltr'>(Gruter.</span> <span class='ocrx_word' id='word_1_441' title='bbox 873 4249 1014 4301; x_wconf 90' lang='lat' dir='ltr'>tom.</span> <span class='ocrx_word' id='word_1_442' title='bbox 1049 4245 1094 4312; x_wconf 92' lang='grc' dir='ltr'><strong>Ι,</strong></span> <span class='ocrx_word' id='word_1_443' title='bbox 1132 4247 1382 4314; x_wconf 83' lang='lat' dir='ltr'>Inscript.</span> <span class='ocrx_word' id='word_1_444' title='bbox 1435 4264 1489 4318; x_wconf 92' lang='lat' dir='ltr'>p.</span> <span class='ocrx_word' id='word_1_445' title='bbox 1521 4249 1592 4301; x_wconf 89' lang='lat'>26</span> <span class='ocrx_word' id='word_1_446' title='bbox 1639 4253 1696 4302; x_wconf 87' lang='lat' dir='ltr'>et</span> <span class='ocrx_word' id='word_1_447' title='bbox 1723 4248 1834 4319; x_wconf 88' lang='lat'>27).</span> <span class='ocrx_word' id='word_1_448' title='bbox 1884 4247 2033 4312; x_wconf 86' lang='lat' dir='ltr'>Quin</span> <span class='ocrx_word' id='word_1_449' title='bbox 2063 4248 2240 4304; x_wconf 89' lang='lat' dir='ltr'>etiam</span> 
     </span>
    </p>
   </div>
   <div class='ocr_carea' id='block_1_62' title="bbox 607 4331 2241 4408">
    <p class='ocr_par' dir='ltr' id='par_1_62' title="bbox 607 4331 2241 4408">
     <span class='ocr_line' id='line_1_62' title="bbox 607 4331 2241 4408; baseline 0.005 -22"><span class='ocrx_word' id='word_1_450' title='bbox 607 4331 659 4387; x_wconf 90' lang='lat' dir='ltr'>is</span> <span class='ocrx_word' id='word_1_451' title='bbox 680 4332 752 4387; x_wconf 91' lang='lat' dir='ltr'>ab</span> <span class='ocrx_word' id='word_1_452' title='bbox 773 4334 1029 4400; x_wconf 86' lang='lat' dir='ltr'>Ausonio</span> <span class='ocrx_word' id='word_1_453' title='bbox 1047 4333 1558 4407; x_wconf 86' lang='lat' dir='ltr'>Burdigalensium</span> <span class='ocrx_word' id='word_1_454' title='bbox 1581 4337 1726 4392; x_wconf 89' lang='lat' dir='ltr'>deus</span> <span class='ocrx_word' id='word_1_455' title='bbox 1745 4353 1848 4392; x_wconf 88' lang='lat' dir='ltr'>nec</span> <span class='ocrx_word' id='word_1_456' title='bbox 1867 4353 1982 4393; x_wconf 92' lang='lat' dir='ltr'>uno</span> <span class='ocrx_word' id='word_1_457' title='bbox 2003 4337 2241 4408; x_wconf 90' lang='lat' dir='ltr'>quidem</span> 
     </span>
    </p>
   </div>
   <div class='ocr_carea' id='block_1_63' title="bbox 610 4421 2240 4498">
    <p class='ocr_par' dir='ltr' id='par_1_63' title="bbox 610 4421 2240 4498">
     <span class='ocr_line' id='line_1_63' title="bbox 610 4421 2240 4498; baseline 0.004 -23"><span class='ocrx_word' id='word_1_458' title='bbox 610 4421 868 4478; x_wconf 88' lang='lat' dir='ltr'>carmine</span> <span class='ocrx_word' id='word_1_459' title='bbox 897 4423 1247 4494; x_wconf 58' lang='lat' dir='ltr'>praedicatur</span> <span class='ocrx_word' id='word_1_460' title='bbox 1271 4425 1511 4496; x_wconf 84' lang='lat' dir='ltr'>(Auson.</span> <span class='ocrx_word' id='word_1_461' title='bbox 1535 4425 1608 4480; x_wconf 86' lang='lat' dir='ltr'>de</span> <span class='ocrx_word' id='word_1_462' title='bbox 1637 4425 1921 4496; x_wconf 86' lang='lat' dir='ltr'>Burdigal.</span> <span class='ocrx_word' id='word_1_463' title='bbox 1949 4430 2240 4498; x_wconf 69' lang='lat' dir='ltr'>professor.</span> 
     </span>
    </p>
   </div>
   <div class='ocr_carea' id='block_1_64' title="bbox 608 4509 2243 4586">
    <p class='ocr_par' dir='ltr' id='par_1_64' title="bbox 608 4509 2243 4586">
     <span class='ocr_line' id='line_1_64' title="bbox 608 4509 2243 4586; baseline 0.004 -21"><span class='ocrx_word' id='word_1_464' title='bbox 608 4509 798 4566; x_wconf 88' lang='lat' dir='ltr'>Carm.</span> <span class='ocrx_word' id='word_1_465' title='bbox 831 4513 883 4580; x_wconf 88' lang='grc'>4,</span> <span class='ocrx_word' id='word_1_466' title='bbox 917 4513 947 4584; x_wconf 82' lang='lat'>§</span> <span class='ocrx_word' id='word_1_467' title='bbox 980 4513 1101 4585; x_wconf 88' lang='grc'><strong>145,</strong></span> <span class='ocrx_word' id='word_1_468' title='bbox 1161 4517 1218 4569; x_wconf 87' lang='lat' dir='ltr'>et</span> <span class='ocrx_word' id='word_1_469' title='bbox 1246 4529 1426 4570; x_wconf 90' lang='lat' dir='ltr'>carm.</span> <span class='ocrx_word' id='word_1_470' title='bbox 1483 4515 1569 4581; x_wconf 88' lang='lat'>10,</span> <span class='ocrx_word' id='word_1_471' title='bbox 1603 4519 1629 4584; x_wconf 88' lang='lat'>§</span> <span class='ocrx_word' id='word_1_472' title='bbox 1660 4515 1805 4586; x_wconf 79' lang='grc'><strong>154).</strong></span> <span class='ocrx_word' id='word_1_473' title='bbox 1855 4515 1979 4570; x_wconf 86' lang='grc' dir='ltr'><strong>Νοιι</strong></span> <span class='ocrx_word' id='word_1_474' title='bbox 2040 4532 2074 4571; x_wconf 89' lang='lat' dir='ltr'>a</span> <span class='ocrx_word' id='word_1_475' title='bbox 2103 4515 2243 4572; x_wconf 89' lang='lat' dir='ltr'>solis</span> 
     </span>
    </p>
   </div>
   <div class='ocr_carea' id='block_1_65' title="bbox 606 4596 2244 4674">
    <p class='ocr_par' dir='ltr' id='par_1_65' title="bbox 606 4596 2244 4674">
     <span class='ocr_line' id='line_1_65' title="bbox 606 4596 2244 4674; baseline 0.005 -22"><span class='ocrx_word' id='word_1_476' title='bbox 606 4596 809 4670; x_wconf 87' lang='lat' dir='ltr'>itaque</span> <span class='ocrx_word' id='word_1_477' title='bbox 835 4599 1084 4669; x_wconf 88' lang='lat' dir='ltr'>Noricis,</span> <span class='ocrx_word' id='word_1_478' title='bbox 1135 4600 1455 4657; x_wconf 69' lang='lat' dir='ltr'>Germaniae</span> <span class='ocrx_word' id='word_1_479' title='bbox 1504 4601 1757 4674; x_wconf 88' lang='lat' dir='ltr'>populis,</span> <span class='ocrx_word' id='word_1_480' title='bbox 1807 4602 1909 4658; x_wconf 88' lang='lat' dir='ltr'>sed</span> <span class='ocrx_word' id='word_1_481' title='bbox 1958 4602 2131 4659; x_wconf 90' lang='lat' dir='ltr'>etiam</span> <span class='ocrx_word' id='word_1_482' title='bbox 2171 4604 2244 4660; x_wconf 92' lang='lat' dir='ltr'>ab</span> 
     </span>
    </p>
   </div>
   <div class='ocr_carea' id='block_1_66' title="bbox 609 4685 2244 4748">
    <p class='ocr_par' dir='ltr' id='par_1_66' title="bbox 609 4685 2244 4748">
     <span class='ocr_line' id='line_1_66' title="bbox 609 4685 2244 4748; baseline 0.005 -8"><span class='ocrx_word' id='word_1_483' title='bbox 609 4685 742 4742; x_wconf 88' lang='lat' dir='ltr'>aliis</span> <span class='ocrx_word' id='word_1_484' title='bbox 771 4686 1018 4744; x_wconf 89' lang='lat' dir='ltr'>Belenus</span> <span class='ocrx_word' id='word_1_485' title='bbox 1067 4688 1383 4746; x_wconf 91' lang='lat' dir='ltr'>colebatur.</span> <span class='ocrx_word' id='word_1_486' title='bbox 1433 4693 1504 4746; x_wconf 87' lang='lat' dir='ltr'>At</span> <span class='ocrx_word' id='word_1_487' title='bbox 1541 4690 1686 4747; x_wconf 90' lang='lat' dir='ltr'>istos</span> <span class='ocrx_word' id='word_1_488' title='bbox 1746 4691 1987 4747; x_wconf 84' lang='lat' dir='ltr'>forsitan</span> <span class='ocrx_word' id='word_1_489' title='bbox 2017 4691 2244 4748; x_wconf 89' lang='lat' dir='ltr'>Tertul-</span> 
     </span>
    </p>
   </div>
   <div class='ocr_carea' id='block_1_67' title="bbox 609 4775 2242 4852">
    <p class='ocr_par' dir='ltr' id='par_1_67' title="bbox 609 4775 2242 4852">
     <span class='ocr_line' id='line_1_67' title="bbox 609 4775 2242 4852; baseline 0.005 -24"><span class='ocrx_word' id='word_1_490' title='bbox 609 4775 803 4830; x_wconf 82' lang='lat' dir='ltr'>lianue</span> <span class='ocrx_word' id='word_1_491' title='bbox 833 4776 1178 4833; x_wconf 89' lang='lat' dir='ltr'>nominatim</span> <span class='ocrx_word' id='word_1_492' title='bbox 1209 4778 1337 4834; x_wconf 87' lang='lat' dir='ltr'>ideo</span> <span class='ocrx_word' id='word_1_493' title='bbox 1367 4778 1698 4850; x_wconf 88' lang='lat' dir='ltr'>appellavit,</span> <span class='ocrx_word' id='word_1_494' title='bbox 1738 4780 1878 4852; x_wconf 89' lang='lat' dir='ltr'>quia</span> <span class='ocrx_word' id='word_1_495' title='bbox 1907 4785 2141 4836; x_wconf 89' lang='lat' dir='ltr'>noverat</span> <span class='ocrx_word' id='word_1_496' title='bbox 2171 4780 2242 4836; x_wconf 91' lang='lat' dir='ltr'>ab</span> 
     </span>
    </p>
   </div>
   <div class='ocr_carea' id='block_1_68' title="bbox 605 4863 2240 4941">
    <p class='ocr_par' dir='ltr' id='par_1_68' title="bbox 605 4863 2240 4941">
     <span class='ocr_line' id='line_1_68' title="bbox 605 4863 2240 4941; baseline 0.004 -24"><span class='ocrx_word' id='word_1_497' title='bbox 605 4863 752 4934; x_wconf 88' lang='lat' dir='ltr'>ipsis</span> <span class='ocrx_word' id='word_1_498' title='bbox 783 4864 938 4920; x_wconf 93' lang='lat' dir='ltr'>hunc</span> <span class='ocrx_word' id='word_1_499' title='bbox 994 4866 1166 4922; x_wconf 89' lang='lat' dir='ltr'>deum</span> <span class='ocrx_word' id='word_1_500' title='bbox 1218 4885 1332 4940; x_wconf 65' lang='lat' dir='ltr'>pra</span> <span class='ocrx_word' id='word_1_501' title='bbox 1383 4867 1606 4925; x_wconf 68' lang='lat' dir='ltr'>caeteris</span> <span class='ocrx_word' id='word_1_502' title='bbox 1653 4868 1925 4925; x_wconf 89' lang='lat' dir='ltr'>honorari</span> <span class='ocrx_word' id='word_1_503' title='bbox 1973 4869 2240 4941; x_wconf 88' lang='lat' dir='ltr'>(Tertull.</span> 
     </span>
    </p>
   </div>
   <div class='ocr_carea' id='block_1_69' title="bbox 606 4953 2243 5030">
    <p class='ocr_par' dir='ltr' id='par_1_69' title="bbox 606 4953 2243 5030">
     <span class='ocr_line' id='line_1_69' title="bbox 606 4953 2243 5030; baseline 0.003 -21"><span class='ocrx_word' id='word_1_504' title='bbox 606 4953 924 5027; x_wconf 79' lang='lat' dir='ltr'>Apologet.,</span> <span class='ocrx_word' id='word_1_505' title='bbox 956 4970 1084 5028; x_wconf 89' lang='lat' dir='ltr'>cap.</span> <span class='ocrx_word' id='word_1_506' title='bbox 1122 4958 1216 5028; x_wconf 85' lang='grc'>24,</span> <span class='ocrx_word' id='word_1_507' title='bbox 1263 4975 1320 5029; x_wconf 93' lang='lat' dir='ltr'>p.</span> <span class='ocrx_word' id='word_1_508' title='bbox 1372 4959 1517 5030; x_wconf 87' lang='grc'><strong>420).</strong></span> <span class='ocrx_word' id='word_1_509' title='bbox 1545 4957 1604 5012; x_wconf 87' lang='lat' dir='ltr'>Si</span> <span class='ocrx_word' id='word_1_510' title='bbox 1650 4973 1824 5030; x_wconf 89' lang='lat' dir='ltr'>quem</span> <span class='ocrx_word' id='word_1_511' title='bbox 1857 4957 2243 5014; x_wconf 89' lang='lat' dir='ltr'>nihilominus</span> 
     </span>
    </p>
   </div>
   <div class='ocr_carea' id='block_1_70' title="bbox 606 5045 2240 5121">
    <p class='ocr_par' dir='ltr' id='par_1_70' title="bbox 606 5045 2240 5121">
     <span class='ocr_line' id='line_1_70' title="bbox 606 5045 2240 5121; baseline 0.002 -21"><span class='ocrx_word' id='word_1_512' title='bbox 606 5045 1002 5104; x_wconf 90' lang='lat' dir='ltr'>obscuriorem</span> <span class='ocrx_word' id='word_1_513' title='bbox 1037 5047 1377 5104; x_wconf 83' lang='lat' dir='ltr'>Noricorum</span> <span class='ocrx_word' id='word_1_514' title='bbox 1409 5053 1509 5104; x_wconf 88' lang='lat' dir='ltr'>aut</span> <span class='ocrx_word' id='word_1_515' title='bbox 1561 5047 1802 5105; x_wconf 85' lang='lat' dir='ltr'>alterius</span> <span class='ocrx_word' id='word_1_516' title='bbox 1846 5051 2039 5121; x_wconf 88' lang='lat' dir='ltr'>gentis</span> <span class='ocrx_word' id='word_1_517' title='bbox 2067 5050 2240 5106; x_wconf 89' lang='lat' dir='ltr'>deum</span> 
     </span>
    </p>
   </div>
   <div class='ocr_carea' id='block_1_71' title="bbox 605 5135 2241 5211">
    <p class='ocr_par' dir='ltr' id='par_1_71' title="bbox 605 5135 2241 5211">
     <span class='ocr_line' id='line_1_71' title="bbox 605 5135 2241 5211; baseline 0.002 -21"><span class='ocrx_word' id='word_1_518' title='bbox 605 5136 678 5191; x_wconf 89' lang='lat' dir='ltr'>ab</span> <span class='ocrx_word' id='word_1_519' title='bbox 708 5135 806 5192; x_wconf 92' lang='lat' dir='ltr'>illo</span> <span class='ocrx_word' id='word_1_520' title='bbox 837 5137 1182 5194; x_wconf 88' lang='lat' dir='ltr'>denotatum</span> <span class='ocrx_word' id='word_1_521' title='bbox 1213 5139 1512 5207; x_wconf 84' lang='lat' dir='ltr'>ostendas,</span> <span class='ocrx_word' id='word_1_522' title='bbox 1544 5139 1650 5193; x_wconf 91' lang='lat' dir='ltr'>tibi</span> <span class='ocrx_word' id='word_1_523' title='bbox 1673 5138 1830 5195; x_wconf 89' lang='lat' dir='ltr'>haud</span> <span class='ocrx_word' id='word_1_524' title='bbox 1861 5155 2010 5211; x_wconf 67' lang='lat' dir='ltr'>aegre</span> <span class='ocrx_word' id='word_1_525' title='bbox 2040 5155 2241 5195; x_wconf 87' lang='lat' dir='ltr'>assen-</span> 
     </span>
    </p>
   </div>
   <div class='ocr_carea' id='block_1_72' title="bbox 604 5223 840 5281">
    <p class='ocr_par' dir='ltr' id='par_1_72' title="bbox 604 5223 840 5281">
     <span class='ocr_line' id='line_1_72' title="bbox 604 5223 840 5281; baseline 0.004 -1"><span class='ocrx_word' id='word_1_526' title='bbox 604 5223 840 5281; x_wconf 89' lang='lat' dir='ltr'>tiemur.</span> 
     </span>
    </p>
   </div>
   <div class='ocr_carea' id='block_1_73' title="bbox 674 5330 2242 5407">
    <p class='ocr_par' dir='ltr' id='par_1_73' title="bbox 674 5330 2242 5407">
     <span class='ocr_line' id='line_1_73' title="bbox 674 5330 2242 5407; baseline 0.003 -21"><span class='ocrx_word' id='word_1_527' title='bbox 674 5330 790 5386; x_wconf 90' lang='lat' dir='ltr'>Nec</span> <span class='ocrx_word' id='word_1_528' title='bbox 822 5333 1071 5404; x_wconf 89' lang='lat' dir='ltr'>patriam</span> <span class='ocrx_word' id='word_1_529' title='bbox 1103 5349 1272 5389; x_wconf 89' lang='lat' dir='ltr'>suam</span> <span class='ocrx_word' id='word_1_530' title='bbox 1305 5334 1403 5390; x_wconf 89' lang='lat' dir='ltr'>ille</span> <span class='ocrx_word' id='word_1_531' title='bbox 1432 5333 1650 5402; x_wconf 86' lang='lat' dir='ltr'>omisit,</span> <span class='ocrx_word' id='word_1_532' title='bbox 1675 5339 1851 5407; x_wconf 88' lang='lat' dir='ltr'>atque</span> <span class='ocrx_word' id='word_1_533' title='bbox 1885 5337 2098 5406; x_wconf 68' lang='lat' dir='ltr'>Africae</span> <span class='ocrx_word' id='word_1_534' title='bbox 2129 5336 2242 5390; x_wconf 70' lang='lat' dir='ltr'>Cae-</span> 
     </span>
    </p>
   </div>
   <div class='ocr_carea' id='block_1_74' title="bbox 607 5421 2242 5494">
    <p class='ocr_par' dir='ltr' id='par_1_74' title="bbox 607 5421 2242 5494">
     <span class='ocr_line' id='line_1_74' title="bbox 607 5421 2242 5494; baseline 0.002 -19"><span class='ocrx_word' id='word_1_535' title='bbox 607 5421 774 5491; x_wconf 86' lang='lat' dir='ltr'>lestis,</span> <span class='ocrx_word' id='word_1_536' title='bbox 807 5425 864 5476; x_wconf 89' lang='lat' dir='ltr'>et</span> <span class='ocrx_word' id='word_1_537' title='bbox 894 5422 955 5477; x_wconf 92' lang='lat' dir='ltr'>in</span> <span class='ocrx_word' id='word_1_538' title='bbox 986 5421 1132 5478; x_wconf 90' lang='lat' dir='ltr'>libro</span> <span class='ocrx_word' id='word_1_539' title='bbox 1165 5422 1236 5477; x_wconf 89' lang='lat' dir='ltr'>ad</span> <span class='ocrx_word' id='word_1_540' title='bbox 1280 5423 1538 5479; x_wconf 85' lang='lat' dir='ltr'>Nationes</span> <span class='ocrx_word' id='word_1_541' title='bbox 1586 5423 1713 5494; x_wconf 91' lang='lat' dir='ltr'>(lib.</span> <span class='ocrx_word' id='word_1_542' title='bbox 1747 5441 1808 5493; x_wconf 93' lang='grc' dir='ltr'><strong>ιι,</strong></span> <span class='ocrx_word' id='word_1_543' title='bbox 1861 5440 1988 5494; x_wconf 91' lang='lat' dir='ltr'>cap.</span> <span class='ocrx_word' id='word_1_544' title='bbox 2017 5423 2095 5493; x_wconf 93' lang='lat'>8),</span> <span class='ocrx_word' id='word_1_545' title='bbox 2129 5423 2242 5478; x_wconf 77' lang='lat' dir='ltr'>Cte-</span> 
     </span>
    </p>
   </div>
   <div class='ocr_carea' id='block_1_75' title="bbox 607 5509 2242 5584">
    <p class='ocr_par' dir='ltr' id='par_1_75' title="bbox 607 5509 2242 5584">
     <span class='ocr_line' id='line_1_75' title="bbox 607 5509 2242 5584; baseline 0.002 -21"><span class='ocrx_word' id='word_1_546' title='bbox 607 5509 756 5564; x_wconf 86' lang='lat' dir='ltr'>lestis</span> <span class='ocrx_word' id='word_1_547' title='bbox 789 5509 1067 5578; x_wconf 82' lang='lat' dir='ltr'>Afrorum,</span> <span class='ocrx_word' id='word_1_548' title='bbox 1101 5512 1171 5568; x_wconf 92' lang='lat' dir='ltr'>de</span> <span class='ocrx_word' id='word_1_549' title='bbox 1201 5528 1318 5583; x_wconf 90' lang='lat' dir='ltr'>qua</span> <span class='ocrx_word' id='word_1_550' title='bbox 1347 5529 1454 5568; x_wconf 90' lang='lat' dir='ltr'>nos</span> <span class='ocrx_word' id='word_1_551' title='bbox 1493 5512 1764 5583; x_wconf 88' lang='lat' dir='ltr'>superius</span> <span class='ocrx_word' id='word_1_552' title='bbox 1812 5511 2242 5584; x_wconf 87' lang='lat' dir='ltr'>disputavimus</span> 
     </span>
    </p>
   </div>
   <div class='ocr_carea' id='block_1_76' title="bbox 608 5597 2243 5674">
    <p class='ocr_par' dir='ltr' id='par_1_76' title="bbox 608 5597 2243 5674">
     <span class='ocr_line' id='line_1_76' title="bbox 608 5597 2243 5674; baseline 0.003 -23"><span class='ocrx_word' id='word_1_553' title='bbox 608 5597 756 5668; x_wconf 85' lang='lat' dir='ltr'>(cap.</span> <span class='ocrx_word' id='word_1_554' title='bbox 791 5599 875 5669; x_wconf 92' lang='lat'>18,</span> <span class='ocrx_word' id='word_1_555' title='bbox 909 5605 1020 5656; x_wconf 90' lang='lat' dir='ltr'>art.</span> <span class='ocrx_word' id='word_1_556' title='bbox 1051 5601 1129 5672; x_wconf 89' lang='lat'>6).</span> <span class='ocrx_word' id='word_1_557' title='bbox 1162 5601 1434 5671; x_wconf 76' lang='lat' dir='ltr'>Ejusdem</span> <span class='ocrx_word' id='word_1_558' title='bbox 1483 5617 1653 5674; x_wconf 91' lang='lat' dir='ltr'>porro</span> <span class='ocrx_word' id='word_1_559' title='bbox 1699 5599 1901 5656; x_wconf 64' lang='lat' dir='ltr'>Africa</span> <span class='ocrx_word' id='word_1_560' title='bbox 1933 5601 2089 5672; x_wconf 82' lang='lat' dir='ltr'>regio</span> <span class='ocrx_word' id='word_1_561' title='bbox 2118 5603 2243 5656; x_wconf 89' lang='lat' dir='ltr'>erat</span> 
     </span>
    </p>
   </div>
   <div class='ocr_carea' id='block_1_77' title="bbox 607 5686 2239 5761">
    <p class='ocr_par' dir='ltr' id='par_1_77' title="bbox 607 5686 2239 5761">
     <span class='ocr_line' id='line_1_77' title="bbox 607 5686 2239 5761; baseline 0.006 -24"><span class='ocrx_word' id='word_1_562' title='bbox 607 5686 975 5760; x_wconf 80' lang='lat' dir='ltr'>Mauritania,</span> <span class='ocrx_word' id='word_1_563' title='bbox 1005 5689 1076 5747; x_wconf 88' lang='lat' dir='ltr'>de</span> <span class='ocrx_word' id='word_1_564' title='bbox 1105 5704 1223 5760; x_wconf 87' lang='lat' dir='ltr'>qua</span> <span class='ocrx_word' id='word_1_565' title='bbox 1261 5689 1390 5761; x_wconf 81' lang='lat' dir='ltr'>ipse</span> <span class='ocrx_word' id='word_1_566' title='bbox 1431 5689 1709 5748; x_wconf 89' lang='lat' dir='ltr'>continuo</span> <span class='ocrx_word' id='word_1_567' title='bbox 1756 5688 1878 5748; x_wconf 70' lang='lat' dir='ltr'>hac</span> <span class='ocrx_word' id='word_1_568' title='bbox 1908 5689 2239 5750; x_wconf 85' lang='lat' dir='ltr'>subnectit:</span> 
     </span>
    </p>
   </div>
   <div class='ocr_carea' id='block_1_78' title="bbox 2355 1921 4026 1998">
    <p class='ocr_par' dir='ltr' id='par_1_78' title="bbox 2355 1921 4026 1998">
     <span class='ocr_line' id='line_1_78' title="bbox 2355 1921 4026 1998; baseline -0.006 -14"><span class='ocrx_word' id='word_1_569' title='bbox 2355 1928 2602 1998; x_wconf 88' lang='lat' dir='ltr'>Italiam,</span> <span class='ocrx_word' id='word_1_570' title='bbox 2635 1933 2692 1982; x_wconf 91' lang='lat' dir='ltr'>et</span> <span class='ocrx_word' id='word_1_571' title='bbox 2715 1943 2818 1997; x_wconf 85' lang='lat' dir='ltr'>per</span> <span class='ocrx_word' id='word_1_572' title='bbox 2846 1927 3050 1996; x_wconf 85' lang='lat' dir='ltr'>ipsam,</span> <span class='ocrx_word' id='word_1_573' title='bbox 3085 1923 3296 1994; x_wconf 89' lang='lat' dir='ltr'>inquit,</span> <span class='ocrx_word' id='word_1_574' title='bbox 3322 1921 3402 1977; x_wconf 91' lang='lat' dir='ltr'>dii</span> <span class='ocrx_word' id='word_1_575' title='bbox 3428 1936 3637 1994; x_wconf 82' lang='lat' dir='ltr'>quoque</span> <span class='ocrx_word' id='word_1_576' title='bbox 3665 1921 4026 1991; x_wconf 85' lang='lat' dir='ltr'>municipali</span> 
     </span>
    </p>
   </div>
   <div class='ocr_carea' id='block_1_79' title="bbox 2351 2010 4019 2082">
    <p class='ocr_par' dir='ltr' id='par_1_79' title="bbox 2351 2010 4019 2082">
     <span class='ocr_line' id='line_1_79' title="bbox 2351 2010 4019 2082; baseline -0.007 -9"><span class='ocrx_word' id='word_1_577' title='bbox 2351 2017 2750 2074; x_wconf 86' lang='lat' dir='ltr'>consecratione</span> <span class='ocrx_word' id='word_1_578' title='bbox 2777 2024 3066 2070; x_wconf 75' lang='lat' dir='ltr'>censentur</span> <span class='ocrx_word' id='word_1_579' title='bbox 3092 2010 3358 2081; x_wconf 88' lang='lat' dir='ltr'>(Tertull.</span> <span class='ocrx_word' id='word_1_580' title='bbox 3391 2013 3694 2082; x_wconf 79' lang='lat' dir='ltr'>Apotoget.,</span> <span class='ocrx_word' id='word_1_581' title='bbox 3745 2024 3889 2081; x_wconf 86' lang='lat' dir='ltr'>cap.</span> <span class='ocrx_word' id='word_1_582' title='bbox 3922 2010 4019 2077; x_wconf 86' lang='grc'>24,</span> 
     </span>
    </p>
   </div>
   <div class='ocr_carea' id='block_1_80' title="bbox 2353 2097 4015 2178">
    <p class='ocr_par' dir='ltr' id='par_1_80' title="bbox 2353 2097 4015 2178">
     <span class='ocr_line' id='line_1_80' title="bbox 2353 2097 4015 2178; baseline -0.004 -18"><span class='ocrx_word' id='word_1_583' title='bbox 2353 2124 2409 2178; x_wconf 92' lang='lat' dir='ltr'>p.</span> <span class='ocrx_word' id='word_1_584' title='bbox 2439 2107 2586 2173; x_wconf 87' lang='grc'><strong>420),</strong></span> <span class='ocrx_word' id='word_1_585' title='bbox 2617 2121 2762 2174; x_wconf 87' lang='lat' dir='ltr'>quos</span> <span class='ocrx_word' id='word_1_586' title='bbox 2795 2101 3037 2158; x_wconf 82' lang='lat' dir='ltr'>Romani</span> <span class='ocrx_word' id='word_1_587' title='bbox 3071 2116 3186 2156; x_wconf 91' lang='lat' dir='ltr'>non</span> <span class='ocrx_word' id='word_1_588' title='bbox 3216 2099 3503 2154; x_wconf 87' lang='lat' dir='ltr'>colebant.</span> <span class='ocrx_word' id='word_1_589' title='bbox 3557 2099 3751 2153; x_wconf 88' lang='lat' dir='ltr'>Tanta</span> <span class='ocrx_word' id='word_1_590' title='bbox 3779 2097 4015 2170; x_wconf 88' lang='lat' dir='ltr'>quippe</span> 
     </span>
    </p>
   </div>
   <div class='ocr_carea' id='block_1_81' title="bbox 2353 2185 4014 2260">
    <p class='ocr_par' dir='ltr' id='par_1_81' title="bbox 2353 2185 4014 2260">
     <span class='ocr_line' id='line_1_81' title="bbox 2353 2185 4014 2260; baseline -0.007 -9"><span class='ocrx_word' id='word_1_591' title='bbox 2353 2199 2479 2251; x_wconf 90' lang='lat' dir='ltr'>erat</span> <span class='ocrx_word' id='word_1_592' title='bbox 2523 2193 2844 2248; x_wconf 82' lang='lat' dir='ltr'>incolarum</span> <span class='ocrx_word' id='word_1_593' title='bbox 2897 2191 3304 2260; x_wconf 82' lang='lat' dir='ltr'>cujuscunque</span> <span class='ocrx_word' id='word_1_594' title='bbox 3361 2187 3615 2243; x_wconf 88' lang='lat' dir='ltr'>civitatis</span> <span class='ocrx_word' id='word_1_595' title='bbox 3671 2185 3914 2241; x_wconf 64' lang='lat' dir='ltr'>caecitas</span> <span class='ocrx_word' id='word_1_596' title='bbox 3946 2203 4014 2241; x_wconf 89' lang='lat' dir='ltr'>ac</span> 
     </span>
    </p>
   </div>
   <div class='ocr_carea' id='block_1_82' title="bbox 2353 2275 4012 2349">
    <p class='ocr_par' dir='ltr' id='par_1_82' title="bbox 2353 2275 4012 2349">
     <span class='ocr_line' id='line_1_82' title="bbox 2353 2275 4012 2349; baseline -0.005 -11"><span class='ocrx_word' id='word_1_597' title='bbox 2353 2282 2608 2349; x_wconf 87' lang='lat' dir='ltr'>licentia,</span> <span class='ocrx_word' id='word_1_598' title='bbox 2641 2287 2705 2336; x_wconf 91' lang='lat' dir='ltr'>ut</span> <span class='ocrx_word' id='word_1_599' title='bbox 2753 2297 2867 2335; x_wconf 91' lang='lat' dir='ltr'>non</span> <span class='ocrx_word' id='word_1_600' title='bbox 2918 2278 3110 2334; x_wconf 91' lang='lat' dir='ltr'>solum</span> <span class='ocrx_word' id='word_1_601' title='bbox 3161 2278 3300 2332; x_wconf 91' lang='lat' dir='ltr'>deos</span> <span class='ocrx_word' id='word_1_602' title='bbox 3349 2275 3480 2332; x_wconf 86' lang='lat' dir='ltr'>aliis</span> <span class='ocrx_word' id='word_1_603' title='bbox 3527 2275 3868 2347; x_wconf 79' lang='lat' dir='ltr'>incognitoa</span> <span class='ocrx_word' id='word_1_604' title='bbox 3905 2275 4012 2331; x_wconf 84' lang='lat' dir='ltr'>ha-</span> 
     </span>
    </p>
   </div>
   <div class='ocr_carea' id='block_1_83' title="bbox 2354 2364 4012 2440">
    <p class='ocr_par' dir='ltr' id='par_1_83' title="bbox 2354 2364 4012 2440">
     <span class='ocr_line' id='line_1_83' title="bbox 2354 2364 4012 2440; baseline -0.006 -12"><span class='ocrx_word' id='word_1_605' title='bbox 2354 2371 2606 2440; x_wconf 88' lang='lat' dir='ltr'>buerint,</span> <span class='ocrx_word' id='word_1_606' title='bbox 2639 2370 2740 2426; x_wconf 88' lang='lat' dir='ltr'>sed</span> <span class='ocrx_word' id='word_1_607' title='bbox 2786 2385 3025 2440; x_wconf 88' lang='lat' dir='ltr'>quorum</span> <span class='ocrx_word' id='word_1_608' title='bbox 3073 2368 3273 2436; x_wconf 87' lang='lat' dir='ltr'>etiam,</span> <span class='ocrx_word' id='word_1_609' title='bbox 3305 2365 3391 2420; x_wconf 88' lang='lat' dir='ltr'>uti</span> <span class='ocrx_word' id='word_1_610' title='bbox 3442 2364 3536 2420; x_wconf 89' lang='lat' dir='ltr'>ille</span> <span class='ocrx_word' id='word_1_611' title='bbox 3567 2364 3668 2429; x_wconf 88' lang='lat' dir='ltr'>ait,</span> <span class='ocrx_word' id='word_1_612' title='bbox 3710 2380 3788 2419; x_wconf 87' lang='lat' dir='ltr'>ne</span> <span class='ocrx_word' id='word_1_613' title='bbox 3824 2365 4012 2419; x_wconf 84' lang='lat' dir='ltr'>nomi-</span> 
     </span>
    </p>
   </div>
   <div class='ocr_carea' id='block_1_84' title="bbox 2328 2451 4015 2530">
    <p class='ocr_par' dir='ltr' id='par_1_84' title="bbox 2328 2451 4015 2530">
     <span class='ocr_line' id='line_1_84' title="bbox 2328 2451 4015 2530; baseline -0.005 -15"><span class='ocrx_word' id='word_1_614' title='bbox 2328 2477 2486 2526; x_wconf 84' lang='lat' dir='ltr'>num</span> <span class='ocrx_word' id='word_1_615' title='bbox 2517 2458 2736 2530; x_wconf 88' lang='lat' dir='ltr'>quidem</span> <span class='ocrx_word' id='word_1_616' title='bbox 2760 2457 3001 2527; x_wconf 80' lang='lat' dir='ltr'>dignitas</span> <span class='ocrx_word' id='word_1_617' title='bbox 3057 2456 3316 2510; x_wconf 86' lang='lat' dir='ltr'>humanis</span> <span class='ocrx_word' id='word_1_618' title='bbox 3370 2453 3790 2524; x_wconf 82' lang='lat' dir='ltr'>cognominibus</span> <span class='ocrx_word' id='word_1_619' title='bbox 3837 2451 4015 2507; x_wconf 86' lang='lat' dir='ltr'>distat</span> 
     </span>
    </p>
   </div>
   <div class='ocr_carea' id='block_1_85' title="bbox 2356 2541 4013 2619">
    <p class='ocr_par' dir='ltr' id='par_1_85' title="bbox 2356 2541 4013 2619">
     <span class='ocr_line' id='line_1_85' title="bbox 2356 2541 4013 2619; baseline -0.005 -16"><span class='ocrx_word' id='word_1_620' title='bbox 2356 2550 2554 2619; x_wconf 89' lang='lat' dir='ltr'>(Idem,</span> <span class='ocrx_word' id='word_1_621' title='bbox 2585 2545 2687 2601; x_wconf 90' lang='lat' dir='ltr'>lib.</span> <span class='ocrx_word' id='word_1_622' title='bbox 2730 2562 2801 2611; x_wconf 88' lang='grc' dir='ltr'><strong>ιι,</strong></span> <span class='ocrx_word' id='word_1_623' title='bbox 2832 2545 2904 2600; x_wconf 88' lang='lat' dir='ltr'>ad</span> <span class='ocrx_word' id='word_1_624' title='bbox 2958 2544 3107 2607; x_wconf 82' lang='lat' dir='ltr'>Nat.,</span> <span class='ocrx_word' id='word_1_625' title='bbox 3157 2559 3284 2614; x_wconf 89' lang='lat' dir='ltr'>cap.</span> <span class='ocrx_word' id='word_1_626' title='bbox 3343 2543 3422 2610; x_wconf 90' lang='lat'>2).</span> <span class='ocrx_word' id='word_1_627' title='bbox 3467 2545 3542 2597; x_wconf 88' lang='lat' dir='ltr'>At</span> <span class='ocrx_word' id='word_1_628' title='bbox 3599 2541 3756 2596; x_wconf 89' lang='lat' dir='ltr'>sicut</span> <span class='ocrx_word' id='word_1_629' title='bbox 3787 2556 4013 2596; x_wconf 90' lang='lat' dir='ltr'>nomen</span> 
     </span>
    </p>
   </div>
   <div class='ocr_carea' id='block_1_86' title="bbox 2353 2629 4012 2706">
    <p class='ocr_par' dir='ltr' id='par_1_86' title="bbox 2353 2629 4012 2706">
     <span class='ocr_line' id='line_1_86' title="bbox 2353 2629 4012 2706; baseline -0.005 -14"><span class='ocrx_word' id='word_1_630' title='bbox 2353 2636 2610 2692; x_wconf 87' lang='lat' dir='ltr'>hominis</span> <span class='ocrx_word' id='word_1_631' title='bbox 2644 2633 3048 2706; x_wconf 75' lang='lat' dir='ltr'>przsferebant,</span> <span class='ocrx_word' id='word_1_632' title='bbox 3080 2632 3162 2688; x_wconf 90' lang='lat' dir='ltr'>ita</span> <span class='ocrx_word' id='word_1_633' title='bbox 3190 2631 3516 2687; x_wconf 87' lang='lat' dir='ltr'>humanam</span> <span class='ocrx_word' id='word_1_634' title='bbox 3572 2630 3756 2684; x_wconf 88' lang='lat' dir='ltr'>vitam</span> <span class='ocrx_word' id='word_1_635' title='bbox 3787 2629 4012 2700; x_wconf 83' lang='lat' dir='ltr'>egisse,</span> 
     </span>
    </p>
   </div>
   <div class='ocr_carea' id='block_1_87' title="bbox 2352 2711 4011 2782">
    <p class='ocr_par' dir='ltr' id='par_1_87' title="bbox 2352 2711 4011 2782">
     <span class='ocr_line' id='line_1_87' title="bbox 2352 2711 4011 2782; baseline -0.007 0"><span class='ocrx_word' id='word_1_636' title='bbox 2352 2731 2409 2782; x_wconf 89' lang='lat' dir='ltr'>et</span> <span class='ocrx_word' id='word_1_637' title='bbox 2441 2711 2658 2780; x_wconf 86' lang='lat' dir='ltr'>idcirco</span> <span class='ocrx_word' id='word_1_638' title='bbox 2687 2723 2826 2778; x_wconf 90' lang='lat' dir='ltr'>deos</span> <span class='ocrx_word' id='word_1_639' title='bbox 2873 2738 2989 2776; x_wconf 92' lang='lat' dir='ltr'>non</span> <span class='ocrx_word' id='word_1_640' title='bbox 3043 2737 3171 2777; x_wconf 85' lang='lat' dir='ltr'>esse</span> <span class='ocrx_word' id='word_1_641' title='bbox 3215 2720 3594 2775; x_wconf 84' lang='lat' dir='ltr'>manifestum</span> <span class='ocrx_word' id='word_1_642' title='bbox 3651 2723 3762 2774; x_wconf 88' lang='lat' dir='ltr'>est.</span> <span class='ocrx_word' id='word_1_643' title='bbox 3798 2716 4011 2772; x_wconf 81' lang='lat' dir='ltr'>Plures</span> 
     </span>
    </p>
   </div>
   <div class='ocr_carea' id='block_1_88' title="bbox 2349 2805 4013 2878">
    <p class='ocr_par' dir='ltr' id='par_1_88' title="bbox 2349 2805 4013 2878">
     <span class='ocr_line' id='line_1_88' title="bbox 2349 2805 4013 2878; baseline -0.006 -10"><span class='ocrx_word' id='word_1_644' title='bbox 2349 2830 2483 2869; x_wconf 89' lang='lat' dir='ltr'>vero</span> <span class='ocrx_word' id='word_1_645' title='bbox 2515 2829 2584 2868; x_wconf 81' lang='lat' dir='ltr'>ex</span> <span class='ocrx_word' id='word_1_646' title='bbox 2612 2811 2730 2866; x_wconf 91' lang='lat' dir='ltr'>illis</span> <span class='ocrx_word' id='word_1_647' title='bbox 2762 2815 3021 2865; x_wconf 89' lang='lat' dir='ltr'>recenset</span> <span class='ocrx_word' id='word_1_648' title='bbox 3060 2809 3266 2878; x_wconf 64' lang='lat' dir='ltr'>(Ibid),</span> <span class='ocrx_word' id='word_1_649' title='bbox 3317 2823 3384 2863; x_wconf 93' lang='lat' dir='ltr'>ac</span> <span class='ocrx_word' id='word_1_650' title='bbox 3414 2823 3484 2862; x_wconf 93' lang='lat' dir='ltr'>ne</span> <span class='ocrx_word' id='word_1_651' title='bbox 3533 2805 3637 2861; x_wconf 93' lang='lat' dir='ltr'>ulli</span> <span class='ocrx_word' id='word_1_652' title='bbox 3670 2806 3850 2860; x_wconf 82' lang='lat' dir='ltr'>iidem</span> <span class='ocrx_word' id='word_1_653' title='bbox 3891 2805 4013 2860; x_wconf 87' lang='lat' dir='ltr'>sibi</span> 
     </span>
    </p>
   </div>
   <div class='ocr_carea' id='block_1_89' title="bbox 2349 2893 4006 2974">
    <p class='ocr_par' dir='ltr' id='par_1_89' title="bbox 2349 2893 4006 2974">
     <span class='ocr_line' id='line_1_89' title="bbox 2349 2893 4006 2974; baseline -0.007 -15"><span class='ocrx_word' id='word_1_654' title='bbox 2349 2900 2661 2974; x_wconf 87' lang='lat' dir='ltr'>derogandi</span> <span class='ocrx_word' id='word_1_655' title='bbox 2702 2906 2857 2954; x_wconf 87' lang='lat' dir='ltr'>esset</span> <span class='ocrx_word' id='word_1_656' title='bbox 2905 2897 3090 2963; x_wconf 83' lang='lat' dir='ltr'>locus,</span> <span class='ocrx_word' id='word_1_657' title='bbox 3144 2901 3348 2952; x_wconf 88' lang='lat' dir='ltr'>testem</span> <span class='ocrx_word' id='word_1_658' title='bbox 3395 2896 3538 2950; x_wconf 87' lang='lat' dir='ltr'>citat</span> <span class='ocrx_word' id='word_1_659' title='bbox 3582 2895 3912 2948; x_wconf 85' lang='lat' dir='ltr'>Varronem</span> <span class='ocrx_word' id='word_1_660' title='bbox 3948 2893 4006 2947; x_wconf 91' lang='lat' dir='ltr'>in</span> 
     </span>
    </p>
   </div>
   <div class='ocr_carea' id='block_1_90' title="bbox 2347 2974 4005 3062">
    <p class='ocr_par' dir='ltr' id='par_1_90' title="bbox 2347 2974 4005 3062">
     <span class='ocr_line' id='line_1_90' title="bbox 2347 2974 4005 3062; baseline -0.007 -15"><span class='ocrx_word' id='word_1_661' title='bbox 2347 2993 2476 3062; x_wconf 81' lang='lat' dir='ltr'>eius</span> <span class='ocrx_word' id='word_1_662' title='bbox 2509 2974 2663 3044; x_wconf 76' lang='lat' dir='ltr'>haud</span> <span class='ocrx_word' id='word_1_663' title='bbox 2695 2986 2871 3043; x_wconf 90' lang='lat' dir='ltr'>dubie</span> <span class='ocrx_word' id='word_1_664' title='bbox 2914 2985 3103 3051; x_wconf 91' lang='lat' dir='ltr'>libris,</span> <span class='ocrx_word' id='word_1_665' title='bbox 3129 3000 3276 3056; x_wconf 92' lang='lat' dir='ltr'>quos</span> <span class='ocrx_word' id='word_1_666' title='bbox 3306 2985 3380 3040; x_wconf 92' lang='lat' dir='ltr'>de</span> <span class='ocrx_word' id='word_1_667' title='bbox 3423 2981 3659 3054; x_wconf 89' lang='lat' dir='ltr'>divinis,</span> <span class='ocrx_word' id='word_1_668' title='bbox 3690 2986 3845 3036; x_wconf 87' lang='lat' dir='ltr'>teste</span> <span class='ocrx_word' id='word_1_669' title='bbox 3876 2986 4005 3036; x_wconf 76' lang='lat' dir='ltr'>Au-</span> 
     </span>
    </p>
   </div>
   <div class='ocr_carea' id='block_1_91' title="bbox 2344 3069 4002 3152">
    <p class='ocr_par' dir='ltr' id='par_1_91' title="bbox 2344 3069 4002 3152">
     <span class='ocr_line' id='line_1_91' title="bbox 2344 3069 4002 3152; baseline -0.007 -18"><span class='ocrx_word' id='word_1_670' title='bbox 2344 3078 2579 3152; x_wconf 90' lang='lat' dir='ltr'>gustino</span> <span class='ocrx_word' id='word_1_671' title='bbox 2605 3079 2875 3148; x_wconf 84' lang='lat' dir='ltr'>(August.</span> <span class='ocrx_word' id='word_1_672' title='bbox 2920 3074 3025 3130; x_wconf 92' lang='lat' dir='ltr'>lib.</span> <span class='ocrx_word' id='word_1_673' title='bbox 3076 3090 3133 3128; x_wconf 82' lang='lat' dir='ltr'>v1</span> <span class='ocrx_word' id='word_1_674' title='bbox 3161 3072 3226 3129; x_wconf 86' lang='lat' dir='ltr'>de</span> <span class='ocrx_word' id='word_1_675' title='bbox 3271 3073 3458 3143; x_wconf 84' lang='lat' dir='ltr'>Civit.,</span> <span class='ocrx_word' id='word_1_676' title='bbox 3489 3088 3616 3143; x_wconf 86' lang='lat' dir='ltr'>cap.</span> <span class='ocrx_word' id='word_1_677' title='bbox 3666 3071 3720 3140; x_wconf 92' lang='lat'>3,</span> <span class='ocrx_word' id='word_1_678' title='bbox 3755 3069 4002 3142; x_wconf 67' lang='lat' dir='ltr'>p.448),</span> 
     </span>
    </p>
   </div>
   <div class='ocr_carea' id='block_1_92' title="bbox 2343 3166 2832 3224">
    <p class='ocr_par' dir='ltr' id='par_1_92' title="bbox 2343 3166 2832 3224">
     <span class='ocr_line' id='line_1_92' title="bbox 2343 3166 2832 3224; baseline -0.014 1"><span class='ocrx_word' id='word_1_679' title='bbox 2343 3169 2520 3224; x_wconf 80' lang='lat' dir='ltr'>rebus</span> <span class='ocrx_word' id='word_1_680' title='bbox 2550 3166 2832 3222; x_wconf 89' lang='lat' dir='ltr'>ediderat.</span> 
     </span>
    </p>
   </div>
   <div class='ocr_carea' id='block_1_93' title="bbox 2415 3245 3998 3320">
    <p class='ocr_par' dir='ltr' id='par_1_93' title="bbox 2415 3245 3998 3320">
     <span class='ocr_line' id='line_1_93' title="bbox 2415 3245 3998 3320; baseline -0.006 -10"><span class='ocrx_word' id='word_1_681' title='bbox 2415 3255 2807 3311; x_wconf 90' lang='lat' dir='ltr'>Obscurarum</span> <span class='ocrx_word' id='word_1_682' title='bbox 2835 3255 3028 3308; x_wconf 88' lang='lat' dir='ltr'>autem</span> <span class='ocrx_word' id='word_1_683' title='bbox 3045 3251 3323 3306; x_wconf 89' lang='lat' dir='ltr'>horumce</span> <span class='ocrx_word' id='word_1_684' title='bbox 3353 3250 3594 3305; x_wconf 90' lang='lat' dir='ltr'>deorum</span> <span class='ocrx_word' id='word_1_685' title='bbox 3611 3245 3836 3320; x_wconf 81' lang='lat' dir='ltr'>agmini</span> <span class='ocrx_word' id='word_1_686' title='bbox 3851 3263 3998 3318; x_wconf 73' lang='lat' dir='ltr'>prai-</span> 
     </span>
    </p>
   </div>
   <div class='ocr_carea' id='block_1_94' title="bbox 2343 3335 3994 3410">
    <p class='ocr_par' dir='ltr' id='par_1_94' title="bbox 2343 3335 3994 3410">
     <span class='ocr_line' id='line_1_94' title="bbox 2343 3335 3994 3410; baseline -0.005 -11"><span class='ocrx_word' id='word_1_687' title='bbox 2343 3345 2599 3400; x_wconf 87' lang='lat' dir='ltr'>mittitur</span> <span class='ocrx_word' id='word_1_688' title='bbox 2626 3343 3034 3399; x_wconf 80' lang='lat' dir='ltr'>Casiniensium</span> <span class='ocrx_word' id='word_1_689' title='bbox 3061 3340 3411 3396; x_wconf 78' lang='lat' dir='ltr'>Delventinus</span> <span class='ocrx_word' id='word_1_690' title='bbox 3441 3335 3708 3410; x_wconf 87' lang='lat' dir='ltr'>(Tertull.</span> <span class='ocrx_word' id='word_1_691' title='bbox 3732 3337 3820 3392; x_wconf 89' lang='lat' dir='ltr'>loc</span> <span class='ocrx_word' id='word_1_692' title='bbox 3842 3335 3994 3405; x_wconf 82' lang='lat' dir='ltr'>cit.),</span> 
     </span>
    </p>
   </div>
   <div class='ocr_carea' id='block_1_95' title="bbox 2343 3423 3999 3499">
    <p class='ocr_par' dir='ltr' id='par_1_95' title="bbox 2343 3423 3999 3499">
     <span class='ocr_line' id='line_1_95' title="bbox 2343 3423 3999 3499; baseline -0.007 -11"><span class='ocrx_word' id='word_1_693' title='bbox 2343 3433 2433 3488; x_wconf 90' lang='lat' dir='ltr'>vel</span> <span class='ocrx_word' id='word_1_694' title='bbox 2464 3432 2619 3488; x_wconf 87' lang='lat' dir='ltr'>sicut</span> <span class='ocrx_word' id='word_1_695' title='bbox 2647 3430 2873 3487; x_wconf 89' lang='lat' dir='ltr'>codices</span> <span class='ocrx_word' id='word_1_696' title='bbox 2912 3431 3095 3484; x_wconf 90' lang='lat' dir='ltr'>nostri</span> <span class='ocrx_word' id='word_1_697' title='bbox 3145 3427 3504 3499; x_wconf 87' lang='lat' dir='ltr'>antiquiores</span> <span class='ocrx_word' id='word_1_698' title='bbox 3556 3441 3734 3481; x_wconf 86' lang='lat' dir='ltr'>manu</span> <span class='ocrx_word' id='word_1_699' title='bbox 3768 3423 3999 3479; x_wconf 81' lang='lat' dir='ltr'>exarati</span> 
     </span>
    </p>
   </div>
   <div class='ocr_carea' id='block_1_96' title="bbox 2346 3511 4001 3586">
    <p class='ocr_par' dir='ltr' id='par_1_96' title="bbox 2346 3511 4001 3586">
     <span class='ocr_line' id='line_1_96' title="bbox 2346 3511 4001 3586; baseline -0.007 -8"><span class='ocrx_word' id='word_1_700' title='bbox 2346 3525 2403 3578; x_wconf 89' lang='lat' dir='ltr'>et</span> <span class='ocrx_word' id='word_1_701' title='bbox 2431 3521 2552 3585; x_wconf 87' lang='lat' dir='ltr'>alii,</span> <span class='ocrx_word' id='word_1_702' title='bbox 2595 3519 3031 3586; x_wconf 79' lang='lat' dir='ltr'>Casianensium,</span> <span class='ocrx_word' id='word_1_703' title='bbox 3081 3517 3428 3572; x_wconf 84' lang='lat' dir='ltr'>vetustiores</span> <span class='ocrx_word' id='word_1_704' title='bbox 3473 3513 3633 3579; x_wconf 89' lang='lat' dir='ltr'>editi,</span> <span class='ocrx_word' id='word_1_705' title='bbox 3685 3511 4001 3568; x_wconf 83' lang='lat' dir='ltr'>Crustumi-</span> 
     </span>
    </p>
   </div>
   <div class='ocr_carea' id='block_1_97' title="bbox 2346 3601 4048 3678">
    <p class='ocr_par' dir='ltr' id='par_1_97' title="bbox 2346 3601 4048 3678">
     <span class='ocr_line' id='line_1_97' title="bbox 2346 3601 4048 3678; baseline -0.006 -13"><span class='ocrx_word' id='word_1_706' title='bbox 2346 3611 2645 3676; x_wconf 88' lang='lat' dir='ltr'>niensium,</span> <span class='ocrx_word' id='word_1_707' title='bbox 2677 3612 2735 3663; x_wconf 87' lang='lat' dir='ltr'>et</span> <span class='ocrx_word' id='word_1_708' title='bbox 2761 3615 2958 3678; x_wconf 84' lang='lat' dir='ltr'>postea</span> <span class='ocrx_word' id='word_1_709' title='bbox 2987 3606 3046 3660; x_wconf 91' lang='lat' dir='ltr'>in</span> <span class='ocrx_word' id='word_1_710' title='bbox 3079 3604 3435 3676; x_wconf 89' lang='lat' dir='ltr'>quibusdam</span> <span class='ocrx_word' id='word_1_711' title='bbox 3459 3602 3844 3668; x_wconf 87' lang='lat' dir='ltr'>editionibue,</span> <span class='ocrx_word' id='word_1_712' title='bbox 3881 3601 4008 3656; x_wconf 87' lang='lat' dir='ltr'>Bel-</span> <span class='ocrx_word' id='word_1_713' title='bbox 4028 3607 4048 3625; x_wconf 85' lang='lat'><strong><em>‘</em></strong></span> 
     </span>
    </p>
   </div>
   <div class='ocr_carea' id='block_1_98' title="bbox 2347 3689 4005 3764">
    <p class='ocr_par' dir='ltr' id='par_1_98' title="bbox 2347 3689 4005 3764">
     <span class='ocr_line' id='line_1_98' title="bbox 2347 3689 4005 3764; baseline -0.007 -9"><span class='ocrx_word' id='word_1_714' title='bbox 2347 3699 2624 3754; x_wconf 85' lang='lat' dir='ltr'>ventinus.</span> <span class='ocrx_word' id='word_1_715' title='bbox 2656 3695 2964 3752; x_wconf 89' lang='lat' dir='ltr'>Cassinum</span> <span class='ocrx_word' id='word_1_716' title='bbox 2993 3710 3128 3750; x_wconf 89' lang='lat' dir='ltr'>vero</span> <span class='ocrx_word' id='word_1_717' title='bbox 3158 3692 3482 3764; x_wconf 65' lang='lat' dir='ltr'>Campania:</span> <span class='ocrx_word' id='word_1_718' title='bbox 3513 3691 3799 3763; x_wconf 81' lang='lat' dir='ltr'>Oppidum</span> <span class='ocrx_word' id='word_1_719' title='bbox 3822 3689 4005 3746; x_wconf 30' lang='lat' dir='ltr'>Sami-</span> 
     </span>
    </p>
   </div>
   <div class='ocr_carea' id='block_1_99' title="bbox 2349 3779 4006 3854">
    <p class='ocr_par' dir='ltr' id='par_1_99' title="bbox 2349 3779 4006 3854">
     <span class='ocr_line' id='line_1_99' title="bbox 2349 3779 4006 3854; baseline -0.006 -12"><span class='ocrx_word' id='word_1_720' title='bbox 2349 3787 2522 3854; x_wconf 89' lang='lat' dir='ltr'>nites,</span> <span class='ocrx_word' id='word_1_721' title='bbox 2555 3785 2634 3842; x_wconf 91' lang='lat' dir='ltr'>ait</span> <span class='ocrx_word' id='word_1_722' title='bbox 2661 3789 2843 3840; x_wconf 79' lang='lat' dir='ltr'>Varro</span> <span class='ocrx_word' id='word_1_723' title='bbox 2892 3783 3014 3852; x_wconf 91' lang='lat' dir='ltr'>(lib.</span> <span class='ocrx_word' id='word_1_724' title='bbox 3075 3800 3154 3852; x_wconf 81' lang='lat' dir='ltr'>v1,</span> <span class='ocrx_word' id='word_1_725' title='bbox 3183 3781 3249 3838; x_wconf 83' lang='lat' dir='ltr'>de</span> <span class='ocrx_word' id='word_1_726' title='bbox 3296 3783 3454 3850; x_wconf 82' lang='lat' dir='ltr'>Ling.</span> <span class='ocrx_word' id='word_1_727' title='bbox 3505 3781 3656 3849; x_wconf 84' lang='lat' dir='ltr'>Lat.,</span> <span class='ocrx_word' id='word_1_728' title='bbox 3688 3796 3746 3851; x_wconf 93' lang='lat' dir='ltr'>p.</span> <span class='ocrx_word' id='word_1_729' title='bbox 3777 3779 3902 3850; x_wconf 91' lang='lat'>77),</span> <span class='ocrx_word' id='word_1_730' title='bbox 3936 3795 4006 3833; x_wconf 70' lang='lat' dir='ltr'>ex</span> 
     </span>
    </p>
   </div>
   <div class='ocr_carea' id='block_1_100' title="bbox 2347 3868 4003 3945">
    <p class='ocr_par' dir='ltr' id='par_1_100' title="bbox 2347 3868 4003 3945">
     <span class='ocr_line' id='line_1_100' title="bbox 2347 3868 4003 3945; baseline -0.006 -15"><span class='ocrx_word' id='word_1_731' title='bbox 2347 3875 2578 3930; x_wconf 82' lang='lat' dir='ltr'>Sabinis</span> <span class='ocrx_word' id='word_1_732' title='bbox 2607 3874 2716 3930; x_wconf 91' lang='lat' dir='ltr'>orti</span> <span class='ocrx_word' id='word_1_733' title='bbox 2749 3873 3022 3945; x_wconf 91' lang='lat' dir='ltr'>primum,</span> <span class='ocrx_word' id='word_1_734' title='bbox 3045 3888 3111 3927; x_wconf 88' lang='lat' dir='ltr'>ac</span> <span class='ocrx_word' id='word_1_735' title='bbox 3137 3870 3382 3926; x_wconf 83' lang='lat' dir='ltr'>Romani</span> <span class='ocrx_word' id='word_1_736' title='bbox 3408 3868 3616 3925; x_wconf 89' lang='lat' dir='ltr'>deinde</span> <span class='ocrx_word' id='word_1_737' title='bbox 3647 3872 4003 3923; x_wconf 83' lang='lat' dir='ltr'>tenuerunt.</span> 
     </span>
    </p>
   </div>
   <div class='ocr_carea' id='block_1_101' title="bbox 2350 3955 4004 4033">
    <p class='ocr_par' dir='ltr' id='par_1_101' title="bbox 2350 3955 4004 4033">
     <span class='ocr_line' id='line_1_101' title="bbox 2350 3955 4004 4033; baseline -0.005 -15"><span class='ocrx_word' id='word_1_738' title='bbox 2350 3963 2702 4018; x_wconf 88' lang='lat' dir='ltr'>Mentionem</span> <span class='ocrx_word' id='word_1_739' title='bbox 2757 3959 2952 4033; x_wconf 90' lang='lat' dir='ltr'>oppidi</span> <span class='ocrx_word' id='word_1_740' title='bbox 3011 3959 3170 4015; x_wconf 90' lang='lat' dir='ltr'>illius</span> <span class='ocrx_word' id='word_1_741' title='bbox 3228 3959 3412 4015; x_wconf 80' lang='lat' dir='ltr'>fecere</span> <span class='ocrx_word' id='word_1_742' title='bbox 3459 3957 3684 4012; x_wconf 88' lang='lat' dir='ltr'>Plinius</span> <span class='ocrx_word' id='word_1_743' title='bbox 3741 3955 3875 4026; x_wconf 90' lang='lat' dir='ltr'>(lib.</span> <span class='ocrx_word' id='word_1_744' title='bbox 3914 3971 4004 4017; x_wconf 84' lang='grc' dir='ltr'><strong>ιιι,</strong></span> 
     </span>
    </p>
   </div>
   <div class='ocr_carea' id='block_1_102' title="bbox 2351 4045 4004 4121">
    <p class='ocr_par' dir='ltr' id='par_1_102' title="bbox 2351 4045 4004 4121">
     <span class='ocr_line' id='line_1_102' title="bbox 2351 4045 4004 4121; baseline -0.005 -14"><span class='ocrx_word' id='word_1_745' title='bbox 2351 4054 2494 4108; x_wconf 81' lang='lat' dir='ltr'>Hist.</span> <span class='ocrx_word' id='word_1_746' title='bbox 2551 4053 2744 4107; x_wconf 86' lang='lat' dir='ltr'>Nalur.</span> <span class='ocrx_word' id='word_1_747' title='bbox 2777 4066 2908 4121; x_wconf 90' lang='lat' dir='ltr'>cap.</span> <span class='ocrx_word' id='word_1_748' title='bbox 2943 4050 2995 4116; x_wconf 87' lang='grc'>4,</span> <span class='ocrx_word' id='word_1_749' title='bbox 3044 4065 3100 4121; x_wconf 93' lang='lat' dir='ltr'>p.</span> <span class='ocrx_word' id='word_1_750' title='bbox 3158 4047 3313 4118; x_wconf 88' lang='lat'>229),</span> <span class='ocrx_word' id='word_1_751' title='bbox 3371 4052 3429 4102; x_wconf 91' lang='lat' dir='ltr'>et</span> <span class='ocrx_word' id='word_1_752' title='bbox 3483 4045 3664 4102; x_wconf 90' lang='lat' dir='ltr'>Silius</span> <span class='ocrx_word' id='word_1_753' title='bbox 3721 4045 3851 4116; x_wconf 90' lang='lat' dir='ltr'>(lib.</span> <span class='ocrx_word' id='word_1_754' title='bbox 3897 4061 4004 4108; x_wconf 81' lang='lat' dir='ltr'>xu,</span> 
     </span>
    </p>
   </div>
   <div class='ocr_carea' id='block_1_103' title="bbox 2347 4133 4007 4212">
    <p class='ocr_par' dir='ltr' id='par_1_103' title="bbox 2347 4133 4007 4212">
     <span class='ocr_line' id='line_1_103' title="bbox 2347 4133 4007 4212; baseline -0.005 -17"><span class='ocrx_word' id='word_1_755' title='bbox 2347 4156 2402 4196; x_wconf 86' lang='lat' dir='ltr'>v.</span> <span class='ocrx_word' id='word_1_756' title='bbox 2434 4140 2581 4212; x_wconf 87' lang='lat'>525),</span> <span class='ocrx_word' id='word_1_757' title='bbox 2613 4153 2945 4209; x_wconf 90' lang='lat' dir='ltr'>nomenque</span> <span class='ocrx_word' id='word_1_758' title='bbox 2989 4136 3134 4192; x_wconf 88' lang='lat' dir='ltr'>illud</span> <span class='ocrx_word' id='word_1_759' title='bbox 3189 4137 3249 4192; x_wconf 91' lang='lat' dir='ltr'>in</span> <span class='ocrx_word' id='word_1_760' title='bbox 3280 4135 3458 4191; x_wconf 88' lang='lat' dir='ltr'>variis</span> <span class='ocrx_word' id='word_1_761' title='bbox 3504 4133 4007 4206; x_wconf 88' lang='lat' dir='ltr'>inscriptionibus</span> 
     </span>
    </p>
   </div>
   <div class='ocr_carea' id='block_1_104' title="bbox 2350 4223 4008 4296">
    <p class='ocr_par' dir='ltr' id='par_1_104' title="bbox 2350 4223 4008 4296">
     <span class='ocr_line' id='line_1_104' title="bbox 2350 4223 4008 4296; baseline -0.006 -11"><span class='ocrx_word' id='word_1_762' title='bbox 2350 4247 2384 4285; x_wconf 92' lang='lat' dir='ltr'>a</span> <span class='ocrx_word' id='word_1_763' title='bbox 2431 4230 2676 4284; x_wconf 77' lang='lat' dir='ltr'>Grutero</span> <span class='ocrx_word' id='word_1_764' title='bbox 2731 4227 2904 4283; x_wconf 88' lang='lat' dir='ltr'>editis</span> <span class='ocrx_word' id='word_1_765' title='bbox 2963 4225 3217 4282; x_wconf 89' lang='lat' dir='ltr'>occurrit</span> <span class='ocrx_word' id='word_1_766' title='bbox 3274 4225 3525 4294; x_wconf 80' lang='lat' dir='ltr'>(Gruter.</span> <span class='ocrx_word' id='word_1_767' title='bbox 3582 4239 3715 4296; x_wconf 86' lang='lat' dir='ltr'>pag.</span> <span class='ocrx_word' id='word_1_768' title='bbox 3783 4223 3892 4276; x_wconf 87' lang='lat'>136</span> <span class='ocrx_word' id='word_1_769' title='bbox 3950 4227 4008 4276; x_wconf 87' lang='lat' dir='ltr'>et</span> 
     </span>
    </p>
   </div>
   <div class='ocr_carea' id='block_1_105' title="bbox 2353 4311 4005 4388">
    <p class='ocr_par' dir='ltr' id='par_1_105' title="bbox 2353 4311 4005 4388">
     <span class='ocr_line' id='line_1_105' title="bbox 2353 4311 4005 4388; baseline -0.005 -15"><span class='ocrx_word' id='word_1_770' title='bbox 2353 4319 2494 4388; x_wconf 89' lang='lat'>151).</span> <span class='ocrx_word' id='word_1_771' title='bbox 2526 4318 2582 4372; x_wconf 88' lang='lat' dir='ltr'>Si</span> <span class='ocrx_word' id='word_1_772' title='bbox 2613 4315 2746 4387; x_wconf 88' lang='lat' dir='ltr'>quis</span> <span class='ocrx_word' id='word_1_773' title='bbox 2779 4321 2974 4370; x_wconf 86' lang='lat' dir='ltr'>tamen</span> <span class='ocrx_word' id='word_1_774' title='bbox 3008 4315 3086 4369; x_wconf 93' lang='lat' dir='ltr'>ibi</span> <span class='ocrx_word' id='word_1_775' title='bbox 3127 4315 3315 4386; x_wconf 80' lang='lat' dir='ltr'>legere</span> <span class='ocrx_word' id='word_1_776' title='bbox 3343 4311 3531 4378; x_wconf 90' lang='lat' dir='ltr'>malit,</span> <span class='ocrx_word' id='word_1_777' title='bbox 3568 4311 4005 4366; x_wconf 76' lang='lat' dir='ltr'>Crustumium-</span> 
     </span>
    </p>
   </div>
   <div class='ocr_carea' id='block_1_106' title="bbox 2350 4399 4006 4478">
    <p class='ocr_par' dir='ltr' id='par_1_106' title="bbox 2350 4399 4006 4478">
     <span class='ocr_line' id='line_1_106' title="bbox 2350 4399 4006 4478; baseline -0.007 -15"><span class='ocrx_word' id='word_1_778' title='bbox 2350 4407 2516 4473; x_wconf 82' lang='lat' dir='ltr'>sium,</span> <span class='ocrx_word' id='word_1_779' title='bbox 2550 4405 2880 4478; x_wconf 90' lang='lat' dir='ltr'>opinionem</span> <span class='ocrx_word' id='word_1_780' title='bbox 2914 4420 3084 4460; x_wconf 90' lang='lat' dir='ltr'>suam</span> <span class='ocrx_word' id='word_1_781' title='bbox 3124 4403 3355 4459; x_wconf 84' lang='lat' dir='ltr'>ﬁrmare</span> <span class='ocrx_word' id='word_1_782' title='bbox 3385 4401 3595 4474; x_wconf 91' lang='lat' dir='ltr'>poterit</span> <span class='ocrx_word' id='word_1_783' title='bbox 3647 4400 3741 4456; x_wconf 88' lang='lat' dir='ltr'>his</span> <span class='ocrx_word' id='word_1_784' title='bbox 3773 4399 4006 4470; x_wconf 76' lang='lat' dir='ltr'>Virgilii</span> 
     </span>
    </p>
   </div>
   <div class='ocr_carea' id='block_1_107' title="bbox 2349 4497 2637 4555">
    <p class='ocr_par' dir='ltr' id='par_1_107' title="bbox 2349 4497 2637 4555">
     <span class='ocr_line' id='line_1_107' title="bbox 2349 4497 2637 4555; baseline -0.014 0"><span class='ocrx_word' id='word_1_785' title='bbox 2349 4497 2637 4555; x_wconf 87' lang='lat' dir='ltr'>versibus.</span> 
     </span>
    </p>
   </div>
   <div class='ocr_carea' id='block_1_108' title="bbox 2448 4608 3407 4663">
    <p class='ocr_par' dir='ltr' id='par_1_108' title="bbox 2448 4608 3407 4663">
     <span class='ocr_line' id='line_1_108' title="bbox 2448 4608 3407 4663; baseline -0.004 0"><span class='ocrx_word' id='word_1_786' title='bbox 2448 4646 2462 4663; x_wconf 91' lang='lat'>.</span> <span class='ocrx_word' id='word_1_787' title='bbox 2531 4646 2542 4660; x_wconf 94' lang='lat'>.</span> <span class='ocrx_word' id='word_1_788' title='bbox 2613 4647 2624 4660; x_wconf 95' lang='lat'>.</span> <span class='ocrx_word' id='word_1_789' title='bbox 2694 4645 2706 4658; x_wconf 95' lang='lat'>.</span> <span class='ocrx_word' id='word_1_790' title='bbox 2777 4644 2789 4659; x_wconf 96' lang='lat'>.</span> <span class='ocrx_word' id='word_1_791' title='bbox 2854 4611 2962 4660; x_wconf 84' lang='lat' dir='ltr'>Nec</span> <span class='ocrx_word' id='word_1_792' title='bbox 2990 4609 3237 4660; x_wconf 81' lang='lat' dir='ltr'>surculus</span> <span class='ocrx_word' id='word_1_793' title='bbox 3265 4608 3407 4659; x_wconf 89' lang='lat' dir='ltr'>idem</span> 
     </span>
    </p>
   </div>
   <div class='ocr_carea' id='block_1_109' title="bbox 2537 4673 3322 4737">
    <p class='ocr_par' dir='ltr' id='par_1_109' title="bbox 2537 4673 3322 4737">
     <span class='ocr_line' id='line_1_109' title="bbox 2537 4673 3322 4737; baseline -0.005 -13"><span class='ocrx_word' id='word_1_794' title='bbox 2537 4673 2852 4724; x_wconf 87' lang='lat' dir='ltr'>Crustumiis</span> <span class='ocrx_word' id='word_1_795' title='bbox 2876 4673 3145 4737; x_wconf 87' lang='lat' dir='ltr'>Syriisque</span> <span class='ocrx_word' id='word_1_796' title='bbox 3179 4673 3322 4736; x_wconf 82' lang='lat' dir='ltr'>pyris</span> 
     </span>
    </p>
   </div>
   <div class='ocr_carea' id='block_1_110' title="bbox 3033 4751 3846 4817">
    <p class='ocr_par' dir='ltr' id='par_1_110' title="bbox 3033 4751 3846 4817">
     <span class='ocr_line' id='line_1_110' title="bbox 3033 4751 3846 4817; baseline -0.011 -9"><span class='ocrx_word' id='word_1_797' title='bbox 3033 4752 3227 4817; x_wconf 78' lang='lat' dir='ltr'>(Virgil.</span> <span class='ocrx_word' id='word_1_798' title='bbox 3257 4751 3346 4802; x_wconf 88' lang='lat' dir='ltr'>lib.</span> <span class='ocrx_word' id='word_1_799' title='bbox 3378 4764 3416 4802; x_wconf 86' lang='grc' dir='ltr'>ιι</span> <span class='ocrx_word' id='word_1_800' title='bbox 3447 4751 3628 4816; x_wconf 83' lang='lat' dir='ltr'>Georg.</span> <span class='ocrx_word' id='word_1_801' title='bbox 3658 4764 3712 4800; x_wconf 70' lang='grc' dir='ltr'><strong>τ.</strong></span> <span class='ocrx_word' id='word_1_802' title='bbox 3742 4751 3846 4815; x_wconf 80' lang='grc'><strong>88.)</strong></span> 
     </span>
    </p>
   </div>
   <div class='ocr_carea' id='block_1_111' title="bbox 2351 4885 4006 4958">
    <p class='ocr_par' dir='ltr' id='par_1_111' title="bbox 2351 4885 4006 4958">
     <span class='ocr_line' id='line_1_111' title="bbox 2351 4885 4006 4958; baseline -0.001 -16"><span class='ocrx_word' id='word_1_803' title='bbox 2351 4887 2584 4944; x_wconf 85' lang='lat' dir='ltr'>Servius</span> <span class='ocrx_word' id='word_1_804' title='bbox 2615 4887 2833 4958; x_wconf 90' lang='lat' dir='ltr'>quippe</span> <span class='ocrx_word' id='word_1_805' title='bbox 2863 4886 2981 4941; x_wconf 55' lang='lat' dir='ltr'>haec</span> <span class='ocrx_word' id='word_1_806' title='bbox 3007 4885 3224 4942; x_wconf 90' lang='lat' dir='ltr'>ibidem</span> <span class='ocrx_word' id='word_1_807' title='bbox 3257 4886 3562 4943; x_wconf 84' lang='lat' dir='ltr'>observat:</span> <span class='ocrx_word' id='word_1_808' title='bbox 3601 4905 3629 4938; x_wconf 74' lang='grc' dir='ltr'>ι</span> <span class='ocrx_word' id='word_1_809' title='bbox 3657 4885 4006 4940; x_wconf 86' lang='lat' dir='ltr'>Crustumia</span> 
     </span>
    </p>
   </div>
   <div class='ocr_carea' id='block_1_112' title="bbox 2352 4973 4003 5049">
    <p class='ocr_par' dir='ltr' id='par_1_112' title="bbox 2352 4973 4003 5049">
     <span class='ocr_line' id='line_1_112' title="bbox 2352 4973 4003 5049; baseline -0.004 -19"><span class='ocrx_word' id='word_1_810' title='bbox 2352 4992 2495 5049; x_wconf 82' lang='lat' dir='ltr'>pyra</span> <span class='ocrx_word' id='word_1_811' title='bbox 2523 4980 2749 5031; x_wconf 81' lang='lat' dir='ltr'>suntex</span> <span class='ocrx_word' id='word_1_812' title='bbox 2772 4979 2936 5047; x_wconf 88' lang='lat' dir='ltr'>parte</span> <span class='ocrx_word' id='word_1_813' title='bbox 2963 4974 3230 5032; x_wconf 85' lang='lat' dir='ltr'>rubentia</span> <span class='ocrx_word' id='word_1_814' title='bbox 3256 4975 3328 5030; x_wconf 90' lang='lat' dir='ltr'>ab</span> <span class='ocrx_word' id='word_1_815' title='bbox 3345 4975 3560 5048; x_wconf 90' lang='lat' dir='ltr'>oppido</span> <span class='ocrx_word' id='word_1_816' title='bbox 3577 4973 3950 5032; x_wconf 87' lang='lat' dir='ltr'>Crustumio.</span> <span class='ocrx_word' id='word_1_817' title='bbox 3979 4996 4003 5024; x_wconf 67' lang='grc' dir='ltr'><strong><em>υ</em></strong></span> 
     </span>
    </p>
   </div>
   <div class='ocr_carea' id='block_1_113' title="bbox 2349 5062 4005 5136">
    <p class='ocr_par' dir='ltr' id='par_1_113' title="bbox 2349 5062 4005 5136">
     <span class='ocr_line' id='line_1_113' title="bbox 2349 5062 4005 5136; baseline -0.002 -15"><span class='ocrx_word' id='word_1_818' title='bbox 2349 5067 2570 5136; x_wconf 84' lang='lat' dir='ltr'>Agrum</span> <span class='ocrx_word' id='word_1_819' title='bbox 2603 5079 2734 5120; x_wconf 78' lang='lat' dir='ltr'>vero</span> <span class='ocrx_word' id='word_1_820' title='bbox 2772 5063 3215 5120; x_wconf 90' lang='lat' dir='ltr'>Crustuminum</span> <span class='ocrx_word' id='word_1_821' title='bbox 3264 5064 3512 5136; x_wconf 89' lang='lat' dir='ltr'>ejusque</span> <span class='ocrx_word' id='word_1_822' title='bbox 3555 5064 3739 5120; x_wconf 89' lang='lat' dir='ltr'>situm</span> <span class='ocrx_word' id='word_1_823' title='bbox 3775 5062 4005 5119; x_wconf 84' lang='lat' dir='ltr'>Pliniu</span> 
     </span>
    </p>
   </div>
   <div class='ocr_carea' id='block_1_114' title="bbox 2352 5152 4007 5220">
    <p class='ocr_par' dir='ltr' id='par_1_114' title="bbox 2352 5152 4007 5220">
     <span class='ocr_line' id='line_1_114' title="bbox 2352 5152 4007 5220; baseline 0 -10"><span class='ocrx_word' id='word_1_824' title='bbox 2352 5153 2513 5210; x_wconf 90' lang='lat' dir='ltr'>hisce</span> <span class='ocrx_word' id='word_1_825' title='bbox 2565 5153 2760 5210; x_wconf 87' lang='lat' dir='ltr'>verbis</span> <span class='ocrx_word' id='word_1_826' title='bbox 2816 5152 3131 5220; x_wconf 88' lang='lat' dir='ltr'>describit;</span> <span class='ocrx_word' id='word_1_827' title='bbox 3196 5173 3224 5205; x_wconf 73' lang='grc' dir='ltr'><strong>α</strong></span> <span class='ocrx_word' id='word_1_828' title='bbox 3279 5153 3438 5210; x_wconf 90' lang='lat' dir='ltr'>Citra</span> <span class='ocrx_word' id='word_1_829' title='bbox 3491 5153 3778 5210; x_wconf 87' lang='lat' dir='ltr'>tredecim</span> <span class='ocrx_word' id='word_1_830' title='bbox 3812 5153 4007 5210; x_wconf 86' lang='lat' dir='ltr'>millia</span> 
     </span>
    </p>
   </div>
   <div class='ocr_carea' id='block_1_115' title="bbox 2352 5240 4004 5316">
    <p class='ocr_par' dir='ltr' id='par_1_115' title="bbox 2352 5240 4004 5316">
     <span class='ocr_line' id='line_1_115' title="bbox 2352 5240 4004 5316; baseline -0.001 -17"><span class='ocrx_word' id='word_1_831' title='bbox 2352 5258 2640 5316; x_wconf 87' lang='lat' dir='ltr'>passuum</span> <span class='ocrx_word' id='word_1_832' title='bbox 2669 5240 2832 5298; x_wconf 89' lang='lat' dir='ltr'>urbis</span> <span class='ocrx_word' id='word_1_833' title='bbox 2878 5241 3177 5298; x_wconf 88' lang='lat' dir='ltr'>Veientem</span> <span class='ocrx_word' id='word_1_834' title='bbox 3233 5257 3440 5314; x_wconf 88' lang='lat' dir='ltr'>agrum</span> <span class='ocrx_word' id='word_1_835' title='bbox 3500 5259 3534 5298; x_wconf 90' lang='lat' dir='ltr'>a</span> <span class='ocrx_word' id='word_1_836' title='bbox 3590 5245 4004 5308; x_wconf 82' lang='lat' dir='ltr'>Crustumino,</span> 
     </span>
    </p>
   </div>
   <div class='ocr_carea' id='block_1_116' title="bbox 2351 5329 4006 5402">
    <p class='ocr_par' dir='ltr' id='par_1_116' title="bbox 2351 5329 4006 5402">
     <span class='ocr_line' id='line_1_116' title="bbox 2351 5329 4006 5402; baseline 0.001 -16"><span class='ocrx_word' id='word_1_837' title='bbox 2351 5331 2486 5387; x_wconf 90' lang='lat' dir='ltr'>dein</span> <span class='ocrx_word' id='word_1_838' title='bbox 2507 5330 2862 5397; x_wconf 88' lang='lat' dir='ltr'>Fidenatem,</span> <span class='ocrx_word' id='word_1_839' title='bbox 2889 5329 3280 5402; x_wconf 90' lang='lat' dir='ltr'>Latinumque</span> <span class='ocrx_word' id='word_1_840' title='bbox 3301 5348 3335 5386; x_wconf 88' lang='lat' dir='ltr'>a</span> <span class='ocrx_word' id='word_1_841' title='bbox 3357 5331 3635 5387; x_wconf 88' lang='lat' dir='ltr'>Vaticano</span> <span class='ocrx_word' id='word_1_842' title='bbox 3655 5329 3955 5388; x_wconf 88' lang='lat' dir='ltr'>dirimens</span> <span class='ocrx_word' id='word_1_843' title='bbox 3980 5355 4006 5382; x_wconf 75' lang='grc' dir='ltr'>ιι</span> 
     </span>
    </p>
   </div>
   <div class='ocr_carea' id='block_1_117' title="bbox 2350 5417 4005 5493">
    <p class='ocr_par' dir='ltr' id='par_1_117' title="bbox 2350 5417 4005 5493">
     <span class='ocr_line' id='line_1_117' title="bbox 2350 5417 4005 5493; baseline 0.001 -18"><span class='ocrx_word' id='word_1_844' title='bbox 2350 5419 2523 5492; x_wconf 91' lang='lat' dir='ltr'>(Plin.</span> <span class='ocrx_word' id='word_1_845' title='bbox 2557 5417 2659 5473; x_wconf 92' lang='lat' dir='ltr'>lib.</span> <span class='ocrx_word' id='word_1_846' title='bbox 2691 5435 2757 5474; x_wconf 94' lang='grc' dir='ltr'>ιιι</span> <span class='ocrx_word' id='word_1_847' title='bbox 2785 5420 2983 5474; x_wconf 86' lang='lat' dir='ltr'>Natur.</span> <span class='ocrx_word' id='word_1_848' title='bbox 3014 5419 3154 5477; x_wconf 83' lang='lat' dir='ltr'>Hist.</span> <span class='ocrx_word' id='word_1_849' title='bbox 3187 5435 3314 5492; x_wconf 87' lang='lat' dir='ltr'>cap.</span> <span class='ocrx_word' id='word_1_850' title='bbox 3343 5421 3400 5487; x_wconf 91' lang='lat'>5,</span> <span class='ocrx_word' id='word_1_851' title='bbox 3448 5436 3506 5491; x_wconf 92' lang='lat' dir='ltr'>p.</span> <span class='ocrx_word' id='word_1_852' title='bbox 3536 5420 3686 5492; x_wconf 86' lang='lat'>323).</span> <span class='ocrx_word' id='word_1_853' title='bbox 3719 5423 3792 5475; x_wconf 84' lang='lat' dir='ltr'>At</span> <span class='ocrx_word' id='word_1_854' title='bbox 3821 5421 4005 5493; x_wconf 86' lang='lat' dir='ltr'>paulo</span> 
     </span>
    </p>
   </div>
   <div class='ocr_carea' id='block_1_118' title="bbox 2351 5507 4003 5578">
    <p class='ocr_par' dir='ltr' id='par_1_118' title="bbox 2351 5507 4003 5578">
     <span class='ocr_line' id='line_1_118' title="bbox 2351 5507 4003 5578; baseline 0 -13"><span class='ocrx_word' id='word_1_855' title='bbox 2351 5514 2522 5565; x_wconf 88' lang='lat' dir='ltr'>antea</span> <span class='ocrx_word' id='word_1_856' title='bbox 2578 5507 2759 5564; x_wconf 90' lang='lat' dir='ltr'>alium</span> <span class='ocrx_word' id='word_1_857' title='bbox 2816 5507 3260 5564; x_wconf 88' lang='lat' dir='ltr'>Crustuminum</span> <span class='ocrx_word' id='word_1_858' title='bbox 3336 5513 3765 5565; x_wconf 83' lang='lat' dir='ltr'>memoraverat</span> <span class='ocrx_word' id='word_1_859' title='bbox 3818 5510 4003 5578; x_wconf 71' lang='lat' dir='ltr'>(Ibid.</span> 
     </span>
    </p>
   </div>
   <div class='ocr_carea' id='block_1_119' title="bbox 2349 5597 4000 5672">
    <p class='ocr_par' dir='ltr' id='par_1_119' title="bbox 2349 5597 4000 5672">
     <span class='ocr_line' id='line_1_119' title="bbox 2349 5597 4000 5672; baseline 0 -18"><span class='ocrx_word' id='word_1_860' title='bbox 2349 5615 2408 5672; x_wconf 91' lang='lat' dir='ltr'>p.</span> <span class='ocrx_word' id='word_1_861' title='bbox 2439 5599 2587 5671; x_wconf 88' lang='lat'>322),</span> <span class='ocrx_word' id='word_1_862' title='bbox 2620 5597 2722 5670; x_wconf 89' lang='lat' dir='ltr'>qui</span> <span class='ocrx_word' id='word_1_863' title='bbox 2741 5597 2982 5670; x_wconf 89' lang='lat' dir='ltr'>quidem</span> <span class='ocrx_word' id='word_1_864' title='bbox 3003 5597 3103 5653; x_wconf 90' lang='lat' dir='ltr'>ubi</span> <span class='ocrx_word' id='word_1_865' title='bbox 3125 5597 3277 5655; x_wconf 81' lang='lat' dir='ltr'>situs</span> <span class='ocrx_word' id='word_1_866' title='bbox 3299 5598 3634 5670; x_wconf 82' lang='lat' dir='ltr'>fuerit,jam</span> <span class='ocrx_word' id='word_1_867' title='bbox 3663 5599 4000 5672; x_wconf 85' lang='lat' dir='ltr'>ignoratur.</span> 
     </span>
    </p>
   </div>
   <div class='ocr_carea' id='block_1_120' title="bbox 2348 5686 4003 5762">
    <p class='ocr_par' dir='ltr' id='par_1_120' title="bbox 2348 5686 4003 5762">
     <span class='ocr_line' id='line_1_120' title="bbox 2348 5686 4003 5762; baseline -0.001 -12"><span class='ocrx_word' id='word_1_868' title='bbox 2348 5686 2654 5750; x_wconf 78' lang='lat' dir='ltr'>Meliorum</span> <span class='ocrx_word' id='word_1_869' title='bbox 2700 5703 2874 5761; x_wconf 83' lang='lat' dir='ltr'>porro</span> <span class='ocrx_word' id='word_1_870' title='bbox 2921 5686 3437 5762; x_wconf 81' lang='lat' dir='ltr'>antiquiorumque</span> <span class='ocrx_word' id='word_1_871' title='bbox 3481 5689 3752 5748; x_wconf 85' lang='lat' dir='ltr'>codicum</span> <span class='ocrx_word' id='word_1_872' title='bbox 3790 5695 4003 5748; x_wconf 81' lang='lat' dir='ltr'>aucto-</span> 
     </span>
    </p>
   </div>
  </div>
