4162 6364
224 376 379 440 1217

1131 365 1209 425 D.
1254 360 1352 423 LE
1391 358 1720 422 NOURRY
1758 353 2409 417 OBSERVATIONES
2452 352 2716 414 ΝονΑς.

3469 351 3626 412 1218

222 506 376 564 ritati
405 504 452 560 si
489 500 811 558 cedendum
845 501 954 558 est.
976 492 1373 551 Tertullianus
1402 486 1859 545 Cassiniensium
1899 487 1947 553 Α
1981 488 2109 556 pter
2141 483 2438 540 malumus
2472 481 2711 537 alterius
2769 481 2986 537 codicis
3048 498 3214 555 opem
3265 486 3621 553 exspectare,

222 596 503 669 Oppidum
536 588 865 664 designavit
891 586 1212 658 (Apologet.,
1245 598 1373 653 cap.
1410 580 1502 646 24,
1534 596 1591 651 p.
1631 578 1759 641 420,
1814 578 1874 629 et
1982 591 2161 645 quam
2191 571 2678 642 variisindulgere
2709 571 3079 642 conjecturis.

223 687 330 742 lib.
361 702 422 754 ιι,
450 683 523 738 ad
552 682 795 749 Nalion.,
844 693 971 748 cap.
1032 675 1110 746 8),
1168 671 1321 744 quod
1393 685 1549 724 nunc
1610 670 1869 722 montem

229 775 509 832 Casinum
542 787 669 829 esse
699 767 1060 825 existimant.

305 863 517 919 Dehinc
556 859 691 916 ille:
724 855 1122 914 Narniensium
1156 850 1488 909 Visidianus.
1538 848 1608 902 At
1638 844 1865 901 Plinius

230 955 329 1011 ubi
358 950 609 1007 Umbria
641 947 854 1020 oppida
886 942 1250 1018 populosque
1281 940 1588 994 enumerat
1621 952 1633 989 :
1674 954 1695 981 ι
1730 932 1876 988 Nar-

232 1044 485 1111 nienses,
506 1038 721 1110 inquit,
764 1035 919 1107 quod
971 1032 1251 1105 oppidum
1312 1025 1646 1098 Nequinum
1706 1027 1880 1078 antea

229 1136 501 1188 vocatum
534 1127 734 1183 1117
771 1128 861 1179 est
905 1121 1127 1194 »(Plin.
1185 1119 1284 1173 lib.
1340 1132 1403 1171 Ill
1461 1116 1595 1170 Hist.
1659 1114 1879 1180 Nalur,

231 1238 357 1293 cap.
394 1220 480 1285 14,
507 1216 733 1290 p.365).
770 1214 838 1269 Et
886 1216 1037 1267 certe
1087 1207 1370 1280 scriptum
1430 1221 1464 1260 a
1523 1201 1676 1258 Livio
1734 1198 1880 1272 legi-

232 1290 393 1366 mus:
422 1331 443 1357 ι
466 1308 625 1362 Alter
654 1302 862 1360 consul
898 1298 1252 1373 Apuleius'in
1272 1294 1514 1351 Umbria
1543 1290 1879 1363 Nequinum

229 1398 511 1472 oppidum
542 1391 942 1451 circumsedit.
977 1389 1163 1443 Locus
1184 1389 1309 1440 erat
1341 1384 1584 1450 arduus,
1617 1385 1792 1451 atque
1822 1378 1882 1433 in

232 1492 397 1562 parte
463 1502 581 1540 una
630 1497 907 1555 princeps,
967 1478 1066 1533 ubi
1127 1490 1283 1530 nunc
1344 1471 1560 1527 Narnia
1612 1469 1727 1524 sita
1796 1471 1886 1522 est

232 1556 381 1650 (Liv.
417 1575 515 1629 lib.
550 1590 606 1638 x,
637 1574 664 1639 §
691 1572 769 1641 9).
804 1590 831 1619 ››
859 1574 1071 1623 Nomen
1107 1570 1303 1620 autem
1338 1561 1482 1615 illud
1509 1558 1764 1628 sumpsit
1812 1556 1885 1611 ab

233 1646 323 1736 eo,
354 1680 472 1736 quo
493 1660 753 1729 alluitur,
784 1659 933 1713 Nare
963 1652 1253 1719 ﬂuvio,uti
1284 1651 1378 1705 his
1408 1647 1698 1719 intelliges
1722 1646 1884 1701 Stra-

236 1732 409 1809 bonis
460 1750 688 1807 verbis:
748 1747 936 1821 Νάρνα
994 1740 1064 1796 δι’
1122 1743 1188 1809 ἧς
1241 1738 1323 1814 ῥεῖ
1361 1737 1390 1791 ὁ
1446 1735 1558 1810 Νᾶρ
1614 1732 1884 1805 ποταμὸς,

2055 662 2305 718 Facilius
2364 662 2561 732 itaque
2616 660 2759 715 illud
2821 660 3183 732 probabitur,
3244 661 3396 732 quod
3463 662 3625 732 adje-

1986 751 2475 808 citTertullianus
2509 766 2521 805 :
2559 750 2997 803 Volsiniensium
3040 749 3240 805 Nursia
3295 750 3622 822 (Apologet..

1986 859 2036 897 c.
2068 842 2158 911 24,
2191 858 2247 912 p.
2286 840 2439 911 421);
2474 840 2532 893 in
2561 839 2709 893 libro
2741 842 2935 894 autem
2983 838 3058 893 ad
3113 841 3375 895 Nationes
3435 840 3497 903 (l.
3562 857 3629 907 ιι,

1987 931 2057 987 ad
2088 933 2291 988 Nation
2323 972 2335 995 ,
2370 946 2496 1000 cap.
2520 932 2571 997 8,
2606 946 2660 998 p.
2692 928 2802 997 71),
2837 933 2893 981 et
2926 927 3092 982 libris
3124 929 3342 984 nostris
3375 930 3634 1000 ineditis,

1988 1023 2185 1078 Narcia
2218 1025 2273 1075 et
2305 1020 2518 1086 Nortia,
2550 1017 2686 1087 sive,
2712 1022 2776 1071 ut
2803 1017 2859 1071 in
2892 1017 3154 1073 Tacitum
3180 1035 3313 1073 mox
3335 1018 3637 1075 uitandum

1991 1116 2155 1167 notat
2185 1109 2435 1181 Lipsius,
2466 1108 2746 1163 Neurscia.
2783 1106 3063 1162 AtLivius
3095 1107 3272 1163 semel
3295 1108 3627 1181 iterumque

1992 1199 2260 1256 meminit
2291 1197 2725 1253 Volsinensium
2756 1196 2880 1267 (lib.
2915 1199 3018 1267 v,§
3048 1198 3136 1263 31,
3161 1201 3217 1251 et
3247 1196 3346 1253 lib.
3369 1200 3490 1267 ix,§
3521 1199 3634 1271 21),

1993 1290 2089 1361 qui
2115 1290 2289 1343 etiam
2311 1287 2368 1340 in
2401 1286 2652 1358 quadam
2681 1284 3062 1357 inscriptione
3094 1303 3127 1341 a
3175 1285 3419 1341 Grutero
3477 1287 3642 1343 edita

1994 1376 2075 1433 sic
2095 1374 2745 1448 appellantur(Gruter.
2777 1373 3042 1445 inscript.
3093 1375 3143 1441 1,
3206 1392 3241 1446 p
3319 1375 3468 1444 385),
3519 1376 3631 1433 Ve-

1994 1482 2125 1521 rum
2159 1465 2405 1536 ipsemet
2432 1461 2825 1518 Tertullianus
2847 1461 2988 1515 alibi
3040 1461 3194 1531 illos,
3254 1464 3638 1534 quemadmo-

1995 1556 2135 1611 dum
2158 1552 2361 1608 1118
2395 1551 2831 1607 observavimus
2862 1549 3010 1621 (cap.
3042 1551 3131 1616 23,
3166 1555 3270 1605 art.
3306 1552 3381 1624 3).
3441 1552 3633 1607 Volsi-

1997 1646 2127 1701 nios
2150 1650 2329 1714 vocat,
2356 1642 2523 1698 sicuti
2561 1640 3034 1713 Propertius(lib.
3072 1658 3128 1695 1v
3158 1642 3303 1716 eleg.
3355 1646 3410 1713 2,
3468 1662 3522 1699 v.
3581 1646 3636 1711 2,

1998 1736 2285 1792 etPlinius
2318 1734 2441 1806 (lib.
2474 1750 2513 1788 ιι
2547 1733 2738 1787 Natur.
2774 1732 2934 1800 Hist.,
2967 1749 3090 1802 cap.
3124 1734 3216 1799 52,
3278 1751 3334 1804 ρ.
3396 1733 3524 1805 287,
3586 1738 3645 1790 et

238 1843 472 1911 Narnia,
498 1857 598 1912 ρον
627 1854 791 1931 ρμᾼᾳτη
823 1837 979 1931 ﬂuit.
1023 1835 1141 1887 Nar
1197 1831 1401 1900 fluvius
1440 1826 1652 1931 (Strab.
1703 1823 1805 1931 lib.
1860 1838 1889 1875 ν
1923 1858 1970 1923 Β
1999 1830 2101 1883 lib.
2137 1846 2220 1889 ιιι,
2254 1844 2380 1896 cap.
2418 1827 2467 1894 4,
2502 1843 2561 1897 p.
2629 1826 2777 1896 322),
2826 1824 2923 1896 qui
2987 1825 3380 1881 testificantur
3432 1827 3637 1883 urbem

243 1932 455 2002 Geogr.,
507 1945 563 2001 p.
612 1928 760 1997 227).
823 1922 1017 1977 Variis
1079 1933 1310 1989 quoque
1374 1915 1528 1987 apud
1579 1913 1889 2002 Gruterum
1925 1913 1967 1923 ”
2000 1920 2152 1973 hanc
2182 1916 2690 1989 opulentissimam
2712 1919 3037 1971 Tuscorum
3061 1913 3262 1979 fuisse,
3299 1933 3424 1987 quis
3486 1935 3642 1973 nunc

238 2000 723 2090 inscriptionibus
780 2009 1134 2067 Narnienses
1194 2004 1568 2061 celebrantur
1636 2000 1889 2071 (Gruter.

241 2128 300 2183 p.
336 2089 458 2176 1747,
489 2104 759 2176 inscript.
791 2104 865 2170 4;
928 2117 984 2171 p.
1036 2098 1161 2165 388,
1199 2094 1464 2164 inscript.
1523 2092 1594 2161 2;
1647 2107 1703 2162 p.
1767 2089 1888 2154 460,

240 2198 511 2267 inscript.
543 2194 618 2266 4).

313 2265 617 2351 Prae—terea,
676 2280 1097 2337 IEsculanorum
1155 2273 1455 2340 Ancharia,
1501 2270 1560 2323 in
1612 2268 1762 2322 libro
1824 2265 1896 2320 ad

238 2378 517 2440 Nationes,
563 2376 621 2426 et
678 2370 895 2425 nostris
958 2362 1379 2433 manuscriptis
1427 2356 1893 2428 exemplaribus:

240 2464 517 2520 Ancharia
549 2458 812 2529 (Tertull.
840 2457 941 2512 loc.
974 2454 1175 2524 cit.).A
1208 2451 1395 2505 Plinio
1430 2453 1626 2503 autem
1661 2444 1892 2499 dicitur:

245 2554 471 2610 Colonia
501 2549 759 2605 Asculum
787 2544 987 2600 Piceni
1011 2542 1361 2598 nobilissima
1395 2534 1668 2608 (Plin.lib.
1696 2551 1756 2589 Ill
1786 2535 1898 2590 Na-

244 2655 359 2701 tur.
395 2643 565 2705 Hist,
598 2654 728 2707 cap.
761 2635 850 2705 13,
884 2651 940 2705 p.
975 2634 1127 2699 362),
1177 2629 1346 2700 cujus
1404 2626 1640 2681 nomine
1699 2621 1899 2677 multis

247 2738 478 2788 exstant
506 2729 661 2801 apud
692 2730 1003 2782 Gruterum
1060 2717 1472 2790 inscriptiones
1528 2715 1779 2787 (Gruter.
1841 2730 1898 2783 p.

250 2824 376 2887 465,
408 2819 675 2888 inscript.
712 2818 735 2871 1
762 2820 819 2869 et
850 2814 935 2878 10,
970 2827 1101 2884 pag.
1136 2808 1264 2878 371,
1294 2806 1561 2877 inscript.
1598 2807 1647 2858 1.
1680 2808 1737 2858 et
1766 2817 1897 2888 pag.

251 2912 378 2979 427,
411 2887 676 2978 inscript.
712 2906 785 2971 1).
817 2901 1025 2956 Strabo
1074 2914 1207 2953 vero
1254 2891 1465 2949 Λσκλὸν
1518 2891 1581 2945 τὸ
1641 2887 1899 2958 Πικηνόν.

253 3000 361 3055 Sed
394 2997 551 3054 allud
584 2998 673 3051 est
700 2989 1003 3059 Asculum,
1061 2985 1283 3058 Apulia:
1341 2982 1643 3054 oppidum,
1700 2978 1902 3051 Pyrrhi

250 3089 413 3145 clade
445 3083 839 3142 notissimum.
876 3084 952 3133 De
983 3077 1259 3133 alterutro
1292 3079 1486 3128 autem
1520 3070 1676 3125 haud
1726 3067 1904 3123 dubie

250 3177 515 3248 loquitur
545 3176 758 3229 Auctor
788 3165 1128 3236 noster,nisi
1159 3163 1423 3218 eamdem
1456 3161 1622 3215 deam
1651 3159 1710 3212 in
1739 3164 1900 3212 utro-

2001 2010 2111 2065 sub
2134 2023 2505 2063 summorum
2525 2006 2867 2076 pontificum
2892 2005 3110 2061 ditione
3144 2011 3251 2061 est.

2073 2098 2339 2153 Noreiam
2371 2112 2502 2151 vero
2533 2112 2734 2151 eorum
2768 2096 2935 2150 deam
2961 2096 3142 2151 fuisse
3172 2112 3239 2151 ex
3280 2096 3370 2152 bis
3394 2099 3518 2169 jam
3561 2101 3645 2156 ci—

2000 2188 2103 2242 tati
2136 2187 2279 2242 Livii
2311 2184 2503 2243 verbis
2534 2184 2858 2240 discimus:
2894 2206 2921 2234 ‹‹
2956 2184 3236 2239 Volsiniis
3284 2186 3498 2254 clavos,
3550 2189 3641 2245 in-

2005 2276 2162 2332 dices
2194 2274 2420 2329 numeri
2453 2272 2913 2343 annorum,fixos
2944 2272 2999 2326 in
3027 2273 3468 2345 temploNortiae
3487 2281 3647 2333 etru-

2006 2382 2115 2421 sca:
2147 2366 2265 2419 deae
2299 2378 2631 2433 comparere
2663 2360 2913 2433 diligens
2967 2361 3171 2417 talium
3237 2372 3647 2423 monumento~

2006 2471 2138 2509 rum
2162 2457 2364 2508 auctor
2391 2451 2627 2508 Cincius
2658 2451 2959 2505 affirmat»
3008 2452 3147 2517 (Liv.
3208 2452 3309 2508 lib.
3363 2457 3517 2524 vn,§
3573 2456 3648 2526 3).

2005 2540 2307 2599 Juvenalis
2323 2556 2557 2612 quoque
2588 2541 2659 2595 de
2690 2538 2789 2594 illa
2810 2539 2930 2595 haec
2962 2540 3210 2596 cecinit:

2195 2679 2206 2691 .
2289 2679 2302 2692 .
2391 2678 2403 2690 .
2485 2644 2615 2688 Idem
2641 2644 2858 2701 populus.
2885 2645 2927 2689 si
2956 2645 3134 2690 Nomia
3159 2646 3217 2701 (1)
3244 2646 3439 2693 Thusco

2194 2708 2426 2756 Favisset.
2457 2706 2501 2752 sl
2528 2719 2765 2764 oppressa
2794 2707 2919 2751 foret
2945 2719 3117 2752 secura
3147 2715 3370 2753 senectus

2169 2780 2410 2837 Principia,
2443 2778 2536 2823 hac
2564 2777 2671 2835 ipsa
2699 2778 2920 2834 Sejanum
2949 2778 3128 2824 diceret
3158 2780 3279 2824 hora

2170 2843 2459 2899 Augustum.

2617 2894 2845 2949 (Juvenal.
2877 2895 3015 2942 aatir.
3048 2895 3112 2947 10,
3144 2908 3192 2943 v.
3219 2896 3285 2950 70,
3305 2900 3414 2951 etc.)

2013 3006 2311 3071 Praaterea,
2346 2999 2799 3057 Ocriculanorum
2834 2991 3106 3062 Valentia,
3126 2994 3208 3047 ait
3237 2993 3653 3065 Tertullianus,

2011 3094 2340 3164 (Apologet.,
2364 3106 2491 3159 cap.
2523 3088 2613 3155 24,
2650 3101 2703 3155 p.
2738 3083 2884 3149 421).
2919 3080 3249 3135 Ocriculum
3299 3087 3517 3149 autem,
3551 3100 3654 3141 seu

2017 3180 2287 3249 Ocriculi,
2320 3177 2585 3233 Straboni
2614 3169 2905 3239 Ὀκρικλου
2940 3171 3157 3240 (Strab.
3201 3171 3301 3226 lib.
3352 3189 3388 3226 v
3440 3171 3656 3244 Gcogr.,

250 3223 505 3248 .V‘I'IV—n-
545 3223 747 3229 ’⁷-νννή
792 3223 846 3224 ἢν
881 3223 886 3224 ⁷
993 3223 1007 3236 ¹
2019 3223 2265 3239 υνιιυυιι
2320 3223 2585 3233 υνυκηυν.-.
2639 3223 2732 3229 -.-κ
2975 3223 2981 3225 _
3015 3223 3047 3225 ,γ

249 3283 363 3339 que
394 3265 608 3320 cultam
645 3260 827 3316 fuisse
858 3253 1213 3329 probaveris.
1246 3253 1321 3305 De
1345 3250 1534 3320 priore
1563 3253 1753 3303 tamen
1779 3262 1898 3301 ser-
1935 3223 1978 3290 Β
2018 3290 2075 3344 ρ,
2106 3225 2426 3339 227),,urbs
2452 3272 2541 3321 est,
2571 3265 2629 3318 ίη
2651 3223 2866 3316 ﬁnibus
2893 3223 3165 3324 Umbriae,
3193 3223 3318 3330 quae
3351 3223 3463 3315 non

248 3337 482 3411 monem
507 3352 578 3407 ab
600 3349 700 3405 illo
730 3348 877 3413 ﬁeri,
909 3345 1020 3400 erit
1040 3344 1283 3398 forsitan
1317 3340 1418 3410 qui
1470 3337 1674 3392 confici
1725 3352 1897 3407 posse

248 3441 588 3517 putabithis
619 3437 838 3495 Lucani
873 3436 943 3490 de
978 3431 1213 3520 Lentulo
1246 3428 1515 3484 versibus
1545 3444 1557 3481 :

359 3609 374 3624 .
461 3608 476 3623 .
562 3607 572 3617 .
685 3603 696 3614 .
810 3602 826 3618 .
927 3564 1187 3624 Depellitur
1212 3573 1326 3607 arce

330 3637 560 3685 Lentulus
590 3632 816 3681 Escnlea.

739 3697 936 3752 (Lucan.
961 3693 1171 3735 Pharsat.
1192 3688 1269 3732 lib.
1291 3699 1339 3740 n,
1358 3699 1408 3740 ν,
1438 3685 1552 3734 150.)

248 3826 495 3891 Quidam
528 3824 684 3879 enim
716 3817 1193 3878 animadvertunt
1217 3811 1439 3867 Eseulea
1468 3812 1526 3864 et
1553 3808 1779 3863 Asculea
1808 3806 1901 3860 in-

251 3916 587 3970 differenter
615 3912 860 3979 dictum,
893 3904 1098 3976 quidni
1130 3907 1187 3957 et
1216 3900 1486 3963 Esculea,
1509 3896 1665 3951 unde
1696 3900 1903 3950 IEscu-

250 4003 394 4069 lani,
427 4004 497 4057 de
530 4000 746 4072 quibus
767 4012 925 4052 nunc
957 3990 1203 4065 agitur?

325 4092 609 4147 Caeterum
640 4086 950 4142 Turnebus
983 4082 1105 4151 (lib.
1156 4097 1273 4137 xvn
1322 4078 1568 4146 Advers.,
1627 4091 1756 4147 cap.
1811 4072 1904 4145 24)

255 4180 597 4252 suspicatur
616 4174 954 4232 Anchariam
985 4186 1109 4226 eam
1143 4185 1273 4223 esse
1299 4168 1491 4231 deam,
1515 4164 1686 4234 cujus
1713 4164 1907 4217 furore

255 4268 507 4341 correpti
542 4267 806 4323 homines
837 4259 1055 4318 aucarii
1103 4257 1483 4322 vocabantur,
1548 4253 1727 4323 idque
1783 4255 1905 4306 sta-

257 4338 667 4414 bilire-nititur
698 4355 792 4411 his
823 4352 1076 4415 duobus,
1110 4365 1144 4403 a
1175 4345 1359 4403 Nonio
1391 4342 1581 4398 citatis
1611 4341 1780 4414 (Non.
1834 4338 1906 4393 ad

258 4464 312 4503 v.
347 4446 673 4518 Quiritare),
704 4441 907 4499 Lucilii
939 4437 1297 4495 carminibus
1324 4450 1337 4491 :

393 4596 515 4642 Haec
541 4597 716 4642 cadum
744 4591 886 4637 rudet
912 4604 940 4636 θ
969 4585 1164 4637 nostris,
1203 4591 1343 4642 atque
1370 4581 1619 4641 ejulitabit.

389 4664 693 4706 Concursans
724 4655 853 4701 velut
874 4652 1112 4701 aucarius.
1138 4649 1362 4704 ciareque
1390 4645 1634 4703 quiritans.

260 4817 325 4873 In
357 4815 557 4870 nostra
584 4805 822 4881 quidem
846 4801 1052 4857 horum
1081 4796 1409 4852 carminum
1463 4790 1721 4846 editione
1766 4788 1911 4861 legi-

263 4920 436 4960 mus:
470 4903 568 4957 Hic
596 4900 894 4968 inquam...
930 4888 1109 4946 veluti
1138 4885 1453 4942 arenarius.
1496 4881 1605 4936 Sed
1641 4884 1912 4950 corrupte

264 4989 468 5065 procul
498 4986 700 5051 dubio,
733 5000 798 5038 ac
828 4986 1030 5037 contra
1058 4976 1227 5033 metri
1270 4973 1450 5045 leges.
1497 4969 1913 5025 Verumtamen

269 5059 433 5138 mera
462 5078 579 5133 haec
608 5079 696 5130 est
711 5069 967 5127 Turnebi
998 5068 1358 5137 conjectura,
1392 5078 1518 5134 quae
1551 5060 1665 5115 alia
1723 5059 1915 5114 adhuc

269 5168 610 5247 probatione
642 5163 883 5233 indiget.
916 5158 981 5214 In
1016 5155 1162 5210 libro
1194 5158 1388 5209 autem
1418 5149 1490 5205 ad
1519 5149 1779 5204 Nationes
1810 5165 1916 5203 no-

270 5237 401 5319 men
433 5255 768 5315 Anchariam
796 5249 1065 5312 habetur,
1106 5246 1165 5300 et
1211 5239 1703 5315 quampraeverint,
1762 5237 1914 5308 quod

268 5352 657 5424 depravatum
690 5337 1116 5403 existimantes,
1151 5330 1352 5403 reponi
1376 5327 1609 5384 voluere
1639 5330 1696 5381 et
1720 5342 1919 5397 quam-

269 5413 568 5515 prgeverim
598 5453 615 5489 :
649 5432 748 5488 sed
778 5426 943 5484 nulla
966 5423 1191 5480 reddita
1223 5421 1447 5476 ratione
1468 5413 1922 5483 emendationis,

274 5505 401 5604 quas
433 5524 757 5585 adulterato
791 5521 951 5573 textu
982 5511 1187 5569 melior
1216 5526 1330 5565 non
1352 5507 1599 5564 videtur.
1660 5505 1920 5575 Quapro-

350 5707 426 5779 (1)
457 5707 524 5763 In
557 5698 918 5776 quibusdam
948 5689 1306 5750 sditionibus
1337 5686 1566 5745 Nursia.

2007 3365 2133 3415 tum
2164 3362 2343 3411 Roma
2373 3355 2574 3417 distat,
2610 3363 2883 3420 nuncque
2916 3347 3146 3402 Olricoli
3202 3351 3459 3403 vocatur.
3499 3352 3653 3403 Men-

2007 3448 2228 3503 tionem
2261 3444 2418 3498 illius
2452 3441 2671 3496 faciunt
2712 3435 3072 3505 Plinins(lib,
3129 3452 3192 3490 Ill
3242 3436 3439 3491 Natur.
3501 3438 3655 3509 hist.,

2009 3552 2135 3607 cap.
2169 3534 2221 3588 4.
2246 3550 2303 3604 p.
2336 3531 2461 3597 323,
2493 3533 2553 3584 et
2582 3545 2706 3599 cap.
2736 3527 2818 3589 14,
2862 3542 2916 3597 p.
2966 3524 3115 3594 365).
3156 3524 3353 3579 Livius
3397 3524 3525 3593 (lib.
3575 3543 3655 3595 Ix,

2008 3625 2036 3691 §
2061 3623 2173 3693 41),
2194 3620 2489 3691 aliiqueac
2522 3616 2893 3690 potissimum
2926 3612 3266 3685 geographi.
3292 3612 3659 3669 Ocriculano-

2011 3728 2141 3766 rum
2176 3726 2346 3782 porro
2368 3710 2537 3763 dcam
2570 3722 2765 3762 revera
2792 3704 2973 3758 fuisse
3002 3701 3351 3771 Valentiam,
3376 3719 3659 3774 agnosces

2011 3799 2119 3855 hac
2148 3797 2326 3855 veteri
2356 3795 2739 3867 inscriptione
2767 3792 2915 3863 apud
2961 3794 3268 3845 Gruterum
3318 3791 3396 3863 (p.
3459 3792 3513 3859 2,
3566 3792 3657 3844 in-

2016 3889 2218 3959 script.
2253 3890 2341 3954 12)
2368 3902 2380 3941 :
2409 3886 2523 3940 Pao
2564 3899 2776 3939 SALUTE
2800 3898 2928 3935 ITUS
2947 3899 3011 3934 AC
3042 3896 3307 3934 anorrus.
3336 3896 3390 3933 ι).
3417 3896 3474 3934 N.
3494 3896 3663 3935 sauc-

2011 3997 2320 4035 TISSIMI....
2361 3994 2436 4032 TI.
2473 3992 2606 4031 AUG.
2630 3986 3210 4029 EDICULAMCONCILII
3254 3986 3661 4036 DEORUM,DEA-

2015 4087 2259 4133 RUMQUE
2284 4085 2470 4124 sucu.
2495 4085 2560 4122 nx
2585 4082 2712 4120 VISU
2736 4080 2859 4118 nam
2884 4062 3185 4115 VALsN'rm
3210 4064 3268 4112 S.
3299 4063 3362 4112 V.
3390 4060 3449 4113 P.
3492 4059 3553 4113 E.
3599 4058 3659 4112 C.

2087 4159 2232 4223 Quid
2268 4156 2482 4229 plura?
2510 4154 2888 4220 Sutrinorum,
2922 4150 3002 4203 ait
3035 4152 3243 4202 Auctor
3276 4152 3493 4217 noster,
3520 4147 3662 4201 Nor-

2021 4250 2095 4304 tia
2125 4245 2393 4319 (Tertull.
2429 4244 2537 4298 loc.
2570 4242 2709 4312 cit.)
2748 4243 2817 4295 At
2848 4238 3183 4300 «Sutrium,
3218 4236 3411 4307 inquit
3448 4235 3664 4306 Livius,

2020 4337 2160 4392 urbs
2178 4335 2337 4390 socia
2355 4330 2941 4396 Romanorum,velut
2960 4326 3218 4381 claustra
3232 4324 3472 4379 Etruriae
3494 4329 3663 4379 erat»

2019 4426 2163 4499 (Liv.
2186 4423 2288 4478 lib.
2326 4440 2397 4488 ix,
2428 4420 2455 4493 Ξ
2488 4421 2579 4485 32,
2611 4424 2668 4473 et
2698 4418 2796 4472 lib.
2826 4433 2900 4481 v1,
2934 4417 2961 4483 §
2991 4415 3065 4483 3).
3101 4416 3281 4468 Antea
3324 4430 3457 4467 vero
3517 4413 3666 4467 fece—

2020 4520 2112 4569 rat
2133 4512 2484 4568 mentionem
2520 4510 2812 4578 cjus,quie
2846 4506 2901 4559 in
2918 4503 3095 4557 variis
3125 4503 3300 4557 etiam
3334 4500 3669 4573 inscriptio-

1939 4594 1989 4659 D
2024 4604 2197 4660 nibus
2222 4620 2253 4656 a
2282 4604 2526 4655 Grutero
2550 4594 2824 4651 exhibitis
2856 4592 3111 4648 occurrit
3142 4591 3394 4662 (Gruter.
3430 4607 3486 4661 p.
3540 4590 3668 4653 254,

2020 4696 2147 4763 302,
2176 4692 2282 4755 205
2302 4694 2359 4745 et
2387 4689 2535 4753 481).
2571 4687 2654 4741 Ab
2678 4686 2820 4739 urbe
2863 4687 3058 4738 autem
3119 4681 3303 4735 Roma
3369 4680 3551 4734 distat
3603 4679 3675 4732 24

2024 4782 2209 4839 millia
2233 4794 2543 4852 passuum,
2577 4776 2731 4830 sicut
2752 4773 2983 4828 Marsus
3015 4769 3385 4826 adnotavitin
3412 4768 3529 4822 haec
3544 4767 3669 4821 Silii

2024 4871 2208 4929 Italici
2242 4868 2453 4924 verba:
2491 4866 2680 4921 Sutria
2710 4865 2856 4918 lecta
2888 4860 3012 4932 (Sil.
3064 4859 3270 4929 Italic.,
3303 4858 3404 4912 lib.
3437 4875 3563 4927 vni,
3617 4873 3674 4912 v.

2025 4961 2171 5026 408).
2204 4956 2434 5013 Videsis
2466 4954 2774 5008 Erasmum
2808 4951 2865 5004 in
2889 4949 2999 5005 hoc
3032 4948 3399 5020 proverbium
3437 4963 3450 5002 :
3510 4947 3682 5014 Quasi

2025 5050 2274 5107 Sutrium
2322 5054 2450 5102 eant
2507 5045 2754 5115 (Erasm.
2814 5040 2990 5113 Adag.
3034 5038 3170 5093 cbil.
3224 5039 3277 5106 4,
3337 5042 3563 5091 centur.
3623 5035 3677 5101 4,

2028 5144 2196 5213 adag.
2227 5141 2315 5207 52,
2354 5155 2406 5208 p.
2440 5137 2585 5203 841).
2620 5134 2805 5205 Hujus
2866 5148 3036 5204 porro
3088 5129 3249 5185 urbis
3299 5125 3505 5182 incolis
3546 5124 3677 5194 dea,

2030 5233 2111 5287 uti
2146 5230 2226 5285 ait
2258 5225 2679 5289 Tertullianus,
2710 5227 2837 5278 erat
2866 5222 3088 5276 Norcia.
3120 5218 3226 5273 Sed
3279 5215 3463 5286 prius,
3524 5212 3678 5267 sicut

2027 5321 2305 5385 vidimus,
2353 5316 2579 5372 dixerat
2630 5311 3055 5368 Volsiniensium
3112 5305 3336 5362 Dorcio.
3398 5300 3675 5372 Nunquid

2032 5426 2167 5482 ergo
2187 5407 2391 5463 eadem
2417 5409 2804 5471 utrorumque
2836 5399 2945 5452 dea
2977 5394 3132 5449 fuit?
3165 5393 3368 5447 Nonne
3397 5390 3477 5445 ibi
3498 5404 3677 5461 pecu-

2030 5500 2224 5567 liares,
2253 5512 2318 5552 ae
2338 5493 2606 5568 preprios
2626 5489 2914 5558 cujusque
2945 5483 3195 5539 civitatis
3218 5482 3359 5536 deos
3378 5476 3680 5534 recenset?
