4162 6390
491 377 651 437 1219

1004 370 1529 435 TERTULLIANI
1572 367 1899 432 OPERUM
1939 366 2141 429 PARS
2182 368 2232 429 Ῑ.
2265 401 2342 414 -
2372 368 2646 430 SERIES
2688 370 2738 443 Ῑ,
2786 369 3357 433 APOLOGETICA.

3730 371 3907 433 1220

484 512 561 564 At
588 508 740 563 hanc
778 504 975 578 procul
1006 503 1183 560 dubio
1225 503 1296 560 ob
1345 518 1583 558 causam
1643 502 1855 574 prioris
1912 516 2125 557 nomen
2154 508 2210 575 Α
2238 502 2489 559 Junonis
2518 506 2659 559 sunt
2687 517 2891 559 omnes
2924 502 3271 561 calendas....
3316 503 3651 577 Quirinum,
3714 507 3897 579 quasi

487 596 662 669 paulo
692 594 878 665 aliter,
906 594 1056 649 sicut
1085 592 1442 660 monuimus,
1476 592 1760 664 scriptum
1793 590 2123 647 voluerunt.

485 685 630 742 Huic
660 688 853 740 tamen
884 682 1280 739 emendationi
1331 682 1717 737 adversantur
1766 697 1878 737 non
1928 680 2121 736 solum

484 791 685 831 omnes
717 772 900 828 nostri
931 772 1181 837 codices,
1214 771 1313 826 sed
1349 772 1563 827 citatus
1612 787 1843 842 quoque
1873 787 1907 825 a
1955 769 2123 826 nobis

485 864 704 921 Livius.
738 863 949 917 Verum
985 863 1123 933 quia
1150 861 1482 916 Volsinium
1527 864 1583 916 et
1626 860 1889 916 Sutrium
1950 861 2124 917 urbes

484 952 722 1008 Etruria;
765 954 1019 1017 fuerunt,
1061 955 1115 1005 et
1145 950 1264 1005 haec
1288 951 1394 1005 dea
1424 949 1664 1004 Etruriae
1695 966 1728 1003 a
1758 947 1915 1004 Livio
1967 967 2119 1003 nun-

483 1046 750 1113 cupatur,
778 1040 1083 1111 utriusque
1117 1039 1280 1094 urbis
1310 1038 1417 1093 dea
1446 1054 1574 1093 esse
1621 1038 1829 1110 potuit.
1874 1037 1931 1091 Si
1989 1038 2122 1109 quis

478 1147 617 1186 vero
648 1130 819 1197 duas,
848 1145 914 1185 ac
946 1129 1173 1183 diverso
1198 1127 1434 1183 nomine
1460 1132 1694 1182 vocatas
1720 1126 1898 1183 fuisse
1924 1132 2116 1183 osten-

483 1220 602 1284 dat,
636 1217 939 1274 sententias
971 1216 1132 1272 illius
1165 1216 1317 1272 ultro
1345 1215 1807 1272 subscribemus.

550 1312 772 1379 Agmen
806 1306 1013 1361 borum
1049 1304 1499 1377 municipalium
1519 1304 1959 1377 topicorumque
1981 1305 2120 1360 deo-

482 1412 614 1451 rum
646 1396 849 1450 usa
883 1394 1103 1450 claudit
1128 1393 1526 1450 Tertullianus
1558 1393 1652 1449 his
1690 1393 1920 1449 verbis:
1962 1415 1989 1443 «
2015 1393 2119 1448 Fa-

481 1485 761 1541 liscorum
817 1483 878 1539 in
918 1484 1199 1540 honorem
1256 1483 1440 1555 patris
1498 1482 1715 1551 Curris,
1774 1487 1831 1537 et
1899 1483 2121 1554 accepit

479 1590 803 1647 cognomen
830 1578 1039 1631 Juno»
1108 1573 1436 1645 (Apologel.,
1492 1588 1541 1627 c.
1601 1572 1691 1639 24,
1760 1588 1816 1642 p.
1878 1571 2001 1639 421,
2062 1576 2119 1626 et

480 1663 582 1720 lib.
640 1679 682 1719 ιι
730 1664 803 1719 ad
856 1662 1078 1719 Nation.
1139 1679 1272 1734 cap.
1328 1662 1407 1731 8).
1454 1660 1677 1716 Falisca
1728 1664 1919 1715 autem
1977 1658 2117 1715 urbs

477 1753 739 1819 Etruriaa,
771 1752 923 1808 inter
950 1751 1241 1807 Ciminum
1274 1754 1534 1806 montem
1593 1752 1649 1805 et
1698 1748 1947 1805 Tiberim
2004 1748 2118 1804 sita

477 1845 584 1896 est.
616 1840 862 1897 Colonias
892 1855 1026 1895 vero
1060 1838 1419 1894 Faliscorum
1452 1838 1669 1894 mentio
1700 1838 1766 1893 ﬁt
1815 1838 1873 1892 in
1943 1837 2113 1891 Plinii

390 1995 401 2003 _
475 1928 644 1985 libris
673 1929 795 1999 (lib.
830 1946 887 1983 ιιι
920 1928 1234 1996 Ηίεε.ἠαί.,
1268 1944 1393 1998 cap.
1428 1928 1480 1997 4,
1531 1942 1588 1997 p.
1646 1927 1794 1994 320),
1853 1928 1909 1981 et
1965 1925 2111 1981 Gru-

476 2018 585 2073 tari
620 2016 1099 2089 inscriptionibus
1122 2018 1203 2087 (p.
1250 2017 1379 2082 288,
1437 2014 1707 2086 inscript.
1773 2015 1844 2085 1),
1900 2014 2111 2085 saepius

474 2121 607 2162 vero
638 2105 695 2161 in
726 2106 837 2161 Titi
870 2106 1011 2161 Livii
1043 2104 1301 2162 historiis
1324 2103 1449 2175 (lib.
1478 2121 1533 2170 v,
1566 2105 1593 2171 §
1632 2104 1718 2171 17,
1761 2102 1851 2171 18,
1911 2104 1999 2172 26,
2056 2106 2112 2159 et

472 2194 573 2251 lib.
608 2213 706 2266 vn,
736 2198 763 2264 §
789 2197 874 2265 17,
908 2195 1066 2266 etc.),
1087 2194 1292 2265 hisque
1318 2192 1545 2264 Virgilii
1576 2191 1937 2247 carminibus
1964 2207 1979 2248 :

601 2310 662 2354 Hi
686 2309 1004 2354 Fescenninas
1032 2308 1176 2357 acies.
1210 2319 1466 2365 (equosque
1496 2306 1734 2356 Faliscos.

588 2372 650 2415 Hi
678 2373 894 2418 Soractis
913 2371 1089 2416 habent
1115 2382 1269 2423 arces,
1301 2368 1602 2425 Flaviniaque
1630 2380 1764 2421 arva,

596 2440 658 2487 Et
684 2437 851 2484 Cimini
878 2448 988 2480 cum
1017 2438 1175 2479 monte
1202 2433 1371 2484 lacum,
1404 2431 1631 2487 lucosque
1660 2431 1895 2488 Capenos.

790 2505 980 2562 (Virgil.
1010 2505 1086 2549 lib:
1118 2516 1187 2549 vn
1214 2504 1389 2549 Αὲηείίί.
1422 2516 1468 2549 v.
1496 2502 1574 2547 695
1603 2506 1651 2548 et
1675 2503 1826 2558 seqq.)

542 2614 996 2675 SimiliaaSilio
1042 2612 1240 2668 Italico
1298 2612 1607 2668 decantata
1662 2608 1920 2666 invenies
1978 2608 2102 2681 (Sil.

470 2708 659 2765 Italic.
691 2706 791 2761 lib.
824 2720 948 2773 vm,
979 2718 1032 2757 v.
1067 2702 1172 2756 406
1200 2704 1256 2756 et
1287 2700 1457 2771 seq.).
1491 2700 1773 2755 Caeterum
1804 2699 1957 2754 Juno
1976 2697 2103 2770 plu-

470 2815 554 2869 ra,
580 2799 665 2851 uti
694 2810 863 2849 nemo
895 2792 1104 2857 nescit,
1126 2790 1379 2845 habebat
1396 2790 1759 2859 cognomina,
1790 2805 1858 2843 ex
1888 2788 2104 2860 quibus

469 2901 657 2943 unum
688 2882 905 2949 Curris,
932 2884 1080 2935 teste
1108 2879 1294 2947 Festo,
1337 2878 1467 2932 fuit.
1503 2878 1561 2933 Si
1594 2876 1727 2947 quis
1756 2893 1887 2932 vero
1912 2876 2104 2947 inqui-

469 2980 559 3032 rat
587 2991 690 3029 cur
718 2973 799 3027 ita
813 2972 1149 3041 nuncupata
1170 2968 1327 3030 sit.is
1353 2965 1551 3022 audiat
1571 2966 1867 3021 Servium:
1903 2986 1927 3017 α
1950 2964 2105 3020 Juno

467 3065 643 3121 habet
670 3061 858 3117 multa
878 3058 1151 3114 nomina:
1183 3056 1412 3112 Curetis
1442 3054 1695 3127 cst,quia
1723 3054 1907 3110 utitur
1932 3070 2104 3108 curru

468 3158 525 3210 et
552 3153 721 3209 hasta
742 3170 768 3202 ιο
798 3150 977 3220 (Serv.
1015 3148 1073 3201 in
1104 3145 1480 3201 lib.1/Eneid.
1512 3161 1565 3199 v.
1624 3144 1701 3214 6).
1761 3142 1955 3198 Alium
2003 3142 2104 3198 ad-

468 3242 604 3310 huc,
631 3240 682 3296 si
710 3238 868 3309 velit,
901 3235 1101 3292 audiat
1132 3236 1367 3291 Festum
1426 3231 1765 3304 Pompeium
1805 3248 1817 3287 :

467 3336 558 3388 est
584 3328 794 3385 Sabine
825 3328 1081 3382 hasta....
1114 3324 1358 3379 Curitim
1388 3323 1677 3379 Junonem
1707 3320 2099 3392 appellabant,

468 3419 608 3492 quia
635 3417 895 3473 eamdem
932 3415 1078 3469 ferre
1103 3413 1331 3469 hastam
1360 3412 1647 3484 putabant
1678 3433 1705 3461 »
1730 3411 1901 3480 (Fest.
1934 3409 2006 3465 ad
2044 3426 2098 3465 v.

469 3510 669 3581 Curis).
729 3511 944 3562 Verum
1006 3504 1157 3561 sicut
1216 3504 1271 3558 hi
1357 3502 1670 3574 scriptores
1746 3499 2101 3556 Tertulliano

468 3603 669 3654 nostro
704 3597 896 3651 favent
943 3593 1228 3649 asserenti
1283 3592 1573 3648 Junonem
1631 3590 2101 3663 cognominatam

466 3686 649 3742 fuisse
669 3684 896 3740 Currim
931 3682 1049 3737 sive
1078 3682 1372 3737 Curetim:
1405 3680 1484 3736 ita
1524 3680 1640 3751 ipsi
1699 3680 2099 3746 adversantur,

467 3779 661 3847 aperte
693 3773 950 3828 dicentes
975 3770 1083 3826 hoc
1113 3786 1435 3843 cognomen
1467 3786 1583 3825 non
1638 3767 1723 3822 illi
1780 3768 1983 3823 datum
2041 3768 2100 3822 in

465 3866 744 3920 honorem
779 3862 960 3933 patris
989 3860 1176 3927 Curis,
1210 3859 1309 3915 sed
1334 3875 1399 3914 ex
1430 3858 1759 3929 hasta,quaa
1791 3876 1821 3913 a
1870 3856 2101 3913 Sabinis

465 3953 623 4008 curis
652 3949 1075 4023 appellabatur,
1120 3952 1222 4003 aut
1274 3964 1308 4001 a
1355 3963 1550 4013 curru,
1613 3946 2102 4017 quemadmodum

470 4041 668 4097 innuit
709 4038 941 4095 Servius
975 4055 988 4105 ;
1040 4036 1136 4107 qui
1169 4041 1363 4092 tamen
1397 4053 1430 4091 a
1468 4034 1789 4103 nonnullis,
1848 4036 2100 4107 priorem

465 4129 645 4199 hujus
675 4126 931 4184 nominis
952 4125 1361 4197 etymologiam
1399 4123 1682 4181 veriorem
1713 4124 2102 4181 existimanti-

466 4219 600 4284 bus,
633 4216 965 4288 corripitur.

539 4306 686 4371 Quid
720 4322 854 4378 ergo
876 4304 1173 4375 Numquid
1206 4302 1543 4375 responderi
1572 4305 1765 4374 potest
1814 4303 2102 4358 Junonem

466 4397 537 4453 ab
570 4397 741 4451 hasta
769 4394 1015 4450 traxisse
1040 4394 1197 4449 istud
1216 4408 1557 4465 cognomen,
1588 4392 1742 4462 quod
1775 4396 1974 4462 postea
1998 4392 2104 4446 Fa-

466 4485 593 4541 lisci
613 4486 672 4541 in
707 4484 884 4555 patris
913 4483 1081 4539 Curis
1101 4482 1379 4538 honorem
1402 4482 1452 4537 ei
1477 4480 1807 4537 dederunt?
1838 4481 1948 4536 Sed
1972 4481 2103 4551 quis

469 4580 580 4644 est,
613 4573 867 4644 inquies,
900 4577 1065 4644 pater
1093 4572 1190 4628 ille
1216 4570 1384 4627 Curis
1405 4570 1432 4625 ?
1484 4570 1601 4625 Nos
1653 4570 1892 4641 quidem
1936 4570 2105 4625 docet

468 4663 708 4720 Ovidius
740 4663 1056 4718 Romulum
1087 4661 1167 4717 ita
1212 4665 1480 4717 vocatum
1512 4659 1714 4728 fuisse,
1747 4659 1849 4714 ubi
1907 4658 2100 4715 canit:

653 4776 879 4820 Proxima
905 4775 986 4819 lux
1016 4786 1165 4820 vacua
1192 4778 1277 4823 est.
1305 4778 1353 4818 at
1379 4774 1519 4818 tertia
1546 4774 1672 4818 dicte
1700 4774 1907 4827 Quirino,

700 4837 788 4889 Qui
810 4842 938 4882 tenet
966 4838 1057 4881 hoc
1081 4849 1268 4885 nomen,
1297 4835 1530 4880 Romulus
1556 4839 1665 4879 ante
1695 4836 1809 4879 fuit:

683 4901 793 4945 Sive
822 4898 946 4955 quod
976 4899 1112 4944 basta
1139 4900 1272 4943 curis
1298 4897 1468 4953 priscis
1496 4902 1570 4942 est
1598 4897 1722 4942 dicta
1745 4898 1941 4952 Sabinis,

705 4962 914 5007 Bellicus
943 4973 973 5006 a
998 4962 1094 5007 telo
1123 4962 1248 5006 venit
1275 4960 1321 5003 in
1350 4964 1486 5004 astra
1514 4960 1648 5003 deus.

650 5027 861 5073 Sivesuo
890 5027 1009 5083 Regi
1037 5038 1209 5071 nomen
1238 5035 1447 5080 posuere
1481 5023 1703 5076 Quirites.

708 5093 798 5136 Seu
818 5089 926 5145 quia
954 5088 1185 5133 Romanis
1208 5085 1435 5143 junxerat
1461 5084 1541 5129 ille
1563 5084 1730 5132 Cures.

1096 5156 1251 5213 (Ovid.
1285 5154 1364 5199 lib.
1395 5166 1428 5199 ιι
1456 5155 1671 5210 βίαιον-,ε
1700 5157 1783 5213 13.)

463 5262 539 5314 At
571 5275 685 5315 non
710 5258 897 5316 solum
928 5258 1195 5327 Romulo,
1230 5255 1331 5312 sed
1350 5258 1519 5311 antea
1536 5256 1681 5313 Jano
1715 5274 1927 5315 nomen
1957 5257 2102 5314 illud

460 5348 801 5420 impositum
834 5350 1042 5414 fuerat,
1077 5348 1161 5403 uti
1194 5345 1521 5402 Macrobius
1551 5350 1827 5403 testatum
1860 5348 1953 5404 his
1970 5365 2100 5403 ver-

459 5438 554 5493 bis
584 5439 752 5494 fecit:
790 5462 817 5489 ‹‹
846 5443 907 5493 In
941 5438 1124 5495 sacris
1154 5438 1492 5491 invocamus
1509 5436 1724 5491 Janum
1754 5438 2100 5508 Junonium,

458 5527 676 5583 Janum
710 5528 1088 5594 Quirinum...
1123 5529 1346 5598 patrem
1380 5524 1549 5596 quasi
1598 5526 1863 5592 deorum,
1920 5527 2102 5585 Juno-

462 5617 648 5685 nium,
683 5618 853 5689 quasi
885 5635 999 5675 non
1031 5616 1220 5674 solum
1248 5614 1468 5670 mensis
1488 5613 1771 5687 Januarii,
1805 5617 1905 5674 sed
1939 5634 2101 5676 men-

465 5705 619 5761 sium
652 5707 913 5764 omnium
938 5708 1237 5779 ingressus
1268 5707 1654 5764 tenentem.In
1678 5706 2103 5766 ditioneautem

2144 1881 2191 1945 B

2234 590 2518 647 bellorum
2552 598 2876 665 parentem,
2908 594 2980 649 ab
3001 593 3171 650 hasta
3201 610 3374 666 quam
3432 595 3637 650 Sabini
3695 595 3897 650 curim

2230 684 2438 736 vocant
2467 703 2495 732 »
2524 682 2802 753 (Macrob.
2827 682 2928 737 lib.
2962 700 2981 739 ι
3012 683 3327 752 Saturnal.,
3383 700 3511 756 cap.
3572 683 3652 757 9).
3717 684 3900 740 Varia

2232 769 2429 841 itaque
2457 771 2695 826 fuerunt
2723 771 2858 827 Jani
2888 772 3150 841 nomina,
3185 789 3435 845 quorum
3468 773 3579 828 tria
3626 774 3699 829 ad
3752 791 3897 846 pro-

2233 860 2488 929 positum
2517 864 2783 916 nostrum
2818 864 3106 931 spectant.
3138 861 3401 917 Primum
3434 866 3523 917 est
3547 866 3739 931 Pater,
3799 879 3895 917 se-

2231 947 2489 1001 cundum
2523 953 2613 1003 est
2634 950 2919 1018 Quirinus,
2954 966 2986 1005 a
3018 950 3141 1005 curi
3174 950 3292 1005 sive
3322 950 3493 1005 hasta
3528 950 3894 1018 derivatum,

2230 1039 2285 1090 et
2314 1036 2553 1091 tertium
2583 1040 2880 1107 Junonius,
2915 1039 3085 1110 quasi
3116 1042 3173 1094 et
3200 1038 3466 1095 Januarii
3521 1044 3580 1094 et
3610 1042 3891 1096 omnium

2230 1125 2521 1180 mensium
2555 1126 2631 1181 sit
2662 1127 2899 1182 initium
2930 1132 2988 1183 et
3034 1127 3355 1198 ingressus.
3415 1127 3619 1185 Nonne
3680 1133 3889 1185 autem

2228 1212 2365 1268 hinc
2388 1212 2721 1270 conﬁrmari
2753 1219 2965 1288 potest,
2998 1217 3150 1288 quod
3192 1216 3433 1289 scripsit
3478 1215 3891 1275 Tertullianus

2226 1301 2517 1358 Junonem
2549 1320 2583 1359 a
2614 1308 2777 1375 patre
2805 1304 2961 1375 Curi,
2997 1305 3094 1377 qui
3120 1305 3295 1361 etiam
3344 1307 3616 1362 Iunonius
3673 1308 3889 1379 appel-

2225 1388 2382 1446 latus
2403 1396 2510 1457 est,
2546 1409 2720 1448 suum
2733 1394 2920 1464 Curis,
2935 1394 3055 1450 sive
3077 1395 3312 1462 Curitis,
3337 1394 3633 1467 accepisse
3665 1398 3763 1451 ιι
3779 1398 3885 1453 20

2228 1496 2550 1551 cognomen
2571 1481 2599 1536 ?
2628 1482 2704 1539 De
2728 1482 2835 1538 hac
2863 1486 3062 1539 tamen
3093 1485 3429 1555 conjectura
3459 1483 3713 1541 aliorum
3754 1492 3884 1543 esto

2218 1568 2533 1638 judicium.

2296 1662 2575 1712 Caeterum
2606 1657 2838 1730 duplex,
2872 1674 2976 1731 pro
3033 1659 3263 1715 diversa
3320 1659 3590 1717 codicum
3647 1665 3884 1719 nostro-

2226 1761 2356 1800 rum
2400 1744 2664 1814 lectione,
2726 1750 2915 1818 potest
2970 1764 3098 1804 esse
3151 1748 3463 1805 verborum
3523 1751 3882 1808 Tertulliani

2226 1850 2456 1890 sensus.
2490 1835 2548 1890 Si
2606 1835 2759 1890 enim
2816 1836 2917 1901 ibi,
2970 1838 3467 1909 quemadmodum
3528 1839 3589 1895 in
3650 1841 3881 1898 nostris

2222 1939 2399 1977 manu
2439 1924 2688 1979 exaratis
2719 1924 3176 1996 exemplaribus,
3206 1928 3263 1980 et
3318 1926 3550 1998 Rigaltii
3612 1929 3881 1986 editione

2218 2010 2396 2082 legas,
2418 2034 2439 2060 α
2475 2011 2831 2067 Faliscorum
2857 2013 2915 2067 in
2935 2012 3214 2071 honorem
3240 2014 3409 2087 (mss.
3431 2015 3653 2089 honoro)
3678 2020 3875 2090 patris

2219 2100 2408 2171 Curis,
2438 2104 2494 2156 et
2522 2100 2995 2172 accepitnomem
3033 2104 3204 2173 Juno,
3242 2125 3263 2153 ι
3299 2119 3512 2160 sensus
3543 2106 3694 2162 erit:
3755 2108 3874 2164 Fa-

2215 2188 2494 2245 liscorum
2527 2191 2634 2245 dea
2663 2195 2747 2246 est
2778 2194 2952 2261 Juno,
2985 2208 3113 2264 quas
3134 2192 3193 2246 in
3227 2192 3412 2264 patris
3445 2194 3611 2249 Curis
3670 2195 3870 2253 hono-

2217 2292 2339 2333 rem
2371 2280 2578 2335 sortita
2606 2284 2695 2335 est
2723 2297 2890 2335 suam
2916 2280 3130 2336 Curitis
3163 2281 3699 2354 appellationem.Si
3726 2302 3874 2342 vero

2216 2384 2349 2424 cum
2383 2371 2604 2425 caeteris
2637 2369 2989 2426 editionibus
3022 2370 3320 2443 legamus:
3351 2394 3371 2422 ι
3398 2372 3758 2431 Faliscorum
3807 2376 3871 2431 in

2217 2458 2432 2513 honore
2463 2463 2551 2514 est
2606 2463 2768 2531 pater
2822 2460 3009 2527 Curis,
3057 2461 3211 2517 unde
3256 2462 3479 2535 accepit
3535 2480 3873 2533 cognomen

2212 2548 2366 2604 Juno
2394 2568 2407 2618 ;
2436 2570 2463 2598 ι»
2495 2548 2587 2604 his
2611 2550 2802 2605 verbis
2838 2550 3267 2622 signiﬁcabitur
3297 2552 3551 2615 (divinos
3608 2552 3873 2611 honores

2213 2653 2247 2693 a
2277 2637 2517 2693 Faliscis
2548 2638 2835 2695 exhibitos
2866 2639 3047 2695 fuisse
3076 2640 3227 2712 patri
3274 2640 3428 2698 Curi.
3463 2659 3497 2698 a
3532 2658 3646 2714 quo
3706 2643 3875 2700 Juno

2212 2728 2624 2799 cognominata
2652 2733 2759 2784 est.
2778 2730 2850 2785 At
2881 2730 2929 2785 si
2960 2730 3031 2785 de
3052 2729 3235 2802 patris
3278 2731 3447 2787 Curis
3503 2731 3726 2788 honore
3773 2733 3872 2791 lo-

2213 2816 2432 2888 quitur,
2466 2834 2586 2889 cur,
2620 2834 2837 2889 quaeso,
2869 2818 2947 2873 ibi
2976 2819 3222 2874 Junonis
3253 2820 3399 2875 nihil
3432 2820 3600 2893 plane
3631 2822 3703 2877 ad
3728 2839 3870 2879 eam

2214 2922 2335 2961 rem
2361 2905 2625 2961 facientis
2651 2907 2871 2961 inserta
2893 2907 3151 2963 mentio?
3173 2908 3374 2964 Nonne
3398 2910 3468 2965 ad
3508 2909 3870 2967 Tertulliani

2214 2998 2471 3049 mentem
2503 2996 2742 3067 propius
2775 2996 3071 3067 accedent,
3113 2997 3213 3069 qui
3263 2998 3633 3069 probaverint
3685 3000 3867 3058 illum

2212 3081 2658 3155 intelligendum
2681 3100 2808 3140 csse
2840 3086 2910 3140 de
2938 3085 3386 3155 JunoneCurjli,
3417 3103 3594 3158 quam
3620 3088 3868 3161 Falisci,

2213 3175 2490 3243 tanquam
2522 3173 2879 3244 singularem
2911 3173 3072 3230 urbis
3095 3190 3211 3229 suae
3244 3175 3712 3242 deam,colebant
3730 3180 3753 3232 P
3772 3178 3870 3234 Tu

1881 3254 1908 3337 ξ(
1933 3231 2100 3337 Fu“?
2132 3250 2175 3317 C
2212 3276 2345 3315 vero
2376 3277 2501 3332 qua:
2530 3262 2720 3317 verior
2738 3262 2815 3317 sit
2842 3260 3009 3318 lectio
3036 3266 3092 3317 et
3121 3261 3547 3336 interpretatio,
3580 3266 3867 3337 expende

2212 3366 2278 3405 ac
2310 3350 2647 3421 pronuntia.

2279 3460 2353 3510 At
2382 3456 2551 3512 nobis
2581 3456 2874 3529 quispiam
2910 3458 3154 3513 fortasse
3185 3457 3412 3514 obviam
3444 3459 3719 3529 veniet,et
3750 3462 3864 3518 ob-

2201 3545 2447 3616 jectabit
2474 3545 2556 3600 ibi
2585 3546 2827 3602 humani
2858 3544 3077 3617 aliquid
3108 3563 3349 3618 passum
3383 3563 3510 3604 esse
3540 3549 3863 3608 Tertullia-

2210 3652 2371 3701 num,
2400 3634 2495 3705 qui
2528 3639 2648 3690 tam
2683 3635 2895 3691 diserte
2926 3635 3184 3691 affirmat
3213 3635 3305 3691 his
3328 3637 3766 3707 provinciarum
3786 3657 3859 3696 ac

2210 3724 2513 3779 civitatum
2545 3723 2679 3790 diis,
2712 3723 2997 3780 hactenus
3028 3725 3099 3779 ab
3131 3740 3196 3779 eo
3230 3724 3799 3796 appellatis,nullum
3826 3746 3865 3783 a

2209 3814 2483 3868 Romanis
2510 3812 2801 3868 redditum
2834 3813 3095 3868 divinum
3131 3812 3409 3868 honorem
3445 3815 3862 3889 (Tertull.Apo-

2212 3903 2401 3971 loget.,
2432 3918 2557 3974 cap.
2592 3904 2701 3972 24).
2736 3902 2938 3957 Nonne
2987 3902 3140 3956 enim
3185 3901 3532 3973 Capitolium
3591 3905 3665 3959 ab
3724 3905 3861 3979 ipso

2212 3996 2381 4047 antea
2398 3994 2665 4046 vocatum
2698 3992 2886 4046 fuerat
2914 3993 3072 4045 curia
3100 3991 3453 4047 daemonum?
3488 3991 3690 4049 Nonne
3749 3996 3860 4050 ad-

2210 4080 2324 4135 huc
2353 4079 2474 4134 hinc
2508 4083 2647 4135 sunt
2674 4078 2833 4134 illius
2856 4078 2968 4134 alio
3000 4079 3058 4133 in
3090 4078 3236 4134 libro
3267 4079 3441 4136 verba
3475 4097 3487 4135 :
3522 4104 3551 4131 «
3578 4080 3863 4139 Pluribus

2211 4168 2672 4241 etasperioribus
2690 4167 3028 4223 nominibus
3042 4168 3540 4239 amphitheatrum
3556 4186 3867 4228 consecra-

2210 4262 2325 4327 tur,
2361 4276 2535 4331 quam
2594 4260 2677 4332 (in
2738 4257 3169 4329 antiquioribus
3226 4259 3400 4315 editis
3442 4262 3605 4317 deest
3658 4265 3862 4333 quam)

2211 4348 2557 4419 Capitolium
2581 4348 2845 4403 omnium
2868 4348 3110 4403 deorum
3151 4348 3312 4403 curia
3356 4354 3445 4404 est
3476 4372 3503 4398 »
3527 4350 3734 4421 (Idem,
3797 4354 3867 4409 de

2213 4438 2616 4509 Spectac.,cap.
2637 4438 2722 4505 t2)
2744 4436 2771 4491 ?
2800 4437 3003 4493 Nonne
3030 4440 3231 4503 Roma,
3258 4442 3323 4492 ut
3351 4438 3433 4494 ait
3465 4439 3574 4495 Leo
3602 4442 3861 4512 primus,

2213 4526 2756 4598 omniumgentium
2788 4525 3078 4581 serviebat
3134 4526 3452 4593 erroribus,
3502 4527 3863 4603 illarumque

2135 4620 2180 4687 D
2213 4617 2347 4672 deos
2379 4620 2779 4687 assumpserat
2806 4616 2959 4685 (Leo,
2992 4613 3166 4669 Serm.
3199 4616 3260 4669 in
3282 4617 3461 4672 natat.
3494 4618 3595 4674 SS.
3628 4620 3860 4676 Petriet

2210 4706 2451 4777 Pauli)?
2481 4704 2726 4760 Romani
2756 4703 2935 4775 igitur
2951 4703 3349 4774 quarumlibet
3387 4706 3651 4777 gentium
3710 4710 3859 4767 deos

2210 4796 2497 4851 colebant.
2530 4797 2601 4849 At
2630 4792 2898 4865 quamvis
2929 4808 3019 4847 res
3038 4792 3121 4847 ita
3147 4792 3383 4863 sit,illos
3408 4798 3612 4851 tamen
3647 4814 3859 4855 omnes

2210 4884 2526 4956 generatim
2559 4886 2808 4948 tantum,
2826 4898 2939 4936 non
2961 4897 3094 4937 vero
3116 4882 3461 4939 nominatim
3491 4887 3860 4944 veneraban-

2210 4978 2323 5027 tur.
2357 4971 2496 5027 Nam
2528 4989 2626 5028 eos
2656 4988 2727 5027 ne
2750 4985 3058 5026 numerare
3089 4971 3349 5041 quidem,
3383 4979 3602 5044 quanto
3656 4977 3861 5034 minus

2210 5062 2495 5117 honorare
2534 5064 2590 5116 et
2616 5059 3197 5131 invocarepoterant!
3232 5060 3630 5120 Tertullianus
3655 5071 3859 5124 autem

2211 5152 2281 5208 de
2301 5150 2508 5224 topicis
2540 5153 2596 5206 et
2626 5148 3024 5222 singularibus
3045 5148 3159 5204 diis
3214 5149 3496 5222 disputat,
3550 5171 3700 5226 quos
3755 5174 3857 5213 ur—

2211 5240 2373 5296 bium
2403 5245 2461 5297 et
2517 5238 2945 5314 provinciarum
2997 5237 3199 5294 incolae
3246 5239 3511 5298 solebant
3566 5248 3857 5317 tanquam

2212 5331 2536 5403 municipes
2562 5347 2700 5386 suos
2731 5328 3012 5398 colere,ac
3043 5326 3167 5383 suis
3198 5329 3465 5388 invocare
3488 5334 3854 5391 nominibus.

2282 5438 2427 5505 Quid
2461 5438 2641 5511 igitur
2672 5436 2910 5502 mirum,
2943 5436 2992 5491 si
3026 5434 3110 5489 illi
3140 5437 3402 5511 plerique
3433 5442 3855 5514 omnibusjam

2211 5527 2490 5601 incogniti
2526 5529 2663 5594 sint,
2697 5526 2870 5584 sicuti
2924 5526 3273 5581 Delventinus
3328 5534 3385 5583 et
3426 5530 3735 5588 Visidianus
3796 5535 3857 5590 in

2211 5619 2563 5691 Apologetico
2592 5617 2880 5676 nominati
2910 5631 2975 5673 ac
2998 5616 3057 5672 in
3079 5614 3226 5672 libro
3258 5617 3327 5673 ad
3347 5619 3629 5691 Nationes,
3678 5624 3857 5681 Athe-

2216 5710 2515 5779 niensium,
2546 5710 2665 5767 sive
2716 5707 2908 5780 potius
2954 5707 3400 5765 Atherniensium
3451 5711 3855 5784 Numantinus,
