4162 6364
256 351 407 411 1221

1162 347 1237 407 D.
1283 346 1381 408 LE
1424 348 1755 410 NOURRY
1794 346 2451 413 OBSERVATIONES
2496 350 2756 412 NOVE.

3509 352 3673 413 1222

250 482 338 540 vel
368 483 722 538 Numerttnus
749 477 1009 550 (Tertull.
1043 477 1289 551 Apolog.,
1323 496 1450 553 cap.
1482 482 1573 551 24,
1626 484 1683 539 et
1725 481 1826 537 lib.
1861 496 1903 535 ιι
1934 482 1987 548 Α
2016 496 2147 555 cap.
2177 483 2267 551 25,
2302 487 2411 537 art.
2436 484 2471 537 5
2508 500 2521 549 ;
2573 487 2629 539 et
2676 483 2901 538 Dissert.
2936 484 2995 537 in
3023 482 3220 539 Minue.
3248 484 3384 551 0ct.,
3415 500 3544 556 cap.
3578 487 3667 553 17,

250 572 320 628 ad
350 572 602 636 Nation.,
628 586 754 642 cap.
774 570 850 636 8).
876 572 1095 623 Horum
1127 569 1283 625 enim
1319 574 1375 626 et
1406 570 1655 627 aliorum
1686 572 1903 644 t0pico-

252 678 383 718 rum
415 662 681 725 deorum,
709 673 959 730 quorum
983 655 1251 715 infinitus
1283 660 1395 715 fuit
1429 677 1735 730 numerus,
1764 660 1906 716 noti-

251 753 332 808 tia
364 750 533 806 nobis
554 750 681 821 jam
713 765 746 803 a
777 746 949 819 longo
981 751 1244 819 tempore
1276 755 1474 822 crcpta
1505 755 1613 807 est.
1644 755 1769 805 Non
1802 750 1907 805 mi-

254 841 412 896 noris
444 843 639 895 tamen
674 837 900 893 roboris
928 837 1146 893 idcirco
1177 842 1266 894 est
1295 841 1556 896 Auctoris
1593 840 1775 896 nostri
1809 857 1907 895 ar-

251 932 747 1002 gumentum,quo
773 943 841 982 ex
865 926 1149 982 hactenus
1172 928 1343 983 dictis
1378 930 1906 1000 meritissimojure

251 1018 548 1074 concludit
593 1016 1001 1088 iniquissimos
1051 1032 1180 1072 esse
1212 1018 1483 1090 gentiles,
1526 1020 1903 1090 quibuscum

252 1112 512 1181 potestas
546 1111 700 1162 esset
731 1123 834 1178 pro
866 1105 1030 1161 libito
1052 1122 1119 1161 ac
1150 1106 1393 1164 libidine
1412 1107 1628 1163 falsum
1652 1108 1903 1180 quemli-

250 1202 349 1256 bet
378 1204 435 1256 et
465 1200 596 1256 aliis
642 1199 918 1272 gentibus
965 1199 1232 1272 ignotum
1290 1201 1465 1258 deum
1506 1200 1753 1273 colendi,
1788 1218 1903 1259 non

250 1290 524 1347 sinebant
542 1305 741 1346 verum
773 1289 958 1345 Deum
990 1306 1023 1345 a
1045 1289 1391 1346 Christianis
1421 1290 1675 1347 adorari.

702 1406 902 1462 1121
949 1405 1178 1461 CAPUT
1214 1405 1459 1463 XXVIII.

255 1497 472 1567 Quanta
502 1495 823 1551 insulsitate
865 1496 1098 1552 Romani
1144 1496 1557 1553 venditaverint
1604 1513 1661 1553 se
1704 1513 1805 1553 sua
1844 1498 1905 1554 in

387 1569 511 1625 deos
536 1569 747 1640 pietate
774 1568 1042 1623 meruisse
1065 1568 1233 1623 totius
1268 1569 1414 1625 orbis
1446 1570 1764 1641 imperium.

770 1698 1103 1738 ARTICULUS
1142 1699 1384 1740 PRIMUS.

257 1774 430 1842 Quam
496 1772 702 1845 falsum
765 1773 840 1827 sit
902 1774 1167 1827 Romanos
1222 1775 1486 1829 meruisse
1539 1776 1705 1829 totius
1758 1774 1904 1830 orbis

2017 573 2125 625 art.
2156 572 2210 643 2,
2244 576 2300 626 et
2325 573 2551 627 Dissert.
2590 573 2651 627 in
2698 573 2968 638 Lactant.,
3003 589 3129 644 cap.
3180 573 3272 644 32,
3307 580 3413 629 art.
3450 575 3473 628 1
3509 578 3567 629 et
3594 576 3668 646 2).

2014 659 2195 715 Nemo
2222 664 2417 715 autem
2443 661 2655 716 mentis
2675 678 2795 716 sure
2814 677 3053 732 compos
3076 662 3226 717 serio
3250 662 3545 717 affirmare
3568 678 3669 716 un-

2014 764 2189 819 quam
2213 750 2547 820 audebit,ab
2566 750 2907 820 hujusmodi
2934 750 3253 807 infamibus
3269 756 3325 806 et
3342 750 3671 807 vernaculis

2014 838 2127 892 diis
2161 844 2453 910 porrectos
2485 840 2666 895 fuisse
2710 840 2957 895 Romani
3007 839 3237 911 imperii
3272 842 3435 896 fines.
3470 841 3670 912 Neque

2013 927 2213 991 etiam,
2245 929 2315 983 ab
2348 927 2477 983 aliis
2500 928 2842 984 domesticis
2871 932 2928 983 et
2958 928 3351 1000 peculiaribus
3374 930 3488 985 diis
3518 932 3667 985 suis.

2013 1016 2251 1072 Diversa
2280 1017 2575 1073 enimvero
2606 1018 2665 1072 in
2718 1017 2988 1090 pluribus
3019 1035 3148 1074 esse
3186 1019 3388 1090 nequit
3416 1019 3535 1074 veri
3565 1018 3667 1075 Dei

2014 1106 2293 1177 potentia,
2326 1107 2535 1175 virtus,
2569 1108 2870 1175 sanctitas,
2923 1107 3100 1163 sicuti
3155 1124 3259 1163 nec
3304 1113 3531 1164 natura.
3566 1113 3667 1163 At-

2014 1212 2126 1268 que
2159 1212 2330 1251 nemo
2364 1213 2624 1269 unquam
2658 1197 2805 1252 dixit
2835 1196 2895 1252 in
2929 1197 3543 1269 praefatisinfamibus,
3568 1204 3669 1255 aut

2013 1285 2143 1341 aliis
2174 1286 2511 1341 domesticis
2561 1287 2956 1342 Romanorum
3006 1287 3119 1343 diis
3164 1288 3345 1344 fuisse
3375 1289 3665 1360 eamdem,

2012 1380 2187 1447 atque
2218 1376 2276 1430 in
2309 1377 2514 1433 1122
2547 1376 2950 1448 omnipotente
2985 1376 3123 1444 Deo,
3148 1380 3419 1433 naturam
3451 1382 3509 1433 et
3541 1394 3667 1433 om-

2012 1464 2418 1537 nipotentiam,
2443 1465 2717 1521 virtutem
2752 1470 2809 1521 et
2835 1466 3227 1522 sanctitatem.
3262 1467 3349 1521 Dii
3379 1482 3517 1539 ergo
3547 1483 3663 1523 non

2010 1560 2173 1621 sunt,
2208 1570 2312 1610 nec
2343 1560 2661 1626 potuerunt
2695 1555 2881 1611 ullum
2914 1556 3150 1628 aliquod
3185 1556 3447 1613 Romano
3481 1558 3668 1629 impe-

2012 1648 2097 1703 rio
2130 1647 2333 1702 afferre
2364 1647 2812 1705 incrementum.

2082 1754 2365 1827 Superest
2414 1754 2589 1826 igitur
2658 1760 2725 1810 ut
2772 1754 3209 1825 peregrinorum
3259 1756 3502 1812 deorum
3561 1772 3666 1812 au-

325 1842 1012 1929 terrss'dominatum‘sua
1059 1849 1277 1929 pietate.
1309 1846 1369 1900 in
1417 1846 1542 1929 deos
1570 1846 1901 1929 Sterculum,
1937 1842 2150 1929 Bxilio
2224 1848 2282 1899 et
2360 1848 2647 1915 potestate
2732 1844 3048 1900 accreverit
3123 1845 3363 1900 Romani
3437 1844 3668 1918 imperii

322 1916 619 1986 Matinum,
694 1917 1036 1981 Larentiam,
1111 1915 1385 1987 Cybelem,
1456 1920 1661 1984 Jovem,
1729 1915 1902 1975 Juno;

324 2004 475 2057 nem,
506 1990 767 2059 aliosque,
821 1990 915 2061 qui
938 1990 1215 2061 gpatriam
1268 2004 1426 2043 suam
1480 1992 1678 2061 magis,
1737 2008 1905 2061 quam

322 2063 593 2203 βοηιαηῖε
620 2061 769 2115 tueri
797 2060 1077 2125 debebant,
1096 2062 1295 2132 quique
1324 2077 1507 2117 omnes
1532 2060 1648 2133 fato
1679 2060 1909 2121 obnoxii

350 2149 529 2187 uerun
561 2172 573 2187 .

321 2222 430 2278 Tot
460 2220 759 2292 tantisque
798 2220 1093 2275 rationum
1128 2221 1443 2276 momentis
1476 2222 1556 2277 ita
1578 2238 1840 2278 eversam
1874 2238 1907 2277 a

249 2309 610 2366 Tertulliano
640 2308 899 2363 vidimus
932 2307 1141 2363 falsam
1192 2309 1521 2379 gentilium,
1553 2312 1694 2367 deos
1731 2312 1904 2382 plane

252 2397 688 2454 commentitios
721 2396 1059 2464 colentium,
1110 2396 1479 2469 religionem,
1504 2403 1568 2454 ut
1597 2400 1822 2466 nullus,
1856 2410 1905 2465 si

254 2489 385 2543 sani
415 2486 623 2559 capitis
656 2486 734 2543 sit
762 2486 960 2551 homo,
1003 2486 1077 2541 iis
1110 2486 1382 2543 reluctari
1414 2504 1585 2559 posse
1615 2488 1903 2544 videatur.

253 2578 365 2633 Sed
398 2576 677 2648 quoniam
709 2591 777 2630 ea
801 2579 891 2630 est
923 2576 1245 2630 errantium
1278 2576 1685 2649 plerorumque
1715 2578 1905 2634 homi-

254 2682 397 2721 num
430 2664 774 2738 pervioacia,
797 2668 863 2719 ut
881 2664 1063 2721 victos
1086 2680 1147 2720 se
1176 2666 1342 2721 fateri
1365 2684 1673 2740 nunquam
1704 2668 1903 2736 velint,

254 2759 457 2810 contra
488 2753 705 2809 ethnici
729 2752 921 2808 adhuc
943 2752 1347 2825 insurgebant,
1374 2755 1681 2829 nobisque,
1706 2757 1789 2812 uti
1825 2757 1906 2812 ait

250 2842 666 2908 Tertullianus,
719 2841 1095 2912 objiciebant,
1131 2864 1159 2893 «
1192 2843 1487 2901 Romanos
1536 2863 1639 2917 pro
1696 2846 1903 2901 merito

254 2931 656 3005 religiositatis
689 2930 1160 3003 diligentissimae
1211 2932 1269 2987 in
1320 2937 1553 2989 tantum
1596 2934 1803 3001 elatos,
1838 2938 1904 2990 ut

253 3022 453 3078 orbem
485 3020 895 3092 occupaverint
926 3042 955 3069 ››
986 3019 1244 3090 (Tertull.
1278 3022 1579 3094 Apotoget.,
1612 3039 1661 3078 ο.
1711 3024 1801 3095 25)
1844 3040 1900 3095 ρ.

253 3113 377 3177 422,
435 3114 492 3165 et
539 3109 577 3164 Ι.
624 3127 665 3164 ιι
708 3109 779 3164 ait
825 3107 1071 3178 Nation.,
1114 3126 1239 3182 cap.
1293 3112 1403 3183 17),
1445 3111 1503 3167 id
1549 3115 1657 3179 est,
1692 3128 1904 3184 magna

253 3202 312 3255 in
372 3200 510 3255 deos
569 3216 708 3255 suos
759 3198 974 3270 pietate
1022 3202 1079 3254 et
1133 3199 1410 3269 religione
1459 3200 1782 3256 meruerint
1837 3218 1903 3257 ac

255 3288 553 3344 consecuti
612 3287 731 3344 sint
785 3288 966 3343 totius
1010 3292 1296 3344 terrarum
1346 3289 1507 3345 orbis
1562 3290 1898 3361 imperium.

252 3378 556 3434 Exsistunt
599 3393 756 3449 ergo,
801 3376 1169 3448 inquiebant,
1222 3377 1280 3433 hi
1314 3379 1418 3447 dii,
1450 3380 1781 3451 debentque
1828 3380 1899 3436 ab

252 3467 528 3523 omnibus
576 3466 918 3522 hominibus
957 3466 1253 3522 honorari.
1281 3468 1487 3523 Totam
1519 3474 1712 3525 autem
1754 3470 1903 3524 hanc

251 3557 847 3629 argumentationem,
884 3572 1061 3628 quam
1112 3556 1252 3612 alibi
1292 3557 1483 3614 fusius
1514 3558 1904 3630 explicuimus

253 3648 497 3719 (Dissert.
550 3648 614 3702 in
662 3648 872 3703 Minue.
930 3646 1138 3713 Octav.,
1197 3663 1324 3719 cap.
1378 3648 1465 3715 16,
1498 3652 1607 3702 art.
1639 3648 1695 3716 2,
1727 3652 1785 3704 et
1826 3649 1904 3719 3),

251 3734 653 3791 Tertullianus
685 3738 884 3789 noster
914 3732 1085 3805 plane
1114 3734 1380 3790 frivolam
1412 3735 1753 3807 nulliusque
1786 3754 1907 3793 mo-

250 3823 431 3881 menti
478 3839 606 3879 esse
656 3822 816 3878 haud
862 3822 1152 3878 immerito
1206 3824 1544 3881 arbitratur.
1595 3826 1676 3881 Ne
1734 3843 1907 3897 quem

252 3918 451 3969 tamen
484 3911 571 3967 vel
604 3910 915 3966 minimum
942 3912 1196 3967 ethnicis
1236 3913 1520 3984 prmberet
1552 3914 1907 3971 mussitandi

250 4000 466 4069 locum,
496 4000 673 4055 variis
705 4000 1192 4071 responsionibus
1222 4000 1353 4070 hoc,
1378 4002 1780 4074 qualecunque
1810 4004 1908 4075 sit,

252 4094 666 4163 argumentum
689 4087 900 4145 refellit
933 4105 998 4144 ac
1030 4089 1299 4146 destruit.

324 4179 416 4237 Dii
476 4178 693 4252 quippe
751 4177 1174 4245 Romanorum,
1202 4179 1285 4234 ait
1330 4178 1449 4247 ille,
1484 4183 1586 4236 aut
1613 4180 1909 4237 vernaculi

252 4268 517 4342 ipsisque
537 4267 757 4341 proprii
773 4271 1069 4337 erant,aut
1084 4267 1446 4340 peregriniet
1469 4270 1910 4326 ascititii.Num~

255 4360 397 4431 quid
430 4362 627 4414 autem
651 4356 766 4413 dici
788 4360 979 4429 potest
1004 4373 1037 4412 ο.
1060 4357 1267 4429 primis
1291 4364 1644 4431 propagatos
1676 4360 1909 4431 imperii

254 4447 503 4504 Romani
533 4445 729 4502 ﬁnes?
777 4468 805 4496 «
858 4445 1093 4501 Scilicet
1138 4446 1254 4502 ista
1293 4464 1533 4517 merces,
1567 4448 1912 4504 Tertulliani

254 4538 405 4593 hanc
436 4536 772 4609 opinionem
805 4533 1105 4590 irridentis
1156 4537 1329 4591 verba
1378 4542 1535 4607 sunt,
1570 4539 1848 4593 Romanis
1881 4556 1914 4593 a

2017 1932 2381 2005 magnitudo.
2443 1932 2619 2005 Atqui
2673 1932 2870 2006 opinio
2929 1932 3030 1989 illa
3081 1950 3196 1990 non
3256 1934 3452 1989 minus
3509 1934 3668 1990 omni

2017 2039 2261 2095 prorsus
2312 2022 2855 2077 verrisimilitudine
2917 2039 3093 2094 quam
3165 2024 3435 2095 superior
3488 2029 3666 2079 caret.

2016 2111 2160 2166 Nam
2198 2117 2397 2183 praeter
2428 2113 2599 2167 modo
2633 2111 2869 2167 allatam
2903 2113 3230 2167 rationem:
3271 2134 3292 2161 ι
3327 2113 3671 2184 Peregrinos

2017 2199 2177 2269 deos,
2207 2204 2273 2254 ut
2329 2205 2483 2256 recte
2536 2198 2936 2255 Tertullianus
2968 2199 3068 2267 ait,
3104 2217 3217 2255 non
3252 2204 3449 2272 putem
3482 2205 3672 2256 extra-

2017 2303 2136 2343 nea:
2167 2290 2333 2361 genti
2367 2290 2557 2362 magis
2588 2290 2816 2345 fautum
2868 2289 3144 2356 voluisse,
3175 2294 3232 2345 et
3254 2290 3513 2362 patrium
3573 2307 3668 2345 so-

2016 2376 2163 2448 lum,
2211 2378 2270 2432 in
2331 2396 2447 2451 quo
2518 2378 2659 2445 nati,
2720 2377 2929 2445 adulti,
2990 2378 3281 2434 nobilitati
3340 2378 3672 2450 sepultique

2016 2471 2176 2537 sunt,
2256 2466 2666 2522 transfretanis
2725 2466 2955 2522 dedisse
3038 2466 3297 2539 (Tertull.
3368 2467 3668 2539 Apologet.,

2016 2569 2143 2625 cap.
2176 2555 2290 2625 23),
2325 2570 2429 2611 seu
2462 2556 2660 2611 minus
2692 2555 2905 2611 favisse
2952 2556 3152 2628 patria:
3185 2561 3242 2611 et
3283 2555 3474 2611 altrici
3504 2559 3669 2611 terra

2015 2660 2155 2714 suae,
2212 2661 2388 2715 quam
2445 2645 2724 2701 Romanis
2775 2645 3189 2701 transmarinis
3241 2648 3296 2700 et
3355 2645 3668 2701 extraneis.

2014 2734 2135 2796 Quo
2166 2733 2319 2788 enim
2354 2733 2567 2805 ingrati
2604 2734 2783 2789 animi
2836 2734 2974 2789 vitio
3016 2734 3274 2806 patrium
3332 2733 3522 2789 solum
3558 2735 3669 2789 Ro-

2012 2823 2207 2877 manis
2235 2823 2608 2889 vastandum,
2640 2829 2697 2879 et
2725 2840 2929 2879 eorum
2964 2822 3207 2895 imperio
3231 2822 3668 2893 subjiciendum

2012 2911 2239 2966 tradere
2270 2916 2587 2984 potuerunt
2614 2912 2642 2965 *Ρ

2082 3018 2189 3073 Sed
2225 3022 2287 3073 ut
2330 3018 2388 3073 id
2438 3018 2795 3090 quibusdam
2845 3018 3127 3090 exemplis
3176 3018 3411 3090 planius
3445 3018 3667 3075 faciat:

2013 3129 2041 3157 ‹‹
2077 3107 2317 3177 Viderit,
2369 3107 2583 3179 inquit,
2636 3107 2863 3179 Cybele,
2914 3106 3052 3165 lei
3087 3113 3143 3162 et
3173 3109 3361 3163 Terra
3396 3106 3534 3178 filia,
3567 3111 3671 3163 Sa-

2013 3195 2168 3250 turni
2202 3212 2365 3263 uxor,
2396 3200 2451 3251 et
2495 3213 2710 3268 magna
2740 3202 2945 3267 mater,
2980 3197 3027 3251 si
3084 3197 3287 3252 urbem
3323 3197 3674 3265 Romanam,

2014 3289 2081 3341 ut
2112 3285 2453 3341 memoriam
2503 3286 2737 3356 Trojani
2768 3286 2998 3355 generis
3028 3287 3345 3353 adamavit,
3376 3285 3674 3341 vernaculi

2018 3374 2109 3429 sui
2143 3373 2388 3444 scilicet,
2422 3374 2703 3430 adversus
2735 3374 3118 3430 Archivorum
3151 3392 3316 3430 arma
3336 3374 3676 3446 protecti,si

2018 3464 2090 3519 ad
2137 3462 2355 3519 ultores
2403 3480 2541 3519 suos
2590 3464 2837 3519 transire
2882 3465 3198 3535 prospexit,
3249 3480 3397 3536 quos
3450 3464 3669 3519 sciebat

2020 3552 2303 3607 Graeciam
2382 3552 2645 3624 Phrygias
2726 3552 3159 3608 debellatricem
3234 3553 3584 3608 subacturos
3645 3574 3673 3602 »

2020 3641 2291 3716 (Tertull.
2354 3642 2536 3714 Apot.,
2587 3659 2636 3696 c.
2663 3644 2753 3703 25.
2788 3660 2843 3715 p.
2878 3643 3023 3715 424).
3075 3641 3172 3698 Vis
3202 3648 3398 3698 autem
3430 3643 3679 3714 hujusce

2020 3731 2353 3804 argumenti
2386 3732 2468 3787 uti
2496 3732 2904 3804 perspiciatur,
2935 3732 2993 3787 in
3029 3733 3370 3787 memoriam
3406 3749 3675 3789 revocan-

2021 3822 2163 3876 dum
2223 3824 2330 3891 est,
2391 3820 2661 3892 Cybele'm
2722 3820 3079 3891 quibusdam
3141 3820 3320 3877 videri
3389 3838 3421 3876 a
3471 3820 3679 3893 Cybelo

2022 3908 2282 3982 Phrygiae
2327 3914 2522 3965 monte
2552 3908 3045 3982 cognominatam.
3096 3909 3305 3964 Nullus
3348 3925 3478 3963 vero
3510 3908 3681 3965 dubi-

2020 4002 2107 4054 tat
2159 3997 2606 4054 oeleberrimum
2659 3998 3027 4068 Pessinunte,
3061 4014 3188 4071 qum
3232 3997 3491 4069 Phrygias
3542 3999 3683 4054 urbs

2022 4091 2167 4157 erat,
2232 4088 2489 4159 positum
2550 4087 2732 4143 fuisse
2810 4088 2969 4141 illius
3039 4087 3448 4157 simulacrum,
3528 4089 3681 4156 quod

2024 4181 2225 4248 postea
2274 4180 2490 4245 Romae,
2524 4177 2677 4231 sicut
2727 4176 2865 4230 alibi
2916 4176 3174 4231 diximus
3207 4177 3451 4247 (Dissert.
3486 4178 3545 4231 in
3572 4178 3681 4233 Mi-

2022 4282 2149 4320 nue.
2187 4281 2312 4336 cap.
2350 4266 2435 4334 19,
2470 4269 2577 4319 art.
2639 4266 2659 4318 1
2714 4269 2769 4319 et
2818 4267 2876 4320 in
2921 4266 3149 4335 Arnob.,
3183 4281 3307 4336 cap.
3343 4266 3432 4335 20,
3466 4269 3574 4321 art.
3608 4267 3682 4336 2;

2022 4359 2079 4410 et
2108 4356 2169 4409 in
2196 4355 2466 4423 Lactant,
2491 4370 2617 4424 cap.
2641 4354 2730 4419 31,
2757 4358 2863 4409 art.
2898 4356 2977 4425 3),
3005 4355 3262 4411 maxima
3292 4372 3424 4410 cum
3460 4372 3676 4429 pompa

2022 4442 2367 4499 collocatum
2402 4447 2510 4497 est.
2544 4445 2616 4497 At
2636 4443 3033 4498 Tertullianus
3062 4443 3198 4498 inde
3229 4443 3312 4499 sic
3362 4461 3676 4517 argumen-

2021 4537 2181 4588 tatur
2234 4548 2246 4586 :
2303 4532 2600 4602 Numquid
2649 4531 2858 4601 Cybele
2907 4538 3144 4604 propter
3186 4537 3449 4605 IEneam,
3489 4535 3679 4606 Troja,

256 4628 371 4683 diis
404 4642 507 4699 pro
539 4626 726 4697 gratia
756 4639 1012 4695 expensa
1042 4629 1150 4679 est.
1185 4624 1506 4697 Sterculus,
1546 4632 1603 4682 et
1632 4628 1916 4697 Mutinus,
1946 4612 1993 4676 D
2026 4623 2286 4696 Phrygiae
2340 4623 2584 4678 minoris
2616 4640 2682 4679 ex
2716 4623 2858 4677 urbe
2890 4623 3229 4691 oriundum,
3263 4631 3439 4696 atque
3471 4624 3688 4683 idcirco

257 4721 314 4773 et
340 4715 650 4772 Larentina
682 4712 939 4785 provexit
962 4712 1274 4785 imperium
1302 4736 1329 4763 ››
1356 4715 1619 4787 (Tertull.
1652 4717 1748 4771 loc.
1774 4719 1910 4785 cit.).

259 4808 321 4863 In
356 4804 795 4878 antiquioribus
829 4801 1004 4858 editis
1036 4802 1201 4859 libris
1232 4803 1445 4875 legitur
1473 4808 1525 4861 si
1553 4824 1656 4877 pro
1686 4807 1913 4875 scilicet,

259 4896 360 4950 sed
416 4897 619 4951 eodem
656 4894 827 4967 plane
880 4909 1079 4960 sensu,
1138 4892 1431 4949 locutione
1476 4900 1670 4951 tamen
1720 4895 1916 4951 minus

260 4984 532 5055 eleganti.
568 4984 966 5039 Romanorum
1020 4986 1215 5037 autem
1268 4984 1408 5039 deos
1438 4984 1758 5041 vilissimos
1791 4986 1914 5058 pla-

264 5089 454 5145 neque
507 5073 757 5128 infames
810 5070 892 5127 ibi
949 5070 1225 5142 appellat,
1261 5076 1326 5127 ut
1364 5074 1687 5131 acrioribus
1717 5076 1916 5132 ironia;

264 5161 485 5219 aculeis
515 5160 804 5232 ethnicos,
832 5161 1073 5216 deorum
1104 5177 1347 5218 suorum
1380 5165 1703 5235 potentiam
1737 5164 1920 5220 insul-

264 5251 500 5309 sissime
530 5250 1233 5321 venditantes,pungeret.
1256 5254 1556 5311 Sterculus
1586 5254 1740 5310 enim
1761 5270 1920 5325 agros

267 5340 421 5397 sicut
470 5338 568 5396 ille
617 5338 755 5395 alibi
790 5338 977 5407 docet,
1025 5339 1352 5397 stercoribus
1387 5343 1640 5415 juvando
1686 5344 1920 5417 diligens

267 5432 381 5505 fuit
415 5431 591 5499 (Idem
622 5429 723 5485 lib.
770 5446 811 5483 ιι
841 5428 915 5483 ad
941 5428 1183 5497 Nation.,
1217 5446 1343 5504 cap.
1379 5433 1453 5503 9).
1486 5436 1556 5489 At
1586 5435 1655 5490 de
1689 5435 1806 5504 illo,
1840 5435 1917 5491 si-

271 5523 370 5575 cut
422 5524 480 5575 et
528 5518 871 5593 turpissimo
912 5519 1157 5590 Mutino,
1208 5524 1267 5576 et
1321 5522 1651 5593 Larentina,
1693 5541 1819 5596 quae
1846 5526 1918 5582 ab

273 5610 475 5665 eodem
523 5609 739 5667 dicitur
784 5608 1068 5679 publicum
1124 5617 1389 5684 scortum,
1423 5618 1614 5681 antea,
1657 5615 1918 5688 atquein

276 5699 675 5770 superioribus
703 5698 1242 5770 dissertationibus,
1276 5701 1702 5775 disputavimus
1732 5705 1916 5778 (supr.

2027 4712 2407 4768 vernaculum
2441 4728 2634 4779 suum,
2671 4713 2968 4768 adamavit
2996 4713 3465 4786 Romanos,quia
3501 4732 3569 4771 ex
3590 4715 3690 4771 illo

2030 4807 2347 4875 postquam
2380 4818 2448 4857 ex
2492 4802 2740 4872 Trojano
2791 4802 3063 4857 incendio
3123 4807 3178 4858 et
3207 4803 3562 4862 Achivorum
3596 4822 3691 4863 ar-

2032 4894 2143 4948 mis
2176 4897 2412 4965 ereptus
2449 4892 2674 4959 fuisset,
2732 4892 3015 4965 originem
3054 4911 3224 4951 suam
3280 4897 3692 4952 deduxerunt?

2028 4983 2324 5055 Numquid
2361 5000 2494 5038 vero
2540 4982 2641 5039 illa
2693 4984 2908 5054 sprevit
2956 4984 3206 5056 patriam
3258 5004 3451 5058 suam,
3486 4987 3689 5058 illique

2030 5075 2325 5129 Romanos
2378 5072 2654 5144 praetulit,
2702 5072 2839 5145 quia
2889 5074 3245 5146 praevidebat
3302 5076 3686 5131 simulacrum

2030 5182 2206 5221 suum
2240 5166 2483 5221 Romam
2518 5164 3020 5237 transferendum,
3044 5172 3097 5223 et
3131 5183 3163 5223 ι
3186 5166 3466 5223 Romanis
3492 5166 3686 5222 debel-

2030 5254 2270 5311 landam
2305 5255 2607 5321 Grazciam,
2643 5253 2903 5327 Phrygiae
2936 5256 3136 5327 patria)
3187 5273 3306 5311 suae
3351 5254 3701 5323 debellatri:

2031 5362 2154 5401 cem
2183 5349 2204 5402 Ρ
2233 5346 2345 5402 Cur
2375 5361 2511 5417 ergo
2544 5361 2717 5416 passa
2749 5348 2837 5399 est
2868 5343 3035 5413 hanc,
3071 5344 3169 5400 ubi
3203 5362 3437 5400 summo
3469 5344 3687 5401 honore

2031 5435 2349 5505 colebatur,
2383 5454 2415 5492 a
2445 5435 2659 5492 Graecis
2709 5434 3074 5505 expugnari?
3103 5435 3238 5491 Esto
3265 5438 3480 5501 tamen,
3512 5433 3687 5491 illud-

2032 5541 2166 5597 que,
2217 5527 2267 5581 si
2324 5525 2487 5597 velis,
2543 5523 2894 5597 permiserit.
2960 5528 3031 5579 At
3079 5526 3371 5597 quomodo
3415 5525 3689 5598 przescire

2031 5616 2221 5688 potuit
2254 5617 2376 5674 fore
2405 5614 2744 5686 aliquando,
2777 5616 2843 5668 ut
2888 5611 3037 5686 ipsa,
3069 5614 3156 5671 vel
3202 5616 3357 5688 quod
3388 5614 3543 5673 idem
3576 5620 3687 5687 est,

2030 5704 2416 5763 simulacrum
2434 5719 2606 5762 suum
2620 5702 2970 5762 Pessinunte
2989 5704 3236 5764 Romam
3260 5706 3688 5780 asportaretur?
