4162 6420
582 358 608 414 1
619 355 738 415 223

1123 351 1650 414 TERTULLIANI
1694 351 2019 414 OPEBUM
2061 349 2262 413 PARS
2303 351 2750 413 L—SERIES
2795 353 2843 424 Ι,
2885 351 3448 418 APOLOGETICA.

3822 352 3987 412 ηπ

575 487 696 543 Non
725 484 912 557 magis
967 482 1122 539 enim
1180 482 1288 537 hoc
1344 481 1628 554 prazvidit,
1676 498 1854 554 quam
1885 481 2064 552 diem,
2095 497 2212 553 quo
2240 485 2295 549 Α
2325 484 2539 537 Verum
2571 483 2776 538 misera
2827 483 2954 550 illa,
2987 483 3070 540 ait
3117 483 3308 540 adhuc
3336 482 3738 554 Tertullanus,
3768 483 3985 553 coniux

573 579 801 630 Marcus
848 572 1118 629 Aurelius
1169 571 1484 642 imperator
1529 570 1727 626 Sirmii
1781 574 2047 626 mortuus
2086 575 2200 627 est.

571 667 644 719 At
672 663 729 717 id
763 662 956 735 plane,
985 661 1068 716 ait
1096 659 1512 729 Tertullianus,
1545 663 1646 713 aut
1678 659 1939 723 nescivit,
1972 663 2071 714 aut
2100 663 2212 714 taro

570 753 762 808 diores
786 751 1024 806 nuntios
1055 747 1214 804 misit
1244 749 1314 802 ad
1347 747 1704 818 praecipuum
1738 763 1910 802 suum
1941 747 2208 802 sacerdo-

567 849 685 898 tem
715 838 1122 912 archigallum,
1152 836 1252 908 qui
1279 841 1440 892 sexta
1469 840 1600 907 post
1629 836 1806 907 hujus
1841 835 2209 908 imperatoris

567 934 814 986 mortem
847 929 958 997 die,
989 927 1248 983 elicitum
1285 941 1352 980 ex
1382 925 1610 980 lacertis
1643 926 1940 997 impurum
1973 925 2208 998 sangui-

567 1036 698 1075 nem
736 1034 836 1090 pro
883 1015 1043 1071 illius
1075 1014 1261 1071 salute
1291 1013 1516 1069 litabat.
1548 1013 1864 1070 Christiani
1896 1013 2089 1085 itaque
2118 1019 2203 1069 ta-

564 1108 679 1164 lem
701 1108 835 1178 jure
868 1103 1074 1160 merito
1101 1103 1366 1158 ridebant
1383 1103 1574 1173 deam,
1598 1105 1697 1156 aut
1722 1101 1900 1156 futuri
1923 1101 2202 1168 nesciam,

563 1200 664 1252 aut
694 1193 1006 1261 crudelem,
1041 1209 1167 1264 quas
1198 1208 1370 1262 passa
1397 1197 1484 1246 est
1531 1207 1643 1246 non
1675 1189 1866 1245 solum
1899 1189 2204 1263 archigalli

561 1284 653 1340 sui
715 1298 1016 1356 perperam
1076 1279 1292 1336 etl'undi
1339 1279 1710 1351 sanguinem,
1786 1279 1882 1334 sed
1945 1279 2201 1350 patriam

561 1389 795 1445 quoque
826 1388 990 1426 suam
1025 1370 1258 1442 penitus
1289 1368 1463 1424 dirui.
1487 1367 1722 1423 Nullum
1759 1383 1896 1440 ergo
1926 1367 2203 1424 Romanis

559 1463 632 1518 ad
666 1461 997 1516 dilatandos
1027 1457 1255 1530 imperii
1289 1457 1379 1514 sui
1432 1457 1574 1512 lines
1614 1455 1897 1512 auxilium
1929 1456 2056 1512 sine
2089 1456 2200 1510 ini-

561 1567 675 1624 quo
706 1550 1048 1621 ingratoque
1078 1547 1272 1603 animo
1306 1547 1452 1601 ferre
1484 1545 1690 1616 potuit.

631 1639 834 1694 1123
866 1638 1062 1708 Neque
1110 1635 1288 1689 etiam
1318 1634 1547 1706 Jupiter
1593 1632 1724 1688 illos
1755 1634 1973 1704 majore
2006 1631 2199 1688 studio

559 1745 626 1784 ac
676 1728 867 1782 favore
915 1723 1221 1797 complecti
1267 1723 1533 1778 debebat.
1583 1721 1848 1794 (Tertull.
1896 1721 2198 1792 Apologet.,

555 1832 684 1888 cap.
724 1816 842 1887 25).
893 1812 1109 1884 Ecquid
1156 1812 1310 1866 enim
1346 1810 1604 1866 oblivisci
1652 1810 1843 1882 potuit
1873 1809 2006 1864 Idaei
2041 1809 2198 1864 illius

2227 1857 2274 1921 B

2318 571 2466 627 Jovis
2508 572 2558 626 et
2587 587 2760 640 soror,
2799 572 3176 644 quantumvis
3206 571 3490 628 amaverit
3537 571 3980 642 Carthaginem,

2322 675 2434 714 non
2468 659 2656 731 potuit
2686 665 2879 716 tamen
2922 661 3206 732 impedire
3254 661 3569 733 quominus
3609 678 3644 716 a
3693 661 3982 716 Romanis

2320 752 2690 803 everteretur.
2721 747 2875 803 Nihil
2926 749 3142 822 quippe
3193 751 3452 805 adversus
3503 749 3737 804 funesta
3788 748 3981 820 hujus

2321 836 2483 891 urbis
2528 839 2652 908 fata
2699 837 2896 893 valuit.
2951 838 3065 894 Nec
3115 839 3172 892 id
3221 854 3361 894 sane
3410 838 3743 894 mirandum
3783 854 3796 893 :
3831 837 3981 910 quia

2314 926 2480 997 plane
2505 929 2640 997 fato,
2674 926 2864 998 pergit
2909 930 3124 982 Auctor
3170 930 3387 993 noster,
3429 931 3543 982 stat
3590 928 3807 998 Jupiter
3849 927 3979 997 ipse

2318 1013 2580 1085 (Tertull.
2614 1015 2765 1084 Apol.
2798 1031 2848 1069 c.
2878 1015 2971 1081 25,
3004 1032 3060 1088 p.
3093 1016 3238 1087 428).
3289 1017 3492 1072 Nonne
3541 1032 3673 1072 vero
3721 1015 3976 1070 effatum

2315 1101 2459 1158 illud
2484 1104 2626 1159 satis
2642 1107 2838 1175 aperte
2863 1105 3242 1161 conﬁrmatur
3259 1105 3586 1178 Appollinis
3612 1104 3874 1176 Delphici
3897 1106 3971 1160 ad

2315 1191 2490 1246 Croesi
2550 1193 2785 1248 nuntios
2861 1209 3164 1265 responso,
3224 1195 3378 1266 quod
3442 1193 3535 1249 his
3601 1193 3977 1264 totidemque

2312 1279 2504 1334 verbis
2537 1280 2861 1338 Herodotus
2919 1281 3141 1352 retulit,
3170 1281 3270 1350 τὴν
3311 1281 3676 1356 πεπρωμένην
3727 1277 3978 1334 ἀδύνατά

2312 1366 2453 1420 ἐστιν
2505 1367 2799 1443 ἀποφυγεῖν
2848 1369 2938 1423 καὶ
2987 1370 3132 1441 Otii);
3189 1371 3400 1426 Sortem
3453 1374 3576 1442 fato
3626 1371 3978 1426 destinatam

2311 1457 2566 1528 defugere
2612 1458 2705 1514 deo
2756 1475 2965 1530 quoque
3021 1460 3362 1531 impossibile
3411 1459 3704 1528 (ilerodot.
3760 1457 3864 1514 lib.
3925 1476 3972 1520 ι,

2309 1548 2335 1613 §
2389 1546 2500 1617 91).
2562 1546 2641 1602 De
2693 1547 2820 1619 ipso
2877 1552 3071 1603 autem
3130 1549 3271 1604 Jove
3339 1547 3534 1604 Cicero
3592 1546 3716 1618 (lib.
3780 1565 3820 1602 ιι
3899 1549 3975 1603 de

2310 1635 2519 1706 Divin.,
2554 1653 2682 1708 pag.
2716 1637 2845 1701 281,
2873 1635 2975 1690 lin.
3011 1638 3098 1705 44)
3126 1641 3183 1692 et
3212 1637 3500 1692 Homerus
3530 1637 3736 1692 1124
3768 1637 3965 1708 (Iliaci.

2306 1723 2394 1790 16,
2425 1740 2480 1778 v.
2516 1725 2637 1790 434,
2671 1729 2726 1779 et
2761 1723 2948 1797 Odyss,
2997 1726 3050 1792 3,
3097 1743 3150 1782 v.
3189 1726 3288 1781 157
3339 1730 3396 1781 et
3425 1725 3634 1798 seqq.),
3669 1727 3740 1780 ab
3773 1741 3842 1780 eo
3876 1725 3966 1780 ci-

2305 1815 2482 1880 tatus,
2515 1813 2638 1868 haec
2670 1814 3051 1885 pronuntiant
3081 1830 3095 1869 :
3131 1836 3159 1866 «
3189 1813 3344 1868 Nihil
3387 1814 3452 1868 fit
3489 1819 3650 1868 extra
3695 1813 3966 1870 fatum...

552 1905 615 1960 in
646 1905 815 1959 Creta
841 1901 1036 1957 insula
1065 1899 1238 1970 antri,
1277 1900 1371 1954 ubi
1422 1899 1668 1970 gentiles
1699 1917 1831 1954 eum
1878 1903 2080 1953 natum
2132 1915 2197 1953 ac
2227 1899 2274 1921 υ
2307 1900 2422 1956 Hoc
2453 1901 2632 1957 sentit
2659 1905 2966 1972 Homerus,
3000 1919 3133 1959 cum
3175 1906 3515 1974 querentem
3547 1903 3740 1957 Jovem
3776 1903 3968 1957 indu-

553 1991 850 2064 sepultum
885 1989 1064 2045 fuisse
1095 1987 1531 2060 praedicabant?
1565 1986 1854 2059 Nun‘quid
1879 2003 2074 2042 amore
2103 2004 2199 2058 pa-

551 2080 676 2137 trias
704 2079 760 2134 in
791 2078 986 2134 odium
1021 2093 1317 2147 converso,
1348 2093 1560 2149 passus
1609 2080 1700 2131 est
1749 2077 1964 2132 Cretam
2007 2092 2194 2143 suam,

551 2173 617 2224 ut
663 2167 924 2238 loquitur
962 2165 1357 2220 Tertullianus
1403 2164 1612 2236 (Ibid),
1654 2165 1914 2219 Romanis
1957 2163 2196 2234 fascibus

550 2261 608 2314 et
633 2257 813 2312 armis
868 2254 1128 2309 concuti?
1165 2253 1461 2324 Numquid
1513 2269 1580 2308 ex
1629 2252 1912 2308 memoria
1961 2268 2195 2323 quoque

548 2345 710 2401 illius
739 2343 1071 2400 exciderant
1099 2359 1212 2397 tera
1243 2341 1606 2414 Corybantia,
1640 2357 1888 2412 quorum
1921 2341 2192 2412 clangore

549 2452 616 2490 ac
646 2434 841 2489 sonitu
891 2432 1382 2486 inhumanissima
1415 2431 1596 2501 patris
1625 2431 1753 2502 ejus
1799 2430 2052 2495 Saturni,
2101 2430 2192 2484 de-

547 2539 753 2579 vorare
782 2521 948 2577 illum
978 2519 1244 2586 volentis,
1287 2519 1486 2574 feritas
1515 2519 1681 2575 elusa
1728 2523 1861 2574 est?
1893 2517 2188 2586 Numquid

544 2611 784 2665 tandem
827 2606 1155 2662 voluntaria
1202 2605 1488 2661 oblivione
1542 2607 1813 2660 obruerat
1857 2604 2189 2676 jucundissi-

542 2715 700 2752 mum
729 2696 854 2752 illic
883 2698 1116 2751 nutricis
1142 2712 1255 2751 sua:
1278 2695 1496 2750 odorem
1525 2695 1711 2763 (lbid.)
1729 2694 1756 2750 ?
1776 2693 1884 2750 Sed
1918 2693 2190 2749 dubitant

545 2786 742 2858 plures
775 2801 899 2856 qua:
927 2785 1101 2840 fuerit
1127 2782 1229 2838 illa
1261 2784 1476 2850 nutrix,
1509 2782 1784 2853 illiusque
1815 2783 2186 2853 odorjucun-

545 2873 1104 2939 dissimus.Quidam
1137 2877 1333 2926 autem
1360 2873 1738 2942 suspicantur
1757 2869 2182 2926 Tertullianum

541 2961 635 3018 his
666 2962 856 3017 verbis
896 2961 1152 3015 alludere
1205 2961 1275 3015 ad
1332 2959 1646 3015 Amaltheae
1707 2976 1910 3027 cornu,
1941 2975 2010 3013 ex
2068 2976 2183 3029 quo

539 3057 739 3106 nectar
767 3058 824 3105 et
854 3050 1148 3105 ambrosia
1177 3049 1511 3104 afﬂuebant.
1557 3051 1628 3103 At
1673 3065 1816 3104 vana
1845 3048 2045 3119 procul
2075 3049 2180 3102 du-

539 3139 635 3194 bio
661 3144 746 3194 est
784 3138 904 3194 hac
963 3137 1242 3209 suspicio.
1303 3139 1506 3207 Agitur
1559 3137 1844 3206 siquidem
1897 3138 1968 3192 de
2021 3137 2180 3192 Jovis

537 3227 781 3294 nutrice,
815 3242 988 3297 quam
1038 3225 1137 3280 alii
1183 3241 1418 3298 capram
1451 3224 1841 3291 Amaltheam,
1873 3223 1970 3279 alii
2002 3225 2178 3297 Nym-
2209 3218 2253 3285 C

535 3313 702 3386 phas,
737 3314 856 3368 sive
888 3311 1106 3368 Melissi
1130 3314 1301 3368 Cretae
1333 3313 1485 3384 regis
1517 3312 1668 3367 tilias
1695 3330 1823 3368 esse
1853 3313 2172 3384 opinaban-

537 3407 654 3456 tur.
689 3400 1073 3456 Posteriorem
1114 3401 1309 3472 itaque
1341 3400 1492 3456 hanc
1523 3401 1854 3472 opinionem
1885 3403 1936 3456 si
1965 3403 2178 3457 Anctor

535 3497 736 3546 noster
765 3495 1000 3546 secutus
1047 3495 1154 3558 est,
1203 3491 1346 3546 odor
1391 3491 1812 3562 Nympharum,
1846 3508 1972 3563 quae.
2005 3490 2176 3547 melle

535 3582 589 3633 et
636 3577 785 3633 lacte
831 3577 1034 3632 Jovem
1083 3577 1298 3635 aluisse
1341 3578 1693 3648 ferebantur,
1727 3586 1880 3634 recte
1928 3581 2039 3635 dici
2072 3597 2172 3651 po-

533 3667 645 3722 tuit
669 3666 1166 3736 jucundissimus.
1195 3667 1296 3722 Sin
1327 3683 1462 3724 vero
1496 3669 1566 3723 ad
1600 3668 1869 3738 priorem,
1892 3673 1954 3723 ut
1975 3667 2173 3724 verisi-

534 3753 736 3810 milius
782 3760 889 3822 est,
936 3755 1272 3827 respexerit,
1315 3772 1427 3811 non
1477 3757 1603 3811 sine
1650 3757 1836 3812 ironia
1885 3757 2171 3812 insulsam

528 3843 781 3916 exagitat
809 3843 1173 3899 divinitatem
1209 3845 1390 3914 Jovis,
1423 3845 1520 3915 qui
1565 3861 1748 3916 caprae
1781 3844 1932 3900 male
1961 3844 2173 3900 olentis

530 3936 619 3993 lac
669 3944 925 4006 suxerat,
975 3955 1080 3992 nec
1146 3943 1372 4009 poterat
1423 3939 1705 3992 teterrimi
1764 3937 1920 3993 illius
1979 3939 2171 3994 odoris

530 4027 814 4082 oblivisci.
869 4028 1045 4098 Atqui
1111 4027 1291 4094 illius,
1343 4032 1661 4099 patriaeque
1718 4046 1836 4083 sua:
1889 4033 2086 4096 Cretas,
2121 4030 2170 4084 si

531 4131 756 4170 memor
815 4132 1046 4186 semper
1095 4115 1228 4186 fuit,
1287 4116 1438 4171 hanc
1494 4115 1772 4188 Capitolio
1823 4123 2172 4188 anteponere

531 4204 799 4269 debebat,
850 4222 914 4259 ac
964 4205 1335 4260 cretensibus
1380 4204 1594 4276 potius,
1644 4221 1822 4276 quam
1870 4206 2168 4275 Romanis,

529 4292 667 4348 dare
697 4293 872 4348 totius
905 4294 1109 4347 mundi
1143 4295 1474 4364 imperium.
1526 4293 1606 4349 De
1632 4293 1789 4349 illius
1818 4311 1985 4365 porro
2016 4302 2167 4367 ortu,

528 4383 876 4449 nutricibus,
919 4382 1264 4438 educatione
1314 4395 1366 4437 et
1415 4382 1680 4454 sepulcro
1721 4383 1858 4438 alibi
1889 4384 2167 4440 disserui-

525 4487 660 4526 mus
689 4472 989 4541 (Dissertat.
1025 4471 1084 4524 in
1114 4471 1312 4526 Minue.
1347 4470 1550 4540 Oetam,
1583 4490 1715 4543 cap.
1759 4474 1842 4539 15,
1875 4478 1985 4527 art.
2015 4474 2091 4544 2).

2305 1989 2404 2053 cit,
2439 1991 2592 2061 quod
2625 1990 3020 2062 Sarpedonem
3055 1990 3239 2045 illium
3281 2008 3314 2045 a
3365 1995 3548 2046 morte
3578 1991 3803 2062 eripere
3836 2009 3964 2046 non

2303 2082 2521 2148 posset.
2551 2079 2663 2133 [loc
2692 2078 2846 2133 idem
2880 2078 3168 2151 signiﬁcat
3191 2079 3424 2135 Grecus
3455 2079 3552 2135 ille
3581 2079 3638 2134 in
3673 2094 3806 2135 eam
3833 2096 3946 2135 seu

2303 2166 2544 2221 tentiam
2577 2183 2780 2222 versus
2814 2184 2827 2222 :

2381 2279 2516 2333 Quod
2549 2282 2650 2326 fore
2675 2287 2896 2338 paratum
2923 2286 3014 2335 est,
3042 2281 3089 2326 id
3118 2294 3310 2328 samum
3336 2286 3597 2340 exsuperat
3624 2281 3816 2330 Jovem.
3848 2297 3870 2324 ι

2301 2379 2489 2434 Simili
2518 2397 2749 2451 quoque
2781 2382 2952 2436 modo
2983 2382 3205 2438 Seneca
3231 2398 3245 2438 :
3284 2404 3305 2431 ι
3343 2380 3636 2451 Quidquid
3667 2385 3758 2437 est
3790 2384 3960 2452 quod

2299 2484 2405 2523 nos
2435 2469 2520 2524 sic
2568 2469 2754 2525 vivere
2777 2470 2980 2540 jussit,
3012 2470 3097 2525 sic
3137 2470 3307 2539 mori,
3359 2471 3563 2525 eadem
3596 2471 3960 2528 necessitate

2296 2563 2354 2612 et
2398 2559 2537 2612 deos
2584 2557 2804 2630 alligat.
2857 2558 3257 2615 Irrevocabilis
3305 2559 3568 2614 humana
3621 2558 3843 2631 pariter
3886 2577 3960 2616 ac

2296 2645 2493 2702 divina
2521 2663 2728 2702 cursus
2759 2647 2933 2702 vehit.
2983 2647 3086 2702 llle
3129 2647 3254 2720 ipse
3285 2647 3552 2702 omnium
3584 2647 3852 2702 conditor
3887 2665 3960 2704 ac

2295 2740 2483 2789 rector
2510 2735 2749 2806 scripsit
2777 2735 3013 2806 quidem
3046 2735 3183 2803 fata,
3225 2737 3324 2792 sed
3376 2735 3672 2805 sequitur;
3703 2752 3951 2808 semper

2293 2829 2478 2894 paret,
2511 2823 2692 2878 semel
2715 2825 2899 2894 jussit
2947 2846 2976 2874 »
3026 2825 3252 2896 (Senec.
3283 2825 3386 2879 lib.
3435 2824 3501 2880 de
3531 2824 3774 2889 Provid.,
3815 2841 3957 2897 cap.

2289 2912 2346 2977 5,
2379 2927 2511 2982 pag.
2543 2913 2691 2983 501).
2726 2913 2865 2967 Inde
2895 2913 3157 2968 Graecum
3191 2911 3336 2968 illud
3369 2912 3665 2984 adagium,
3704 2910 3952 2987 ’Δνάγκῃ

2291 2996 2420 3052 υύδὶ
2451 2997 2562 3052 Osci
2594 3001 2885 3074 μάχονται.
2917 3003 3240 3057 Necessitati
3286 3017 3356 3057 ne
3405 3003 3491 3057 dii
3535 3002 3751 3072 quidem
3798 3007 3953 3058 resi-

2287 3097 2451 3143 stunt.
2486 3087 2714 3144 Videsis
2744 3089 2970 3144 Erasmi
3003 3090 3059 3144 in
3094 3091 3203 3146 hoc
3233 3089 3532 3160 adagium,
3563 3095 3621 3146 et
3659 3091 3844 3162 Lipsii
3880 3092 3948 3147 in

2290 3176 2466 3231 citata
2521 3177 2752 3232 Seneca;
2809 3179 2983 3233 verba
3038 3179 3493 3234 observationes.
3553 3177 3700 3234 Vide
3759 3180 3950 3236 etiam

2287 3265 2560 3320 Vossium
2607 3265 2730 3327 (lib.
2783 3282 2823 3320 ιι
2871 3266 2935 3321 de
2985 3266 3137 3336 Orig.
3192 3271 3247 3322 et
3295 3273 3491 3336 Progr.
3544 3266 3756 3335 Idolot.,
3811 3284 3951 3340 cap.

2284 3354 2372 3416 44,
2424 3371 2554 3426 pag.
2604 3355 2708 3408 276
2756 3359 2814 3409 et
2866 3356 3075 3428 seqq.),
3129 3359 3186 3410 et
3244 3369 3336 3422 ea,
3383 3355 3433 3411 si
3485 3354 3651 3422 velis,
3706 3371 3837 3426 quas
3885 3357 3953 3412 in

2283 3447 2485 3497 nostra
2513 3442 2572 3496 in
2593 3442 2913 3498 Minucium
2941 3443 3189 3499 Felicem
3214 3443 3286 3498 de
3317 3443 3456 3509 fato,
3477 3448 3533 3499 et
3563 3444 3621 3499 in
3651 3451 3951 3515 sequente

2283 3530 2354 3586 de
2391 3530 2530 3587 Jove
2560 3535 2616 3586 et
2659 3532 2890 3586 Junone
2945 3531 3461 3588 animadvertimus
3507 3532 3826 3604 (Dissertat.
3882 3537 3947 3589 in

2281 3621 2490 3676 Minue.
2525 3619 2729 3689 Octav.,
2757 3637 2883 3692 cap.
2915 3622 2970 3690 6,
3002 3626 3113 3676 art.
3147 3621 3215 3690 3;
3275 3625 3334 3676 et
3384 3622 3672 3678 Dissertat.
3706 3623 3767 3676 in
3798 3625 3946 3678 Lac-

2282 3712 2442 3778 tant,
2475 3725 2602 3780 cap.
2633 3709 2722 3775 31,
2755 3713 2862 3764 art.
2894 3710 2970 3780 5).

2351 3797 2409 3852 Si
2440 3797 2595 3853 Juno
2624 3797 2805 3869 igitur
2833 3805 3007 3870 atque
3049 3798 3172 3870 ipse
3217 3798 3448 3870 Jupiter
3478 3799 3676 3870 diique
3706 3816 3942 3868 omnes,

2280 3884 2598 3941 fatentibus
2628 3885 2897 3957 ethnicis,
2932 3887 3049 3942 fato
3097 3887 3217 3942 sint
3245 3887 3499 3955 obnoxii,
3533 3887 3763 3944 nullum
3801 3907 3940 3960 pro-

2281 3973 2375 4030 cul
2439 3975 2616 4030 dubio
2675 3992 2914 4030 romano
2973 3975 3220 4048 imperio
3303 3975 3733 4032 incrementum
3793 3978 3943 4035 dare

2280 4079 2541 4134 unquam
2574 4067 2912 4136 potuerunt.
2953 4066 3088 4120 Jove
3117 4065 3274 4120 enim
3308 4064 3537 4136 diisque
3570 4065 3850 4122 omnibus
3884 4068 3938 4122 si

2280 4150 2575 4223 potentius
2625 4152 2702 4206 sit
2730 4151 2938 4218 fatum,
2972 4151 3192 4208 ethnici
3227 4153 3382 4219 fatis,
3415 4153 3495 4208 ait
3525 4152 3936 4210 Tertullianus

2278 4238 2542 4312 (Tertull.
2575 4240 2871 4312 Apotoget.,
2904 4257 3028 4314 cap.
3080 4243 3170 4308 25,
3203 4259 3256 4313 p.
3295 4242 3442 4312 428),
3474 4241 3795 4297 dedentibus
3827 4245 3940 4298 sibi

2279 4330 2680 4399 Carthaginem,
2739 4331 2991 4400 majores
3063 4331 3319 4401 profecto
3387 4331 3638 4386 honores
3705 4331 3937 4388 deferre

2275 4417 2584 4489 debebant,
2618 4435 2793 4489 quam
2841 4418 3080 4487 Junoni,
3113 4436 3176 4473 ac
3227 4419 3724 4491 prostitutissimae
3776 4419 3934 4492 lupas

2273 4505 2619 4571 Larentinae,
2643 4507 2715 4561 de
2742 4523 2858 4578 qua
2882 4506 3052 4578 paulo
3076 4512 3208 4562 ante
3241 4507 3650 4564 disseruimus.
3688 4508 3932 4565 Falsum

597 4560 1657 4668 9F{4_,X°i§,,hf‘luifﬂi”sl$056}
1703 4561 2112 4668 °°£J9§JW°
2139 4562 2240 4650 71)
2273 4598 2364 4648 est
2408 4593 2586 4666 igitur
2640 4593 2933 4650 Romanos
2989 4611 3203 4668 magna
3259 4595 3320 4650 in
3377 4596 3689 4667 Junonern,
3719 4596 3930 4652 Jovem

523 4647 821 4718 Numquid
874 4647 1063 4716 vellet,
1113 4649 1195 4703 ait
1250 4649 1666 4714 Tertullianus,
1707 4669 1734 4701 ι
1762 4649 2038 4705 Punicam
2070 4668 2166 4705 ur-

522 4736 658 4790 bem
700 4736 1146 4807 [Carthaginem]
1187 4737 1257 4793 ab
1288 4737 1673 4793 .Eneadarum
1709 4739 1904 4810 utique
1935 4744 2105 4812 gente
2137 4761 2164 4789 »

522 4823 795 4895 (Tertull.
853 4825 1151 4895 ApologeL,
1206 4843 1332 4893 cap.
1382 4827 1472 4887 25,
1523 4844 1578 4895 p.
1629 4827 1732 4880 427
1779 4833 1834 4882 et
1883 4827 1982 4882 lib.
2027 4827 2165 4882 uad

524 4913 772 4981 Nation.,
807 4929 934 4984 cap.
972 4914 1077 4986 17),
1114 4914 1169 4968 id
1203 4918 1312 4981 est,
1375 4914 1650 4970 Romanis
1694 4914 1918 4971 deleri?
1963 4916 2166 4973 Nonne

523 4997 684 5054 illam
719 5000 922 5054 urbem
955 5001 1065 5054 sibi
1100 5000 1373 5056 dilectam
1409 5001 1659 5072 praetulit
1679 5002 1992 5072 Samo,ubi
2021 5005 2163 5059 edu-

523 5093 673 5156 cata,
706 5094 808 5144 aut
834 5089 957 5145 Jovi
991 5097 1174 5161 nupta
1221 5092 1426 5151 fuerat.
1459 5091 1542 5145 uti
1577 5090 1760 5162 liquet
1802 5091 1893 5148 his
1936 5092 2161 5166 Virgilii

521 5177 902 5242 carminibus,
935 5179 1147 5250 partim
1199 5183 1428 5234 tantum
1463 5196 1528 5234 ac
1555 5178 1730 5236 tacito
1763 5181 2016 5238 auctoris
2065 5199 2163 5238 no-

519 5267 676 5322 mine
701 5269 773 5321 ab
807 5273 1054 5323 Auctore
1081 5274 1280 5324 nostro
1312 5269 1502 5324 citatis
1533 5285 1548 5325 :

704 5429 856 5480 Quam
884 5428 1005 5472 Juno
1034 5429 1184 5473 fertur
1210 5429 1352 5473 terris
1379 5430 1536 5486 magis
1564 5430 1787 5474 omnibus
1813 5442 1956 5474 unam

699 5490 975 5537 Posthabito
997 5492 1209 5538 coluisse
1236 5493 1402 5540 Samo.
1429 5493 1518 5536 Hic
1546 5493 1673 5538 illius
1695 5504 1846 5546 arma,

695 5552 783 5598 Hic
800 5565 972 5598 currus
1009 5554 1124 5596 fuit:
1152 5553 1244 5599 hoc
1271 5566 1470 5611 regnum
1499 5553 1590 5599 dea
1616 5554 1835 5610 gentibus
1861 5566 1989 5606 esse.

698 5613 750 5658 Si
776 5627 868 5671 qua
896 5615 993 5659 fata
1017 5615 1192 5664 sinant,
1216 5616 1320 5672 jam
1346 5623 1446 5660 tum
1475 5617 1714 5673 tenditque
1739 5617 1972 5674 t‘ovstque.

886 5676 1070 5731 (Virgil.
1104 5676 1184 5725 lib.
1216 5688 1247 5728 ι.
1277 5679 1462 5727 Εηεὶά.
1489 5691 1531 5722 v.
1567 5679 1615 5724 l9
1642 5684 1690 5722 et
1716 5680 1869 5736 seqq.)

2276 4681 2541 4754 aliosque
2605 4683 2742 4739 deos
2796 4699 2957 4750 suos,
3012 4689 3114 4739 aut
3166 4684 3530 4751 vernaculos,
3579 4689 3680 4740 aut
3727 4686 3928 4741 asciti-

2273 4770 2410 4841 tios,
2467 4771 2677 4842 pietate
2737 4771 3018 4828 meruisse
3062 4773 3243 4830 totius
3292 4774 3452 4830 orbis
3510 4777 3674 4830 terra:
3733 4775 3925 4830 domi-

2273 4865 2498 4916 natum.

2871 4993 3192 5033 ARTICULUS
3232 4994 3294 5032 Π.

2273 5083 2540 5156 Romanis
2561 5081 2753 5137 datum
2779 5099 2892 5138 non
2935 5085 3106 5156 fuisse
3133 5084 3196 5138 ob
3225 5099 3380 5138 suam
3416 5085 3476 5140 in
3506 5085 3631 5140 deos
3657 5087 3930 5156 pietatem

2343 5155 2638 5228 imperium
2673 5156 2816 5225 quod
2846 5155 3143 5228 fundatum
3171 5157 3375 5225 fuerat,
3406 5162 3711 5228 antequam
3741 5157 3928 5228 Numa

2345 5227 2547 5292 varios,
2587 5228 2685 5298 qui
2729 5227 3101 5298 explicantur,
3134 5227 3356 5298 eosdem
3403 5227 3525 5283 deos
3552 5227 3790 5284 colendi
3839 5230 3922 5283 ri-

2347 5305 2432 5352 tus
2464 5297 2808 5366 instituisset,
2856 5307 2950 5352 aut
2991 5297 3265 5365 fabricata
3309 5299 3540 5366 fuissent
3582 5299 3806 5356 deorum
3851 5302 3927 5356 si-

2343 5368 2616 5436 mulacra,
2644 5369 2896 5441 ultusque
2924 5370 3100 5425 Rome
3129 5373 3269 5426 esset
3294 5370 3442 5425 deus.

2339 5491 2490 5548 Aliis
2539 5492 2732 5549 adhuc
2789 5492 3082 5549 rationum
3143 5495 3456 5552 momentis
3515 5493 3921 5550 Tertullianus

2265 5581 2631 5638 demonstrat
2683 5582 3006 5656 (Apologet.,
3061 5599 3189 5656 cap.
3247 5583 3336 5654 25,
3397 5600 3454 5656 p.
3517 5583 3640 5656 429)
3699 5586 3923 5640 Roma-

2267 5686 2374 5728 nos
2425 5687 2540 5728 non
2597 5671 2855 5744 potuisse
2919 5671 2990 5730 ab
3043 5671 3160 5729 ullo
3208 5689 3448 5745 prorsus
3495 5673 3601 5730 deo
3643 5689 3751 5730 suo
3812 5678 3920 5730 aut
