4162 6382
306 331 334 389 1
344 331 461 389 325

1213 327 1286 385 D.
1334 326 1431 385 LE
1477 325 1808 386 NOURRY
1851 324 2501 387 OBSERVATIONES
2547 329 2811 389 NOVIE.

3560 329 3588 389 1
3600 329 3723 389 226

301 460 579 518 omnibus
602 458 734 515 aliis
766 457 1027 529 accipere
1058 455 1503 529 imperium,aut
1536 455 1713 511 ullam
1748 456 1954 511 ﬁnium
1985 461 2041 525 Α
2071 461 2128 512 et
2156 457 2332 512 adhuc
2359 461 2561 525 somia,
2595 476 2695 515 seu
2748 459 2873 515 luto
2923 464 3197 532 cretaque
3238 459 3399 515 molli
3456 464 3583 516 tum
3636 461 3723 517 fa-

300 554 431 623 ejue
465 549 964 623 propagationem.
1002 552 1235 603 Certum
1290 552 1378 603 est
1425 548 1581 603 enim
1617 548 1814 619 plures
1846 547 1956 602 Ro-

304 657 613 696 manorum
648 640 810 705 deos,
847 639 1189 704 Saturnum,
1222 636 1445 704 Jovem,
1495 636 1760 708 aliosque
1800 653 1960 691 sum-

306 747 464 787 mam
518 733 863 785 consecutos
928 728 1110 781 fuisse
1155 726 1377 796 regiam
1436 730 1808 797 potestatem.
1862 724 1956 779 Dic

304 839 465 895 ergo,
500 821 692 885 sodes,
726 836 759 873 a
789 819 1003 889 quibus
1053 816 1183 872 aliis
1232 816 1370 881 diis,
1425 833 1574 887 quos
1628 815 1956 881 coluerunt,

305 911 465 966 illam
517 908 886 980 acceperint?
930 906 1227 977 Numquid
1278 907 1529 961 Saturno
1598 906 1734 959 data
1784 908 1873 959 est
1926 920 1961 957 a

306 1000 595 1056 vilissimo
646 999 900 1068 quodam
953 994 1240 1061 Sterculo,
1311 995 1380 1049 de
1439 1010 1554 1064 quo
1604 992 1776 1063 paulo
1826 997 1960 1046 ante

309 1086 697 1144 dicebamus?
727 1087 833 1140 Sed
882 1085 932 1140 is
980 1085 1122 1138 vixit
1166 1088 1299 1154 post
1347 1083 1692 1137 Saturnum.
1748 1080 1957 1135 Nullus

308 1183 504 1233 autem
563 1175 799 1246 gentilis
832 1174 1024 1230 dicere
1070 1188 1332 1243 unquam
1388 1171 1578 1243 potuit
1627 1170 1762 1243 quis
1810 1168 1960 1225 alius

307 1269 451 1322 deus
500 1282 745 1337 regnum
795 1263 880 1318 illi
943 1263 1189 1317 dederit.
1258 1263 1331 1315 At
1398 1260 1560 1315 nulla
1629 1260 1817 1330 potior
1873 1263 1961 1314 est

308 1356 455 1411 ratio
489 1372 595 1409 cur
626 1356 696 1409 ab
746 1352 945 1424 aliquo
999 1353 1105 1406 deo
1160 1350 1440 1405 Romanis
1489 1364 1834 1404 concessum
1868 1348 1958 1401 di-

314 1449 498 1499 catur.

376 1532 595 1586 Deinde
647 1547 779 1585 vero
813 1529 1123 1583 fundatum
1180 1532 1304 1583 erat
1348 1526 1664 1599 imperium
1725 1525 1960 1579 illorum

309 1627 623 1693 antequam
657 1620 899 1674 deorum
934 1618 1129 1673 cultus
1162 1622 1355 1672 Romae
1388 1617 1697 1670 institutus
1734 1615 1958 1669 fuisset.

310 1711 572 1765 Etenima
608 1727 639 1763 a
670 1708 881 1773 Numa,
913 1707 1106 1772 inquit
1136 1706 1536 1761 Tertullianus
1571 1705 1786 1775 (Ibid),
1820 1719 1961 1757 con-

310 1804 479 1871 cepta
509 1802 599 1854 est
629 1798 939 1851 curiositas
970 1796 1172 1851 ιισιῡ
1210 1794 1640 1865 superstitiosa,
1695 1814 1722 1841 ››
1757 1792 1812 1846 id
1854 1796 1961 1856 est,

2072 546 2313 612 bricata,
2346 548 2417 601 de
2451 548 2666 619 quibus
2698 548 2835 604 alibi
2871 548 3129 604 diximus
3161 550 3472 621 (Dissertat.
3525 549 3587 604 in
3615 555 3723 607 La-

2068 639 2237 691 ctant.
2272 654 2400 709 cap.
2432 638 2524 701 30,
2558 643 2665 693 art.
2698 639 2775 709 2).

2138 726 2361 794 Adjecit
2393 726 2791 783 Tertullianus
2826 728 2950 797 (loc.
2990 728 3112 799 cit.)
3150 744 3161 782 :
3199 727 3260 783 Et
3289 728 3467 784 nidor
3494 744 3565 783 ex
3584 728 3722 795 illis,

2070 814 2152 868 uti
2186 816 2243 868 in
2300 819 2547 887 utroque
2604 816 2785 883 illius,
2843 834 2976 871 cum
3036 820 3404 888 Apologeliro,
3466 820 3591 873 tum
3648 817 3722 873 ad

2069 904 2326 958 Nationes
2356 905 2614 960 secundo
2646 904 2792 959 libro
2826 904 3079 977 legimus
3116 921 3126 960 :
3159 907 3217 960 in
3252 906 3469 961 nostris
3520 910 3718 963 autem

2069 992 2368 1047 codicibus
2390 995 2807 1064 manuscriptis
2831 1012 2899 1049 ex
2920 996 3150 1049 duobus
3185 995 3274 1050 his
3298 995 3487 1050 verbis
3506 1011 3715 1063 unum,

2070 1080 2241 1134 sicuti
2275 1082 2487 1151 saepius
2522 1083 2735 1136 factum
2767 1088 2875 1151 est,
2911 1084 3316 1154 scriptumque
3358 1100 3427 1138 ea:
3456 1084 3589 1139 illis.
3616 1085 3717 1138 At-

2070 1185 2181 1240 que
2213 1169 2348 1224 inde
2380 1172 2577 1225 forsan
2610 1172 2891 1243 l’ligaltius
2913 1173 3122 1243 corrigi
3147 1174 3329 1227 voluit
3360 1172 3715 1241 exilis,haud

2071 1275 2312 1329 prorsus
2347 1259 2564 1314 infelici
2615 1261 2968 1331 conjectura,
3003 1263 3170 1331 cujus
3215 1266 3410 1317 tamen
3454 1262 3714 1334 aliquam

2072 1346 2281 1402 saltem
2313 1349 2598 1403 rationem
2632 1350 2873 1403 reddere
2904 1350 3173 1405 debebat.
3210 1350 3554 1405 Conflrmari
3605 1369 3714 1407 au-

2072 1441 2189 1491 tem
2225 1437 2356 1491 inde
2388 1442 2599 1508 potest,
2635 1438 2774 1508 quia
2806 1438 3024 1493 ibidem
3058 1439 3456 1495 Tertullianus
3488 1457 3716 1497 asseve-

2072 1530 2180 1590 rat,
2216 1542 2499 1597 pauperes
2532 1531 2653 1581 tum
2689 1528 2871 1581 fuisse
2904 1528 3179 1583 Romanis
3210 1529 3513 1600 religionis
3546 1531 3717 1585 ritus.

2073 1614 2181 1668 Sed
2217 1615 2331 1668 duo
2363 1615 2483 1671 hinc
2514 1616 2687 1670 verba
2739 1633 2808 1670 ea:
2839 1618 2955 1670 illis
2986 1617 3057 1671 ad
3090 1634 3217 1672 vasa
3267 1620 3466 1683 samia,
3499 1618 3718 1690 quibus

2074 1703 2526 1770 subnectuntur,
2562 1705 2760 1760 referri
2793 1722 3027 1777 quoque
3075 1711 3343 1777 possunt.
3390 1707 3545 1762 Nihil
3580 1724 3717 1780 ergo

2076 1792 2146 1845 de
2178 1792 2285 1846 hac
2316 1794 2474 1847 varia
2505 1794 2751 1848 lectione
2784 1795 3022 1850 delinire
3051 1796 3359 1851 audemus.

313 1853 538 1960 religio,
572 1892 627 1942 et
656 1885 1020 1957 superstitio,
1048 1902 1173 1955 quae
1206 1853 1381 1955 prava
1412 1853 1797 1954 perversaque
1822 1853 1960 1935 cura
1993 1853 2039 1917 Β
2140 1880 2424 1937 Caeterum
2459 1883 2599 1954 quia
2628 1883 2830 1938 Numaa
2858 1888 3119 1956 tempore
3139 1884 3301 1940 nulla
3331 1886 3485 1957 apud
3516 1886 3724 1942 Roma-

313 1977 477 2033 falsis
497 1976 610 2030 diis
644 1973 1143 2045 impenditur.Scd
1177 1988 1354 2043 quam
1390 1977 1562 2042 putas
1588 1972 1659 2026 ob
1687 1986 1957 2025 caussam

310 2066 383 2121 ab
417 2064 517 2119 illo
549 2062 868 2118 constituta
898 2060 1026 2116 est?
1054 2060 1305 2116 Consule
1344 2059 1557 2114 Livium
1592 2059 1795 2129 (lib.1,§
1818 2060 1883 2112 19
1905 2061 1962 2112 et

314 2153 527 2225 seqq.),
565 2153 906 2222 Eutropium
941 2151 1041 2205 lib.
1095 2168 1113 2204 ι
1162 2152 1410 2205 Breviar.
1465 2166 1598 2219 pag.
1646 2148 1760 2218 6’1),
1793 2147 1963 2203 alios-

315 2260 427 2316 que
462 2245 732 2297 Romanae
766 2241 1021 2295 historia:
1070 2239 1409 2310 scriptores,
1463 2237 1687 2309 tibique
1721 2253 1959 2307 respon-

310 2333 532 2387 debunt
588 2348 599 2385 :
649 2338 711 2385 ut
763 2330 1033 2385 efferatos
1083 2345 1149 2382 ac
1218 2326 1502 2381 militares
1563 2326 1960 2381 Romanorum

312 2422 563 2485 animos,
622 2424 779 2473 metu
861 2418 1160 2489 religionis
1215 2433 1279 2471 ac
1350 2416 1591 2470 deorum
1642 2414 1965 2469 contineret

310 2509 763 2583 perpoliretque.
797 2507 1045 2570 Quinam
1076 2523 1233 2574 vero,
1268 2506 1476 2560 amabo
1508 2509 1768 2570 te,erant
1787 2503 1964 2575 primi

308 2600 393 2655 illi
426 2600 699 2653 Romanas
741 2595 1041 2666 religionis
1072 2596 1220 2650 ritus
1250 2594 1277 2647 ‘l
1322 2594 1592 2662 Nondum,
1624 2594 1704 2649 ait
1751 2597 1968 2649 Auctor

312 2694 529 2754 noster,
564 2691 666 2742 aut
696 2686 1035 2751 simulacris,
1071 2695 1166 2739 aut
1198 2685 1420 2754 templis
1452 2700 1536 2738 res
1579 2683 1779 2738 divina
1818 2684 1966 2754 apud

314 2780 584 2833 Romanos
608 2775 910 2838 constabat,
945 2774 1446 2843 quemadmodum
1482 2772 1620 2827 alibi
1656 2772 1962 2843 explicavi-

314 2865 574 2931 mus,ubi
610 2862 965 2934 templorum
992 2862 1567 2932 simulacrorumque
1598 2860 1963 2932 investigavi-

315 2973 445 3011 mus
478 2953 759 3025 originem
814 2949 1077 3021 (Tertull.
1128 2952 1430 3021 Apologel.,
1481 2967 1609 3021 cap.
1661 2951 1787 3016 430,
1828 2967 1960 3021 pag.

310 3047 381 3098 27
413 3048 471 3099 et
502 3058 690 3112 seqq.,
724 3045 780 3096 et
813 3040 914 3095 lib.
950 3056 967 3093 ι
998 3039 1067 3094 ad
1098 3040 1344 3108 Nation.,
1385 3055 1513 3110 cap,
1550 3039 1634 3104 17,
1672 3054 1801 3109 pag.
1834 3038 1961 3107 523,

309 3139 452 3188 tom.
491 3132 509 3186 Ι
539 3132 825 3201 Apparet,
856 3127 957 3183 lib.
992 3144 1077 3196 ιιι,
1111 3127 1324 3183 dissert.
1372 3144 1389 3181 ι
1430 3143 1555 3198 cap.
1587 3128 1620 3179 7
1654 3131 1711 3181 et
1737 3126 1791 3193 8,
1827 3142 1958 3198 pag.

307 3222 414 3276 717
445 3224 501 3276 et
531 3218 746 3290 seqq).

381 3311 531 3365 Tum
565 3308 743 3363 etiam
775 3306 956 3375 nulla,
992 3304 1146 3360 sicut
1178 3302 1275 3360 ille
1324 3304 1515 3376 pergit
1563 3303 1722 3374 (Ibid.
1760 3319 1815 3374 p.
1846 3304 1961 3373 28),

310 3399 589 3471 Capitolia
617 3397 893 3452 certantia
931 3395 1084 3461 caelo,
1116 3393 1175 3448 id
1221 3398 1332 3460 est,
1383 3393 1641 3447 nondum
1695 3396 1961 3447 constru-

309 3494 469 3545 ctum
506 3489 695 3542 fuerat
743 3483 1028 3556 templum
1080 3482 1514 3555 Capitolimum,
1567 3482 1709 3537 adeo
1760 3499 1960 3553 super-

310 3579 475 3643 bum,
510 3581 774 3632 utsuum
821 3573 891 3627 ad
943 3571 1119 3627 cmlos
1172 3588 1359 3644 usque
1412 3570 1645 3626 culmen
1699 3569 1961 3626 attollere

310 3669 627 3731 videretur,
671 3669 873 3735 Neque
921 3663 1219 3735 putaveris
1269 3662 1421 3717 hanc
1471 3677 1601 3717 esse
1659 3659 1839 3715 animi
1899 3659 1959 3713 in

260 3757 576 3814 -ethnicos
627 3753 879 3810 nimium
951 3750 1167 3806 infensi
1232 3750 1758 3823 exaggerationem.
1814 3749 1958 3803 Nam

313 3844 621 3914 Martialis,
655 3848 711 3899 et
739 3842 865 3915 ipse
893 3839 1190 3905 ethnicus,
1223 3841 1426 3895 eadem
1458 3838 1549 3893 his
1574 3838 1843 3893 versibus
1865 3853 1959 3892 ce-

308 3937 453 3992 cinit
486 3951 500 3990 :

432 4051 542 4100 Nec
569 4047 851 4110 Capitolini
880 4058 1149 4110 summum
1185 4043 1455 4110 penetrale
1487 4043 1762 4110 Tonantis,

498 4107 734 4175 Quaeque
763 4110 940 4160 nitent
967 4109 1097 4158 caelo
1126 4107 1374 4171 prexima
1401 4107 1603 4169 templa
1631 4120 1741 4155 sus.

985 4187 1229 4251 (Martial.
1261 4187 1355 4237 lib.
1377 4202 1428 4247 ιι,
1460 4187 1735 4251 Epigram.
1766 4187 1866 4248 5!.)

314 4310 496 4367 Silius
528 4323 760 4382 quoque
792 4305 1027 4362 Italicus
1062 4322 1075 4361 :

440 4443 538 4491 Illa
560 4441 717 4491 etiam
750 4452 855 4503 qua
885 4439 1063 4501 prisca
1092 4436 1226 4503 (idos
1256 4440 1360 4503 stat
1386 4436 1531 4497 regia
1558 4436 1733 4485 nobis.

440 4506 617 4572 aurea
644 4499 870 4572 Tarpeia
889 4499 1062 4572 ponet
1090 4499 1350 4572 Capitolia
1377 4513 1528 4572 rupe,

442 4569 506 4617 Et
530 4570 715 4629 tanget
742 4560 927 4614 nostro
958 4560 1281 4626 templorum
1311 4560 1542 4612 culmina
1571 4560 1717 4610 caelo.

1249 4642 1368 4705 (Sil.
1400 4642 1492 4691 lib.
1525 4651 1596 4691 ιιι.
1629 4655 1680 4689 v.
1715 4642 1846 4697 620.)

324 4774 498 4830 Plura
545 4772 605 4827 in
655 4768 965 4827 Alexandri
1031 4768 1239 4824 Donati
1287 4767 1657 4838 aliorumque
1707 4766 1777 4821 de
1826 4765 1970 4821 urbe

324 4865 508 4919 Roma
536 4861 703 4917 libris
754 4859 991 4926 tradita,
1026 4859 1075 4913 si
1106 4857 1275 4923 velis,
1326 4857 1493 4913 facile
1545 4855 1806 4911 invenies
1837 4855 1971 4923 (Do-

327 4957 445 5007 nat.
478 4951 581 5006 lib.
614 4967 655 5005 ιι
684 4950 747 5006 de
776 4949 909 5005 urbe
940 4950 1127 5015 Roma,
1162 4963 1288 5019 cap.
1323 4948 1373 5017 4,
1408 4950 1464 5002 et
1494 4945 1707 5017 seqq).

399 5038 507 5095 Ubi
537 5055 696 5111 ergo,
730 5037 960 5109 rogabit
990 5036 1226 5107 aliquis,
1281 5051 1374 5091 res
1422 5034 1619 5089 divina
1668 5039 1811 5088 tunc
1843 5049 1974 5106 age-

330 5127 553 5185 batur?
585 5127 917 5195 Temeraria,
969 5125 1162 5197 inquit
1208 5123 1620 5190 Tertullianus,
1672 5122 1736 5177 de
1778 5125 1977 5194 cespite

331 5219 545 5275 altaria
592 5217 915 5288 (Apologet.,
970 5232 1098 5287 cap.
1148 5216 1237 5284 25,
1288 5230 1347 5285 p.
1399 5213 1522 5279 1120,
1565 5216 1623 5267 ct
1672 5211 1777 5266 lib.
1838 5227 1879 5267 ιι
1910 5212 1980 5267 ad

328 5310 576 5378 Nation.,
628 5323 753 5378 cap.
812 5306 924 5377 17),
980 5305 1102 5361 sive
1171 5307 1432 5375 repente,
1485 5300 1681 5356 subito
1730 5317 1796 5356 ac
1859 5302 1978 5356 for-

331 5400 483 5455 tuito
516 5414 654 5453 casu
690 5399 1010 5463 exstructa,
1046 5394 1198 5450 sicut
1228 5410 1297 5450 ex
1326 5393 1599 5449 Cicerone
1656 5390 1780 5462 (lib.
1838 5409 1876 5447 ιι
1921 5392 1983 5448 de

333 5494 539 5547 Nntur.
591 5488 748 5544 Deor.
802 5503 936 5559 pag,
988 5486 1115 5550 228,
1174 5484 1276 5540 lin.
1340 5483 1426 5555 12)
1485 5486 1541 5537 et
1598 5481 1842 5553 Apuleio
1899 5484 1986 5553 (de

335 5581 438 5636 Deo
491 5577 703 5634 Socrat.
755 5575 905 5648 init.)
972 5575 1195 5631 discere
1261 5578 1367 5630 est.
1434 5572 1583 5627 Vasa
1647 5586 1779 5627 vero
1854 5574 1985 5645 qui-

336 5671 447 5727 bus
481 5667 934 5724 ministrabatur
962 5665 1183 5724 sordida
1213 5662 1496 5737 erant,'ait
1524 5663 1738 5718 Auctor
1767 5666 1984 5738 noster,

621 5798 879 5856 ΡΑτιιοι..
933 5796 981 5853 I.

2072 1985 2176 2025 nos
2217 1976 2384 2026 erant
2433 1973 2675 2027 deorum
2721 1973 3079 2041 simulacra;
3113 1973 3229 2030 imo
3281 1991 3432 2045 vero,
3484 1976 3624 2046 quia
3655 1992 3723 2030 ea

2070 2056 2197 2113 ﬁeri
2231 2062 2435 2117 “26
2469 2061 2585 2131 ille,
2621 2067 2682 2116 ut
2713 2062 2851 2116 alibi
2898 2064 3267 2119 ostendimus
3317 2066 3481 2135 (tom.
3533 2065 3578 2135 Ι,
3610 2066 3716 2137 Ap-

2069 2152 2276 2219 paret,
2308 2167 2439 2222 pag.
2471 2152 2599 2219 733,
2652 2155 2708 2206 et
2758 2152 2896 2205 1227
2937 2156 2995 2207 et
3034 2154 3243 2223 seqq.),
3294 2153 3717 2225 prohibuerat;

2073 2238 2209 2293 inde
2241 2240 2642 2295 Tertullianus
2685 2240 2885 2296 intulit
2919 2260 2931 2297 :
2966 2246 3033 2297 Et
3084 2247 3229 2297 Deus
3260 2244 3374 2314 ipse
3428 2261 3721 2315 nusquam.

2074 2327 2427 2383 Persuasum
2446 2329 2852 2400 siquidem,uti
2878 2330 3066 2401 capite
3082 2332 3348 2403 sequenti
3369 2332 3723 2399 videbimus,

2073 2417 2310 2473 omnino
2345 2417 2624 2474 habuisse
2676 2419 2904 2474 videtur
2933 2436 3060 2475 eam
3108 2437 3209 2492 per
3250 2422 3559 2492 gentilium
3592 2423 3720 2478 ani-

2074 2522 2204 2562 mos
2250 2508 2574 2578 pervasisse
2622 2509 2977 2580 opinionem,
3027 2526 3141 2565 non
3201 2509 3345 2566 alios
3396 2527 3526 2566 esse
3576 2512 3717 2568 deos

2077 2612 2251 2667 quam
2286 2595 2521 2651 illorum
2554 2596 2888 2665 simulacra,
2934 2597 3021 2654 vel
3077 2598 3341 2671 ipsorum
3374 2599 3435 2655 in
3465 2599 3550 2656 eis
3582 2601 3725 2657 resi-

2075 2686 2211 2740 dere
2242 2684 2627 2742 divinitatem.

2144 2774 2319 2829 Vides
2366 2791 2502 2846 ergo
2554 2791 2728 2846 quam
2802 2779 2955 2831 recte
3006 2793 3073 2831 ex
3116 2776 3286 2832 dictis
3341 2777 3650 2834 concludat
3708 2796 3722 2835 :

2076 2864 2281 2933 «Ergo
2315 2880 2428 2918 non
2479 2870 2613 2918 ante
2665 2863 2917 2936 religiosi
2964 2866 3210 2920 Romani
3262 2883 3437 2937 quam
3495 2868 3717 2938 magni,

2075 2951 2321 3023 ideoque
2354 2970 2467 3007 non
2502 2954 2573 3007 ob
2611 2955 2713 3008 hoc
2748 2953 2966 3025 magni,
3020 2955 3154 3024 quia
3200 2955 3456 3027 religiosi
3491 2978 3518 3005 »
3551 2958 3717 3027 (Ter-

2073 3040 2201 3095 tull.
2237 3042 2529 3111 Apologet.,
2563 3058 2688 3112 cap.
2720 3043 3104 3114 25,pag./l30).
3138 3045 3469 3099 Fundatum
3501 3046 3721 3117 quippe

2074 3135 2131 3185 et
2160 3129 2484 3185 stabilitum
2508 3131 2616 3184 fuit
2638 3129 2870 3185 illorum
2905 3132 3596 3205 imperium,priusquam
3620 3140 3723 3190 aut

1992 3222 2034 3287 C
2072 3222 2213 3276 deos
2251 3222 2556 3289 haberent,
2608 3226 2709 3276 aut
2751 3238 2850 3277 eos
2894 3222 3101 3276 saltem
3151 3228 3234 3277 tot
3292 3224 3723 3295 superstitiosis

2075 3311 2307 3376 ritibus,
2359 3316 2531 3381 atque
2597 3311 2756 3365 inani
2818 3314 2903 3365 tot
2968 3312 3451 3369 caeremoniarum
3506 3331 3724 3386 pompa

2074 3398 2330 3454 colerent
2360 3406 2415 3455 et
2447 3401 2780 3455 adorarent.
2814 3402 2879 3454 At
2910 3405 3060 3455 certe
3086 3406 3204 3455 tam
3239 3404 3307 3457 ad
3345 3401 3488 3458 illud
3533 3403 3613 3458 im
3628 3421 3727 3474 pc-

2075 3488 2226 3543 rium
2262 3490 2726 3560 propagandum,
2760 3505 2934 3559 quam
2984 3490 3262 3559 jacienda
3316 3492 3444 3561 ejus
3505 3492 3715 3548 funda-

2074 3583 2271 3633 menta
2305 3578 2428 3650 pari
2463 3580 2719 3649 profecto
2752 3578 2990 3634 deorum
3025 3596 3132 3649 ope
3163 3596 3229 3634 ac
3268 3580 3532 3637 subsidio
3567 3582 3717 3637 indi-

2072 3667 2307 3739 gebant,
2354 3668 2507 3738 quod
2559 3672 2755 3723 tamen
2788 3684 3092 3738 nunquam
3146 3668 3424 3725 habuisse
3471 3671 3716 3726 manife-

2072 3760 2230 3812 stum
2264 3761 2371 3811 est.
2422 3757 2534 3811 Sed
2602 3756 2732 3811 aliis
2790 3756 2981 3811 adhue
3040 3756 3366 3814 rationibus
3420 3758 3478 3815 id
3511 3760 3581 3814 ab
3615 3758 3716 3815 illo

2068 3845 2507 3901 evidentissime
2546 3845 3008 3915 demonstratur,
3061 3862 3186 3917 quae
3239 3864 3272 3902 a
3302 3847 3468 3904 nobis
3499 3849 3718 3905 exami-

2068 3934 2276 3990 nandae
2293 3938 2449 3991 sunt.

2669 4066 2987 4106 ARTICULUS
3020 4067 3103 4106 III.

2068 4158 2185 4213 Non
2215 4157 2391 4225 magis
2421 4155 2619 4211 datum
2648 4164 2743 4210 aut
2767 4166 3133 4227 propagatum
3164 4156 3231 4210 ab
3258 4157 3391 4212 ullis
3420 4158 3714 4228 gentilium

2140 4228 2246 4282 diis
2278 4230 2575 4298 imperium
2609 4229 2996 4293 Romanorum,
3042 4245 3205 4298 quam
3256 4229 3714 4299 Babyloniorum,

2144 4299 2446 4367 Medorum,
2499 4301 2902 4369 fligi/pilorum,
2952 4300 3322 4369 Assyriorum,
3372 4302 3718 4357 Amazonum

2143 4375 2193 4425 et
2222 4371 2553 4445 Judzeorum,
2587 4372 2684 4440 qui
2721 4376 2846 4426 ante
2883 4371 3091 4426 eosdem
3143 4372 3402 4429 Romrnos
3450 4390 3720 4445 regnave-

2146 4447 2323 4496 runt:
2369 4443 2565 4516 horum
2606 4445 2888 4512 impietate
2926 4448 2988 4516 (et
3034 4444 3343 4516 sacrilegiis
3390 4443 3721 4516 propagatos

2148 4516 2373 4583 imperii
2395 4516 2483 4567 sui
2519 4514 2650 4567 fines
2685 4529 2695 4566 :
2731 4531 2793 4569 ac
2840 4514 3008 4568 nullis
3039 4515 3204 4586 plane
3231 4514 3540 4586 miraculis,
3574 4517 3719 4572 divi-

2000 4579 2045 4643 D
2148 4579 2483 4650 nriiombus,
2535 4586 2774 4639 oraculis
2818 4579 3048 4657 probari
3074 4602 3237 4657 posse
3280 4589 3420 4644 ullos
3466 4579 3727 4646 assistere

2151 4659 2347 4712 horum
2377 4659 2725 4727 aliorumque
2755 4660 3051 4728 gentilean
3078 4658 3221 4713 deos.

2149 4774 2382 4829 Certum
2417 4772 2654 4842 quidem
2687 4778 2797 4838 est,
2830 4775 2984 4843 quod
3019 4778 3075 4828 et
3105 4774 3214 4845 ipsi
3258 4776 3504 4833 Romani
3536 4777 3730 4850 palam

2082 4863 2436 4930 fatebantur,
2468 4868 2700 4917 terrena
2734 4879 2912 4933 regna
2961 4864 3032 4918 ab
3068 4864 3266 4934 aliquo
3298 4865 3554 4933 institui,
3606 4867 3733 4923 dari

2083 4956 2138 5006 et
2169 4951 2517 5022 dispensari.
2556 4952 2622 5004 At
2651 4967 2717 5005 ea
2746 4957 3007 5022 potestas
3054 4970 3230 5024 penes
3261 4969 3395 5010 eum
3448 4957 3734 5012 duntaxat

2087 5040 2277 5096 solum
2311 5056 2438 5095 esse
2473 5044 2684 5109 potest,
2717 5042 2816 5111 qui
2848 5041 3047 5097 omnia
3079 5042 3313 5098 creavit.
3348 5044 3504 5100 Nulli
3539 5045 3735 5115 itaque

2089 5131 2485 5186 Romanorum
2528 5129 2610 5183 dii
2660 5146 2908 5200 regnum
2962 5132 3200 5203 aliquod
3252 5132 3577 5187 cultoribus
3607 5131 3733 5188 suis

2088 5224 2189 5276 aut
2214 5218 2343 5273 aliis
2375 5235 2633 5289 unquam
2666 5220 2970 5275 dederunt.
3007 5220 3075 5275 Et
3105 5224 3256 5275 certe
3308 5225 3442 5276 ante
3496 5219 3732 5276 illorum

2092 5308 2422 5376 Pontifices,
2457 5307 2981 5373 Quindecimviros,
3011 5307 3220 5376 Salios,
3273 5309 3593 5381 Lupercos,
3624 5312 3733 5365 Ve-

2093 5396 2290 5464 stales,
2327 5397 2396 5451 de
2428 5397 2645 5467 quibus
2677 5414 2782 5453 nos
2815 5396 3039 5465 alibi,et
3069 5403 3203 5452 ante
3234 5414 3439 5454 omnes
3472 5414 3739 5454 romano-

2095 5504 2227 5542 rum
2263 5487 2505 5542 deorum
2565 5486 2888 5551 ministros,
2951 5486 3067 5539 imo
3126 5491 3443 5557 antequam
3504 5486 3610 5543 ulli
3661 5485 3744 5542 dii

2094 5580 2288 5633 Romae
2324 5574 2672 5644 colerentur,
2708 5574 2976 5630 instituta
3010 5574 3240 5630 fuerant
3269 5576 3745 5652 Babyloniorum,

2101 5667 2424 5735 Medorum,
2458 5663 3277 5739 Egyptiorum,Assyriorum,
3300 5671 3357 5725 et
3384 5670 3750 5726 Amazonum

3392 5799 3468 5860 39
