4162 6386
444 368 474 427 Ι
487 363 608 425 227

965 346 1488 416 TERTULLIANI
1532 341 1857 406 OPERUM
1898 342 2101 404 PARS
2146 345 2194 404 l.
2223 377 2302 389 —
2331 343 2604 404 SERIES
2648 343 2696 417 Ι,
2740 343 3311 406 APOLOGETICA.

3682 343 3839 404 4228

411 477 414 481 ’
448 513 651 569 regna,
698 504 1044 562 magnaque,
1087 484 1170 540 uti
1218 497 1386 538 nemo
1435 478 1646 546 nescit,
1693 479 2086 569 potestate-Aet
2111 479 2163 544 Α
2192 478 2381 569 sertat.
2416 478 2473 530 in
2505 477 2774 569 ginutlc.
2810 477 3038 569 16,_‘a_rt.
3069 477 3144 569 2‘;
3175 477 3322 569 etin
3371 478 3620 532 Lactant.
3658 475 3836 569 0.31,

448 564 634 659 gloria
665 581 947 636 ﬂorebant
977 571 1240 647 (Tertull.
1274 571 1731 659 Apologet.‘,_cap-.
1754 566 1852 659 26,
1878 564 2083 659 p.432;

452 654 507 729 et
537 674 639 727 lib.
673 687 715 726 II
747 668 815 724 ad
846 666 1085 729 Nattam,
1120 678 1247 731 cap.
1278 661 1376 730 27,
1404 675 1466 728 p.
1505 657 1650 724 583).
1684 654 1924 708 Constat
1950 668 2086 722 ergo

451 764 559 818 has
593 759 858 816 nationes
915 770 1022 809 nec
1053 769 1085 806 a
1117 751 1506 805 Romanorum
1540 744 1672 808 diis,
1732 758 1836 796 nec
1894 742 1967 796 ab
1996 741 2089 795 his

450 867 596 923 quos
624 847 740 919 ipsi
769 844 1058 907 colebant,
1102 837 1394 909 accepisse
1428 832 1704 923 regnandi
1740 833 2088 923 potestatem

447 917 561 995 non
594 954 626 992 a
651 917 781 990 suis
812 931 1070 1003 quidem.
1115 925 1216 997 qui
1270 940 1370 979 eos
1426 939 1460 975 a
1490 920 1706 991 quibus
1765 933 1998 973 summo
2028 917 2088 970 in

448 1029 666 1085 honore
693 1021 1083 1085 habebantur,
1113 1012 1343 1069 defendi
1377 1027 1489 1065 non
1523 1011 1873 1080 potuerunt;
1909 1020 2092 1076 eeque

451 1135 483 1172 a
514 1120 910 1170 Romanorum
957 1106 1092 1170 diis,
1123 1103 1222 1173 qui
1272 1100 1532 1155 nondum
1589 1097 1728 1150 ﬁcti
1753 1099 1939 1160 erant,
1971 1099 2028 1149 et
2059 1111 2091 1147 a

449 1203 667 1276 quibus
695 1213 898 1255 eorum
937 1192 1251 1264 imperium
1301 1203 1567 1243 eversum
1615 1185 1798 1238 fuisse
1847 1183 2089 1238 Romani

452 1271 866 1364 opinabantur.
889 1285 1020 1339 Jam
1040 1297 1170 1336 vero
1201 1277 1457 1332 vidimus
1479 1273 1847 1364 (Dissertatjf
1875 1271 2090 1364 timet,

451 1358 576 1451 cap.
608 1377 692 1442 18,
727 1379 835 1430 art.
868 1373 900 1426 4
932 1376 989 1426 et
1015 1370 1091 1439 5),
1126 1364 1419 1439 quomodo
1467 1360 1746 1451 Minutius
1801 1358 1957 1414 Felix
1986 1358 2094 1412 hoc

453 1448 796 1541 argumento
827 1462 1107 1517 adversus
1137 1454 1398 1511 ethnicos
1431 1448 1790 1523 pugnaverit.

524 1574 634 1628 Sed
667 1575 731 1625 ut
761 1565 1121 1640 quibusdam
1154 1557 1434 1630 exemplis
1466 1554 1834 1611 manifestius
1882 1554 1939 1608 id
1975 1554 2093 1640 flat,

454 1663 626 1732 urget
678 1638 1075 1712 Tertullianus
1109 1665 1123 1703 ε
1160 1667 1181 1695 ι
1235 1650 1346 1700 Cur
1395 1643 1655 1732 Athenas
1701 1657 1734 1695 a
1774 1640 1952 1732 X_erxe
1990 1638 2098 1693 Mi-

454 1729 635 1804 nerva
685 1761 799 1801 non
848 1739 1128 1804 detendit,
1189 1735 1276 1789 vel
1329 1749 1432 1788 cur
1493 1730 1742 1800 Delphos
1800 1729 1868 1782 de
1918 1743 2096 1782 manu

2195 569 2303 620 art.
2337 565 2410 636 4),
2443 582 2476 619 a
2505 564 2861 634 Tertulliano
2892 564 2973 620 ibi
3004 564 3190 636 accipi
3211 565 3439 620 videtur
3466 581 3572 637 pro
3603 563 3836 636 spoliis,

2196 670 2321 724 quae
2355 653 2592 707 Romani
2627 670 2693 708 ex
2725 653 2911 724 captis
2943 653 3188 709 urbibus
3225 670 3422 709 secum
3457 653 3702 709 Romam
3735 654 3836 708 de-

2195 742 2472 796 tulerunt.
2510 741 2805 812 Praecipua
2835 758 2965 797 vero
2997 747 3163 797 erant
3201 744 3443 798 deorum
3495 742 3840 809 simulacra,

2198 847 2323 902 quis
2373 831 2430 883 in
2481 830 2718 902 templis
2769 831 3036 886 solebant
3085 830 3374 901 collocari,
3444 849 3510 887 ac
3562 832 3841 903 deinceps

2198 919 2446 986 adorari,
2480 918 2874 975 Romanorum
2919 935 3056 992 ergo
3088 920 3402 992 imperium
3437 921 3688 976 accrevit
3719 937 3839 976 non

2200 1007 2432 1078 quidem
2466 1006 2584 1060 ulla
2614 1008 2875 1078 ipsorum
2909 1009 2966 1063 in
3000 1009 3139 1064 deos
3171 1009 3386 1080 pietate
3417 1014 3474 1064 et
3532 1008 3843 1082 religione,

2200 1097 2301 1152 sed
2336 1096 2652 1166 impietate,
2687 1095 3006 1154 sceleribus
3039 1102 3096 1153 et
3125 1097 3473 1170 sacrilegiis.

2272 1204 2395 1266 Qua
2424 1219 2558 1273 ergo
2590 1202 2813 1259 ratione
2853 1205 2934 1259 dii
2965 1204 3073 1276 illi,
3119 1207 3308 1278 pergit
3353 1207 3571 1262 Auctor
3617 1209 3850 1272 noster,

2204 1292 2276 1346 ab
2307 1292 2578 1345 hostibus
2609 1291 2732 1346 suis
2769 1291 3047 1348 Romanis
3079 1316 3108 1343 ‹‹
3163 1293 3461 1350 sustinent
3508 1294 3762 1360 adorari,
3797 1299 3854 1350 et

2203 1379 2321 1435 illis
2353 1379 2663 1449 imperium
2696 1380 2822 1435 sine
2852 1381 2968 1437 ﬁne
3011 1383 3318 1449 dederunt,
3372 1399 3623 1453 quorum
3658 1383 3851 1454 magis

2205 1470 2473 1539 injurias,
2507 1485 2683 1539 quam
2731 1470 3102 1526 adorationes
3162 1487 3569 1526 remunerasse
3626 1472 3855 1527 debue-

2206 1557 2384 1612 rant?
2413 1575 2434 1607 ι
2478 1557 2538 1610 In
2572 1558 2789 1612 nostris
2813 1560 3228 1632 manuscriptis
3251 1561 3551 1616 codicibus
3577 1577 3642 1615 ac
3675 1560 3854 1617 variis

2207 1645 2583 1713 editionibus,
2615 1647 2933 1716 praesertim
2966 1648 3395 1719 antiquioribus
3436 1649 3687 1704 habetur
3718 1649 3853 1706 ado-

2209 1734 2456 1803 lationes,
2488 1733 2605 1788 sive
2631 1734 2995 1805 adulationes,
3027 1737 3523 1807 quemadmodum
3578 1737 3858 1793 diﬂ‘eren-

454 1833 662 1909 Pyrrhi
697 1829 892 1904 Apollo
924 1844 1038 1882 non
1072 1824 1225 1880 eruit
1254 1844 1281 1872 »
1314 1819 1574 1892 (Tertull.
1678 1835 1718 1909 ii
1747 1817 1823 1872 ad
1855 1817 2098 1909 blattam,
2135 1840 2182 1903 B
2209 1827 2297 1877 ter
2327 1823 2398 1877 ab
2432 1821 2561 1877 aliis
2595 1823 2879 1894 scriptum
2914 1824 3184 1880 occurrit.
3219 1825 3465 1888 Quidam
3497 1830 3693 1882 tamen
3727 1843 3859 1883 ma-

457 1905 570 1982 loc.
621 1919 799 1992 cit.)?
858 1915 1067 1972 Nullus
1124 1911 1279 1968 enim
1329 1909 1502 1982 plane
1551 1907 1919 1962 ethnicorum
1964 1905 2110 1959 deus

463 2027 655 2082 neque
705 2013 920 2072 Romae,
956 2017 1144 2075 neque
1195 1999 1386 2064 ullibi,
1437 2002 1602 2052 tanto
1646 1996 1867 2050 honore
1916 1993 2110 2082 divino

464 2077 717 2158 orn-atus
749 2099 859 2160 est,
893 2097 1109 2164 quante
1155 2090 1412 2144 Minerva
1443 2086 1643 2141 1127
1702 2083 1964 2148 Athenis,
2011 2077 2111 2136 ubi

477 2187 742 2245 exstabat
770 2182 997 2254 insigne
1031 2179 1186 2233 illius
1221 2182 1539 2247 notumque
1571 2172 1847 2228 omnibus
1878 2171 2113 2226 simula-

474 2293 660 2333 crum.
692 2273 888 2343 Neque
917 2267 1120 2340 majori
1151 2265 1310 2321 cultu
1361 2264 1518 2319 ullus
1570 2267 1718 2317 Deus
1768 2262 2113 2316 honestatus

474 2370 580 2435 est,
614 2379 786 2435 quam
825 2358 1018 2431 Apollo
1052 2354 1313 2427 Delphis,
1343 2353 1442 2408 ubi
1494 2351 1749 2416 oracula,
1780 2354 1899 2404 toto
1931 2353 2113 2403 terra-

471 2469 602 2509 rum
633 2451 769 2508 orbe
799 2447 1108 2511 celebrata,
1160 2444 1403 2498 fundere
1452 2440 1815 2496 credebatur.
1865 2437 2112 2492 Verum-

468 2547 666 2598 tamen
701 2555 806 2593 nec
848 2540 961 2591 iste
1010 2533 1286 2605 Delphos,
1321 2547 1427 2585 nec
1458 2529 1560 2584 illa
1612 2527 1871 2582 Athenas
1903 2526 1976 2580 ab
2014 2525 2111 2580 ho-

467 2631 648 2686 stium
681 2641 923 2683 suorum
954 2622 1136 2677 armis
1157 2625 1284 2674 tuta
1315 2615 1944 2682 reddidere.Quomodo
1975 2629 2111 2684 ergo

470 2719 548 2774 dii
581 2716 667 2772 vel
702 2711 1017 2788 peregrini,
1057 2709 1148 2764 vel
1199 2707 1394 2780 patrii,
1445 2705 1688 2760 dilatare
1720 2703 1964 2758 Romani
1996 2703 2111 2756 im-

467 2805 612 2878 perii
646 2805 789 2858 fines
820 2799 1091 2855 valebant
1114 2796 1141 2850 ?
1170 2793 1468 2866 Numquid
1503 2793 1634 2847 aliis
1682 2792 1795 2846 diis
1828 2790 2111 2862 potentio-

470 2912 563 2951 res
592 2891 803 2949 erant?
833 2889 945 2945 Sed
976 2903 1148 2943 verus
1183 2891 1330 2939 Deus
1363 2883 1534 2938 debet
1564 2897 1691 2936 esse
1739 2880 2110 2950 omnipotens

472 2987 644 3053 atque
667 2979 886 3035 idcirco
920 2993 1072 3032 unus
1119 2978 1351 3030 tantum
1380 2987 1508 3027 esse
1549 2972 1758 3043 potest,
1789 2969 1883 3040 qui
1936 2983 2113 3039 regna

471 3069 698 3138 tribuit,
731 3075 785 3124 et
815 3067 1134 3138 dispensat.

539 3162 660 3233 Age
687 3174 842 3224 vero,
878 3156 1314 3224 instantemque
1342 3147 1768 3205 Tertullianum
1788 3146 2112 3216 subsequa-

471 3266 605 3305 mur
636 3247 839 3319 (Idem,
872 3243 1176 3316 Apologet.,
1209 3257 1334 3312 cap.
1365 3239 1458 3303 26,
1491 3254 1548 3309 p.
1583 3236 1728 3300 432).
1780 3235 1992 3304 Judaei,
2022 3234 2111 3288 in-

470 3337 770 3410 quit,suos
800 3333 1136 3388 habuerunt
1166 3345 1352 3400 reges,
1373 3343 1519 3398 quos
1551 3325 1720 3380 etiam
1748 3339 1902 3378 nunc
1931 3322 2111 3376 habe-

467 3432 616 3489 rent,
648 3422 763 3478 nisi
793 3420 1082 3476 horrendo
1129 3417 1342 3472 Christi
1387 3413 1696 3486 parricidio
1733 3429 1869 3468 suas
1902 3427 2110 3466 cruen-

465 3515 692 3569 tassent
714 3507 1119 3578 manus.Atqui
1146 3506 1206 3560 hi
1232 3505 1340 3577 ipsi
1366 3503 1601 3576 penitus
1633 3501 2110 3572 contempserunt

467 3606 865 3657 Romanorum
907 3599 1064 3652 deos.
1116 3595 1242 3649 Non
1277 3592 1358 3648 illi
1407 3608 1543 3664 ergo
1575 3590 1634 3645 in
1663 3590 1772 3646 hos
1821 3590 1956 3644 deos
1986 3587 2106 3659 pie-

466 3695 585 3746 tate
615 3703 858 3760 regnum
893 3701 1065 3740 suum
1098 3685 1456 3738 meruerunt.
1491 3679 1739 3735 Romani
1785 3695 1938 3744 vero,
1973 3693 2106 3732 cum

467 3779 560 3834 his
591 3778 833 3833 deorum
865 3789 1101 3830 suorum
1136 3770 1403 3826 hostibus
1435 3769 1547 3824 icto
1581 3767 1812 3845 findere,
1861 3766 2107 3821 honora-

468 3870 675 3923 verunt
706 3866 966 3936 ipsorum
1000 3862 1180 3916 Deum
1214 3860 1379 3914 cissis
1409 3857 1685 3925 victimis,
1721 3872 1786 3911 ac
1817 3854 2104 3926 templum

472 3956 641 4012 donis
673 3960 728 4009 et
752 3951 1112 4008 muneribus.
1163 3952 1232 4004 At
1276 3948 1512 4019 quibus,
1546 3963 1645 4002 oro
1677 3952 1754 4009 te,
1812 3943 1997 4000 oculis
2027 3944 2107 3999 dii

471 4045 556 4100 illi
589 4045 739 4099 facta
769 4059 802 4097 a
832 4040 1112 4096 Romanis
1163 4038 1281 4093 haec
1327 4053 1452 4092 vero
1484 4041 1614 4102 Deo,
1649 4049 1970 4104 eorumque
2001 4034 2107 4088 ad-

471 4133 746 4198 versario,
789 4131 1022 4197 foedera,
1070 4127 1353 4184 sacrificia
1403 4130 1460 4180 et
1507 4125 1658 4178 dona
1703 4123 1916 4177 intueri
1947 4128 2107 4192 pote-

470 4222 646 4278 rant?
665 4222 866 4276 Nonne
890 4219 1125 4274 illorum
1149 4219 1297 4271 iram
1320 4214 1724 4286 potius,quam
1745 4227 2105 4283 propensum

468 4312 539 4367 ad
564 4309 862 4380 augendos
890 4306 1114 4362 romani
1148 4305 1376 4377 imperii
1409 4304 1555 4358 fines
1589 4302 1872 4370 animum,
1901 4316 2105 4356 accen-

466 4401 600 4456 dere
627 4395 1002 4454 debuerunt?

537 4509 815 4561 Prmterea
839 4507 994 4559 certo
1025 4501 1240 4557 certius
1289 4504 1378 4554 est
1424 4514 1604 4569 regna
1646 4499 1717 4552 ab
1767 4496 2108 4552 hominibus

467 4593 760 4666 occupari,
782 4591 1095 4662 invadique
1127 4589 1307 4645 armis
1346 4593 1403 4643 et
1451 4562 1710 4642 victoriis
1744 4584 1898 4651 (Ibid.
1933 4601 1983 4642 c.
2013 4585 2104 4653 25,
2141 4562 2184 4626 Ῑ)

467 4699 600 4754 pag.
634 4681 780 4752 431).
812 4679 986 4751 Atqui
1036 4679 1154 4734 haec
1205 4677 1326 4731 fieri
1377 4679 1698 4747 nequeunt,
1751 4672 1861 4728 nisi
1894 4673 2110 4729 eversis

467 4769 815 4842 plerumque
847 4768 1114 4833 urbibus,
1149 4783 1213 4820 ac
1247 4765 1488 4837 proinde
1522 4764 1642 4835 pari
1675 4761 2025 4834 templorum
2046 4779 2110 4818 ac

471 4859 751 4914 mmnium
817 4861 1032 4927 strage,
1079 4855 1278 4910 eadem
1332 4854 1699 4909 sacerdotum
1749 4853 1902 4906 crede
1937 4856 2110 4922 atque

469 4947 704 5013 civium,
739 4961 804 5000 ac
835 4961 1030 4999 rerum
1064 4959 1362 4998 sacrarum
1403 4943 1896 5013 profanarumque
1947 4956 2108 4996 com-

467 5036 633 5093 muni
667 5035 963 5106 ereptione
993 5049 1059 5087 ac
1092 5032 1284 5104 prada
1316 5048 1328 5086 :
1369 5033 1458 5086 Tot
1491 5029 1770 5101 igitur,ait
1800 5028 2108 5084 Tertullia-

465 5141 577 5180 nus
607 5123 818 5197 (Ibid.),
853 5123 1147 5190 sacrilegia
1179 5121 1572 5175 Romanorum
1626 5126 1753 5191 quot
1782 5127 2007 5188 tropzea,
2040 5134 2108 5172 ex

463 5213 645 5269 sacris
676 5211 1053 5285 profanisque
1102 5213 1404 5280 captarum
1456 5207 1692 5262 urbium
1737 5205 1941 5279 spoliis
1991 5207 2108 5261 Ro-

461 5318 620 5358 mam
651 5305 951 5374 asportata
983 5318 999 5354 :
1035 5301 1129 5354 Tot
1159 5299 1232 5354 de
1262 5299 1398 5367 diis,
1431 5296 1533 5369 qui
1582 5295 1831 5368 patriam
1861 5310 2023 5350 suam
2051 5299 2108 5350 et

461 5390 659 5461 urbes,
689 5390 747 5444 in
781 5389 996 5463 quibus
1029 5386 1384 5452 colebantur,
1418 5383 1593 5440 tutari
1627 5400 1740 5438 non
1767 5388 2103 5455 potuerunt,

463 5486 593 5550 quat
616 5479 683 5534 de
707 5479 957 5548 gentibus
997 5475 1285 5546 triumphi.
1351 5477 1443 5532 Tot
1490 5472 1792 5540 manubiae,
1829 5479 1953 5543 quot
1982 5488 2102 5528 ma-

461 5571 596 5624 nent
621 5567 798 5622 adhuc
857 5567 1051 5622 Romis
1108 5565 1415 5620 simulacra
1473 5565 1822 5632 captivorum
1854 5559 2099 5617 deorum.

468 5655 877 5711 Manubiarum
913 5659 1104 5710 autem
1139 5669 1372 5719 nomen,
1406 5653 1476 5706 de
1505 5667 1620 5722 quo
1653 5665 1756 5704 nos
1789 5647 1926 5704 alibi
1956 5649 2099 5719 (Dis-

2219 1913 2459 1968 luerunt
2487 1911 2849 1980 adorationes,
2882 1918 2948 1970 ut
2976 1914 3083 1969 hoc
3117 1931 3330 1970 nomen
3358 1915 3647 1987 superiori
3682 1917 3865 1973 verbo

2218 2001 2445 2057 adorari
2499 2002 2870 2072 respondeat.
2932 2003 3079 2066 Quid
3148 2019 3304 2073 vero,
3353 2005 3402 2058 si
3453 2003 3868 2060 Tertullianus

2221 2089 2550 2161 signiﬁcare
2578 2088 2826 2144 voluerit
2881 2091 3020 2146 deos
3078 2107 3191 2146 non
3247 2091 3506 2163 potuisse
3564 2094 3867 2165 patienter

2222 2179 2367 2233 ferre
2398 2177 2786 2245 adulationes,
2822 2195 2921 2234 seu
2966 2196 3112 2235 vana
3159 2179 3353 2236 cultus
3397 2198 3599 2236 eorum
3633 2181 3873 2237 blandi-

2223 2271 2438 2335 menta,
2471 2265 2726 2336 quitum
2777 2267 2861 2322 eis
2911 2269 3322 2337 adulabantur,
3373 2287 3507 2325 cum
3558 2270 3874 2341 impietate

2222 2359 2276 2409 et
2298 2353 2619 2425 sacrilegiis
2642 2355 2841 2411 omnia
2856 2358 3165 2412 vastabant
3183 2357 3294 2413 ?At
3314 2374 3670 2430 quocunque
3693 2360 3873 2414 modo

2221 2443 2426 2499 1128
2478 2443 2788 2514 legendum
2839 2445 3140 2516 decernas,
3213 2447 3511 2502 latendum
3579 2453 3671 2504 est
3720 2448 3872 2504 nihil

2221 2549 2392 2604 posse
2425 2532 2562 2603 ﬁngi
2590 2533 2926 2602 absurdius,
2959 2552 3136 2605 quam
3171 2535 3462 2592 Romanos
3493 2553 3599 2592 sua
3634 2537 3693 2592 in
3724 2538 3870 2593 deos

2221 2620 2432 2692 pietate
2464 2622 2694 2676 auxisse
2725 2621 2955 2693 imperii
2987 2623 3079 2678 sui
3113 2623 3278 2692 fines,
3311 2641 3459 2696 quos
3491 2624 3662 2681 bellis
3695 2625 3874 2682 victo-

2223 2710 2462 2779 riisque,
2493 2715 2670 2781 atque
2695 2711 2909 2767 idcirco
2942 2729 3054 2767 non
3087 2713 3214 2768 sine
3242 2715 3585 2770 eorumdem
3616 2715 3870 2770 deorum

2220 2797 2437 2868 injuria
2466 2802 2636 2869 atque
2665 2799 3038 2866 contumelia,
3072 2808 3555 2873 propagaverant.

2220 2888 2356 2950 Qum
2401 2903 2570 2958 porro
2617 2887 2921 2960 hucusque
2969 2891 3351 2960 exposuimus
3381 2891 3730 2946 Tertulliani
3759 2893 3869 2947 ad-

2223 2992 2423 3031 versus
2467 2977 2860 3032 Romanorum
2913 2979 3050 3033 deos
3129 2984 3497 3050 argumenta,
3563 2979 3869 3051 plerisque

2220 3063 2428 3119 iisdem
2479 3064 2757 3120 Minutius
2808 3065 2980 3133 Felix,
3027 3069 3523 3138 quemadmodum
3575 3069 3634 3123 in
3677 3070 3878 3140 prima

2220 3157 2419 3209 nostra
2449 3153 2860 3210 dissertatione
2885 3155 3254 3211 ostendimus
3293 3158 3623 3228 (Dissertat.
3660 3159 3720 3212 in
3753 3161 3874 3214 Mi-

2218 3250 2337 3298 nut.
2371 3243 2552 3298 Octav.
2586 3259 2714 3312 cap.
2751 3244 2836 3310 16,
2870 3249 2977 3298 art.
3009 3247 3044 3298 2
3073 3251 3129 3300 et
3156 3246 3234 3308 3),
3269 3245 3464 3300 fictam
3518 3247 3874 3302 eorumdem

2221 3331 2532 3384 numinum
2565 3329 2931 3386 divinitatem
2963 3333 3228 3388 funditus
3260 3334 3486 3388 evertit.

2291 3436 2585 3507 Urgebant
2604 3440 2800 3493 tamen
2823 3438 3068 3493 Romani
3090 3440 3400 3511 cmterique
3420 3455 3624 3496 omnes
3647 3441 3878 3496 ethnici

2217 3541 2384 3580 veros
2414 3541 2542 3580 esse
2575 3526 2714 3580 deos
2747 3527 3012 3598 suos,qui
3047 3529 3356 3600 stupendis
3391 3529 3878 3599 signis,miracu-

2215 3614 2308 3682 lis,
2363 3613 2864 3685 prazdictionibus,
2936 3616 3207 3686 oraculis,
3277 3616 3745 3672 divinationibus
3813 3636 3880 3673 ac

2218 3701 2383 3757 factis
2415 3701 2790 3773 quibusdam,
2822 3720 2946 3776 quae
2973 3708 3214 3759 cunctas
3263 3711 3670 3760 creaturamm
3721 3707 3882 3763 vires

2215 3805 2492 3860 superare
2544 3788 2912 3857 videbantur,
2948 3807 3114 3844 suam
3169 3791 3532 3847 divinitatem
3575 3797 3632 3846 et
3675 3796 3880 3848 omni-

2215 3877 2536 3950 potentiam
2573 3895 2723 3948 saepe
2772 3879 2983 3950 saepius
3033 3881 3577 3951 comprobaverant.
3630 3885 3699 3935 Et
3747 3881 3878 3937 haec

2214 3970 2364 4020 certe
2395 3981 2521 4036 quas
2553 3970 2712 4019 extra
2743 3965 2982 4020 solitum
3013 3971 3234 4020 naturis
3280 3967 3545 4021 ordinem
3576 3973 3710 4022 acta
3739 3984 3880 4024 esse

2215 4053 2629 4125 opinabantur,
2665 4053 2899 4108 illorum
2933 4055 3132 4109 oculos
3159 4059 3214 4108 ot
3245 4061 3503 4110 mentem
3560 4057 3644 4111 sic
3695 4058 3878 4112 fasci-

2217 4147 2515 4207 naverant,
2552 4146 2616 4197 ut
2648 4159 2992 4212 persuasum
3022 4144 3259 4198 omnino
3317 4144 3630 4199 habuerint
3661 4161 3730 4199 ea
3762 4146 3881 4200 soli

2215 4232 2456 4286 deorum
2490 4231 2764 4303 potestati
2795 4248 2921 4286 esse
2949 4233 3284 4288 tribuenda.
3320 4234 3526 4288 Verum
3559 4234 3880 4289 Tertullia-

2216 4339 2328 4376 nus
2359 4322 2616 4377 ostendit
2643 4321 2794 4377 hanc
2824 4323 3391 4393 argumentationem
3426 4325 3498 4380 ab
3530 4324 3601 4379 iis
3631 4329 3878 4381 tantum

2218 4410 2460 4482 proferri
2493 4415 2548 4464 et
2580 4410 2908 4482 urgeri,qui
2941 4428 3135 4467 veram
3169 4412 3521 4483 ignorabant
3550 4414 3880 4470 eil‘ectuum

2214 4499 2451 4554 illorum
2482 4515 2737 4554 causam.
2771 4500 3022 4556 Semotis
3045 4502 3258 4573 quippe
3286 4503 3562 4557 inanibus
3596 4503 3877 4574 prejudi-

2219 4587 2341 4654 ciis,
2397 4604 2711 4658 agnoscere
2759 4594 3075 4660 potuerunt
3122 4607 3188 4644 ea
3234 4591 3429 4645 omnia
3479 4592 3629 4646 facta
3684 4593 3880 4648 fuisse

2220 4678 2549 4732 daamonum
2584 4677 2845 4748 agilitate
2878 4677 3150 4746 maxima,
3184 4677 3359 4734 malis
3408 4681 3656 4748 artibus,
3693 4681 3879 4748 dolis,

2220 4765 2524 4820 fraudibus
2547 4782 2610 4820 ac
2644 4765 2975 4838 praestigiis,
3011 4767 3227 4838 quibus
3259 4767 3318 4822 hi
3360 4769 3635 4824 mendces
3667 4771 3876 4841 impu-

2219 4853 2384 4924 rique
2415 4853 2656 4924 spiritus
2691 4854 2945 4910 incautis
2977 4855 3316 4913 hominibus
3339 4856 3507 4928 plano
3533 4856 3882 4913 illudebant

2219 4941 2338 4996 Huc
2370 4942 2543 4996 etiam
2577 4942 2818 5008 accedit,
2851 4944 3003 5014 quod
3039 4943 3255 4998 ethnici
3286 4945 3514 5001 inficias
3547 4946 3629 5001 ire
3662 4949 3882 5017 nequi-

2217 5031 2358 5084 bant
2389 5030 2557 5101 plura
2574 5031 3053 5087 extraordinariis
3084 5033 3347 5104 deorum,
3396 5034 3480 5089 uti
3542 5036 3883 5107 putabant,

2216 5136 2457 5175 suorum
2493 5119 2658 5174 factis
2687 5119 2907 5175 similia
2941 5121 3010 5176 ab
3041 5121 3378 5178 hominibus
3411 5123 3614 5196 magiae
3647 5125 3884 5182 deditis

2215 5209 2552 5264 eorumdem
2604 5209 2933 5265 demonum
3015 5208 3167 5265 dolis
3218 5227 3283 5266 ac
3350 5212 3658 5268 fraudibus
3709 5214 3884 5270 edita

2217 5297 2418 5353 fuisse.
2450 5297 2587 5362 Quis
2609 5313 2766 5369 ergo,
2799 5297 2909 5352 nisi
2947 5297 3222 5369 insaniat,
3269 5300 3376 5357 hos
3427 5300 3642 5356 idcirco
3693 5319 3883 5360 veros

2215 5386 2352 5441 deos
2382 5403 2509 5442 esse
2537 5386 2742 5442 dicerit
2770 5389 2793 5442 Ρ
2819 5389 2952 5455 Quis
3001 5405 3173 5460 porro
3213 5405 3280 5444 ac
3327 5391 3532 5461 quanti
3585 5391 3884 5462 ponderis

2213 5475 2334 5530 sint
2385 5474 2504 5530 haec
2548 5480 2917 5548 argumenta,
2967 5476 3185 5548 quibus
3248 5477 3648 5534 Tertullianus
3713 5478 3880 5538 illud

2213 5563 2477 5635 probavit
2509 5564 2701 5635 (Supr.
2736 5580 2863 5637 cap.
2911 5564 2965 5632 8,
2999 5570 3110 5620 art.
3148 5567 3180 5621 3
3230 5571 3288 5622 et
3319 5567 3532 5640 seqq.),
3586 5570 3887 5641 superius

2211 5650 2513 5708 enucleare
2547 5669 2610 5707 ac
2642 5653 2968 5724 patefacere
2998 5655 3510 5713 cont.endimus.ln
3544 5658 3888 5730 superiori-
