4162 6358
262 335 289 393 1
301 333 421 392 229

1177 332 1252 390 D.
1298 331 1393 393 LE
1439 332 1766 393 NOURRY
1809 328 2464 391 OBSERVATIONES
2505 328 2766 389 NOVE.

3518 324 3680 390 “30

259 466 371 519 bus
431 462 603 519 etiam
662 461 1174 518 dissertationibus
1231 462 1349 517 haec
1409 466 1465 517 et
1539 462 1652 518 alia
1718 462 1990 529 adhucA
2023 460 2153 516 tull.
2186 461 2643 532 Apologet.,cap.
2680 459 2766 525 10,
2819 474 2876 531 ρ.
2937 458 3065 527 330,
3116 463 3172 514 et
3218 474 3346 530 cap.
3397 457 3485 528 25,
3541 474 3678 531 pag.

260 556 429 626 plura
486 551 930 623 exllanavimus
980 552 1287 619 (Dissertat.
1354 553 1408 605 in
1470 550 1660 606 Minut.
1724 551 1909 607 Octav.

260 661 387 715 cap.
427 643 510 705 16,
544 647 653 696 art.
686 642 705 695 1
742 645 797 695 et
830 647 1093 711 seqq.;et
1126 641 1415 696 Dissertat.
1442 642 1497 695 in
1531 640 1911 711 Arnob.,c.18,

260 739 370 789 art.
408 736 429 786 1
468 737 524 786 et
556 747 760 801 seqq.;
797 734 853 784 et
901 731 1179 785 Dissertat.
1232 732 1289 784 in
1343 732 1592 785 Lactant.
1648 747 1775 800 cap.
1821 728 1910 794 32,

261 827 368 878 art.
406 820 478 892 4),
513 820 732 890 quibus
764 817 862 873 alii
917 822 1127 873 nostra:
1178 818 1479 890 religionis
1527 822 1913 874 assertatores

261 928 326 966 ac
362 910 622 965 vindices
670 906 831 963 illam
878 906 1187 979 gentilium
1241 908 1574 978 Opinionem
1623 912 1676 963 et
1733 924 1910 980 argu-

262 999 683 1055 mentationem
715 997 997 1052 radicitus
1028 1002 1436 1052 excusserunt.

860 1122 1089 1177 CAPUT
1123 1122 1312 1177 XXIX.

394 1232 466 1287 De
495 1231 715 1286 deorum
746 1230 1101 1298 imaginibus,
1133 1230 1332 1284 statuis
1363 1233 1413 1284 et
1440 1230 1773 1285 simulacris.

784 1352 1102 1391 ARTICULUB
1144 1353 1384 1391 PRIMUS.

258 1445 462 1515 Quibus
490 1444 837 1512 argumentis
882 1442 1259 1515 Tertultiianus
1308 1443 1638 1498 demonstret
1686 1441 1909 1497 colenda

326 1535 439 1570 non
496 1533 610 1571 esse
657 1515 883 1569 deorum
934 1514 1255 1579 simulacra,
1301 1530 1427 1585 qua:
1458 1516 1612 1569 nulla
1641 1520 1769 1568 ante
1794 1515 1909 1568 Nu-

325 1606 472 1642 mam
526 1588 895 1657 Pompilium,
956 1603 1020 1640 ac
1080 1586 1241 1655 longo
1318 1588 1576 1657 deinceps
1652 1591 1907 1653 tempore,

329 1662 519 1715 Romae
546 1664 773 1731 fuerunt
791 1675 809 1717 .·
843 1672 970 1727 qua:
1020 1673 1089 1711 ex
1134 1658 1323 1731 eadem
1374 1660 1608 1713 materia
1658 1674 1723 1712 ac
1772 1659 1911 1711 vilia

324 1730 551 1786 vascula
592 1734 743 1800 facta
791 1734 983 1794 erant;
1035 1744 1158 1799 qum
1208 1730 1448 1784 ridicula
1507 1731 1909 1784 consecratione

324 1804 508 1876 fatum
540 1806 887 1857 mutaverunt
917 1816 1248 1876 summ-qua:
1276 1802 1581 1876 artiﬁcibus
1612 1802 1905 1876 fabricata,

328 1873 503 1930 uariis
531 1875 883 1929 contumeliis
916 1890 947 1927 a
996 1876 1182 1927 bestzis
1232 1873 1650 1943 hominibusque
1701 1874 1908 1943 afﬁcie-

325 1948 558 2004 bantur:
591 1963 654 2000 ac
702 1962 866 2016 quam
910 1944 1143 1999 absurde
1193 1945 1371 1999 bestiae
1425 1946 1633 2012 Libero,
1693 1945 1911 2015 Cybelae

324 2024 373 2073 et
404 2020 622 2073 Czelesti
647 2020 937 2089 applicata:
966 2018 1100 2071 sint.

325 2110 471 2163 Cum
530 2107 670 2161 satis
730 2122 1022 2177 superque
1081 2106 1547 2159 demonstratum
1602 2104 1677 2160 sit
1733 2104 1911 2159 falsos

259 2198 570 2267 nullosque
603 2213 731 2251 esse
760 2195 1068 2266 gentilium
1104 2195 1262 2261 deos,
1297 2195 1431 2249 inde
1464 2194 1794 2249 necessario
1827 2211 1912 2247 se-

257 2287 463 2356 quitur
492 2302 660 2353 vana,
694 2302 759 2340 ac
789 2283 949 2338 nullo
1002 2283 1237 2354 penitus
1290 2284 1506 2338 honore
1558 2284 1735 2353 digna
1784 2300 1912 2338 esse

256 2374 497 2428 illorum
535 2374 872 2439 simulacra,
906 2378 1127 2427 statuas
1151 2378 1207 2427 et
1247 2372 1555 2443 imagines.
1590 2375 1722 2437 Quae
1755 2373 1908 2425 enim

267 2462 401 2518 falsi
459 2462 574 2527 dei,
634 2462 841 2517 1129
903 2462 1015 2515 nisi
1075 2462 1222 2515 falsa
1280 2463 1473 2531 imago
1522 2478 1650 2515 esse
1681 2462 1917 2532 potest?

259 2556 571 2621 Nunquam
625 2567 761 2621 ergo
811 2567 1025 2621 magna
1074 2550 1200 2605 sine
1250 2550 1547 2621 impietate
1599 2550 1811 2605 colitur
1858 2555 1915 2605 et

257 2642 551 2695 adoretur.
601 2639 1001 2695 Tertullianus
1068 2644 1264 2694 tamen
1324 2639 1481 2693 hunc
1540 2640 1908 2694 ethnicorum

260 2746 522 2785 errorem
572 2727 968 2800 peculiaribus
1018 2729 1373 2799 quibusdam
1424 2727 1682 2800 explodit
1728 2746 1913 2799 expu-

260 2824 519 2891 gnatque
550 2817 897 2885 rationibus,
933 2833 1059 2888 quae
1091 2834 1247 2873 nunc
1279 2834 1310 2872 a
1344 2818 1514 2873 nobis
1557 2817 1913 2888 explicandae

261 2914 423 2965 sunt.

325 2996 455 3052 Jam
486 3012 621 3051 vero
646 2994 814 3049 illum
842 2992 1177 3048 audivimus
1200 2994 1481 3049 dicentem
1501 2994 1663 3049 nulla
1694 2996 1913 3059 Hamas,

259 3090 544 3157 regnante
594 3084 786 3139 Numa
838 3080 1142 3153 Pompilio,
1193 3087 1250 3137 et
1297 3090 1431 3138 ante
1476 3082 1633 3139 illius
1684 3089 1909 3139 atatem

258 3175 412 3229 facta
442 3173 625 3228 fuisse
655 3170 976 3229 simulacra
1004 3176 1106 3226 aut
1137 3172 1424 3243 imagines
1456 3173 1697 3228 deorum
1749 3176 1901 3244 (Cap.
1939 3208 1981 3274 Β

258 3280 454 3335 super.
508 3268 615 3318 art.
670 3263 742 3333 1).
794 3282 823 3310 κ
875 3261 1101 3315 Etenim
1145 3263 1429 3330 nondum,
1482 3262 1694 3333 inquit,
1735 3266 1905 3317 tunc—

255 3351 491 3423 ingenia
512 3352 840 3407 Graecorum
862 3354 1038 3421 atque
1059 3351 1387 3405 Tuscorum
1413 3352 1703 3422 fingendis
1725 3352 1911 3406 simu-

256 3440 432 3495 lacris
503 3441 710 3496 Urbem
778 3439 1210 3495 inundaverant
1276 3440 1546 3511 (Tertull.
1614 3442 1911 3514 Apotoget.,

258 3546 386 3601 cap.
427 3530 517 3596 25,
550 3545 682 3601 pag.
736 3530 880 3583 430i.
935 3528 1016 3582 Ibi
1067 3545 1201 3583 vero
1252 3527 1510 3585 alludere
1556 3530 1793 3585 videtur
1841 3531 1911 3585 ad

256 3619 509 3686 Tatiani,
564 3618 715 3673 sicut
746 3616 883 3673 alibi
917 3618 1443 3673 animadvertimus
1474 3619 1639 3689 (tom.
1677 3620 1697 3674 Ι
1734 3621 1913 3691 Appa-

260 3712 392 3774 rat.,
428 3723 556 3779 pag.
590 3707 741 3775 543),
774 3711 833 3760 et
861 3705 1111 3761 aliorum
1144 3708 1503 3777 opinionem,
1545 3710 1645 3779 qui
1696 3709 1916 3764 Tuscos

260 3796 405 3851 artis
450 3796 660 3866 figlinaa
713 3796 1289 3866 simulacrorumque
1338 3814 1406 3851 ex
1436 3804 1593 3851 creta
1624 3803 1680 3852 et
1711 3799 1918 3870 argilla

260 3885 671 3953 ﬁngendorum
704 3883 1039 3940 inventores
1065 3885 1246 3940 fuisse
1268 3886 1916 3959 existimabant.Nequc

262 3973 386 4027 haec
413 3978 610 4027 tamen
661 3972 903 4026 deorum
958 3972 1276 4028 simulacra
1328 3974 1574 4030 Romam
1621 3982 1919 4047 asportata

265 4065 425 4126 sunt,
463 4061 664 4113 statim
700 4064 874 4129 atque
907 4060 1095 4115 Numa
1128 4060 1454 4132 Pompilius
1488 4072 1758 4118 mortuus
1808 4069 1915 4119 est.

264 4148 510 4205 Romani
543 4147 933 4218 siquidem,ut
964 4148 1239 4203 laudatus
1272 4150 1344 4205 ab
1374 4154 1695 4221 Augustino
1720 4154 1917 4221 Varro,

266 4243 321 4294 et
350 4238 619 4294 Clemens
652 4234 1075 4292 Alexandrinus
1107 4241 1421 4305 testantur,
1455 4240 1595 4295 deos
1630 4258 1769 4297 suos
1820 4259 1921 4313 per

265 4333 503 4381 centum
539 4324 914 4396 septuaginta
944 4332 1001 4381 et
1032 4325 1289 4398 amplius
1323 4344 1509 4383 annos
1558 4330 1684 4384 sine
1734 4331 1920 4386 simu-

265 4414 439 4470 lacris
497 4414 823 4470 coluerunt.
881 4414 991 4470 Sed
1050 4417 1121 4471 de
1163 4416 1256 4471 his
1287 4417 1343 4471 in
1377 4417 1691 4487 cilatojam
1725 4424 1921 4492 Appa-

270 4509 434 4559 ratus
489 4504 674 4557 nostri
744 4508 901 4559 tomo
960 4505 1397 4576 disputavimus
1453 4508 1663 4577 (ibid.).
1723 4509 1921 4581 ibique

269 4598 551 4665 praeterea
583 4592 951 4648 ostendimus
983 4594 1235 4649 Numam
1281 4596 1558 4665 vetuisse,
1614 4615 1684 4653 ne
1736 4599 1921 4656 ullum

271 4682 655 4738 simulacrum
690 4680 878 4737 ullave
910 4681 1104 4753 imago
1138 4683 1317 4738 fieret.

338 4775 445 4828 Per
473 4778 660 4827 totum
694 4772 893 4842 itaque
926 4772 1071 4826 illud
1108 4778 1363 4844 tempus,
1398 4792 1514 4845 quo
1550 4776 1797 4832 Romani
1832 4778 1923 4834 his

272 4866 587 4917 caruerunt
630 4878 641 4916 :
688 4863 849 4931 Deus,
903 4862 983 4916 ait
1028 4861 1444 4933 Tertullianus,
1498 4868 1608 4935 ipse
1656 4884 1923 4938 nusquam

274 4949 533 5021 (Tertull.
572 4951 885 5021 .4pol09et.,
919 4968 1045 5022 cap.
1078 4952 1167 5018 25,
1203 4970 1258 5023 p.
1294 4953 1437 5023 430).
1475 4954 1589 5009 Cur
1618 4972 1774 5028 ergo,
1810 4957 1922 5011 nisi

273 5040 414 5110 quia
443 5038 661 5094 ethnici
692 5038 752 5093 in
786 5039 1050 5094 animum
1085 5040 1434 5097 induxerant
1463 5044 1706 5099 deorum
1739 5046 1923 5102 simu-

276 5127 434 5183 lacra
490 5129 680 5199 reipsa
739 5144 878 5183 suos
936 5143 1065 5183 esse
1122 5128 1297 5184 deos?
1354 5130 1421 5184 Et
1466 5148 1597 5188 vero
1658 5134 1923 5191 Clemens

270 5217 725 5287 Alexandrinus,
781 5234 814 5271 a
864 5216 1033 5271 nobis
1075 5216 1250 5273 etiam
1283 5216 1419 5273 alibi
1452 5219 1727 5279 laudatus
1758 5228 1919 5294 (tom.

271 5311 298 5361 Ι
326 5309 623 5378 Apparat.,
656 5320 790 5377 pag.
836 5305 985 5375 734),
1038 5304 1192 5359 haud
1244 5306 1583 5365 dubitanter
1631 5320 1924 5370 asseverat

271 5395 701 5469 posterioribus
760 5393 878 5450 illis
926 5395 1289 5466 temporibus
1336 5397 1501 5454 ﬁctos
1556 5401 1627 5455 ab
1677 5402 1921 5460 ethnicis

270 5488 435 5553 deos,
492 5502 637 5556 quos
691 5483 1032 5539 adorabunt.
1084 5486 1473 5551 Quamobrem
1526 5489 1922 5550 Tertullianus

268 5574 409 5633 alibi
483 5573 707 5631 dixerat
763 5574 902 5630 deos
950 5574 1020 5630 ab
1053 5573 1265 5630 iisdem
1297 5575 1548 5636 ethnicis
1579 5583 1855 5639 testimari
1890 5601 1923 5641 a

274 5665 535 5739 templis,
572 5664 670 5723 ubi
702 5664 1016 5724 simulacra
1053 5682 1255 5724 eorum
1305 5668 1497 5740 posita
1544 5676 1711 5731 erant
1759 5674 1919 5745 (Ter-

2023 551 2167 619 427).
2227 550 2372 605 Alibi
2431 566 2566 604 vero
2626 548 2827 603 eadem
2889 549 3129 602 deorum
3180 546 3516 613 simulacra,
3551 564 3677 618 qua:

2025 639 2294 706 Romani,
2332 644 2397 693 ut
2428 643 2597 694 antea
2628 636 2993 702 dicebamus,
3018 640 3263 691 Romam
3300 635 3358 689 in
3392 636 3678 708 triumphi

2024 744 2297 798 pompam
2334 727 2690 792 deferebant,
2744 724 3003 796 captivos
3062 725 3201 779 deos
3245 723 3519 796 appellat.
3570 725 3676 780 Sed

2021 833 2451 888 supervacuum
2484 821 2571 871 est
2603 815 2710 871 hoc
2743 814 3013 886 pluribus
3045 814 3275 885 probari
3304 814 3458 885 quod
3482 814 3552 869 ab
3575 812 3673 869 illo

2021 908 2241 977 ubique
2274 906 2492 977 passim
2527 922 2626 976 pro
2656 910 2811 960 certo
2847 904 3289 976 ponitur,atque
3320 919 3453 959 mox
3481 902 3677 959 dicen-

2021 995 2112 1050 dis
2148 994 2516 1051 manifestius
2548 994 2789 1066 patebit.
2910 1050 2911 1053 η

2093 1088 2320 1151 Quanta
2353 1089 2549 1139 autem
2579 1083 2839 1139 cmcitate
2874 1098 2887 1136 :
2920 1082 3062 1137 Deus
3092 1097 3271 1146 verus,
3310 1080 3505 1154 inquit
3551 1080 3672 1153 ille,

2021 1175 2092 1230 ab
2160 1173 2410 1230 ethnicis
2478 1172 2796 1245 spernitur,
2864 1170 3052 1226 eidem
3104 1171 3361 1242 profecto
3430 1172 3672 1227 deorum

2020 1266 2220 1321 statua:
2257 1263 2565 1319 adorantur
2612 1262 2811 1332 (idem,
2862 1260 3165 1331 Apologet.,
3216 1276 3341 1331 cap.
3394 1259 3483 1330 41,
3536 1276 3669 1332 pag.

2020 1354 2167 1421 488).
2222 1353 2369 1420 Quid
2421 1352 2577 1408 enim
2628 1350 2687 1405 in
2739 1351 2821 1405 eis
2853 1349 3289 1421 deprehendere
3319 1352 3464 1418 erat,
3497 1370 3525 1397 «
3560 1348 3676 1404 nisi

2022 1441 2301 1497 materias
2330 1458 2559 1497 sorores
2622 1457 2751 1495 esse
2818 1438 3187 1493 vasculorum
3244 1437 3674 1494 instrumento-

2022 1547 2273 1601 rumque
2322 1529 2755 1595 communium,
2803 1528 2888 1583 vel
2940 1543 3009 1583 ex
3055 1526 3277 1582 eisdem
3330 1526 3587 1582 vasculis
3618 1530 3677 1582 et

2022 1620 2458 1690 instrumentis,
2482 1619 2651 1691 quasi
2684 1620 2870 1674 fatum
2904 1618 3343 1674 consecratione
3378 1621 3675 1673 mutantes

2020 1708 2259 1764 licentia
2288 1709 2430 1764 artis
2462 1708 2963 1777 transfigurante?
2993 1732 3015 1760 ι
3054 1707 3221 1779 (Ibid.
3255 1723 3382 1778 cap.
3418 1707 3504 1774 12,
3539 1723 3673 1779 pag.

2019 1800 2209 1868 339.).
2278 1798 2472 1854 Palam
2542 1799 2741 1869 itaque
2809 1797 3152 1869 pronuntiat
3218 1795 3672 1852 simulacrorum

2017 1890 2306 1958 materias,
2340 1888 2459 1943 sive
2493 1886 2650 1959 ligna
2695 1891 2752 1942 et
2799 1885 3056 1957 metalla,
3110 1885 3328 1958 quibus
3378 1884 3479 1941 illa
3521 1886 3675 1943 facta

2019 1982 2207 2043 erant,
2241 1978 2444 2033 eadem
2476 1976 2679 2042 fuisse,
2714 1980 2890 2047 atque
2918 1974 3293 2031 vasculorum
3343 1979 3400 2031 et
3447 1975 3671 2031 instru-

2019 2072 2372 2134 mentorum,
2407 2083 2534 2137 quaa
2574 2064 2872 2119 communi
2905 2069 2961 2119 et
2992 2065 3344 2137 quandoque
3381 2064 3670 2121 vilissimo

2022 2157 2327 2212 hominum
2391 2155 2523 2210 usui
2575 2154 3056 2209 destinabantur.
3110 2154 3313 2209 Fatum
3362 2154 3560 2225 itaque
3605 2172 3671 2211 ac

2021 2250 2239 2300 sortem
2290 2262 2456 2299 suam
2512 2248 2904 2311 mutaverant,
2957 2241 3210 2312 primum
3246 2242 3483 2314 quidem
3517 2243 3671 2297 arbi-

2020 2336 2131 2389 trio
2163 2340 2218 2389 et
2249 2333 2490 2388 libidine
2522 2332 2814 2387 artificum
2847 2348 2880 2386 a
2910 2331 3127 2403 quibus
3175 2330 3371 2386 efficta
3418 2330 3673 2402 fuerant,

2022 2439 2088 2479 ac
2145 2423 2353 2478 deinde
2381 2420 2630 2477 ridicula
2674 2419 3133 2487 consecratione,
3167 2436 3283 2491 qua
3312 2420 3548 2475 demum
3576 2438 3674 2476 ac-

2024 2517 2209 2584 cepta,
2243 2516 2522 2582 tanquam
2554 2510 2677 2565 veri
2721 2510 2803 2564 dii
2849 2527 2881 2565 a
2926 2508 3245 2581 gentilibus
3305 2507 3672 2565 colebantur.

2022 2602 2132 2656 Sed
2165 2602 2286 2657 haec
2336 2600 2475 2656 alibi
2523 2599 2713 2654 fusius
2764 2597 3058 2670 prosecuti
3107 2615 3316 2653 SUIILUS
3365 2598 3674 2670 (Dissertat.

2022 2694 2083 2746 in
2112 2692 2340 2762 Arnob.,
2402 2707 2527 2762 cap.
2593 2691 2678 2757 19,
2739 2692 2849 2743 art.
2910 2688 2989 2758 4),
3050 2688 3256 2743 1130
3314 2686 3676 2760 planumque

2022 2782 2267 2837 fecimus
2328 2796 2506 2852 quam
2563 2794 2779 2835 vesana
2838 2782 2894 2832 et
2939 2778 3195 2833 absurda
3225 2777 3300 2833 sit
3329 2777 3449 2833 haec
3479 2777 3675 2834 ethni-
3780 2818 3783 2819 ν

2023 2887 2225 2926 corum
2260 2870 2477 2941 opinio.

2093 2962 2227 3026 Quae
2260 2959 2554 3013 enimvero
2586 2958 2776 3027 major
2806 2955 3048 3011 infamia
3077 2971 3207 3011 esse
3254 2959 3445 3026 potest
3492 2971 3670 3027 quam

2020 3049 2219 3103 divino
2268 3048 2487 3103 honore
2537 3046 2814 3118 prosequi
2848 3046 3009 3113 deos,
3042 3046 3141 3117 qui
3170 3045 3440 3115 metallis,
3472 3045 3669 3116 inquit

2021 3136 2434 3203 Tertullianus,
2466 3140 2763 3191 censentur
2793 3133 3061 3206 (Tertull.
3095 3132 3400 3206 Apologct.,
3420 3149 3547 3205 cap.
3579 3135 3665 3201 12,

2021 3243 2150 3299 pag.
2183 3226 2335 3294 339.)
2362 3225 2835 3281 subaudiendum
2868 3224 3023 3279 haud
3056 3224 3232 3278 dubie
3261 3224 3369 3278 orti
3396 3230 3447 3278 et
3490 3224 3674 3293 facti?

2019 3314 2320 3372 Juvenalis
2355 3331 2609 3384 namque
2641 3315 2843 3370 eodem
2871 3330 3045 3369 sensu
3071 3312 3179 3367 hoc
3202 3312 3443 3368 verbum
3467 3313 3675 3368 censeri

2022 3403 2312 3471 adhibuit,
2347 3403 2445 3459 ubi
2477 3404 2721 3459 canebat
2748 3420 2761 3457 :

2151 3532 2386 3581 Stemata
2414 3528 2542 3591 quid
2573 3528 2813 3578 faciunt?
2842 3528 2970 3591 quid
3002 3527 3212 3589 prodes,
3245 3527 3482 3588 Pantice,
3511 3526 3676 3590 longo

2150 3592 2421 3655 Sanguine
2452 3592 2698 3642 censeri?
2798 3628 2810 3640 .
2913 3624 2927 3638 .

2880 3625 3143 3735 (iuvenal.
3174 3625 3332 3720 .satii'.
3361 3670 3408 3730 8,
3437 3684 3489 3719 ν.
3524 3673 3587 3735 1.)

2100 3800 2178 3854 Ad
2216 3800 2331 3854 haec
2363 3802 2594 3865 vero,ut
2625 3798 2743 3852 haec
2776 3798 3019 3853 deorum
3048 3795 3366 3852 simulacra
3394 3811 3463 3851 ex
3485 3794 3686 3850 metal-

2026 3890 2100 3944 lis
2132 3889 2356 3951 lierent,
2391 3891 2461 3943 ab
2492 3886 2889 3959 imperatoris,
2921 3886 3022 3956 qui
3060 3886 3266 3940 horum
3319 3890 3443 3939 erat
3494 3884 3682 3939 domi-

2032 3996 2165 4048 nus,
2201 3978 2486 4049 pendebat
2516 3976 2757 4031 arbitrio
2786 3975 3054 4047 (Tertull.
3087 3975 3393 4043 Apoleget.,
3428 3988 3556 4043 cap.
3589 3973 3680 4043 29,

2030 4084 2163 4139 pag.
2198 4068 2345 4137 439).
2381 4066 2484 4122 Pro
2536 4065 2694 4120 illius
2746 4082 2882 4136 ergo
2934 4069 3081 4119 nutu
3131 4080 3196 4118 ac
3245 4062 3546 4119 voluntate
3600 4061 3681 4115 dii

2030 4156 2114 4210 illi
2149 4156 2388 4221 fiebant,
2419 4154 2505 4211 vel
2539 4153 3238 4225 rejiciebantur.Quantio
3270 4151 3513 4222 insuper
3542 4166 3679 4204 con-

2028 4245 2289 4299 tumeliis
2322 4247 2391 4299 ab
2424 4244 2750 4299 artificibus
2801 4244 3105 4314 finguntur
3153 4238 3684 4311 fabricunturque?

2030 4333 2289 4387 Primum
2322 4335 2491 4397 cruci,
2527 4332 2609 4386 ait
2634 4330 3028 4386 Tertullianus
3060 4331 3242 4401 (lbid.,
3275 4346 3401 4400 cap.
3443 4331 3522 4397 12,
3551 4344 3683 4399 pag.

2030 4422 2175 4489 339),
2208 4438 2272 4475 ac
2300 4422 2473 4491 stipiti
2500 4422 3189 4490 superstruuntnr,asciis
3220 4418 3428 4472 deinde
3477 4416 3685 4470 dolan-

2029 4517 2146 4576 tur,
2181 4515 2237 4565 et
2270 4515 2546 4565 secantur
2586 4509 2859 4574 runcinis,
2916 4509 3036 4563 sive
3092 4507 3269 4563 serris
3330 4505 3680 4576 majoribus,

1951 4584 2000 4646 D
2032 4604 2089 4654 et
2144 4600 2404 4666 scabinis,
2440 4598 2496 4652 id
2556 4606 2661 4663 est,
2696 4597 2853 4651 limis
2888 4595 3315 4668 perpoliuntur.
3346 4595 3492 4661 Quid
3527 4611 3681 4661 vero,

2035 4690 2187 4759 quod
2218 4693 2351 4743 ante
2374 4687 2693 4758 plumbum,
2725 4686 2887 4741 addit
2918 4685 3033 4751 ille,
3083 4686 3381 4756 glutinum,
3434 4687 3483 4739 et
3529 4700 3683 4753 gout-

2030 4780 2181 4851 phos,
2219 4778 2401 4834 Graece
2447 4776 2713 4853 γόμφους,
2750 4776 2871 4830 sive
2902 4775 3114 4842 clavos,
3147 4775 3360 4845 quibus
3420 4773 3686 4845 compin-

2035 4874 2276 4940 guntur,
2308 4869 2428 4921 sine
2457 4869 2632 4936 capite
2661 4874 2789 4919 sunt
2822 4864 2950 4919 dii?
2981 4864 3134 4935 )Var.
3168 4863 3269 4919 lib.
3304 4882 3360 4920 IV
3407 4864 3473 4919 de
3524 4863 3682 4932 Ling.

2033 4960 2224 5012 Latin.
2260 4972 2390 5028 pag.
2419 4956 2533 5025 54.)
2570 4955 2769 5011 Nonne
2801 4959 2995 5009 autem
3029 4954 3122 5009 his
3155 4954 3346 5011 verbis
3394 4952 3687 5024 significat

2034 5045 2334 5101 simulacri
2369 5048 2545 5116 caput
2575 5044 2901 5115 snparatim
2936 5043 3175 5110 factum,
3215 5042 3683 5114 impositumque

2036 5140 2239 5206 postea
2270 5133 2397 5204 ejus
2431 5132 2681 5204 corpori,
2716 5131 3013 5204 clavisque
3045 5131 3129 5186 illi
3163 5131 3450 5187 afﬂixum.

2104 5225 2209 5280 Sed
2248 5225 2417 5279 hasce
2449 5222 2824 5294 ignominias,
2864 5227 2930 5277 ut
2984 5220 3082 5276 ille
3133 5221 3212 5275 ait
3260 5217 3531 5291 (Tertull.
3582 5221 3684 5274 loc.

2032 5318 2151 5384 cit.,
2204 5330 2335 5385 pag.
2366 5314 2514 5383 339),
2549 5311 2609 5367 hi
2655 5316 2995 5384 praestantes
3053 5311 3130 5364 dii
3175 5310 3296 5364 sive
3343 5306 3685 5375 simulacra,

2033 5403 2195 5459 nullo
2252 5403 2380 5458 vita;
2438 5403 2579 5456 llatu
2639 5401 2921 5468 animata,
2973 5417 3085 5455 non
3135 5398 3419 5455 sentiunt.
3469 5399 3687 5453 Statuas

2032 5493 2324 5550 enimvero
2344 5489 2943 5563 etfrigidaaimagines
2976 5493 3341 5545 mortuorum
3374 5487 3685 5543 hominum

2032 5582 2343 5649 similimaz,
2407 5581 2559 5637 sicut
2602 5578 3000 5636 fabricationis
3060 5596 3178 5634 sua:
3229 5578 3508 5636 dedecore
3566 5593 3684 5633 non

2031 5678 2377 5748 tanguntur,
2442 5672 2524 5729 ita
2581 5686 2687 5728 nec
2746 5669 3119 5728 adorantium
3177 5668 3341 5728 cultu
3406 5670 3464 5725 et
3512 5665 3683 5728 obse-
