4162 6358
386 366 410 422 1
427 365 541 424 233

1718 8 2949 37 Ἥ

1324 367 1397 425 D.
1443 366 1543 427 LE
1587 366 1912 428 NOURRY
1958 364 2606 429 OBSERVATIONES
2653 365 2911 426 NOV/ﬂ.

3652 367 3805 428 1234

384 497 525 565 tius,
559 496 639 552 ait
689 493 1107 568 Tertullianus,
1156 500 1403 557 fortasse
1453 515 1628 571 quam
1677 499 1872 555 verius
1906 515 1919 553 :
1972 499 2029 554 Si
2059 500 2111 566 Α
2144 502 2232 554 est
2264 515 2465 554 omnes
2499 498 2735 553 illorum
2769 498 2908 553 deos
2933 501 3031 552 aut
3063 498 3416 553 domesticos
3439 501 3496 553 et
3526 493 3802 570 privatos’

382 587 462 641 dii
514 587 867 659 scliguntur,
928 592 992 643 ut
1052 588 1235 659 bulbi,
1298 590 1503 661 utique
1561 588 1750 645 centeri
1799 589 2028 662 reprobi

2141 595 2245 643 aut
2275 606 2621 644 communes
2653 592 2709 643 et
2742 587 3007 660 publicos
3044 588 3245 642 fuisse.
3278 587 3455 641 Primi
3491 593 3684 643 autem
3718 589 3797 644 la—

372 677 743 749 judicantur.
786 679 909 733 Non
960 678 1069 735 hoc
1119 680 1269 736 dico.
1323 680 1501 735 Video
1544 681 1701 735 enim
1752 680 1927 735 etiam
1962 696 2030 735 ex
2140 694 2231 733 res
2263 683 2319 733 et
2362 682 2601 749 penates
2650 677 3031 747 vocabantur,
3066 694 3213 748 quos
3249 677 3660 747 unusquisque
3692 678 3795 733 do-

378 766 610 823 selectis
671 768 838 841 seligi
898 769 1127 842 aliquos
1159 772 1227 825 ad
1264 769 1498 842 aliquod
1560 770 1752 840 majus
1785 774 1842 825 et
1882 786 2025 841 pras-

376 857 652 926 stantius,
715 857 868 915 sicut
944 859 1002 914 in
1079 859 1309 932 militia,
1378 876 1510 915 cum
1570 864 1804 931 tyrones
1860 858 2026 914 electi

371 947 609 1017 fuerint,
642 963 711 1003 ex
749 947 841 1004 his
888 964 1120 1021 quoque
1168 948 1467 1021 eliguntur
1505 949 1576 1005 ad
1610 965 1757 1021 Opus
1789 947 2023 1020 aliquod

371 1037 567 1107 majus
599 1053 900 1093 armorum
928 1081 940 1093 .
978 1080 991 1093 .
1028 1078 1042 1092 .
1078 1079 1091 1094 .
1116 1043 1240 1093 Non
1273 1056 1423 1110 opus
1454 1044 1541 1095 est
1569 1037 1755 1095 multa
1787 1054 2023 1109 percur-

370 1141 519 1195 rere,
552 1143 685 1182 cum
740 1143 831 1183 res
876 1127 934 1181 in
984 1132 1183 1199 aperto
1234 1128 1330 1184 sit.
1385 1129 1775 1195 Quamobrem
1810 1143 1925 1181 non
1956 1142 2023 1180 ex

369 1215 476 1271 hoc
509 1217 665 1287 quod
718 1216 799 1271 dii
832 1233 900 1272 ex
958 1217 1162 1273 multis
1207 1218 1446 1288 quidam
1500 1217 1695 1273 selecti
1745 1221 1903 1285 sunt,
1932 1215 2020 1271 vel

364 1305 434 1373 is,
471 1306 573 1377 qui
628 1307 884 1378 scripsit,
916 1306 1005 1362 vel
1057 1324 1257 1363 eorum
1318 1306 1594 1372 cultores,
1640 1305 1725 1361 vel
1776 1304 1856 1360 dii
1904 1305 2018 1377 ipsi

362 1395 732 1466 vituperandi
780 1400 921 1452 sunt
973 1414 985 1452 :
1039 1398 1135 1453 sed
1190 1398 1607 1453 advertendum
1659 1396 1854 1468 potius
1888 1394 2015 1467 qui-

363 1502 498 1541 nam
533 1485 628 1540 isti
661 1485 799 1552 sint,
831 1490 887 1541 et
913 1486 983 1540 ad
1034 1500 1209 1558 quam
1244 1504 1365 1543 rem
1398 1486 1598 1542 selecti
1643 1486 1953 1540 videantur
1983 1508 2010 1535 ››

361 1574 630 1645 (August.
664 1573 766 1631 lib.
796 1590 874 1629 vn
904 1574 969 1629 de
1014 1574 1171 1630 Civil.
1206 1592 1332 1647 cap.
1364 1576 1415 1645 1,
1451 1592 1580 1647 pag.
1617 1577 1760 1647 162).
1796 1579 2013 1630 Verum

361 1664 703 1735 responderi
735 1664 979 1719 forsitan
1014 1664 1221 1736 poterit
1262 1665 1337 1719 ibi
1369 1666 1767 1736 Augustinum
1799 1665 1869 1719 de
1900 1664 2012 1719 diis

359 1752 727 1809 ethnicorum
760 1753 1010 1809 selectis.
1028 1754 1448 1809 Tertullianum
1474 1770 1604 1809 vero
1626 1754 1698 1809 de
1727 1770 2013 1824 quorum-

358 1841 500 1899 libet
552 1844 793 1899 deorum
850 1843 1185 1899 simulacris
1254 1844 1427 1897 citato
1502 1844 1627 1898 loco
1687 1844 2007 1913 disputare.
2046 1876 2092 1940 B

357 1933 467 1987 Sed
501 1932 779 2003 objicient
802 1932 899 1987 alii
930 1932 1380 2002 ethnicos,sicut
1400 1932 1678 2002 diximus,
1700 1931 2017 1988 credidisse

360 2020 481 2076 haec
511 2021 640 2093 ipsa
679 2020 991 2077 simulacra
1038 2038 1177 2077 suos
1226 2037 1354 2077 esse
1404 2022 1563 2077 deos.
1594 2022 1677 2076 Ad
1713 2022 1829 2076 hazc
1859 2038 2013 2088 vero,

357 2112 623 2181 quamvis
672 2111 743 2165 de
802 2112 1114 2181 utriusque
1162 2128 1275 2167 non
1333 2112 1535 2166 eodem
1578 2127 1810 2182 semper
1840 2113 2012 2167 modo

354 2199 752 2272 loquerentur,
798 2218 913 2256 non
967 2200 1212 2255 minoris
1265 2204 1461 2256 tamen
1518 2200 1744 2255 roboris
1784 2201 2012 2255 videtur

351 2290 669 2361 Augustini
723 2289 783 2344 in
835 2289 1265 2345 Tertullianum
1297 2290 1749 2361 argumentatio.
1792 2292 2007 2344 Verum

351 2378 549 2451 negari
584 2395 698 2433 non
730 2382 919 2449 potest
963 2377 1135 2449 longe
1169 2378 1359 2449 majus
1405 2395 1534 2433 esse
1569 2378 1723 2433 illius
1758 2379 2005 2450 pondus,

352 2468 400 2523 si
434 2468 804 2537 Augustinus
837 2467 908 2521 ad
942 2484 1009 2522 ea
1038 2468 1377 2538 respexerit,
1411 2484 1536 2537 quis
1569 2470 1781 2523 Auctor
1812 2474 2009 2525 noster

350 2557 408 2613 in
440 2557 608 2612 libris
636 2557 707 2611 ad
738 2558 1019 2623 Nationes,
1067 2561 1269 2613 contra
1321 2557 1601 2613 Varronis
1659 2557 1723 2613 de
1760 2560 2006 2629 ipsismet

348 2645 463 2702 dlis
511 2646 747 2702 selectis
807 2646 1156 2702 sententiam
1191 2646 1380 2701 fusius
1436 2646 1759 2718 disputavit
1807 2647 1927 2716 (lib.
1962 2666 2003 2703 ιι

349 2736 419 2791 ad
450 2737 696 2803 Nation.,
730 2752 857 2807 cap.
890 2736 969 2805 9),
1002 2740 1179 2808 atque
1212 2736 1280 2791 ad
1314 2736 1434 2791 haec
1466 2737 1841 2808 potisSImum
1874 2738 2002 2808 ejus

347 2826 570 2881 verba:
623 2848 650 2875 ‹‹
686 2825 745 2881 Si
797 2830 985 2881 certos
1044 2825 1261 2880 ethnici
1319 2825 1456 2881 deos
1502 2826 1816 2892 habebant,
1865 2844 2000 2883 con-

347 2916 487 2969 tenti
520 2931 650 2969 esse
704 2914 1052 2981 debuerunt,
1089 2931 1194 2970 nec
1255 2914 1470 2969 electos
1524 2915 1874 2970 desiderare.
1934 2922 1997 2971 ln

347 3020 460 3075 quo
518 3006 693 3059 etiam
756 3003 1063 3075 irreligiosi
1124 3004 1661 3075 deprehenduntur.
1719 3006 1777 3060 Si
1841 3006 1997 3062 enim

345 3093 445 3159 dii,
481 3097 545 3147 ut
573 3092 751 3148 vultis
800 3092 1171 3165 seliguntur;
1218 3093 1317 3163 qui
1359 3110 1473 3147 non
1525 3094 1875 3165 seliguntur,
1911 3112 1997 3151 re-

342 3182 510 3254 probi
540 3183 995 3254 pronuntiantur
1026 3204 1053 3230 »
1116 3182 1319 3253 (Ibzd.).
1360 3182 1667 3238 Nonnullis
1699 3188 1892 3238 autem
1916 3184 1998 3239 ita

343 3245 690 3343 persuasum
729 3272 837 3327 fuit
869 3272 1025 3327 hunc
1070 3245 1381 3327 lo‘cum'ab
1421 3274 1745 3343 Augustino
1778 3273 1992 3340 notari,
2024 3245 2067 3313 δ

344 3366 407 3416 ut
439 3379 572 3417 eum
596 3361 800 3425 secuti,
825 3362 884 3416 in
919 3362 1024 3417 hoc
1054 3365 1213 3416 textu
1244 3378 1345 3434 pro
1374 3362 1551 3418 verbo
1584 3363 1747 3418 vultis
1779 3378 1989 3418 nomen

340 3450 497 3505 bulbi
525 3452 803 3506 audacter
834 3450 1223 3521 reposuerint.

409 3559 618 3613 Contra
647 3562 843 3613 tamen
875 3557 1120 3613 instabit
1150 3556 1363 3629 aliquis
1400 3556 1846 3626 Tertullianum,
1879 3559 1988 3614 etsi

334 3648 396 3702 in
456 3648 795 3719 Apologett'co
860 3648 931 3702 de
1003 3648 1247 3702 deorum
1307 3646 1641 3702 simulacris
1714 3649 1987 3715 disserat,

334 3754 404 3793 ex
432 3738 551 3794 illis
583 3737 997 3804 nihilominus,
1039 3754 1167 3808 quae
1199 3736 1415 3792 ethnici
1448 3738 1587 3791 deos
1627 3754 1755 3792 esse
1783 3738 1987 3810 opina-

334 3826 569 3893 bantur,
632 3828 898 3884 eamdem
950 3831 1124 3899 atque
1180 3826 1241 3881 in
1296 3826 1445 3881 libro
1488 3826 1558 3881 ad
1615 3828 1869 3883 Nationes
1917 3829 1987 3885 de

332 3916 445 3972 diis
494 3917 640 3988 ipsis
688 3916 917 3973 selectis
965 3915 1117 3971 hanc
1164 3914 1436 3971 intulisse
1494 3915 1929 3973 conclusionem
1969 3935 1981 3973 :

332 4026 361 4055 «
396 4010 593 4060 Status
624 4005 716 4060 dei
748 4005 1032 4075 cujusque
1063 4003 1123 4059 in
1155 4009 1397 4059 senatus
1427 4004 1811 4060 aestimatione
1843 4024 1983 4077 pen-

330 4095 525 4150 debat.
587 4094 740 4149 Deus
797 4110 912 4149 non
970 4097 1113 4162 erat,
1166 4109 1342 4165 quem
1400 4094 1575 4149 homo
1606 4096 1812 4151 1183
1846 4112 1983 4152 con-

328 4184 521 4240 sultus
554 4183 841 4239 noluisset
873 4205 901 4233 »
946 4183 1147 4250 (Idem,
1206 4184 1505 4255 Apologet.,
1564 4201 1687 4255 cap.
1725 4185 1812 4251 13,
1848 4202 1980 4256 pag.

327 4275 473 4342 344).
534 4278 748 4328 Verum
815 4272 867 4329 is
927 4272 1394 4328 animadvertere
1454 4274 1625 4328 debet
1670 4272 1761 4328 his
1791 4275 1979 4330 verbis

326 4381 441 4421 non
474 4364 737 4420 denotari
762 4363 902 4419 deos
935 4362 1202 4429 selectos,
1235 4364 1337 4418 sed
1365 4363 1707 4434 quorumvis
1739 4365 1979 4420 deorum

326 4454 663 4517 simulacra,
698 4469 825 4524 qua;
857 4451 1100 4519 ethnici,
1134 4452 1217 4507 uti
1250 4451 1346 4506 ille
1378 4452 1595 4507 ibidem
1627 4453 1976 4524 adjecit,pro

323 4542 489 4598 libito
541 4543 870 4615 pignerare,
904 4542 1173 4609 vendere,
1205 4540 1541 4607 immutare,
1574 4542 1837 4613 frangere
1869 4560 1977 4614 po-

325 4637 535 4689 terant.
581 4636 651 4688 At
697 4631 755 4686 id
790 4631 917 4687 sine
949 4628 1186 4685 illorum
1236 4632 1448 4702 probro
1480 4635 1536 4687 et
1567 4632 1848 4688 dedecore
1878 4649 1976 4687 ne-
2005 4623 2053 4688 D

324 4722 529 4795 quibat
584 4720 745 4789 ﬁeri;
818 4725 995 4793 atque
1058 4725 1195 4776 tunc
1256 4720 1509 4776 maxime
1565 4722 1798 4792 quando
1860 4740 1974 4778 uno

323 4813 649 4884 reprobato,
683 4810 841 4867 aliud
874 4810 1217 4882 eligebatur.
1270 4810 1474 4866 Nonne
1505 4810 1681 4866 etiam
1724 4811 1835 4866 dici
1869 4829 1975 4884 po-

320 4906 435 4957 test
484 4900 839 4973 argumenti,
875 4900 1010 4955 inde
1066 4918 1099 4955 a
1137 4900 1498 4956 Tertulliano
1538 4900 1717 4968 ducti,
1753 4902 1867 4956 vim
1914 4902 1971 4958 in

320 5008 386 5047 eo
419 4990 667 5064 positam
699 5007 850 5058 esse,
884 4991 1040 5061 quod
1070 4991 1425 5062 quicumque
1456 4991 1536 5045 dii
1576 4992 1898 5063 ﬁnguntur,
1932 4992 1973 5047 ii

323 5084 425 5137 aut
462 5082 894 5152 omnipotentes
925 5096 1055 5135 esse
1086 5080 1323 5147 debent,
1355 5084 1457 5135 aut
1507 5080 1649 5136 nulli
1682 5081 1762 5136 dii
1812 5085 1969 5137 sunt.

321 5173 388 5227 At
408 5188 524 5226 non
550 5170 706 5226 inter
726 5169 923 5243 plures
944 5168 1396 5240 omnipotentes,
1425 5171 1525 5226 sed
1558 5171 1707 5225 bene
1733 5172 1969 5241 quidem

320 5260 473 5317 inter
503 5266 737 5333 tyrones
767 5264 825 5316 et
855 5258 1071 5315 milites
1095 5275 1249 5315 unus
1277 5257 1538 5328 validior,
1567 5260 1763 5332 potius
1794 5278 1969 5334 quam

320 5351 487 5418 alter,
518 5354 709 5423 potest
738 5349 928 5421 seligi.

385 5461 671 5516 Caeterum
704 5457 753 5513 si
784 5461 907 5513 tota
935 5456 1057 5512 haec
1079 5456 1509 5529 argumentatio
1530 5457 1765 5513 infirma
1796 5458 1967 5529 plane

316 5549 422 5605 tibi
452 5549 738 5617 videatur,
774 5546 952 5603 aliam
998 5546 1069 5602 ab
1122 5545 1223 5602 illo
1279 5547 1494 5618 accipe,
1540 5564 1715 5619 quam
1764 5551 1963 5620 procul

318 5639 499 5695 dubio
542 5637 782 5709 majoris
838 5637 1113 5709 ponderis
1169 5654 1297 5692 esse
1354 5637 1648 5693 fateberis.
1705 5639 1961 5710 Constat,

320 5729 537 5802 inquit,
566 5730 767 5789 omnia
794 5727 1102 5803 gentilium
1132 5728 1471 5802 simulacra,
1502 5729 1590 5787 vel
1623 5730 1775 5802 quod
1804 5730 1961 5789 idem

2140 769 2217 821 mi
2263 772 2543 833 servatos,
2587 767 2698 821 ritu
2746 765 3023 838 peculiari
3075 766 3262 821 colere
3311 765 3534 821 solebat
3590 766 3789 837 (idem,

2135 858 2434 928 Apologet.,
2478 873 2602 928 cap.
2649 858 2735 923 13,
2772 872 2906 928 pag.
2966 855 3092 921 344,
3147 860 3203 910 et
3251 855 3401 910 lib.I
3445 857 3518 910 ad
3543 856 3789 922 Nattam,

2134 964 2260 1019 cap.
2289 950 2395 1019 10).
2424 950 2497 1004 De
2532 947 2841 1021 penatibus
2876 950 3072 1002 autem
3104 946 3224 1002 haec
3256 951 3395 1002 sunt
3423 946 3637 1003 Tibulli
3670 964 3788 1003 car-

2134 1038 2293 1093 mina
2326 1055 2337 1091 :

2292 1162 2358 1217 At
2385 1162 2497 1205 mihi
2521 1161 2763 1217 contingat
2792 1161 2973 1217 patrios
3001 1160 3248 1205 celebrare
3280 1165 3488 1217 penates,

2287 1216 2603 1272 Reddereque
2631 1215 2821 1271 antiquo
2852 1221 3094 1259 menstrua
3118 1216 3262 1258 thura
3282 1215 3393 1259 lari.

2777 1286 2968 1342 (Tibull.
2995 1286 3127 1336 lib.1,
3159 1286 3280 1341 eleg.
3310 1286 3351 1339 3,
3381 1298 3427 1331 v.
3458 1286 3547 1341 33.)

2125 1396 2446 1463 Addamus,
2483 1396 2529 1449 si
2561 1391 2743 1461 lubet,
2772 1399 2830 1450 et
2861 1395 2972 1450 ista
3002 1412 3035 1450 a
3064 1394 3297 1465 Virgilio
3330 1395 3486 1449 edita
3518 1412 3531 1451 :

2283 1512 2628 1568 Quinquaginta
2656 1511 2779 1555 intus
2804 1510 3012 1563 famulae,
3037 1510 3204 1567 quibus
3232 1511 3398 1555 ordine
3430 1511 3573 1568 longo

2280 1577 2401 1621 Cura
2429 1589 2602 1634 penum
2631 1581 2831 1627 struere,
2864 1582 2911 1620 et
2935 1578 3142 1620 ﬂammis
3171 1576 3367 1621 adolere
3395 1582 3591 1633 penates

2864 1648 3060 1704 (Virgil.
3094 1648 3170 1693 lib.
3198 1660 3215 1693 ι
3238 1650 3427 1697 dine“.
3456 1662 3502 1695 v.
3532 1646 3647 1703 708.)

2122 1756 2201 1813 De
2234 1756 2458 1813 laribus
2491 1773 2624 1813 vero
2654 1757 2956 1813 Juvenalis
2987 1757 3233 1814 cecinit:

2283 1883 2321 1928 Ο
2352 1883 2486 1938 parvi
2515 1882 2761 1939 nostrique
2791 1882 2932 1933 lares,
2964 1894 3086 1939 quos
3118 1884 3256 1927 thure
3288 1885 3479 1935 minuto.

2286 1945 2385 1990 Aut
2412 1946 2556 1993 farre.
2586 1951 2668 1991 aut
2695 1945 2821 1990 tenui
2843 1945 2981 1989 soleo
3011 1957 3254 1990 exornare
3282 1959 3481 1995 corona.

2873 2018 3105 2073 (Juvenal.
3132 2020 3264 2065 satir.
3294 2020 3334 2074 9,
3360 2020 3463 2065 sub.
3488 2022 3590 2077 ﬁn.)

2121 2126 2294 2182 Plura
2324 2132 2517 2183 autem
2551 2129 2622 2182 de
2653 2127 2964 2199 utriusque
2986 2128 3200 2199 saepius
3231 2130 3432 2185 stricto
3464 2131 3775 2203 soluteque

2119 2233 2389 2272 sermone
2420 2218 2491 2271 ab
2522 2216 2770 2272 ethnicis
2804 2217 3112 2273 decantata
3142 2218 3254 2273 huc
3285 2235 3595 2290 congerere
3625 2221 3772 2276 nihil

2118 2321 2354 2361 necesse
2386 2310 2492 2361 est.
2526 2306 2742 2361 Verum
2802 2322 2869 2361 ea
2917 2306 3025 2361 fuit
3081 2310 3422 2364 eorumdem
3459 2310 3769 2381 gentilium

2118 2396 2330 2451 mentis
2362 2396 2773 2462 inconstantia,
2808 2395 2978 2468 isque
3004 2395 3218 2468 impios
3249 2399 3492 2454 deorum
3524 2417 3767 2456 suorum

2115 2489 2506 2555 contemptus,
2533 2489 2596 2540 ut
2628 2502 2775 2556 quos
2806 2485 2905 2539 diu
2929 2484 3250 2554 coluerant,
3269 2489 3766 2559 domesticam,in-

2116 2574 2241 2646 quit
2271 2573 2691 2640 Tertullianus,
2725 2574 2783 2629 in
2818 2575 2978 2646 ipsos
3018 2582 3385 2632 excercerent
3416 2583 3764 2650 potestatem

2113 2684 2142 2713 «
2176 2663 2558 2734 pignerando,
2612 2663 2987 2729 venditando,
3028 2665 3407 2736 demutando,
3445 2665 3761 2738 aliquando

2113 2751 2172 2807 in
2205 2752 2552 2808 cacabulum
2586 2753 2655 2807 de
2687 2753 2957 2819 Saturno,
2988 2752 3047 2808 in
3082 2754 3321 2810 trullam
3350 2756 3423 2810 de
3452 2757 3709 2813 Minerva
3731 2780 3759 2810 ›)

2111 2840 2369 2911 (Tertull.
2402 2842 2704 2912 Apologet.,
2730 2858 2856 2913 cap.
2884 2843 3029 2910 344).
3054 2842 3561 2906 Quemadmodum
3585 2848 3765 2920 igitur

2110 2929 2359 3001 gentiles
2399 2946 2469 2985 ex
2514 2931 2753 2986 vasibus
2784 2931 3069 2986 vilissimo
3102 2932 3257 2996 usui,
3309 2937 3374 2988 ut
3422 2938 3596 2990 antea
3626 2936 3767 2991 vidi-

2110 3036 2266 3085 mus,
2302 3019 2609 3073 destinatis
2640 3018 2981 3090 simulacra,
3016 3019 3135 3074 sive
3166 3022 3326 3088 deos,
3380 3022 3460 3077 ita
3489 3024 3664 3079 etiam
3697 3043 3764 3081 ex

2107 3107 2200 3163 his
2233 3108 2344 3163 alia
2373 3126 2511 3163 vasa
2539 3108 2794 3180 posthaec
2814 3109 3131 3180 ﬁngebant,
3156 3118 3254 3164 aut
3283 3127 3351 3165 ea
3380 3111 3764 3182 pignerabant

2109 3201 2209 3251 aut
2248 3198 2647 3252 venditabant.
2703 3201 2781 3251 Ex
2824 3199 3071 3253 Saturno
3116 3199 3294 3266 enim,
3347 3200 3467 3256 sive
3522 3206 3760 3261 Saturni

2104 3286 2422 3343 simulacro
2446 3286 2778 3343 formabant
2808 3286 3119 3356 aliquando
3142 3288 3485 3345 cacabulum
3510 3292 3631 3347 sive
3653 3295 3760 3349 mi-

2102 3391 2214 3431 nus
2299 3376 2603 3443 cacabum,
2679 3377 2831 3447 quod
2892 3380 3039 3432 teste
3098 3378 3374 3447 Varrone,
3449 3398 3549 3436 vas
3610 3388 3756 3454 erat,

2100 3486 2129 3515 «
2171 3464 2271 3519 ubi
2330 3464 2524 3520 cibum
2584 3466 2952 3537 coquebant;
2986 3466 3056 3521 ab
3088 3484 3152 3522 eo
3185 3469 3465 3524 cacabum
3498 3472 3757 3542 appella-

2097 3558 2296 3608 runt»
2332 3554 2516 3623 (Varr.
2568 3554 2667 3609 lib.
2729 3572 2804 3623 ιν,
2848 3555 2915 3609 de
2963 3556 3119 3627 Ling.
3153 3557 3297 3625 Lat.,
3352 3559 3522 3631 §27).
3557 3561 3756 3617 Trulla

2095 3659 2230 3697 vera
2258 3661 2360 3699 vas
2393 3644 2687 3716 potorium
2741 3649 2885 3711 erat,
2917 3645 2999 3700 uti
3051 3662 3119 3701 ex
3167 3646 3260 3703 his
3313 3653 3475 3720 patet
3528 3652 3753 3707 Horatii

2096 3732 2363 3789 versibus
2400 3749 2411 3785 :

2361 3865 2451 3917 Qui
2481 3865 2805 3911 Veientanum
2836 3866 2972 3911 festis
3000 3872 3167 3923 potare
3195 3868 3363 3915 diebus

2361 3928 2606 3985 Campana
2632 3929 2804 3973 solitus
2826 3928 2988 3975 trulla.

2710 4001 2892 4056 (Horat.
2927 4000 3005 4045 lib.
3038 4013 3084 4055 ιι,
3116 4002 3250 4047 satir.
3283 4003 3322 4055 3,
3354 4016 3398 4050 ν.
3432 4004 3543 4060 113.)

2092 4123 2253 4187 Quod
2304 4124 2542 4194 quidem
2585 4143 2617 4180 a
2680 4125 2958 4181 Juvenale
3016 4128 3403 4184 confirmatur
3455 4130 3745 4201 (Juvenal.

2090 4211 2258 4267 satir.
2299 4212 2350 4281 3,
2384 4230 2436 4266 v.
2473 4214 2615 4282 112).
2665 4214 2994 4284 Aliquando
3026 4220 3222 4271 tamen
3250 4218 3485 4274 videtur
3513 4221 3584 4276 ab
3617 4222 3747 4279 aliis

2088 4300 2271 4372 accipi
2304 4318 2407 4372 pro
2448 4319 2603 4371 vase,
2655 4319 2771 4373 quo
2822 4309 3062 4374 ventris,
3106 4306 3258 4361 sicut
3289 4307 3403 4364 alia
3432 4309 3491 4365 in
3524 4310 3742 4368 disser-

2084 4391 2305 4445 tatione
2335 4393 2701 4447 ostendimus
2758 4394 3066 4463 (Disseruit.
3098 4397 3157 4450 in
3206 4396 3432 4466 Arnob.,
3468 4416 3595 4471 cap.
3630 4402 3739 4458 ult.

2086 4483 2194 4534 art.
2238 4480 2635 4551 ult.),1184
2696 4499 2843 4538 onus
2903 4484 3323 4555 deponebatur.
3385 4489 3493 4543 Sed
3552 4490 3743 4562 priore

2085 4585 2262 4624 sensu
2296 4587 2328 4624 a
2356 4570 2715 4626 Tertulliano
2740 4577 3045 4643 acceptum
3071 4574 3253 4630 fuisse
3282 4592 3348 4631 eo
3382 4577 3612 4635 facilius
3643 4598 3743 4636 no-

2085 4657 2173 4713 bis
2206 4660 2567 4731 probabitur,
2592 4661 2747 4731 quod
2778 4661 2850 4715 de
2874 4678 3007 4717 vase
3040 4664 3111 4717 ad
3147 4664 3307 4722 cibos
3342 4667 3739 4727 conficiendos

2083 4746 2304 4804 ibidem
2337 4748 2566 4806 locutus
2597 4751 2777 4806 sit.De
2809 4751 2985 4807 trulla
3017 4757 3211 4809 autem
3244 4760 3301 4812 et
3330 4758 3606 4815 cacabulo
3634 4759 3740 4815 ali-

2084 4837 2224 4907 quid
2254 4838 2315 4893 in
2348 4838 2525 4895 citata
2556 4840 2966 4897 dissertatione
2997 4843 3273 4900 diximus.

2155 4927 2311 4983 Duas
2343 4946 2515 5000 porro
2548 4931 2620 4985 ob
2661 4946 2903 4986 caussas
2936 4932 2993 4986 hi
3027 4933 3131 4999 dii,
3164 4933 3283 4990 sive
3315 4936 3634 4994 simulacra
3664 4939 3735 4994 ab

2082 5016 2335 5073 ethnicis
2383 5018 2874 5088 immutabantur,
2920 5021 3383 5094 pignerabantur
3413 5030 3469 5082 et
3525 5029 3734 5085 vende-

2080 5109 2317 5163 bantur.
2343 5113 2422 5162 Ac
2447 5110 2637 5180 prima
2670 5110 2906 5180 quidem
2940 5117 3081 5175 erat,
3108 5114 3297 5185 inquit
3320 5116 3732 5186 Tertullianus,

2088 5217 2115 5249 ι
2146 5202 2208 5252 ut
2239 5198 2489 5271 quisque
2543 5200 2688 5255 deus
2738 5202 3047 5269 contritus,
3090 5207 3264 5273 atque
3312 5210 3593 5261 contusus
3623 5211 3734 5275 est,

2079 5287 2220 5342 dum
2255 5288 2353 5343 diu
2388 5288 2599 5344 colitur
2625 5314 2643 5338 η
2674 5289 2934 5360 (Tertull.
2969 5291 3269 5362 Apologet.,
3303 5310 3430 5365 cap.
3462 5295 3734 5363 344).Ita-

2079 5394 2192 5448 que
2220 5378 2387 5433 illum
2420 5380 2616 5448 deum,
2648 5384 2876 5434 vetuste
2915 5396 3173 5448 exesum,
3209 5388 3310 5438 aut
3339 5384 3733 5442 deformatum

2075 5466 2541 5537 rejiciebant,aut
2572 5468 3015 5523 commutabant
3046 5470 3104 5524 in
3138 5470 3317 5529 aliud.
3344 5474 3535 5529 Altera
3554 5491 3733 5531 causa

2074 5560 2203 5611 erat
2237 5573 2250 5612 :
2285 5580 2311 5606 «
2349 5556 2420 5611 Ut
2450 5557 2702 5627 quisque
2733 5557 2905 5611 deum
2951 5560 3302 5617 sanctiorem
3336 5570 3610 5635 expertus
3640 5569 3735 5622 est

2074 5646 2459 5702 domesticam
2494 5648 2922 5704 necessitatem.
2948 5667 2976 5698 η
3019 5650 3105 5705 Ita
3125 5651 3358 5720 quidem
3393 5654 3679 5727 Rigaltius
3715 5657 3729 5696 ε

2074 5735 2135 5791 in
2176 5736 2532 5793 Frobeniana
2564 5752 2695 5792 vero
2726 5736 2979 5793 editione
3015 5755 3028 5793 :
3085 5762 3104 5789 α
3139 5741 3209 5797 Et
3240 5744 3491 5815 quisque
3533 5745 3729 5801 domi-
