4162 6406
405 423 563 484 1235

921 415 1446 480 TERTULLIANI
1493 411 1814 474 OPERUM
1857 409 2056 472 PARS
2099 407 2149 472 Ῑ.
2182 437 2258 450 -
2289 403 2564 466 SERIES
2608 404 2655 479 Ι.
2704 401 3263 466 APOLOGETICA.

3647 397 3821 458 1236

413 571 578 612 num.
615 574 638 604 ι
660 552 863 609 Melius
885 552 946 607 in
977 550 1106 607 aliis
1135 549 1495 605 editionibus
1525 551 1582 602 et
1610 545 1886 602 omnibus
1917 545 2045 599 ine-
2076 545 2127 610 Α
2157 539 2354 609 tigales
2396 551 2650 610 quoque,
2678 532 2870 604 inquit
2925 532 3351 599 Tertullianus,
3389 531 3785 587 habebantur
3831 554 3847 604 ;

413 645 552 701 ditis
582 641 1011 714 exemplaribus
1036 639 1285 694 nostris:
1313 660 1332 686 α
1361 636 1430 690 Ut
1453 636 1703 707 quisque
1733 633 2052 689 dominus»

410 733 571 788 illius
599 731 871 787 videlicet
923 731 1015 784 dei
1072 735 1128 784 et
1159 725 1478 792 simulacri,
1515 747 1542 774 «
1571 723 1930 779 sanctionem
1964 739 2060 777 ex-

417 827 619 894 pertus
666 825 757 876 est
802 819 1186 874 domesticam
1230 815 1635 871 necessitatem
1667 834 1694 863 κ
1728 815 1878 883 (cap.
1913 812 2058 874 345).

415 912 526 967 Sed
558 910 721 981 quid,
745 909 974 980 rogabit
997 906 1233 977 aliquis,
1267 920 1478 959 nomen
1510 903 1838 957 sanctiorem
1869 900 1944 954 ibi
1979 900 2066 953 si-

419 999 660 1071 gniﬁcat
683 998 710 1052 7
749 996 1125 1067 Respondent
1157 991 1422 1049 nonnulli
1473 990 1618 1046 nihil
1650 990 1807 1045 aliud
1841 987 2064 1044 Tertul-

418 1088 644 1144 lianum
674 1087 789 1143 sibi
817 1086 1094 1152 voluisse,
1128 1083 1238 1139 nisi
1271 1083 1424 1137 hunc
1465 1082 1636 1136 deum
1671 1097 1700 1134 a
1729 1095 1981 1150 paupere
2003 1076 2068 1131 il-

416 1176 533 1232 lius
560 1173 794 1231 domino
827 1172 1133 1239 vendi,cui
1167 1187 1272 1227 sua
1303 1169 1619 1225 necessitas
1651 1171 1707 1223 et
1734 1166 1930 1238 inopia
1953 1162 2065 1220 sibi

415 1265 678 1333 sanctior,
712 1280 890 1334 quam
924 1263 1068 1318 deus
1116 1277 1262 1316 suus
1291 1258 1614 1314 videbatur.
1647 1255 2063 1311 Necessitatem

413 1355 572 1411 enim
603 1353 955 1408 sanctiorem
989 1348 1178 1405 vocari
1211 1350 1420 1419 putant
1446 1341 2069 1409 extremam,maxime-

411 1459 524 1514 que
559 1444 868 1513 urgentem
922 1437 1419 1511 quemadmodum
1467 1435 1668 1489 Livius
1709 1439 1872 1488 vocat
1902 1448 2068 1487 sanc-

418 1533 535 1586 tius
569 1529 866 1593 mrarium,
899 1528 1054 1600 quod
1088 1528 1157 1581 ad
1195 1525 1454 1590 ultimos,
1489 1521 1701 1593 inquit,
1743 1538 1915 1576 casus
1942 1537 2066 1576 ser-

411 1619 662 1674 vabatur
690 1617 836 1689 (Liv.
883 1617 983 1671 lib.
1040 1631 1214 1682 xxvu,
1265 1613 1292 1686 ἓ
1339 1613 1448 1681 10).
1501 1611 1677 1665 Citari
1706 1626 1938 1680 quoque
1972 1626 2074 1680 po-

415 1711 567 1763 terat
597 1706 816 1772 Cicero,
841 1705 937 1774 qui
960 1704 1032 1758 ad
1058 1703 1312 1757 Atticum
1337 1699 1576 1770 scripsit
1606 1700 1906 1754 decretum
1935 1698 2073 1752 fuis-

419 1811 503 1862 se,
537 1815 565 1844 ‹‹
600 1800 666 1850 ut
696 1792 1004 1864 pecuniam
1055 1791 1126 1845 de
1171 1788 1456 1844 sanctiore
1485 1787 1685 1842 aerario
1717 1788 2011 1841 auferrent
2043 1807 2064 1836 ι

425 1883 606 1940 Cicer.
640 1882 741 1938 lib.
773 1897 896 1950 vm,
944 1878 1116 1950 epist.
1174 1880 1263 1944 20,
1313 1876 1383 1931 ad
1428 1877 1611 1939 Attia,
1644 1891 1774 1946 pag.
1806 1875 1932 1941 284,
1963 1873 2066 1928 lin.

425 1972 503 2040 5).
534 1969 950 2024 Verumtamen
980 1965 1269 2037 numquid
1303 1981 1527 2035 ascopo
1559 1965 1609 2019 is
1636 1963 1869 2034 penitus
1901 1963 2067 2017 aber-

424 2058 598 2128 rabit,
631 2057 732 2129 qui
763 2056 974 2112 dixerit
1021 2054 1165 2108 illud
1217 2053 1564 2123 adjectivum
1593 2055 1920 2106 sanctiorem
1951 2067 2066 2106 non

426 2148 498 2203 ad
531 2161 743 2202 nomen
764 2146 1160 2210 necessitatem,
1185 2143 1286 2198 sed
1312 2143 1480 2197 deum
1510 2139 1749 2196 referri?
1776 2141 1921 2196 Nam
1943 2139 2067 2194 eth-

422 2234 538 2290 nici
579 2251 695 2306 quo
745 2236 1096 2289 sanctiorem
1151 2233 1325 2286 deum
1379 2245 1508 2286 esse
1556 2229 1969 2301 opinabantur,
2002 2244 2069 2284 eo

423 2323 708 2378 charioris
740 2322 904 2376 illum
935 2320 1284 2375 vendebant.
1313 2319 1381 2374 Et
1419 2323 1574 2373 certe
1605 2319 1729 2389 ipse
1761 2316 2067 2372 Tertullia-

415 2427 530 2465 nus
563 2410 779 2466 ibidem
806 2414 861 2465 et
891 2409 950 2464 in
986 2409 1134 2464 libro
1166 2408 1236 2462 ad
1269 2407 1547 2462 Nationes
1581 2421 1593 2461 :
1627 2407 1719 2461 Dii
1747 2405 2072 2477 inquit,qui

415 2501 595 2568 magis
624 2501 830 2568 sancti,
871 2499 1051 2567 magis
1105 2497 1394 2552 tributarii
1443 2493 1706 2562 (Tertull.
1765 2493 1869 2548 lib.
1927 2511 1946 2548 ι
2001 2494 2075 2549 ad

419 2589 673 2656 Nation.,
696 2603 822 2657 cap.
851 2587 962 2654 10).
981 2589 1161 2639 Porro
1192 2593 1383 2640 autem
1420 2583 1541 2638 sive
1570 2583 1846 2649 deus,seu
1880 2582 2078 2653 potius

417 2676 742 2731 necessitas
785 2673 1148 2730 ethnicorum
1194 2672 1303 2726 hoc
1330 2671 1621 2726 sanctioris
1651 2671 1886 2726 nomine
1917 2671 2071 2726 desi-

420 2766 653 2836 gnetur,
685 2761 814 2817 illos
857 2759 1250 2817 Tertullianus
1295 2759 1503 2813 merito
1535 2758 1627 2813 his
1657 2758 1848 2813 verbis
1881 2759 2073 2813 redar-

421 2851 552 2923 guit
585 2866 598 2906 :
632 2849 897 2905 Privatos
944 2851 1102 2918 deos,
1153 2863 1303 2917 quos
1353 2846 1502 2902 lares
1553 2851 1610 2901 et
1679 2852 1918 2917 penates
1977 2848 2076 2903 do-

423 2939 666 2996 mestica
698 2937 1133 2994 consecratione
1164 2935 1503 3007 perhibetis,
1549 2935 1869 2990 domestica
1903 2935 2080 2991 licen-

433 3029 516 3082 tia
562 3027 871 3082 inculcatis
941 3026 1088 3094 [sive
1135 3024 1513 3095 conculcatis]
1565 3025 1939 3090 venditando,
1992 3026 2083 3096 pi-

428 3116 735 3188 gnerando
811 3132 915 3187 pro
976 3113 1322 3170 necessitate
1381 3129 1445 3168 ac
1501 3111 1797 3168 voluntate
1845 3135 1874 3162 »
1908 3114 2079 3185 (Ibid-

425 3220 560 3278 pag.
590 3205 708 3276 55).

490 3310 692 3382 Neque
721 3308 909 3381 pluris
936 3309 1228 3364 faciebant
1258 3308 1398 3363 deos
1442 3323 1580 3364 suos
1613 3306 1900 3379 publicos,
1923 3324 2074 3380 quos,

423 3401 490 3453 ut
512 3396 612 3453 ille
627 3396 1185 3469 prosequitur,.:eque
1203 3396 1420 3468 publico
1434 3395 1564 3464 jure
1585 3395 1866 3466 fadabant
1892 3396 2076 3464 (Idem

425 3487 703 3558 Apotoget.
757 3501 888 3557 cap.
951 3485 1037 3550 15,
1093 3501 1228 3556 pag.
1284 3485 1408 3553 34ὂ,
1450 3488 1506 3539 et
1561 3483 1662 3540 lib.
1695 3501 1714 3540 ι
1745 3485 1824 3541 ad
1851 3486 2067 3540 Nation.

423 3575 536 3630 loc.
568 3574 712 3645 cit.),
743 3574 862 3628 imo
885 3589 1018 3628 vero
1048 3573 1380 3628 tractabant
1410 3572 1644 3644 turpius
1675 3589 1739 3628 ac
1771 3577 2078 3629 contume-

426 3661 816 3718 1iosius.Nam
849 3661 1105 3732 privatos
1136 3661 1544 3732 unusquisque
1567 3678 1669 3733 pro
1698 3663 1936 3717 arbitrio
1959 3661 2084 3733 qui.

433 3754 590 3819 dem,
613 3751 712 3807 sed
742 3750 1008 3823 privatim
1033 3751 1346 3816 vendebat;
1379 3750 1645 3822 publicos
1666 3767 1802 3805 vero
1827 3750 2080 3825 publice,

436 3844 636 3911 utpote
684 3855 832 3910 quos
865 3838 1160 3893 habebant
1191 3839 1249 3893 in
1278 3839 1526 3893 hastario
1555 3839 1844 3915 vectigales
1873 3840 1920 3909 (1
1929 3839 2081 3910 bid.).

437 3927 768 3984 Hastarium
827 3931 1046 3992 autem,
1107 3926 1156 3982 si
1218 3927 1488 3982 Turnebo
1547 3928 1748 3982 credas
1805 3928 2081 3999 (Turneb.

438 4033 614 4071 xxvm
642 4015 860 4071 Advers.
912 4031 1039 4085 cap.
1073 4014 1150 4086 5),
1203 4013 1367 4071 locus
1416 4019 1559 4081 erat,
1592 4015 1688 4069 ubi
1733 4016 2085 4088 proscripto-

434 4121 564 4160 rum
590 4105 738 4159 bona
767 4103 1298 4159 venumdabantur.
1345 4103 1639 4175 Rigaltius
1689 4109 1885 4160 autem
1919 4109 2086 4176 putat

433 4211 501 4250 eo
540 4193 776 4248 nomine
804 4192 1117 4264 significari
1150 4191 1369 4247 librum
1407 4193 1754 4256 hastarium,
1784 4210 1888 4248 seu
1919 4194 2083 4249 tabu-

436 4281 645 4338 larium
678 4285 736 4336 et
766 4286 1064 4353 regestum
1095 4280 1557 4353 vectigaliorum,
1589 4298 1717 4352 quae
1775 4283 1884 4336 sub
1915 4282 2084 4338 hasta

435 4375 492 4428 et
521 4386 657 4425 voce
688 4370 972 4442 praeconis
1029 4370 1430 4440 quinquennio
1481 4386 1711 4441 quoque
1760 4370 1951 4426 addici
1991 4389 2078 4428 re-

437 4459 842 4531 demptoribus
899 4458 1186 4514 solebant.
1245 4460 1313 4513 Et
1367 4463 1521 4514 certe
1569 4461 1784 4515 Auctor
1835 4465 2076 4516 noster:

2168 629 2305 701 quia
2355 644 2458 699 pro
2502 622 2926 697 quinquennali
2960 623 3018 676 in
3069 622 3332 678 hastario
3365 638 3552 689 mora,
3585 618 3841 691 aliquod

2168 716 2502 773 solvebatur
2535 711 2801 782 vectigal,
2843 727 2908 766 ac
2951 711 3240 766 tributum
3278 710 3486 780 (Idem,
3519 709 3842 780 Apotoget.,

2169 821 2296 876 cap.
2332 805 2417 871 13,
2453 820 2506 874 ρ.
2540 802 2686 874 344).
2717 803 2942 866 Quanto
2975 801 3175 872 igitur,
3208 800 3418 856 amabo
3449 799 3842 864 te,dedecore

2171 899 2227 950 et
2257 891 2565 966 cpprobrio
2599 889 2796 945 miseri
2827 889 2913 943 illi
2962 888 3040 943 dii
3097 887 3429 944 efﬁciebant
3454 891 3477 942 Ρ
3505 889 3632 952 Quo
3664 885 3837 940 enim

2173 982 2344 1038 modo
2375 981 2444 1036 ad
2477 996 2576 1036 eos
2606 978 2946 1034 vendendos
2983 981 3040 1032 et
3070 977 3346 1034 emendos
3386 975 3526 1031 illuc
3573 975 3727 1029 itum
3784 974 3841 1030 si

2173 1084 2446 1142 quaeras:
2491 1066 2641 1122 «Sic
2687 1065 3054 1138 Capitolium,
3106 1084 3129 1114 ι
3165 1064 3541 1137 respondebit
3584 1061 3839 1118 Tertul-

2172 1158 2389 1224 lianus,
2420 1157 2545 1212 σείς
2569 1154 2863 1212 olitorium
2893 1155 3080 1210 forum
3103 1153 3321 1227 petitur
3343 1176 3370 1204 »
3393 1153 3598 1223 (Idem,
3634 1151 3838 1221 ibid.).

2174 1247 2367 1302 Minus
2410 1246 2556 1301 bene
2594 1245 2652 1300 in
2698 1243 3054 1315 quibusdam
3109 1242 3283 1298 editis
3315 1259 3328 1298 :
3359 1241 3422 1297 Si
3453 1281 3466 1294 .
3511 1282 3525 1295 .
3572 1281 3585 1295 .
3617 1241 3690 1307 si,
3723 1255 3841 1311 pro

2173 1337 2268 1392 sic.
2313 1377 2325 1390 .
2373 1376 2387 1389 .
2431 1376 2445 1390 .
2475 1337 2571 1389 sic.
2607 1333 2669 1388 In
2701 1331 2848 1388 libro
2881 1332 3098 1403 quippe
3130 1332 3202 1386 ad
3230 1332 3486 1386 Nationes
3516 1329 3782 1401 legimus
3821 1345 3837 1383 :

2179 1445 2208 1473 «
2238 1424 2332 1480 Sic
2359 1423 2698 1495 Serapeum,
2749 1421 2833 1477 sic
2863 1419 3214 1493 Capitolium
3248 1419 3466 1492 petitur
3496 1441 3524 1470 ››
3557 1420 3637 1490 (et
3669 1418 3784 1472 lib.
3825 1435 3844 1472 ι

2176 1512 2246 1567 ad
2273 1514 2518 1582 Nation.,
2541 1527 2670 1582 cap.
2705 1511 2790 1576 10,
2816 1525 2946 1582 pag.
2977 1510 3090 1580 55),
3125 1509 3233 1565 hoc
3262 1513 3372 1576 est,
3393 1508 3596 1564 eodem
3631 1507 3841 1576 modo,

2179 1601 2476 1672 similique
2515 1601 2734 1655 tributo
2784 1597 3109 1654 hastarium
3160 1597 3231 1653 ad
3289 1597 3429 1653 deos
3460 1596 3845 1668 reponendos

2180 1707 2246 1746 ac
2303 1688 2748 1744 venumdandos
2812 1685 3054 1756 locatur,
3105 1686 3398 1757 quomodo
3455 1683 3843 1756 Capitolium,

2178 1783 2514 1850 Serapeum,
2546 1781 2601 1832 et
2626 1777 2814 1831 forum
2843 1775 3163 1830 olitorium.
3196 1774 3349 1829 Nulli
3383 1779 3577 1830 autem
3610 1773 3671 1828 in
3706 1773 3844 1828 haec

2180 1866 2398 1938 templa
2459 1864 2705 1937 ingredi,
2770 1863 3266 1937 quemadmodum
3324 1878 3428 1918 nec
3484 1863 3708 1933 aliquid
3776 1863 3842 1916 in

2177 1957 2297 2012 foro
2337 1954 2565 2011 olitorio
2613 1954 2881 2023 vendere,
2934 1951 3045 2007 nisi
3095 1951 3286 2008 soluto
3340 1950 3558 2006 tributo
3591 1950 3841 2007 licebat.

2175 2045 2324 2114 Ergo
2360 2064 2388 2093 ‹‹
2416 2041 2516 2113 qui
2551 2041 2736 2110 magis
2766 2038 3086 2108 tributarii,
3120 2057 3146 2090 ι
3185 2037 3482 2094 concludit
3509 2037 3628 2103 ille,
3655 2059 3685 2087 «
3711 2055 3846 2093 ma-

2177 2130 2266 2203 gis
2296 2129 2505 2199 sancti,
2537 2128 2655 2184 imo
2685 2128 2784 2199 qui
2809 2129 2997 2200 magis
3015 2127 3222 2198 sancti,
3257 2125 3446 2198 magis
3476 2126 3782 2182 tributarii
3808 2149 3840 2177 ιι

2177 2219 2384 2292 (Ibid.),
2407 2218 2465 2272 id
2489 2225 2598 2283 est,
2623 2216 2776 2288 quod
2808 2217 2950 2272 deus
2984 2215 3128 2273 falsa
3157 2215 3525 2271 ethnicorum
3553 2214 3843 2287 opinione

2179 2306 2434 2363 sanctior
2467 2304 2888 2374 existimabatur,
2912 2319 2978 2359 eo
3011 2304 3201 2374 majus
3223 2320 3327 2376 pro
3349 2301 3507 2359 illius
3537 2302 3595 2357 in
3627 2303 3840 2359 hasta-

2181 2397 2266 2452 rio
2299 2411 2483 2460 mora,
2507 2398 2563 2450 et
2587 2391 2688 2447 illo
2716 2393 3125 2449 venumdando
3155 2391 3466 2465 exigebant
3494 2393 3750 2465 pretium
3776 2397 3843 2449 et

2180 2485 2491 2540 tributum.
3430 2496 3437 2502 ·

2253 2573 2502 2637 Quinam
2534 2589 2703 2645 porro
2747 2569 2831 2625 illi
2863 2570 2943 2627 dii
2986 2569 3206 2642 publici
3243 2569 3483 2642 fuerint,
3515 2587 3547 2627 a
3577 2571 3749 2627 nobis
3785 2571 3843 2627 si

2185 2662 2317 2734 quis
2349 2661 2591 2716 forsitan
2625 2658 3050 2727 sciscitabatur,
3085 2659 3574 2731 respondebimus
3596 2659 3703 2716 bos
3725 2661 3839 2715 tri-

2186 2750 2355 2822 plicis
2387 2749 2760 2821 potissimum
2810 2747 2992 2803 fuisse
3023 2747 3274 2819 generis.
3308 2747 3422 2802 Alii
3469 2748 3622 2804 enim
3665 2753 3846 2804 erant

2187 2840 2247 2894 in
2279 2837 2515 2909 templis
2547 2837 2831 2903 collocati,
2865 2836 2962 2892 alii
2991 2834 3078 2892 vel
3111 2836 3401 2904 fabricati,
3431 2837 3520 2892 vel
3551 2839 3753 2909 empti,
3783 2842 3848 2893 et

2189 2927 2412 2983 advecti
2441 2952 2454 2994 ;
2488 2926 2586 2982 alii
2619 2927 2856 2980 tandem
2889 2941 2991 2997 per
3019 2925 3173 2981 vicos
3203 2930 3262 2981 et
3294 2925 3535 2998 plateas,
3566 2929 3629 2981 ut
3657 2942 3851 2998 supra

2192 3015 2716 3072 animadvertimus
2747 3019 2894 3086 (cap.
2926 3015 3018 3082 24,
3051 3019 3158 3069 art.
3193 3016 3268 3086 4),
3311 3014 3500 3085 palam
3532 3015 3852 3071 circumfe-

2191 3106 2573 3160 rebantur.At
2594 3104 2766 3176 primi
2790 3103 2878 3158 vel
2905 3103 3090 3158 solam
3121 3104 3854 3173 oijetustatem,secundi

2193 3199 2250 3250 et
2278 3193 2430 3248 tertii
2462 3194 2531 3248 ad
2584 3191 2950 3248 ethnicorum
2996 3191 3307 3248 arbitrium
3339 3194 3560 3248 tributa
3589 3195 3857 3266 pendere

2109 3269 2151 3336 Ε
2191 3287 2249 3338 et
2276 3283 2445 3337 vendi
2478 3289 2918 3337 consueverant.
2978 3285 3182 3336 Nonne
3229 3297 3366 3354 ergo
3417 3282 3518 3353 qui
3571 3283 3686 3338 diis
3721 3285 3854 3341 suis

2183 3373 2410 3426 tantam
2444 3369 2754 3425 inurebant
2782 3369 3110 3439 infamiam,
3158 3386 3263 3426 nec
3311 3369 3465 3436 illos,
3499 3387 3604 3426 nec
3635 3387 3852 3430 eorum

2185 3458 2503 3514 simulacra
2539 3459 2699 3524 deos,
2740 3463 2842 3514 aut
2893 3458 3088 3513 divino
3143 3459 3340 3531 aliquo
3373 3459 3592 3515 honore
3622 3461 3846 3534 dignos

2186 3564 2315 3604 esse
2342 3547 2517 3603 etiam
2545 3545 2712 3602 inviti
2743 3546 2936 3619 palam
2969 3547 3304 3604 fatebantur
3327 3549 3355 3604 τ

2780 3689 2985 3728 ARTICU
2995 3689 3098 3729 LUS
3150 3690 3236 3729 III.

2193 3774 2370 3842 Qaam
2430 3774 2757 3842 prmpostere
2804 3773 3045 3843 gentiles,
3087 3771 3360 3827 Simonem
3408 3789 3648 3843 magum.
3703 3773 3858 3828 sicut

2261 3843 2402 3897 alios
2448 3843 2569 3897 deos
2615 3858 2738 3898 suos
2785 3847 2972 3897 statua
3015 3842 3104 3898 dei
3149 3845 3329 3898 sancti
3355 3842 3846 3910 inauguraverint,

2260 3929 2453 3986 eosque
2485 3927 2668 3986 omnes
2712 3917 3235 3981 reprzsentaverint
3279 3915 3460 3970 eodem
3492 3915 3706 3986 habitu,
3740 3918 3848 3970 iis-

2260 3985 2490 4055 demque
2518 3985 2848 4055 insignibus,
2875 3988 3073 4056 quibus
3099 3991 3249 4052 ztas,
3273 4004 3384 4053 ars,
3401 3990 3677 4058 negotium
3709 3993 3845 4043 ante

2260 4061 2493 4112 mortem
2539 4059 2789 4122 fuerant,
2827 4073 2892 4112 ac
2925 4074 3085 4128 pares
3158 4067 3368 4113 statuas
3417 4061 3855 4130 imperatoribus

2261 4132 2395 4197 suis,
2426 4145 2521 4182 seu
2569 4131 2820 4191 mortuis,
2867 4144 2963 4182 seu
3003 4130 3141 4183 vivis
3187 4131 3513 4191 statueriat;
3558 4147 3656 4185 nec
3715 4131 3851 4185 inde

2261 4200 2478 4284 aliquid
2505 4201 2698 4269 confici
2741 4215 2901 4271 posse
2928 4206 3119 4255 contra
3147 4205 3363 4256 sanctas
3395 4203 3849 4258 Christianorum

2262 4286 2554 4340 imagines.

2260 4386 2542 4442 Ultimum
2590 4384 2930 4440 Tertulliani
2972 4386 3253 4442 adversus
3306 4385 3550 4444 insanos
3599 4389 3856 4445 simula-

2189 4491 2421 4531 crorum
2467 4474 2719 4530 cultores
2768 4481 3184 4547 argumentum
3236 4493 3354 4530 non
3403 4477 3562 4531 omni
3599 4495 3856 4550 prorsus

441 4571 470 4599 «
502 4550 656 4615 Quos
684 4548 744 4602 in
775 4548 1121 4618 hastarium,
1155 4547 1364 4619 inquit,
1385 4548 1717 4619 regessistis
1747 4547 2073 4618 publicanis

2194 4564 2534 4619 difficultate
2559 4564 3106 4636 caret.Quapropter
3126 4563 3292 4620 illum
3317 4547 3634 4638 parumper
3654 4568 3853 4623 adhuc

440 4637 551 4693 sub
583 4676 599 4692 .
635 4676 649 4690 .
685 4679 696 4691 .
729 4677 742 4692 .
773 4635 872 4702 tis,
922 4636 1083 4690 omni
1127 4635 1550 4707 quinquennio,
1587 4637 1740 4692 inter
1775 4637 2073 4708 vectigalia

2194 4653 2519 4720 audiamus,
2551 4652 2815 4708 ethnicos
2844 4652 2938 4708 his
2988 4635 3183 4710 verbis
3215 4635 3615 4726 increpantem
3649 4673 3662 4711 :
3697 4656 3850 4726 Qua,

439 4729 632 4781 vestra
659 4723 1018 4795 proscriptos
1038 4723 1308 4780 addicitis
1341 4746 1370 4774 »
1400 4723 1664 4795 (Tertull.
1696 4724 1796 4780 lib.
1829 4742 1848 4780 ι
1876 4725 1946 4781 ad
1973 4729 2082 4782 Na-

442 4814 604 4878 tion.,
637 4828 762 4882 cap.
797 4811 908 4882 10).
940 4813 1141 4868 1135
1194 4813 1302 4868 Sed
1336 4817 1649 4884 utrumque
1677 4812 1819 4868 illud
1854 4813 2079 4870 Tertul-

439 4900 636 4957 lianus
665 4899 995 4972 significare
1025 4899 1224 4972 procul
1275 4901 1452 4956 dubio
1498 4899 1745 4956 videtur.
1792 4901 1886 4956 Ait
1922 4902 2078 4958 enim

442 4991 582 5046 deos
613 4988 882 5062 publicos
911 4988 971 5043 in
1003 5004 1136 5044 eum
1164 4987 1356 5044 locum
1409 4989 1736 5058 transferri,
1777 4989 1898 5058 ubi,
1929 4991 2082 5047 sicut

437 5079 552 5135 alia
581 5078 1040 5151 proscriptorum
1088 5077 1241 5133 bona
1268 5077 1329 5132 in
1376 5077 1665 5134 tabulario
1699 5078 1930 5150 publico
1964 5080 2080 5151 pri-

435 5185 600 5225 mum
633 5167 948 5239 descripta,
976 5182 1078 5238 per
1107 5167 1366 5238 quinque
1396 5184 1578 5223 annos
1610 5169 2076 5238 asservabantur,

431 5259 614 5314 donec
643 5257 1039 5313 venderentur
1069 5254 1318 5327 publice,
1352 5260 1525 5328 atque
1580 5257 1660 5311 ita
1713 5259 1811 5313 sub
1867 5258 2078 5327 eadem,

432 5346 587 5402 sicut
612 5345 710 5401 ille
740 5345 843 5413 ait,
896 5345 1052 5400 hasta
1079 5345 1179 5400 sub
1226 5345 1411 5400 eadem
1461 5350 1815 5402 annotatione
1859 5349 2082 5419 quaesto-

433 5437 515 5491 ris
544 5435 804 5491 divinitas
826 5433 1061 5490 illorum
1090 5433 1390 5490 addicitur.
1427 5433 1628 5493 Nonne
1667 5439 1860 5490 autem
1892 5434 2080 5490 hasta-

439 5525 614 5593 rium,
647 5528 708 5580 et
735 5525 807 5579 ab
837 5538 905 5579 ea
935 5522 1104 5578 hasta
1133 5526 1190 5577 et
1221 5524 1292 5578 ab
1323 5522 1695 5580 annotatione
1738 5523 1858 5580 sive
1896 5523 2078 5595 regis-

441 5616 533 5669 trc
563 5612 867 5683 quaestoris
897 5611 1224 5684 nuncupari
1251 5611 1441 5684 potuit
1467 5611 1496 5667 ‘t

518 5716 812 5788 Quidquid
841 5716 938 5788 sit,
967 5716 1030 5774 hi
1059 5715 1139 5773 dii
1169 5735 1285 5776 non
1316 5716 1506 5777 solum
1539 5718 1797 5794 venales,
1828 5720 1929 5779 sed
1960 5733 2082 5780 vec-

2188 4743 2400 4815 inquit,
2428 4745 2636 4815 fronte,
2679 4748 2953 4809 Junones,
2993 4747 3244 4814 Cereres,
3286 4745 3510 4813 Dianas,
3563 4747 3683 4801 sive
3714 4746 3847 4802 illa-

2189 4849 2319 4888 rum
2351 4832 2714 4904 aliarumque
2743 4837 3071 4888 vestrarum
3115 4834 3358 4890 dearum
3391 4852 3457 4891 ac
3488 4835 3732 4890 deorum
3767 4835 3850 4892 si-

2190 4920 2451 4977 mulacra
2480 4923 2688 4977 1136
2735 4944 2764 4972 ‹‹
2795 4922 3071 4993 adoratis,
3105 4940 3239 4978 cum
3272 4923 3571 4980 Simonem
3604 4940 3849 4996 magum

2191 5015 2393 5066 statua
2444 5017 2501 5067 et
2551 5009 2940 5082 inscriptione
2989 5012 3176 5067 sancti
3233 5012 3326 5068 dei
3389 5013 3762 5086 inauguratis
3822 5036 3854 5064 »

2191 5098 2448 5169 (Tertull.
2480 5099 2658 5172 Apol.,
2693 5115 2820 5172 cap.
2853 5099 2941 5171 43,
2993 5117 3051 5172 p.
3110 5100 3236 5172 347)
3259 5101 3287 5156 7
3316 5100 3702 5159 Observatum
3736 5121 3850 5159 au-

2191 5194 2304 5243 tem
2336 5205 2370 5244 a
2395 5189 2563 5245 nobis
2595 5189 2706 5244 fuit
2727 5205 2762 5244 a
2780 5188 3016 5245 Justino
3044 5193 3300 5263 martyre
3320 5191 3602 5248 traditum
3634 5192 3844 5262 fuisse,

2190 5276 2430 5333 Claudio
2489 5278 2834 5350 imperante,
2895 5283 3153 5335 statuam
3212 5280 3269 5335 in
3318 5279 3513 5338 insula
3570 5281 3847 5337 Tiberina

2191 5365 2338 5421 duos
2366 5367 2515 5421 inter
2547 5375 2753 5438 pontes
2787 5366 2922 5424 huic
2948 5368 3172 5424 Simoni
3220 5385 3392 5443 mago
3423 5371 3672 5442 positam
3703 5387 3844 5426 cum

2189 5453 2289 5508 illa
2335 5455 2720 5527 inscriptione
2777 5472 2790 5510 :
2847 5478 2870 5508 ι
2905 5457 3129 5514 Simoni
3179 5464 3382 5516 sancto
3431 5461 3536 5516 deo
3593 5459 3846 5530 (Tcm.I

2188 5544 2476 5614 Apparat.,
2507 5562 2638 5617 pag.
2668 5546 2745 5617 6).
2777 5546 3013 5620 Martyri
3058 5548 3434 5606 sanctissimo
3483 5548 3848 5620 suffragatur

2189 5631 2438 5704 Cyrillus
2483 5633 3046 5706 Hierosolymitanus
3086 5637 3306 5711 (Cyrill.
3338 5639 3562 5696 catech.
3609 5639 3667 5703 6,
3699 5653 3839 5711 pag.

2188 5721 2336 5794 457),
2369 5723 2470 5794 qui
2499 5721 2662 5780 illam
2710 5725 2784 5780 ab
2831 5726 3039 5784 eodem
3069 5725 3333 5800 (Claudio
3372 5728 3749 5802 imperatore,
3781 5729 3838 5783 et
