4162 6356
330 379 481 439 1237

1236 376 1307 435 D.
1356 374 1454 434 LF.
1500 371 1827 435 NOURRY
1870 366 2528 432 OBSERVATIONES
2573 368 2834 431 ΝονιΕ.

3589 374 3747 434 1238

325 510 615 568 Eusebius
646 510 877 582 (Euseb.
912 509 1013 565 lib.
1048 524 1088 565 ιι
1123 509 1317 564 Hister.
1351 508 1540 563 acciet.
1576 523 1704 580 pag.
1740 505 1851 576 52),
1878 503 1978 577 qui
2011 507 2067 574 Α
2098 504 2231 569 Quas
2263 505 2458 557 autem
2494 503 2680 572 major
2710 500 3009 573 impletas,
3044 518 3221 573 quam
3256 502 3500 558 viventis
3548 502 3745 560 homi-

326 619 359 657 a
392 599 670 656 Romanis
703 599 1023 655 collocatus
1079 599 1256 655 fuisse
1311 599 1466 653 haud
1519 597 1857 652 dubitanter
1901 596 1981 651 af-

326 693 584 747 ﬁrmant.
617 690 773 747 Alios
805 694 984 747 testes
1039 690 1131 745 hic
1186 690 1367 745 citare
1414 692 1531 743 tam
1587 688 1750 743 facile
1803 689 1978 751 esset,

325 799 503 854 quam
540 798 1062 854 supervacaneum.
1090 782 1306 837 Omnes
1338 780 1633 836 enimvero
1654 777 1981 833 concedunt

326 888 703 929 communem
735 872 887 930 hanc
921 872 1103 929 fuisse
1134 876 1393 929 veterum
1443 870 1799 942 Scriptorum
1852 866 1977 939 epi-

328 978 589 1019 nionem.

398 1056 617 1108 Verum
672 1051 1025 1108 recentiores
1077 1049 1262 1107 critici
1318 1049 1595 1104 audacter
1643 1047 1981 1102 asseverant

332 1139 495 1197 illam
530 1158 727 1198 crasso
773 1142 883 1197 niti
933 1157 1148 1210 errore,
1202 1140 1302 1211 qui
1352 1140 1423 1194 ab
1476 1138 1673 1193 eodem
1724 1135 1977 1203 Justino,

328 1232 546 1287 Latina:
580 1231 791 1303 linguas
845 1231 1080 1303 penitus
1137 1229 1342 1301 ignaro
1384 1228 1701 1299 profectus,
1746 1229 1979 1279 caztero-

328 1338 460 1376 rum
493 1321 767 1393 deinceps
801 1322 1029 1376 animos
1058 1318 1330 1391 pervasit.
1382 1318 1521 1373 Cum
1573 1316 1727 1371 enim
1780 1314 1875 1369 ille
1920 1313 1978 1367 in

330 1415 609 1479 mentem,
672 1411 971 1482 inquiunt,
1024 1409 1356 1464 induxisset
1405 1411 1660 1462 statuam
1713 1404 1981 1461 Semonie

325 1500 495 1556 Sanci
529 1500 621 1555 dei
652 1499 801 1554 Fidii
835 1501 1102 1555 eamdem
1137 1516 1265 1554 esse
1298 1514 1361 1553 ac
1395 1496 1654 1551 Simonis
1686 1492 1981 1565 niagi,ipsi

326 1588 476 1645 falsa
509 1589 766 1645 nominis
799 1588 1195 1645 similitudine
1228 1589 1491 1659 decepto,
1526 1585 1621 1641 alii
1656 1600 1862 1640 omnes
1892 1582 1980 1637 in-

326 1678 480 1735 cauti
514 1678 1018 1751 subscripserunt.

399 1776 545 1844 Quid
579 1778 747 1850 ergu?
768 1777 1292 1847 Numquidjomnes
1316 1792 1428 1829 non
1453 1772 1643 1829 solum
1668 1769 1979 1843 graece,sed

325 1868 504 1924 latine
520 1868 973 1939 scientes,atque
991 1867 1029 1921 ii
1044 1866 1350 1937 etiam,qui
1372 1866 1687 1920 Romanam
1708 1868 1834 1934 post
1851 1863 1982 1918 Jus-
2011 1885 2060 1950 Β

328 1958 517 2013 tinum
549 1962 865 2029 martyrem
899 1959 1205 2012 venerant?
1227 1954 1516 2024 Numquid
1542 1953 1698 2007 hunc
1726 1968 1981 2007 errorem

332 2046 533 2102 nullus
564 2064 632 2102 ex
663 2046 780 2101 illis
812 2045 1329 2118 deprehendit,aut
1359 2043 1516 2098 illius
1538 2060 1571 2098 a
1602 2058 1662 2098 se
1695 2042 1877 2113 agniti
1912 2057 1983 2096 ne

330 2135 519 2191 ullum
552 2138 791 2206 quidem
824 2134 1169 2191 admonuit?
1194 2133 1491 2205 Numquid
1515 2132 1653 2204 quia
1684 2135 1983 2202 postrema

331 2229 497 2281 astate
525 2225 781 2281 Simonis
811 2226 979 2280 Sanci
1012 2229 1209 2280 statua
1255 2224 1488 2277 inventa
1535 2226 1646 2291 est,
1692 2220 1827 2275 inde
1877 2236 1979 2277 ne-

329 2314 587 2370 cessario
638 2316 907 2385 sequitur
952 2314 1172 2368 Justini
1221 2316 1482 2383 tempore
1530 2310 1750 2365 nullam
1801 2308 1983 2364 fuisse

325 2403 579 2460 Simonis
615 2404 819 2475 Magi?
852 2402 1000 2469 Quid
1032 2404 1189 2467 Vero,
1223 2402 1375 2474 quod
1408 2400 1768 2473 Augustinus
1800 2404 1979 2454 testa-

325 2496 450 2547 tum
484 2491 655 2563 plane
694 2491 828 2546 facit
877 2492 1111 2547 effectae
1161 2492 1231 2546 ab
1277 2491 1479 2546 eodem
1524 2490 1759 2544 Simone
1810 2504 1979 2559 mago

326 2586 383 2637 et
413 2598 582 2637 suam
616 2586 674 2636 et
695 2580 940 2636 Helenes
972 2581 1292 2636 meretricis
1323 2580 1631 2651 imagines,
1659 2596 1806 2649 quas
1839 2602 1865 2627 ‹‹
1900 2578 1979 2632 di-

328 2671 599 2742 scipulis,
634 2669 983 2741 inquit,suis
1017 2670 1309 2741 praabebat
1338 2670 1754 2734 adorandas,et
1784 2668 1979 2723 Romae

328 2766 614 2832 tanquam
678 2760 919 2815 deorum
977 2759 1297 2814 simulacra
1354 2758 1697 2814 auctoritate
1749 2756 1981 2829 publica

329 2849 769 2905 constituerat»
800 2850 1060 2921 (August.
1096 2848 1197 2903 lib.
1230 2848 1296 2902 de
1331 2854 1533 2904 Haeres.
1569 2865 1695 2919 cap.
1750 2849 1795 2915 l,
1849 2863 1979 2919 pag.

326 2938 405 3009 6).
453 2939 629 3009 Atqui
659 2938 708 2991 si
743 2937 849 2993 has
881 2938 1168 3009 imagines
1200 2938 1393 2991 Romaa
1426 2935 1746 3001 constituit,
1790 2952 1983 2991 nonne

327 3026 547 3082 Justini
599 3026 791 3082 adhuc
848 3032 1110 3098 tempore
1168 3025 1368 3096 aliqua
1426 3030 1652 3081 exstare
1711 3023 1983 3095 poterat?

329 3116 479 3183 Quid
511 3132 647 3188 ergo
680 3116 951 3188 prohibet
982 3115 1299 3186 quominus
1331 3119 1569 3170 sanctus
1617 3113 1715 3168 ille
1764 3118 1983 3185 martyr

328 3208 384 3260 et
413 3205 510 3260 alii
544 3205 819 3278 deinceps
851 3205 1109 3276 aliquam
1143 3222 1210 3259 ex
1240 3203 1357 3259 illis
1398 3209 1499 3259 aut
1539 3204 1825 3269 viderent,
1877 3205 1979 3257 aut

328 3294 400 3349 ab
432 3294 564 3350 aliis
590 3294 778 3350 visam
806 3310 935 3351 esse
966 3294 1100 3349 facti
1132 3294 1252 3349 sint
1278 3294 1549 3350 certiores
1574 3296 1597 3348 Ρ

398 3402 507 3457 Sed
544 3402 653 3468 fac,
689 3402 738 3457 si
770 3407 881 3458 Deo
928 3401 1139 3474 placet,
1188 3400 1510 3469 Justinum,
1558 3400 1977 3471 Augustinum,

326 3494 384 3545 et
412 3488 558 3546 alios
590 3507 768 3561 quam
802 3491 1087 3562 plurimos
1120 3506 1369 3555 errasse,
1402 3505 1517 3544 non
1555 3488 1751 3543 minus
1780 3492 1980 3543 tamen

324 3580 515 3635 valida
546 3585 633 3635 est
663 3580 1004 3635 Tertulliani
1036 3581 1317 3635 adversus
1350 3582 1593 3634 deorum
1636 3584 1863 3633 statuas
1886 3595 1980 3633 ar—

326 3671 715 3741 gumentatio.
750 3671 958 3727 Cuncti
990 3670 1285 3726 enimvero
1316 3668 1524 3725 saltem
1570 3670 1828 3724 fatentur
1874 3684 1981 3739 po-

327 3758 509 3815 situm
545 3760 726 3815 fuisse
759 3760 957 3815 Romae
986 3758 1249 3815 Semonis
1281 3758 1451 3813 Sanci
1479 3757 1883 3812 simulacrum.
1911 3760 1983 3812 At

327 3865 442 3903 non
476 3848 676 3903 minus
706 3848 958 3918 impium
990 3851 1113 3903 erat
1145 3846 1275 3902 falsi
1308 3846 1487 3916 hujus
1519 3846 1633 3911 dei,
1665 3862 1843 3916 quam
1891 3846 1978 3899 Si-

328 3938 519 3992 monis
573 3938 731 4008 magi
782 3936 1101 4009 imaginem
1162 3937 1428 3991 adorare.
1489 3939 1771 3989 Praeterea
1827 3935 1979 3989 idem

326 4031 451 4081 erat
508 4024 567 4080 in
626 4026 893 4093 deorum,
948 4026 1029 4080 ait
1078 4023 1490 4089 Tertullianus,
1546 4022 1758 4078 statuis
1807 4047 1833 4071 ‹‹
1867 4022 1980 4078 Ha-

324 4114 516 4183 bitus,
587 4114 836 4185 [eadem]
907 4113 1197 4185 insignia,
1270 4112 1488 4185 [atque]
1556 4118 1620 4166 ut
1688 4118 1847 4179 tetas,
1918 4116 1983 4167 ut

324 4221 439 4274 ars,
510 4208 576 4259 ut
643 4203 945 4273 negotium
1014 4202 1227 4258 mortui
1296 4203 1426 4268 fuit,
1480 4202 1563 4257 ita
1616 4202 1761 4256 deus
1811 4206 1900 4256 est
1950 4223 1977 4251 ››

325 4291 587 4361 (Tertull.
678 4292 981 4362 Apologet.,
1071 4307 1209 4360 cap.
1300 4290 1447 4355 347).
1541 4290 1690 4355 Quid
1781 4294 1980 4345 autem

322 4382 662 4449 absurdius,
712 4398 889 4452 quam
922 4397 1054 4435 cum
1089 4402 1117 4430 «
1150 4397 1325 4436 senex
1356 4381 1426 4435 de
1456 4379 1733 4445 Saturno,
1768 4400 1795 4428 »
1828 4379 1983 4434 sicut

322 4470 418 4525 ille
452 4470 564 4527 alio
595 4471 653 4525 in
686 4470 834 4525 libro
866 4470 1121 4543 scripsit,
1157 4490 1186 4520 ‹‹
1235 4468 1519 4524 imberbis
1570 4468 1640 4523 de
1689 4468 1981 4540 Apolline,

322 4560 482 4633 virgo
516 4561 585 4616 de
622 4560 800 4615 Diana
835 4560 1142 4632 figuratur,
1175 4562 1231 4614 et
1262 4558 1431 4614 miles
1465 4558 1525 4612 in
1564 4557 1770 4628 Marte,
1820 4561 1875 4613 et
1919 4557 1981 4612 in

2092 592 2203 661 nis,
2238 598 2339 649 aut
2386 592 2626 661 mortui,
2674 609 2740 647 ac
2790 592 2930 646 dum
2985 592 3199 648 viveret
3248 592 3407 647 omni
3454 594 3743 650 scelerum

2089 699 2298 755 genere
2332 683 2550 754 smpius
2584 682 2983 753 conspurcati,
3018 681 3407 737 simulacrum
3459 687 3744 754 tanquam

2089 773 2205 827 veri
2236 773 2324 827 dei
2360 774 2600 828 adorare
2633 789 2698 827 ac
2729 771 3034 827 venerari?
3064 776 3134 825 At
3175 776 3328 827 certe
3380 789 3493 826 non
3550 772 3743 828 insani

2088 861 2462 934 imperitique
2513 868 2744 917 tantum
2777 860 2933 932 vulgi
2968 863 3083 917 haec
3117 862 3228 917 fuit
3260 863 3607 917 detestanda
3638 880 3708 919 su
3730 893 3744 905 -

2090 952 2373 1023 perstitio,
2407 952 2504 1007 sed
2540 951 2788 1007 aliorum
2822 952 3022 1017 etiam,
3056 951 3154 1023 qui
3210 951 3440 1021 ingenio
3494 956 3550 1007 et
3600 969 3744 1009 auc-

2089 1040 2321 1096 toritate
2353 1043 2606 1097 maxime
2640 1040 2958 1113 pollebant.
2990 1042 3065 1096 De
3096 1057 3157 1096 se
3189 1040 3346 1096 enim
3377 1041 3505 1113 ipso
3538 1046 3595 1096 et
3622 1040 3747 1113 qui-

2089 1132 2363 1196 busdam,
2398 1130 2496 1201 qui
2531 1148 2591 1185 se
2623 1130 2986 1185 Christianos
3018 1146 3143 1186 esse
3178 1131 3491 1202 negabant,
3516 1131 3746 1188 Plinius

2088 1220 2209 1274 haec
2262 1222 2330 1275 ad
2362 1220 2679 1290 Trajanum
2714 1220 3128 1291 imperatorem
3160 1219 3401 1291 scripsit
3431 1219 3489 1275 in
3518 1220 3693 1275 verba
3729 1236 3743 1276 :

2089 1332 2117 1359 ‹‹
2151 1309 2293 1364 Cum
2331 1314 2628 1381 praeeunte
2662 1326 2753 1363 me
2787 1312 2927 1364 deos
2959 1309 3343 1381 appellarent,
3389 1314 3447 1364 et
3496 1308 3747 1380 imagini

2089 1403 2220 1468 tuas,
2257 1416 2429 1470 quam
2464 1403 2698 1471 propter
2727 1399 2834 1453 hoc
2879 1400 3169 1468 jusseram
3225 1414 3357 1453 cum
3410 1398 3745 1454 simulacris

2089 1488 2395 1543 numinum
2432 1489 2644 1557 afferri,
2667 1488 2858 1556 thure,
2896 1504 2960 1542 ac
2992 1488 3121 1542 vino
3153 1486 3571 1559 supplicarent,
3597 1504 3739 1559 pra:-

2087 1582 2246 1633 terea
2278 1578 2691 1633 maledicerent
2721 1578 3231 1649 Christo.quorum
3255 1576 3398 1632 nihil
3423 1577 3549 1649 cogi
3573 1593 3743 1648 posse

2089 1668 2384 1735 dicuntur,
2430 1668 2530 1740 qui
2562 1672 2701 1724 sunt
2732 1684 2929 1723 revera
2959 1667 3272 1723 Christiani
3306 1688 3333 1717 ››
3368 1666 3535 1739 (Plin.
3570 1666 3671 1721 lib.
3706 1682 3743 1721 κ

2089 1757 2257 1829 epist.
2298 1759 2390 1812 101
2426 1760 2506 1813 ad
2532 1758 2793 1829 Trajan.)
2830 1758 2939 1813 Nec
2976 1757 3188 1812 mirum
3223 1757 3479 1828 profecto
3523 1756 3573 1812 ei
3620 1755 3742 1811 veri

2091 1847 2403 1903 Christiani
2439 1848 2495 1902 id
2547 1847 2719 1919 plane
2770 1848 3123 1919 penitusque
3172 1850 3531 1914 recusarent,
3583 1845 3742 1917 quod

2094 1953 2208 1992 non
2266 1937 2391 1992 sine
2450 1938 2704 1993 maxime
2761 1936 3102 1993 idololatriae
3161 1935 3407 1991 crimine
3466 1934 3591 1991 ﬁeri
3643 1950 3744 2006 po-

2092 2029 2263 2082 terat.

2163 2134 2287 2189 Non
2321 2133 2578 2206 amplius
2610 2150 2745 2205 ergo
2796 2133 3074 2188 audiendi
3125 2136 3266 2189 sunt
3317 2131 3586 2205 gentiles,
3644 2130 3746 2203 qui

2094 2223 2261 2279 nobis
2311 2224 2669 2293 objiciebant
2721 2224 2792 2279 ab
2838 2223 3248 2295 hujuscemodi
3298 2222 3567 2290 deorum,
3599 2237 3745 2292 pra:-

2092 2312 2294 2366 sertim
2345 2312 2746 2383 antiquorum,
2800 2311 3015 2367 statuis
3061 2316 3117 2366 et
3167 2309 3521 2378 simulacris,
3573 2326 3743 2381 opem

2091 2400 2205 2455 sibi
2238 2400 2391 2469 ferri,
2426 2401 2590 2455 fundi
2624 2400 2879 2469 oracula,
2911 2404 3012 2455 aut
3044 2400 3238 2455 nescio
3270 2416 3397 2471 quae
3430 2399 3583 2454 facta
3632 2399 3744 2454 mi-

2092 2490 2449 2553 racula.Qua3
2481 2491 2636 2545 enim
2670 2491 2740 2545 de
2770 2491 2929 2545 hisce
2959 2490 3204 2556 diis,seu
3236 2487 3568 2544 simulacris
3601 2489 3746 2543 dixi-

2096 2596 2251 2645 mus,
2284 2579 2404 2635 sole
2436 2580 2761 2635 meridiano
2791 2579 3119 2635 evidentius
3150 2580 3560 2635 demonstrant
3591 2578 3741 2633 nihil

2095 2670 2165 2724 ab
2224 2668 2363 2737 illis,
2416 2669 2598 2725 multo
2654 2670 2852 2724 minus
2911 2668 3195 2724 miracula
3253 2668 3516 2740 potuisse
3574 2666 3743 2723 ﬁeri?

2092 2758 2310 2814 Deinde
2342 2776 2475 2814 vero
2506 2759 2916 2827 Tertullianas,
2953 2763 3017 2814 ut
3045 2776 3221 2831 supra
3248 2758 3521 2829 vidimus,
3572 2758 3744 2829 plane

2094 2849 2355 2904 ostendit
2386 2849 2433 2903 si
2469 2848 2609 2921 quid
2642 2854 2803 2904 extra
2836 2854 3183 2904 consuetum
3217 2852 3437 2903 natura:
3479 2846 3744 2903 ordinem

2095 2938 2166 2993 ab
2196 2937 2310 2993 illis
2341 2939 2558 2993 factum
2591 2938 2953 3007 videatur,id
2988 2939 3369 2993 tribuendum
3404 2936 3573 2991 malis
3604 2938 3747 2991 arti-

2095 3027 2226 3095 bus,
2279 3027 2589 3099 prazstigiis
2639 3034 2814 3099 atque
2874 3028 3185 3083 fraudibus
3238 3028 3594 3095 daemonum,
3650 3025 3752 3098 qui

2094 3116 2501 3172 delitescentes
2534 3140 2561 3167 «
2593 3118 2702 3172 sub
2736 3116 3075 3189 imaginem,
3107 3134 3134 3167 ιι
3174 3117 3257 3171 uti
3312 3116 3410 3171 ille
3462 3114 3751 3187 loquitur,

2099 3228 2119 3255 α
2155 3207 2589 3277 prostitutione,
2641 3210 2697 3261 et
2744 3206 3141 3262 humanorum
3186 3205 3494 3261 nominum
3542 3221 3750 3261 conse-

2008 3265 2052 3330 C
2093 3265 2350 3352 creticae
2382 3319 2408 3346 »
2446 3265 2702 3366 (Tertull.
2734 3297 3036 3365 Apologct.,
3070 3312 3195 3367 cap.
3222 3297 3334 3367 27),
3388 3294 3747 3367 improvidae

2090 3386 2395 3457 gentilium
2430 3390 2654 3441 mentes
2688 3385 2984 3441 fallebant.
3021 3386 3132 3441 Sed
3160 3386 3230 3440 de
3262 3384 3357 3439 his
3389 3385 3533 3440 satis
3572 3388 3745 3440 antea

2090 3474 2524 3546 disputavimus
2555 3476 2752 3547 (Supr.
2786 3491 2915 3546 cap.
2952 3476 3038 3541 10,
3072 3478 3181 3529 art.
3214 3475 3247 3529 3
3277 3478 3334 3529 et
3363 3481 3576 3545 seqq.).

2163 3583 2365 3655 Neque
2397 3600 2565 3653 porro
2597 3586 2706 3650 est,
2740 3583 2896 3653 quod
2948 3582 3256 3637 haereticus
3304 3582 3519 3653 aliquis
3568 3581 3738 3636 nobis

2092 3672 2152 3726 in
2199 3690 2402 3727 aurem
2460 3673 2804 3743 obganniat,
2849 3670 2936 3726 vel
2992 3671 3186 3742 palam
3238 3670 3499 3726 clamitet
3530 3688 3598 3725 ex
3631 3670 3743 3737 bis,

2090 3780 2217 3833 quae
2248 3763 2534 3817 hactenus
2584 3766 2715 3832 post
2756 3760 3185 3816 Tertullianum
3227 3759 3534 3815 enucleate
3583 3762 3743 3830 sunt,

2092 3851 2361 3906 concludi
2393 3868 2562 3923 posse
2586 3867 2791 3906 omnes
2809 3851 3043 3922 penitus
3062 3867 3259 3906 sacras
3278 3848 3745 3905 Christianorum

2091 3940 2381 4013 imagines
2413 3940 2617 3996 abillo
2667 3940 3066 3995 condemnari.
3120 3939 3245 3996 Non
3290 3939 3447 3994 enim
3497 3937 3567 3992 de
3615 3936 3747 3993 aliis

2093 4030 2434 4102 disputavit,
2487 4046 2664 4101 quam
2708 4030 2990 4085 falsorum
3023 4030 3288 4098 deorum,
3323 4044 3450 4099 quae
3491 4026 3618 4081 sine
3653 4043 3746 4082 sa-

2092 4120 2319 4191 crilegre
2352 4118 2672 4191 impietatis
2705 4119 2865 4184 vitio,
2898 4119 3049 4173 sicut
3078 4118 3221 4173 satis
3271 4116 3581 4188 probatum
3633 4119 3744 4187 est,

2092 4208 2323 4263 adorari
2372 4213 2671 4279 nequeunt
2723 4206 2987 4276 (Tertull.
3038 4208 3107 4261 de
3153 4205 3426 4274 Idololal.,
3493 4221 3617 4276 cap.
3668 4206 3745 4277 5).

2091 4298 2290 4367 Neque
2321 4297 2525 4368 potiori
2553 4299 2687 4367 jure
2710 4296 2861 4351 alius
2886 4297 3129 4352 instabit
3151 4295 3315 4350 illum
3340 4298 3745 4351 asseveranter

2093 4386 2232 4441 alibi
2266 4387 2596 4441 afﬁrmasse
2627 4385 2823 4440 divina
2849 4385 3067 4457 Moysis
3106 4386 3231 4456 lege
3279 4384 3575 4456 quaelibet
3623 4388 3742 4440 sta-

2092 4478 2226 4530 tuas
2257 4480 2315 4529 et
2346 4475 2634 4546 imagines
2666 4474 2980 4545 prohiberi.
3015 4474 3161 4529 Nam
3212 4474 3431 4528 ibidem
3478 4471 3574 4527 ille
3624 4488 3741 4528 non

2095 4564 2293 4619 minus
2325 4564 2629 4636 perspicue
2660 4568 2954 4619 asseverat
2984 4564 3165 4619 factas
3197 4562 3291 4619 Dei
3316 4563 3487 4633 jussu
3521 4562 3592 4618 ab
3647 4578 3743 4618 eo-

322 4649 585 4706 Vulcano
616 4650 779 4705 faber
809 4648 947 4705 ferri
975 4654 1352 4704 consecratur
1381 4668 1408 4701 ι
1446 4648 1649 4721 (Idem,
1683 4646 1785 4703 lib.
1840 4664 1859 4703 ι
1910 4646 1981 4702 ad
2014 4635 2056 4702 D
2089 4654 2219 4709 dem
2246 4635 2440 4726 Moyse
2465 4635 2777 4726 ίεθνρεηιίε
2827 4653 2990 4718 anei,
3042 4651 3528 4717 cherubinorum,
3560 4650 3744 4707 alias-

327 4741 580 4806 Nation.,
616 4756 745 4812 cap.
782 4737 1085 4811 10)?Quis
1135 4738 1291 4794 enim
1344 4755 1412 4793 ea
1464 4738 1804 4809 spectando,
1865 4754 1981 4792 non

323 4828 481 4886 illico
509 4830 747 4886 videbat
776 4828 911 4885 illos
960 4828 1233 4885 homines
1283 4827 1489 4897 fuisse,
1538 4826 1755 4882 vilibus
1803 4826 1979 4883 etiam

326 4919 552 4975 artibus
584 4918 724 4975 olim
758 4922 1095 4991 occupatos,
1130 4918 1227 4989 qui
1260 4917 1340 4973 dii
1390 4916 1606 4973 idcirco
1653 4932 1783 4973 esse
1829 4933 1980 4971 nun-

325 5024 503 5078 quam
532 5007 876 5081 potuerunt?
898 5008 1024 5065 Non
1057 5024 1295 5064 summa
1324 5007 1506 5080 igitur
1534 5006 1662 5063 sine
1683 5006 1981 5079 impietate

323 5094 559 5155 illorum
587 5103 875 5172 tanquam
928 5098 1173 5154 deorum
1220 5096 1537 5154 simulacra
1584 5100 1641 5152 et
1691 5095 1980 5169 imagines

322 5186 744 5247 adorabantur.

393 5286 656 5357 Denique
700 5286 880 5342 iidem
930 5285 1180 5357 gentiles
1228 5301 1345 5341 non
1386 5284 1574 5341 solum
1603 5283 1697 5339 his
1730 5282 1980 5356 aliisque

320 5376 617 5432 veteribus
648 5376 859 5431 H37
895 5375 1010 5431 diis
1041 5375 1188 5447 suis,
1224 5375 1325 5432 sed
1358 5376 1482 5431 suis
1515 5373 1690 5430 etiam
1731 5374 1979 5447 impera-

320 5466 560 5523 toribus
593 5465 863 5535 mortuis,
897 5482 963 5521 ac
996 5466 1351 5538 quandoque
1400 5464 1591 5521 adhuc
1621 5463 1973 5532 viventibus,

326 5555 415 5611 uti
446 5555 622 5628 paulo
652 5560 787 5629 post
814 5556 1509 5624 dicemus,exstruxerant
1532 5552 1833 5626 templa,in
1855 5552 1978 5624 qui-

326 5643 439 5700 bus
469 5643 662 5717 posita
692 5650 858 5703 erant
905 5661 1108 5703 eorum
1157 5644 1494 5715 simulacra,
1544 5658 1726 5715 eaque
1774 5642 1976 5700 eodem

331 5734 500 5805 atque
546 5733 795 5793 aliorum
844 5735 1091 5794 deorum
1140 5750 1385 5794 suorum
1429 5732 1698 5791 colebant
1734 5731 1974 5791 honore.

2091 4759 2203 4815 que
2237 4744 2521 4815 imagines
2554 4744 2674 4799 eive
2704 4745 2956 4811 statuas,
2988 4759 3113 4815 quas
3146 4742 3362 4797 idcirco
3390 4740 3537 4796 nihil
3577 4740 3739 4813 pravi

2090 4832 2288 4890 cultus
2319 4838 2375 4889 et
2421 4831 2762 4889 idololatriaa
2812 4848 3012 4888 secum
3062 4832 3479 4906 importabant.
3527 4830 3738 4886 Existi-

2089 4923 2272 4979 mavit
2320 4940 2456 4996 ergo
2500 4940 2598 4979 eas
2649 4940 2763 4979 non
2797 4922 3217 4995 improbandae
3247 4939 3396 4990 esse,
3429 4938 3555 4993 quas
3588 4918 3737 4975 nihil

2087 5014 2268 5086 impio
2326 5012 2615 5069 idolorum
2673 5012 2856 5069 cultui
2913 5012 3087 5069 afﬁne
3143 5012 3383 5069 habent.
3444 5011 3556 5067 Sed
3614 5009 3736 5065 haec

2090 5104 2281 5159 fusius
2311 5103 2370 5159 in
2422 5103 2611 5176 primo
2663 5104 2975 5176 Apparatus
3028 5103 3211 5159 nostri
3264 5106 3442 5168 tomo,
3486 5098 3737 5170 aliisque

2087 5194 2493 5265 superioribus
2574 5194 2792 5250 nostris
2866 5191 3381 5248 dissertationibus
3445 5188 3737 5261 explicata

2086 5288 2226 5338 sunt
2271 5283 2460 5353 (Tom.
2503 5286 2527 5336 Ι
2557 5283 2844 5354 Apparat.,
2878 5299 2931 5354 p.
2967 5282 3110 5349 748;
3145 5280 3419 5336 Disseruit.
3447 5279 3507 5334 in
3536 5278 3732 5334 Mz'nut.

2087 5372 2295 5441 Octav.,
2329 5390 2457 5445 cap.
2488 5373 2577 5441 29,
2610 5376 2716 5428 art.
2760 5376 2778 5425 1
2841 5376 2898 5427 et
2947 5388 3148 5443 seqq.;
3196 5371 3484 5425 Dissertat.
3536 5370 3596 5423 in
3629 5368 3735 5423 Ar-

2084 5465 2211 5519 nob.
2232 5508 2246 5531 ,
2278 5481 2404 5535 cap.
2435 5464 2527 5529 22,
2561 5466 2673 5516 art.
2707 5462 2733 5515 1
2764 5465 2819 5516 et
2850 5478 3052 5533 seqq.;
3085 5465 3143 5517 et
3180 5461 3476 5517 Dissersat.
3508 5458 3567 5514 in
3598 5459 3731 5513 Lac-

2085 5558 2250 5621 tant,
2284 5570 2411 5624 cap.
2442 5552 2532 5620 34,
2566 5556 2675 5607 art.
2706 5552 2731 5604 1
2767 5554 2825 5606 et
2854 5552 3065 5624 seqq.).
3100 5550 3176 5607 Ea
3203 5566 3338 5607 vero
3369 5550 3419 5606 si
3450 5565 3585 5605 cum
3636 5548 3730 5605 his

2084 5660 2211 5714 qua:
2242 5642 2551 5699 retulimus
2582 5640 2788 5696 1138
2840 5644 3286 5713 componantur,
3337 5655 3547 5696 novam
3597 5654 3730 5695 mu-

2082 5735 2365 5805 tuamque
2395 5731 2587 5787 lucem
2616 5729 2730 5787 sibi
2757 5729 2999 5787 afferent
3028 5745 3093 5788 ac
3123 5727 3425 5803 recipient.
