  <div class='ocr_page' id='page_1' title='image "/cluster/home/n/w/nwhite01/storage/ocr_20150623/1/umn.31951002477295j/623.png"; bbox 0 0 4162 6380; ppageno 0'>
   <div class='ocr_carea' id='block_1_1' title="bbox 429 397 586 459">
    <p class='ocr_par' dir='ltr' id='par_1_1' title="bbox 429 397 586 459">
     <span class='ocr_line' id='line_1_1' title="bbox 429 397 586 459; baseline 0.013 -2"><span class='ocrx_word' id='word_1_1' title='bbox 429 397 586 459; x_wconf 72' lang='grc'><strong><em>1289</em></strong></span> 
     </span>
    </p>
   </div>
   <div class='ocr_carea' id='block_1_2' title="bbox 1038 527 1450 583">
    <p class='ocr_par' dir='ltr' id='par_1_2' title="bbox 1038 527 1450 583">
     <span class='ocr_line' id='line_1_2' title="bbox 1038 527 1450 583; baseline 0.002 -1"><span class='ocrx_word' id='word_1_2' title='bbox 1038 527 1265 583; x_wconf 88' lang='lat' dir='ltr'><strong><em>CAPUT</em></strong></span> <span class='ocrx_word' id='word_1_3' title='bbox 1291 527 1450 583; x_wconf 80' lang='lat' dir='ltr'><strong><em>XXX.</em></strong></span> 
     </span>
    </p>
   </div>
   <div class='ocr_carea' id='block_1_3' title="bbox 724 636 1778 707">
    <p class='ocr_par' dir='ltr' id='par_1_3' title="bbox 724 636 1778 707">
     <span class='ocr_line' id='line_1_3' title="bbox 724 636 1778 707; baseline -0.002 -16"><span class='ocrx_word' id='word_1_4' title='bbox 724 637 796 691; x_wconf 85' lang='lat' dir='ltr'><strong><em>De</em></strong></span> <span class='ocrx_word' id='word_1_5' title='bbox 823 637 1116 705; x_wconf 73' lang='lat' dir='ltr'><strong><em>gentilium</em></strong></span> <span class='ocrx_word' id='word_1_6' title='bbox 1145 636 1361 707; x_wconf 85' lang='lat' dir='ltr'><strong><em>templis</em></strong></span> <span class='ocrx_word' id='word_1_7' title='bbox 1391 641 1442 690; x_wconf 88' lang='lat' dir='ltr'><strong><em>et</em></strong></span> <span class='ocrx_word' id='word_1_8' title='bbox 1473 637 1778 706; x_wconf 73' lang='lat' dir='ltr'><strong><em>sacrificiis.</em></strong></span> 
     </span>
    </p>
   </div>
   <div class='ocr_carea' id='block_1_4' title="bbox 951 767 1547 806">
    <p class='ocr_par' dir='ltr' id='par_1_4' title="bbox 951 767 1547 806">
     <span class='ocr_line' id='line_1_4' title="bbox 951 767 1547 806; baseline -0.002 0"><span class='ocrx_word' id='word_1_9' title='bbox 951 767 1270 806; x_wconf 77' lang='lat' dir='ltr'><strong><em>ARTICULUS</em></strong></span> <span class='ocrx_word' id='word_1_10' title='bbox 1312 767 1547 806; x_wconf 76' lang='lat' dir='ltr'><strong><em>PRIMUS.</em></strong></span> 
     </span>
    </p>
   </div>
   <div class='ocr_carea' id='block_1_5' title="bbox 437 856 2079 928">
    <p class='ocr_par' dir='ltr' id='par_1_5' title="bbox 437 856 2079 928">
     <span class='ocr_line' id='line_1_5' title="bbox 437 856 2079 928; baseline -0.002 -14"><span class='ocrx_word' id='word_1_11' title='bbox 437 861 652 928; x_wconf 82' lang='lat' dir='ltr'><strong><em>Quanta</em></strong></span> <span class='ocrx_word' id='word_1_12' title='bbox 704 859 984 927; x_wconf 76' lang='lat' dir='ltr'><strong><em>impietate</em></strong></span> <span class='ocrx_word' id='word_1_13' title='bbox 1044 858 1251 912; x_wconf 80' lang='lat' dir='ltr'><strong><em>ethnici</em></strong></span> <span class='ocrx_word' id='word_1_14' title='bbox 1292 857 1494 928; x_wconf 78' lang='lat' dir='ltr'><strong><em>tempta</em></strong></span> <span class='ocrx_word' id='word_1_15' title='bbox 1541 860 1595 911; x_wconf 89' lang='lat' dir='ltr'><strong><em>et</em></strong></span> <span class='ocrx_word' id='word_1_16' title='bbox 1641 873 1768 912; x_wconf 90' lang='lat' dir='ltr'><strong><em>aras</em></strong></span> <span class='ocrx_word' id='word_1_17' title='bbox 1813 856 1920 910; x_wconf 83' lang='lat' dir='ltr'><strong><em>diis</em></strong></span> <span class='ocrx_word' id='word_1_18' title='bbox 1966 857 2079 910; x_wconf 85' lang='lat' dir='ltr'><strong><em>suis</em></strong></span> 
     </span>
    </p>
   </div>
   <div class='ocr_carea' id='block_1_6' title="bbox 505 927 2076 1001">
    <p class='ocr_par' dir='ltr' id='par_1_6' title="bbox 505 927 2076 1001">
     <span class='ocr_line' id='line_1_6' title="bbox 505 927 2076 1001; baseline -0.002 -16"><span class='ocrx_word' id='word_1_19' title='bbox 505 939 665 1001; x_wconf 87' lang='lat' dir='ltr'><strong><em>atque</em></strong></span> <span class='ocrx_word' id='word_1_20' title='bbox 695 929 1115 1000; x_wconf 72' lang='lat' dir='ltr'><strong><em>imperatoribus</em></strong></span> <span class='ocrx_word' id='word_1_21' title='bbox 1143 932 1374 984; x_wconf 77' lang='lat' dir='ltr'><strong><em>mortuis</em></strong></span> <span class='ocrx_word' id='word_1_22' title='bbox 1402 927 1454 984; x_wconf 88' lang='lat' dir='ltr'><strong><em>et</em></strong></span> <span class='ocrx_word' id='word_1_23' title='bbox 1482 930 1616 984; x_wconf 86' lang='lat' dir='ltr'><strong><em>vivis</em></strong></span> <span class='ocrx_word' id='word_1_24' title='bbox 1665 927 2076 998; x_wconf 68' lang='lat' dir='ltr'><strong><em>accliﬁcaverint,</em></strong></span> 
     </span>
    </p>
   </div>
   <div class='ocr_carea' id='block_1_7' title="bbox 505 1001 2078 1072">
    <p class='ocr_par' dir='ltr' id='par_1_7' title="bbox 505 1001 2078 1072">
     <span class='ocr_line' id='line_1_7' title="bbox 505 1001 2078 1072; baseline -0.002 -16"><span class='ocrx_word' id='word_1_25' title='bbox 505 1001 911 1071; x_wconf 79' lang='lat' dir='ltr'><strong><em>mercedemque</em></strong></span> <span class='ocrx_word' id='word_1_26' title='bbox 959 1002 1240 1067; x_wconf 65' lang='lat' dir='ltr'><strong><em>exegerint</em></strong></span> <span class='ocrx_word' id='word_1_27' title='bbox 1280 1016 1378 1070; x_wconf 89' lang='lat' dir='ltr'><strong><em>pro</em></strong></span> <span class='ocrx_word' id='word_1_28' title='bbox 1426 1003 1747 1072; x_wconf 77' lang='lat' dir='ltr'><strong><em>templorum</em></strong></span> <span class='ocrx_word' id='word_1_29' title='bbox 1799 1001 1931 1067; x_wconf 83' lang='lat' dir='ltr'><strong><em>solo,</em></strong></span> <span class='ocrx_word' id='word_1_30' title='bbox 1980 1014 2078 1072; x_wconf 79' lang='lat' dir='ltr'><strong><em>pro</em></strong></span> 
     </span>
    </p>
   </div>
   <div class='ocr_carea' id='block_1_8' title="bbox 506 1070 2078 1142">
    <p class='ocr_par' dir='ltr' id='par_1_8' title="bbox 506 1070 2078 1142">
     <span class='ocr_line' id='line_1_8' title="bbox 506 1070 2078 1142; baseline -0.003 -14"><span class='ocrx_word' id='word_1_31' title='bbox 506 1073 682 1140; x_wconf 84' lang='lat' dir='ltr'><strong><em>aditu,</em></strong></span> <span class='ocrx_word' id='word_1_32' title='bbox 711 1070 1005 1142; x_wconf 25' lang='lat' dir='ltr'><strong><em>pro’ostiis</em></strong></span> <span class='ocrx_word' id='word_1_33' title='bbox 1052 1081 1102 1125; x_wconf 90' lang='lat' dir='ltr'><strong><em>et</em></strong></span> <span class='ocrx_word' id='word_1_34' title='bbox 1148 1072 1445 1141; x_wconf 75' lang='lat' dir='ltr'><strong><em>stipitibus,</em></strong></span> <span class='ocrx_word' id='word_1_35' title='bbox 1495 1070 1558 1126; x_wconf 80' lang='lat' dir='ltr'><strong><em>ac</em></strong></span> <span class='ocrx_word' id='word_1_36' title='bbox 1604 1088 1769 1142; x_wconf 88' lang='lat' dir='ltr'><strong><em>quam</em></strong></span> <span class='ocrx_word' id='word_1_37' title='bbox 1827 1070 2078 1140; x_wconf 72' lang='lat' dir='ltr'><strong><em>nefandis</em></strong></span> 
     </span>
    </p>
   </div>
   <div class='ocr_carea' id='block_1_9' title="bbox 506 1141 2080 1213">
    <p class='ocr_par' dir='ltr' id='par_1_9' title="bbox 506 1141 2080 1213">
     <span class='ocr_line' id='line_1_9' title="bbox 506 1141 2080 1213; baseline -0.002 -15"><span class='ocrx_word' id='word_1_38' title='bbox 506 1144 802 1199; x_wconf 72' lang='lat' dir='ltr'><strong><em>sceleribus</em></strong></span> <span class='ocrx_word' id='word_1_39' title='bbox 829 1144 1016 1198; x_wconf 81' lang='lat' dir='ltr'><strong><em>eadem</em></strong></span> <span class='ocrx_word' id='word_1_40' title='bbox 1049 1144 1250 1213; x_wconf 81' lang='lat' dir='ltr'><strong><em>templa</em></strong></span> <span class='ocrx_word' id='word_1_41' title='bbox 1279 1141 1741 1208; x_wconf 78' lang='lat' dir='ltr'><strong><em>contaminarent,</em></strong></span> <span class='ocrx_word' id='word_1_42' title='bbox 1773 1159 1890 1213; x_wconf 56' lang='lat' dir='ltr'><strong><em>queo</em></strong></span> <span class='ocrx_word' id='word_1_43' title='bbox 1924 1141 2080 1196; x_wconf 79' lang='lat' dir='ltr'><strong><em>Chri-</em></strong></span> 
     </span>
    </p>
   </div>
   <div class='ocr_carea' id='block_1_10' title="bbox 503 1215 1388 1271">
    <p class='ocr_par' dir='ltr' id='par_1_10' title="bbox 503 1215 1388 1271">
     <span class='ocr_line' id='line_1_10' title="bbox 503 1215 1388 1271; baseline -0.003 0"><span class='ocrx_word' id='word_1_44' title='bbox 503 1217 675 1271; x_wconf 86' lang='lat' dir='ltr'><strong><em>stiani</em></strong></span> <span class='ocrx_word' id='word_1_45' title='bbox 702 1231 800 1270; x_wconf 84' lang='lat' dir='ltr'><strong><em>nec</em></strong></span> <span class='ocrx_word' id='word_1_46' title='bbox 829 1215 1074 1271; x_wconf 80' lang='lat' dir='ltr'><strong><em>interdiu</em></strong></span> <span class='ocrx_word' id='word_1_47' title='bbox 1104 1219 1388 1270; x_wconf 81' lang='lat' dir='ltr'><strong><em>noverant.</em></strong></span> 
     </span>
    </p>
   </div>
   <div class='ocr_carea' id='block_1_11' title="bbox 513 1364 2083 1436">
    <p class='ocr_par' dir='ltr' id='par_1_11' title="bbox 513 1364 2083 1436">
     <span class='ocr_line' id='line_1_11' title="bbox 513 1364 2083 1436; baseline -0.001 -16"><span class='ocrx_word' id='word_1_48' title='bbox 513 1365 737 1433; x_wconf 83' lang='lat' dir='ltr'><strong><em>Quibus</em></strong></span> <span class='ocrx_word' id='word_1_49' title='bbox 769 1365 1131 1436; x_wconf 79' lang='lat' dir='ltr'><strong><em>argumentis</em></strong></span> <span class='ocrx_word' id='word_1_50' title='bbox 1171 1365 1564 1420; x_wconf 86' lang='lat' dir='ltr'><strong><em>Tertullianus</em></strong></span> <span class='ocrx_word' id='word_1_51' title='bbox 1615 1364 1893 1420; x_wconf 85' lang='lat' dir='ltr'><strong><em>falsorum</em></strong></span> <span class='ocrx_word' id='word_1_52' title='bbox 1948 1364 2083 1418; x_wconf 88' lang='lat' dir='ltr'><strong><em>deo-</em></strong></span> 
     </span>
    </p>
   </div>
   <div class='ocr_carea' id='block_1_12' title="bbox 445 1452 2084 1526">
    <p class='ocr_par' dir='ltr' id='par_1_12' title="bbox 445 1452 2084 1526">
     <span class='ocr_line' id='line_1_12' title="bbox 445 1452 2084 1526; baseline -0.002 -18"><span class='ocrx_word' id='word_1_53' title='bbox 445 1471 574 1509; x_wconf 87' lang='lat' dir='ltr'><strong><em>rum</em></strong></span> <span class='ocrx_word' id='word_1_54' title='bbox 607 1453 895 1526; x_wconf 81' lang='lat' dir='ltr'><strong><em>imagines</em></strong></span> <span class='ocrx_word' id='word_1_55' title='bbox 925 1458 981 1508; x_wconf 92' lang='lat' dir='ltr'><strong><em>et</em></strong></span> <span class='ocrx_word' id='word_1_56' title='bbox 1010 1452 1347 1520; x_wconf 86' lang='lat' dir='ltr'><strong><em>simulacra,</em></strong></span> <span class='ocrx_word' id='word_1_57' title='bbox 1376 1453 1585 1507; x_wconf 88' lang='lat' dir='ltr'><strong><em>iisdem</em></strong></span> <span class='ocrx_word' id='word_1_58' title='bbox 1636 1453 1806 1523; x_wconf 85' lang='lat' dir='ltr'><strong><em>plane</em></strong></span> <span class='ocrx_word' id='word_1_59' title='bbox 1853 1452 2084 1507; x_wconf 90' lang='lat' dir='ltr'><strong><em>illorum</em></strong></span> 
     </span>
    </p>
   </div>
   <div class='ocr_carea' id='block_1_13' title="bbox 445 1540 2090 1614">
    <p class='ocr_par' dir='ltr' id='par_1_13' title="bbox 445 1540 2090 1614">
     <span class='ocr_line' id='line_1_13' title="bbox 445 1540 2090 1614; baseline -0.002 -15"><span class='ocrx_word' id='word_1_60' title='bbox 445 1542 665 1614; x_wconf 88' lang='lat' dir='ltr'><strong><em>templa</em></strong></span> <span class='ocrx_word' id='word_1_61' title='bbox 694 1560 839 1598; x_wconf 77' lang='lat' dir='ltr'><strong><em>verae</em></strong></span> <span class='ocrx_word' id='word_1_62' title='bbox 890 1541 1154 1613; x_wconf 84' lang='lat' dir='ltr'><strong><em>religioni</em></strong></span> <span class='ocrx_word' id='word_1_63' title='bbox 1200 1557 1546 1612; x_wconf 84' lang='lat' dir='ltr'><strong><em>repugnare,</em></strong></span> <span class='ocrx_word' id='word_1_64' title='bbox 1601 1559 1703 1595; x_wconf 89' lang='lat' dir='ltr'><strong><em>nec</em></strong></span> <span class='ocrx_word' id='word_1_65' title='bbox 1750 1540 2090 1596; x_wconf 61' lang='lat' dir='ltr'><strong><em>aedificanda</em></strong></span> 
     </span>
    </p>
   </div>
   <div class='ocr_carea' id='block_1_14' title="bbox 446 1629 2089 1702">
    <p class='ocr_par' dir='ltr' id='par_1_14' title="bbox 446 1629 2089 1702">
     <span class='ocr_line' id='line_1_14' title="bbox 446 1629 2089 1702; baseline -0.002 -16"><span class='ocrx_word' id='word_1_66' title='bbox 446 1647 577 1687; x_wconf 86' lang='lat' dir='ltr'><strong><em>esse</em></strong></span> <span class='ocrx_word' id='word_1_67' title='bbox 607 1629 1174 1686; x_wconf 89' lang='lat' dir='ltr'><strong><em>demonstrat.Nulla</em></strong></span> <span class='ocrx_word' id='word_1_68' title='bbox 1205 1630 1419 1702; x_wconf 83' lang='lat' dir='ltr'><strong><em>quippe</em></strong></span> <span class='ocrx_word' id='word_1_69' title='bbox 1452 1629 1580 1684; x_wconf 82' lang='lat' dir='ltr'><strong><em>falsi</em></strong></span> <span class='ocrx_word' id='word_1_70' title='bbox 1615 1629 1930 1696; x_wconf 70' lang='lat' dir='ltr'><strong><em>dei,‘multo</em></strong></span> <span class='ocrx_word' id='word_1_71' title='bbox 1965 1647 2089 1683; x_wconf 86' lang='lat' dir='ltr'><strong><em>ma-</em></strong></span> 
     </span>
    </p>
   </div>
   <div class='ocr_carea' id='block_1_15' title="bbox 446 1717 2087 1792">
    <p class='ocr_par' dir='ltr' id='par_1_15' title="bbox 446 1717 2087 1792">
     <span class='ocr_line' id='line_1_15' title="bbox 446 1717 2087 1792; baseline -0.001 -20"><span class='ocrx_word' id='word_1_72' title='bbox 446 1721 536 1792; x_wconf 88' lang='lat' dir='ltr'><strong><em>gis</em></strong></span> <span class='ocrx_word' id='word_1_73' title='bbox 587 1721 825 1790; x_wconf 90' lang='lat' dir='ltr'><strong><em>mortui,</em></strong></span> <span class='ocrx_word' id='word_1_74' title='bbox 875 1724 976 1774; x_wconf 88' lang='lat' dir='ltr'><strong><em>aut</em></strong></span> <span class='ocrx_word' id='word_1_75' title='bbox 1021 1719 1268 1773; x_wconf 82' lang='lat' dir='ltr'><strong><em>viventis</em></strong></span> <span class='ocrx_word' id='word_1_76' title='bbox 1318 1717 1574 1773; x_wconf 86' lang='lat' dir='ltr'><strong><em>hominis</em></strong></span> <span class='ocrx_word' id='word_1_77' title='bbox 1631 1723 1911 1789; x_wconf 82' lang='lat' dir='ltr'><strong><em>tanquam</em></strong></span> <span class='ocrx_word' id='word_1_78' title='bbox 1973 1718 2087 1772; x_wconf 91' lang='lat' dir='ltr'><strong><em>veri</em></strong></span> 
     </span>
    </p>
   </div>
   <div class='ocr_carea' id='block_1_16' title="bbox 448 1805 2093 1880">
    <p class='ocr_par' dir='ltr' id='par_1_16' title="bbox 448 1805 2093 1880">
     <span class='ocr_line' id='line_1_16' title="bbox 448 1805 2093 1880; baseline -0.003 -16"><span class='ocrx_word' id='word_1_79' title='bbox 448 1807 541 1864; x_wconf 87' lang='lat' dir='ltr'><strong><em>dei</em></strong></span> <span class='ocrx_word' id='word_1_80' title='bbox 571 1809 792 1880; x_wconf 86' lang='lat' dir='ltr'><strong><em>templa</em></strong></span> <span class='ocrx_word' id='word_1_81' title='bbox 836 1811 1170 1862; x_wconf 79' lang='lat' dir='ltr'><strong><em>construere</em></strong></span> <span class='ocrx_word' id='word_1_82' title='bbox 1202 1823 1460 1877; x_wconf 82' lang='lat' dir='ltr'><strong><em>unquam</em></strong></span> <span class='ocrx_word' id='word_1_83' title='bbox 1513 1805 1694 1862; x_wconf 86' lang='lat' dir='ltr'><strong><em>licuit.</em></strong></span> <span class='ocrx_word' id='word_1_84' title='bbox 1729 1807 1866 1873; x_wconf 87' lang='lat' dir='ltr'><strong><em>Quis</em></strong></span> <span class='ocrx_word' id='word_1_85' title='bbox 1915 1806 2093 1878; x_wconf 86' lang='lat' dir='ltr'><strong><em>igitur</em></strong></span> 
     </span>
    </p>
   </div>
   <div class='ocr_carea' id='block_1_17' title="bbox 454 1894 2173 1968">
    <p class='ocr_par' dir='ltr' id='par_1_17' title="bbox 454 1894 2173 1968">
     <span class='ocr_line' id='line_1_17' title="bbox 454 1894 2173 1968; baseline -0.003 -16"><span class='ocrx_word' id='word_1_86' title='bbox 454 1913 621 1968; x_wconf 77' lang='lat' dir='ltr'><strong><em>aequo</em></strong></span> <span class='ocrx_word' id='word_1_87' title='bbox 653 1896 850 1952; x_wconf 88' lang='lat' dir='ltr'><strong><em>animo</em></strong></span> <span class='ocrx_word' id='word_1_88' title='bbox 883 1895 1029 1951; x_wconf 79' lang='lat' dir='ltr'><strong><em>terre</em></strong></span> <span class='ocrx_word' id='word_1_89' title='bbox 1057 1895 1266 1966; x_wconf 89' lang='lat' dir='ltr'><strong><em>poterit</em></strong></span> <span class='ocrx_word' id='word_1_90' title='bbox 1295 1894 1582 1959; x_wconf 81' lang='lat' dir='ltr'><strong><em>ethnicos,</em></strong></span> <span class='ocrx_word' id='word_1_91' title='bbox 1612 1895 1708 1966; x_wconf 88' lang='lat' dir='ltr'><strong><em>qui</em></strong></span> <span class='ocrx_word' id='word_1_92' title='bbox 1757 1912 1870 1950; x_wconf 91' lang='lat' dir='ltr'><strong><em>non</em></strong></span> <span class='ocrx_word' id='word_1_93' title='bbox 1925 1895 2096 1948; x_wconf 91' lang='lat' dir='ltr'><strong><em>modo</em></strong></span> <span class='ocrx_word' id='word_1_94' title='bbox 2128 1894 2173 1959; x_wconf 85' lang='grc' dir='ltr'><strong>Β</strong></span> 
     </span>
    </p>
   </div>
   <div class='ocr_carea' id='block_1_18' title="bbox 457 1981 2096 2054">
    <p class='ocr_par' dir='ltr' id='par_1_18' title="bbox 457 1981 2096 2054">
     <span class='ocr_line' id='line_1_18' title="bbox 457 1981 2096 2054; baseline -0.001 -15"><span class='ocrx_word' id='word_1_95' title='bbox 457 1985 610 2040; x_wconf 82' lang='lat' dir='ltr'><strong><em>ﬁctis</em></strong></span> <span class='ocrx_word' id='word_1_96' title='bbox 639 1985 929 2040; x_wconf 86' lang='lat' dir='ltr'><strong><em>veteribus</em></strong></span> <span class='ocrx_word' id='word_1_97' title='bbox 953 1985 1086 2054; x_wconf 88' lang='lat' dir='ltr'><strong><em>diis,</em></strong></span> <span class='ocrx_word' id='word_1_98' title='bbox 1120 1984 1217 2038; x_wconf 89' lang='lat' dir='ltr'><strong><em>sed</em></strong></span> <span class='ocrx_word' id='word_1_99' title='bbox 1251 1983 1494 2038; x_wconf 88' lang='lat' dir='ltr'><strong><em>mortuis</em></strong></span> <span class='ocrx_word' id='word_1_100' title='bbox 1527 1983 1704 2038; x_wconf 86' lang='lat' dir='ltr'><strong><em>etiam</em></strong></span> <span class='ocrx_word' id='word_1_101' title='bbox 1747 1999 1811 2037; x_wconf 88' lang='lat' dir='ltr'><strong><em>ac</em></strong></span> <span class='ocrx_word' id='word_1_102' title='bbox 1854 1981 2096 2037; x_wconf 84' lang='lat' dir='ltr'><strong><em>viventi-</em></strong></span> 
     </span>
    </p>
   </div>
   <div class='ocr_carea' id='block_1_19' title="bbox 469 2071 2099 2145">
    <p class='ocr_par' dir='ltr' id='par_1_19' title="bbox 469 2071 2099 2145">
     <span class='ocr_line' id='line_1_19' title="bbox 469 2071 2099 2145; baseline -0.001 -17"><span class='ocrx_word' id='word_1_103' title='bbox 469 2075 582 2129; x_wconf 91' lang='lat' dir='ltr'><strong><em>bus</em></strong></span> <span class='ocrx_word' id='word_1_104' title='bbox 612 2073 1062 2145; x_wconf 82' lang='lat' dir='ltr'><strong><em>imperatoribus</em></strong></span> <span class='ocrx_word' id='word_1_105' title='bbox 1092 2073 1214 2127; x_wconf 89' lang='lat' dir='ltr'><strong><em>suis</em></strong></span> <span class='ocrx_word' id='word_1_106' title='bbox 1241 2072 1477 2142; x_wconf 89' lang='lat' dir='ltr'><strong><em>templa,</em></strong></span> <span class='ocrx_word' id='word_1_107' title='bbox 1497 2077 1596 2126; x_wconf 91' lang='lat' dir='ltr'><strong><em>aut</em></strong></span> <span class='ocrx_word' id='word_1_108' title='bbox 1627 2077 1690 2126; x_wconf 90' lang='lat' dir='ltr'><strong><em>ut</em></strong></span> <span class='ocrx_word' id='word_1_109' title='bbox 1709 2071 2099 2127; x_wconf 89' lang='lat' dir='ltr'><strong><em>Tertullianus</em></strong></span> 
     </span>
    </p>
   </div>
   <div class='ocr_carea' id='block_1_20' title="bbox 470 2161 2099 2234">
    <p class='ocr_par' dir='ltr' id='par_1_20' title="bbox 470 2161 2099 2234">
     <span class='ocr_line' id='line_1_20' title="bbox 470 2161 2099 2234; baseline 0 -18"><span class='ocrx_word' id='word_1_110' title='bbox 470 2162 745 2234; x_wconf 85' lang='lat' dir='ltr'><strong><em>loquitur,</em></strong></span> <span class='ocrx_word' id='word_1_111' title='bbox 777 2164 928 2218; x_wconf 77' lang='lat' dir='ltr'><strong><em>aedes</em></strong></span> <span class='ocrx_word' id='word_1_112' title='bbox 958 2167 1013 2216; x_wconf 89' lang='lat' dir='ltr'><strong><em>et</em></strong></span> <span class='ocrx_word' id='word_1_113' title='bbox 1044 2179 1172 2216; x_wconf 86' lang='lat' dir='ltr'><strong><em>aras</em></strong></span> <span class='ocrx_word' id='word_1_114' title='bbox 1205 2161 1556 2233; x_wconf 85' lang='lat' dir='ltr'><strong><em>posuerant?</em></strong></span> <span class='ocrx_word' id='word_1_115' title='bbox 1586 2163 1972 2225; x_wconf 86' lang='lat' dir='ltr'><strong><em>Quamobrem</em></strong></span> <span class='ocrx_word' id='word_1_116' title='bbox 2007 2161 2099 2216; x_wconf 87' lang='lat' dir='ltr'><strong><em>his</em></strong></span> 
     </span>
    </p>
   </div>
   <div class='ocr_carea' id='block_1_21' title="bbox 464 2249 2096 2322">
    <p class='ocr_par' dir='ltr' id='par_1_21' title="bbox 464 2249 2096 2322">
     <span class='ocr_line' id='line_1_21' title="bbox 464 2249 2096 2322; baseline -0.001 -16"><span class='ocrx_word' id='word_1_117' title='bbox 464 2251 596 2306; x_wconf 90' lang='lat' dir='ltr'><strong><em>illos</em></strong></span> <span class='ocrx_word' id='word_1_118' title='bbox 629 2251 939 2322; x_wconf 90' lang='lat' dir='ltr'><strong><em>compellat</em></strong></span> <span class='ocrx_word' id='word_1_119' title='bbox 968 2251 1283 2322; x_wconf 89' lang='lat' dir='ltr'><strong><em>irridetque</em></strong></span> <span class='ocrx_word' id='word_1_120' title='bbox 1309 2251 1500 2305; x_wconf 84' lang='lat' dir='ltr'><strong><em>verbis</em></strong></span> <span class='ocrx_word' id='word_1_121' title='bbox 1530 2266 1541 2303; x_wconf 91' lang='lat'>:</span> <span class='ocrx_word' id='word_1_122' title='bbox 1578 2271 1606 2300; x_wconf 90' lang='grc'><strong><em>‹‹</em></strong></span> <span class='ocrx_word' id='word_1_123' title='bbox 1635 2250 1817 2321; x_wconf 86' lang='lat' dir='ltr'><strong><em>Digne</em></strong></span> <span class='ocrx_word' id='word_1_124' title='bbox 1848 2249 2096 2320; x_wconf 87' lang='lat' dir='ltr'><strong><em>impera-</em></strong></span> 
     </span>
    </p>
   </div>
   <div class='ocr_carea' id='block_1_22' title="bbox 465 2339 2099 2410">
    <p class='ocr_par' dir='ltr' id='par_1_22' title="bbox 465 2339 2099 2410">
     <span class='ocr_line' id='line_1_22' title="bbox 465 2339 2099 2410; baseline 0.001 -16"><span class='ocrx_word' id='word_1_125' title='bbox 465 2340 691 2395; x_wconf 81' lang='lat' dir='ltr'><strong><em>toribus</em></strong></span> <span class='ocrx_word' id='word_1_126' title='bbox 723 2339 1008 2394; x_wconf 81' lang='lat' dir='ltr'><strong><em>defunctis</em></strong></span> <span class='ocrx_word' id='word_1_127' title='bbox 1043 2339 1320 2394; x_wconf 85' lang='lat' dir='ltr'><strong><em>honorem</em></strong></span> <span class='ocrx_word' id='word_1_128' title='bbox 1355 2339 1675 2394; x_wconf 83' lang='lat' dir='ltr'><strong><em>divinitatis</em></strong></span> <span class='ocrx_word' id='word_1_129' title='bbox 1708 2339 1934 2408; x_wconf 86' lang='lat' dir='ltr'><strong><em>dicatis,</em></strong></span> <span class='ocrx_word' id='word_1_130' title='bbox 1970 2340 2099 2410; x_wconf 91' lang='lat' dir='ltr'><strong><em>qui-</em></strong></span> 
     </span>
    </p>
   </div>
   <div class='ocr_carea' id='block_1_23' title="bbox 464 2427 2099 2499">
    <p class='ocr_par' dir='ltr' id='par_1_23' title="bbox 464 2427 2099 2499">
     <span class='ocr_line' id='line_1_23' title="bbox 464 2427 2099 2499; baseline 0.001 -18"><span class='ocrx_word' id='word_1_131' title='bbox 464 2429 574 2483; x_wconf 88' lang='lat' dir='ltr'><strong><em>bus</em></strong></span> <span class='ocrx_word' id='word_1_132' title='bbox 603 2434 658 2483; x_wconf 93' lang='lat' dir='ltr'><strong><em>et</em></strong></span> <span class='ocrx_word' id='word_1_133' title='bbox 687 2429 1012 2483; x_wconf 84' lang='lat' dir='ltr'><strong><em>viventibus</em></strong></span> <span class='ocrx_word' id='word_1_134' title='bbox 1045 2445 1177 2482; x_wconf 85' lang='lat' dir='ltr'><strong><em>eum</em></strong></span> <span class='ocrx_word' id='word_1_135' title='bbox 1210 2427 1503 2499; x_wconf 82' lang='lat' dir='ltr'><strong><em>addicitis,</em></strong></span> <span class='ocrx_word' id='word_1_136' title='bbox 1551 2452 1572 2481; x_wconf 74' lang='grc' dir='ltr'><strong><em>ι</em></strong></span> <span class='ocrx_word' id='word_1_137' title='bbox 1633 2428 1716 2483; x_wconf 89' lang='lat' dir='ltr'><strong><em>vel</em></strong></span> <span class='ocrx_word' id='word_1_138' title='bbox 1769 2428 1941 2485; x_wconf 88' lang='lat' dir='ltr'><strong><em>sicuti</em></strong></span> <span class='ocrx_word' id='word_1_139' title='bbox 1987 2427 2099 2483; x_wconf 91' lang='lat' dir='ltr'><strong><em>alio</em></strong></span> 
     </span>
    </p>
   </div>
   <div class='ocr_carea' id='block_1_24' title="bbox 460 2515 2096 2590">
    <p class='ocr_par' dir='ltr' id='par_1_24' title="bbox 460 2515 2096 2590">
     <span class='ocr_line' id='line_1_24' title="bbox 460 2515 2096 2590; baseline 0.001 -20"><span class='ocrx_word' id='word_1_140' title='bbox 460 2515 520 2570; x_wconf 89' lang='lat' dir='ltr'><strong><em>in</em></strong></span> <span class='ocrx_word' id='word_1_141' title='bbox 577 2516 724 2572; x_wconf 89' lang='lat' dir='ltr'><strong><em>libro</em></strong></span> <span class='ocrx_word' id='word_1_142' title='bbox 780 2517 1024 2587; x_wconf 84' lang='lat' dir='ltr'><strong><em>adjecit,</em></strong></span> <span class='ocrx_word' id='word_1_143' title='bbox 1085 2517 1445 2583; x_wconf 87' lang='lat' dir='ltr'><strong><em>sacerdotia,</em></strong></span> <span class='ocrx_word' id='word_1_144' title='bbox 1505 2534 1702 2572; x_wconf 89' lang='lat' dir='ltr'><strong><em>sacros</em></strong></span> <span class='ocrx_word' id='word_1_145' title='bbox 1760 2523 2096 2590; x_wconf 86' lang='lat' dir='ltr'><strong><em>apparatus,</em></strong></span> 
     </span>
    </p>
   </div>
   <div class='ocr_carea' id='block_1_25' title="bbox 460 2605 2099 2676">
    <p class='ocr_par' dir='ltr' id='par_1_25' title="bbox 460 2605 2099 2676">
     <span class='ocr_line' id='line_1_25' title="bbox 460 2605 2099 2676; baseline 0.001 -17"><span class='ocrx_word' id='word_1_146' title='bbox 460 2607 723 2673; x_wconf 83' lang='lat' dir='ltr'><strong><em>thensas,</em></strong></span> <span class='ocrx_word' id='word_1_147' title='bbox 757 2623 986 2671; x_wconf 85' lang='lat' dir='ltr'><strong><em>currus,</em></strong></span> <span class='ocrx_word' id='word_1_148' title='bbox 1018 2605 1357 2676; x_wconf 85' lang='lat' dir='ltr'><strong><em>solisterm&#39;a,</em></strong></span> <span class='ocrx_word' id='word_1_149' title='bbox 1393 2607 1448 2660; x_wconf 91' lang='lat' dir='ltr'><strong><em>id</em></strong></span> <span class='ocrx_word' id='word_1_150' title='bbox 1482 2610 1590 2672; x_wconf 89' lang='lat' dir='ltr'><strong><em>est,</em></strong></span> <span class='ocrx_word' id='word_1_151' title='bbox 1641 2605 1789 2661; x_wconf 86' lang='lat' dir='ltr'><strong><em>solia</em></strong></span> <span class='ocrx_word' id='word_1_152' title='bbox 1835 2611 1891 2661; x_wconf 89' lang='lat' dir='ltr'><strong><em>et</em></strong></span> <span class='ocrx_word' id='word_1_153' title='bbox 1937 2607 2099 2661; x_wconf 86' lang='lat' dir='ltr'><strong><em>thro-</em></strong></span> 
     </span>
    </p>
   </div>
   <div class='ocr_carea' id='block_1_26' title="bbox 459 2694 2096 2766">
    <p class='ocr_par' dir='ltr' id='par_1_26' title="bbox 459 2694 2096 2766">
     <span class='ocr_line' id='line_1_26' title="bbox 459 2694 2096 2766; baseline 0.001 -18"><span class='ocrx_word' id='word_1_154' title='bbox 459 2710 592 2761; x_wconf 89' lang='lat' dir='ltr'><strong><em>nos,</em></strong></span> <span class='ocrx_word' id='word_1_155' title='bbox 643 2700 817 2766; x_wconf 85' lang='lat' dir='ltr'><strong><em>atque</em></strong></span> <span class='ocrx_word' id='word_1_156' title='bbox 874 2695 1049 2750; x_wconf 86' lang='lat' dir='ltr'><strong><em>etiam</em></strong></span> <span class='ocrx_word' id='word_1_157' title='bbox 1102 2694 1437 2750; x_wconf 80' lang='lat' dir='ltr'><strong><em>lectisternia</em></strong></span> <span class='ocrx_word' id='word_1_158' title='bbox 1493 2695 1790 2750; x_wconf 82' lang='lat' dir='ltr'><strong><em>exstruitis</em></strong></span> <span class='ocrx_word' id='word_1_159' title='bbox 1837 2695 2096 2763; x_wconf 86' lang='lat' dir='ltr'><strong><em>(Tertull.</em></strong></span> 
     </span>
    </p>
   </div>
   <div class='ocr_carea' id='block_1_27' title="bbox 459 2781 2094 2854">
    <p class='ocr_par' dir='ltr' id='par_1_27' title="bbox 459 2781 2094 2854">
     <span class='ocr_line' id='line_1_27' title="bbox 459 2781 2094 2854; baseline 0.001 -18"><span class='ocrx_word' id='word_1_160' title='bbox 459 2783 754 2853; x_wconf 82' lang='lat' dir='ltr'><strong><em>Apotoget.,</em></strong></span> <span class='ocrx_word' id='word_1_161' title='bbox 805 2798 931 2854; x_wconf 89' lang='lat' dir='ltr'><strong><em>cap.</em></strong></span> <span class='ocrx_word' id='word_1_162' title='bbox 987 2784 1090 2849; x_wconf 79' lang='lat' dir='ltr'><strong><em>i3;</em></strong></span> <span class='ocrx_word' id='word_1_163' title='bbox 1140 2781 1240 2837; x_wconf 59' lang='lat' dir='ltr'><strong><em>lib.</em></strong></span> <span class='ocrx_word' id='word_1_164' title='bbox 1292 2799 1308 2836; x_wconf 82' lang='grc' dir='ltr'>ι</span> <span class='ocrx_word' id='word_1_165' title='bbox 1361 2783 1428 2837; x_wconf 85' lang='lat' dir='ltr'><strong><em>ad</em></strong></span> <span class='ocrx_word' id='word_1_166' title='bbox 1475 2785 1722 2848; x_wconf 83' lang='lat' dir='ltr'><strong><em>Nation.,</em></strong></span> <span class='ocrx_word' id='word_1_167' title='bbox 1773 2801 1897 2854; x_wconf 88' lang='lat' dir='ltr'><strong><em>cap.</em></strong></span> <span class='ocrx_word' id='word_1_168' title='bbox 1949 2784 2094 2852; x_wconf 70' lang='grc'><strong><em>344).</em></strong></span> 
     </span>
    </p>
   </div>
   <div class='ocr_carea' id='block_1_28' title="bbox 462 2871 2098 2942">
    <p class='ocr_par' dir='ltr' id='par_1_28' title="bbox 462 2871 2098 2942">
     <span class='ocr_line' id='line_1_28' title="bbox 462 2871 2098 2942; baseline -0.002 -14"><span class='ocrx_word' id='word_1_169' title='bbox 462 2871 545 2928; x_wconf 90' lang='lat' dir='ltr'><strong><em>Ne</em></strong></span> <span class='ocrx_word' id='word_1_170' title='bbox 578 2871 708 2942; x_wconf 86' lang='lat' dir='ltr'><strong><em>quis</em></strong></span> <span class='ocrx_word' id='word_1_171' title='bbox 736 2877 928 2926; x_wconf 88' lang='lat' dir='ltr'><strong><em>autem</em></strong></span> <span class='ocrx_word' id='word_1_172' title='bbox 964 2871 1259 2926; x_wconf 86' lang='lat' dir='ltr'><strong><em>dubitaret</em></strong></span> <span class='ocrx_word' id='word_1_173' title='bbox 1289 2889 1355 2925; x_wconf 85' lang='lat' dir='ltr'><strong><em>ca</em></strong></span> <span class='ocrx_word' id='word_1_174' title='bbox 1388 2871 1602 2941; x_wconf 90' lang='lat' dir='ltr'><strong><em>templa</em></strong></span> <span class='ocrx_word' id='word_1_175' title='bbox 1633 2872 1798 2926; x_wconf 87' lang='lat' dir='ltr'><strong><em>novis</em></strong></span> <span class='ocrx_word' id='word_1_176' title='bbox 1839 2871 1953 2927; x_wconf 89' lang='lat' dir='ltr'><strong><em>illis</em></strong></span> <span class='ocrx_word' id='word_1_177' title='bbox 1985 2872 2098 2926; x_wconf 91' lang='lat' dir='ltr'><strong><em>diis</em></strong></span> 
     </span>
    </p>
   </div>
   <div class='ocr_carea' id='block_1_29' title="bbox 460 2959 2100 3032">
    <p class='ocr_par' dir='ltr' id='par_1_29' title="bbox 460 2959 2100 3032">
     <span class='ocr_line' id='line_1_29' title="bbox 460 2959 2100 3032; baseline 0.001 -17"><span class='ocrx_word' id='word_1_178' title='bbox 460 2960 810 3027; x_wconf 89' lang='lat' dir='ltr'><strong><em>consecrari,</em></strong></span> <span class='ocrx_word' id='word_1_179' title='bbox 844 2959 1080 3032; x_wconf 89' lang='lat' dir='ltr'><strong><em>ipsimet</em></strong></span> <span class='ocrx_word' id='word_1_180' title='bbox 1121 2959 1368 3032; x_wconf 87' lang='lat' dir='ltr'><strong><em>gentiles</em></strong></span> <span class='ocrx_word' id='word_1_181' title='bbox 1419 2977 1615 3015; x_wconf 89' lang='lat' dir='ltr'><strong><em>eorum</em></strong></span> <span class='ocrx_word' id='word_1_182' title='bbox 1664 2959 1991 3027; x_wconf 89' lang='lat' dir='ltr'><strong><em>liminibus,</em></strong></span> <span class='ocrx_word' id='word_1_183' title='bbox 2043 2967 2100 3016; x_wconf 91' lang='lat' dir='ltr'><strong><em>et</em></strong></span> 
     </span>
    </p>
   </div>
   <div class='ocr_carea' id='block_1_30' title="bbox 460 3049 2097 3121">
    <p class='ocr_par' dir='ltr' id='par_1_30' title="bbox 460 3049 2097 3121">
     <span class='ocr_line' id='line_1_30' title="bbox 460 3049 2097 3121; baseline -0.001 -16"><span class='ocrx_word' id='word_1_184' title='bbox 460 3051 578 3106; x_wconf 89' lang='lat' dir='ltr'><strong><em>aris</em></strong></span> <span class='ocrx_word' id='word_1_185' title='bbox 608 3049 868 3121; x_wconf 91' lang='lat' dir='ltr'><strong><em>insignes</em></strong></span> <span class='ocrx_word' id='word_1_186' title='bbox 898 3051 1160 3119; x_wconf 89' lang='lat' dir='ltr'><strong><em>deorum,</em></strong></span> <span class='ocrx_word' id='word_1_187' title='bbox 1195 3049 1409 3120; x_wconf 90' lang='lat' dir='ltr'><strong><em>quibus</em></strong></span> <span class='ocrx_word' id='word_1_188' title='bbox 1440 3049 1880 3116; x_wconf 81' lang='lat' dir='ltr'><strong><em>dedicabantur,</em></strong></span> <span class='ocrx_word' id='word_1_189' title='bbox 1899 3049 2097 3105; x_wconf 89' lang='lat' dir='ltr'><strong><em>titulos</em></strong></span> 
     </span>
    </p>
   </div>
   <div class='ocr_carea' id='block_1_31' title="bbox 458 3137 2097 3210">
    <p class='ocr_par' dir='ltr' id='par_1_31' title="bbox 458 3137 2097 3210">
     <span class='ocr_line' id='line_1_31' title="bbox 458 3137 2097 3210; baseline 0 -17"><span class='ocrx_word' id='word_1_190' title='bbox 458 3137 700 3194; x_wconf 89' lang='lat' dir='ltr'><strong><em>inscribi</em></strong></span> <span class='ocrx_word' id='word_1_191' title='bbox 731 3141 1094 3194; x_wconf 82' lang='lat' dir='ltr'><strong><em>curaverant.</em></strong></span> <span class='ocrx_word' id='word_1_192' title='bbox 1127 3137 1181 3191; x_wconf 91' lang='lat' dir='ltr'><strong><em>Si</em></strong></span> <span class='ocrx_word' id='word_1_193' title='bbox 1216 3137 1348 3208; x_wconf 88' lang='lat' dir='ltr'><strong><em>quis</em></strong></span> <span class='ocrx_word' id='word_1_194' title='bbox 1379 3143 1573 3193; x_wconf 91' lang='lat' dir='ltr'><strong><em>autem</em></strong></span> <span class='ocrx_word' id='word_1_195' title='bbox 1604 3137 1800 3210; x_wconf 86' lang='lat' dir='ltr'><strong><em>aliqua</em></strong></span> <span class='ocrx_word' id='word_1_196' title='bbox 1848 3137 2097 3209; x_wconf 87' lang='lat' dir='ltr'><strong><em>templo-</em></strong></span> 
     </span>
    </p>
   </div>
   <div class='ocr_carea' id='block_1_32' title="bbox 459 3226 2170 3325">
    <p class='ocr_par' dir='ltr' id='par_1_32' title="bbox 459 3226 2170 3325">
     <span class='ocr_line' id='line_1_32' title="bbox 459 3226 2170 3325; baseline 0.001 -43"><span class='ocrx_word' id='word_1_197' title='bbox 459 3245 590 3283; x_wconf 89' lang='lat' dir='ltr'><strong><em>rum</em></strong></span> <span class='ocrx_word' id='word_1_198' title='bbox 624 3226 1076 3299; x_wconf 89' lang='lat' dir='ltr'><strong><em>imperatoribus</em></strong></span> <span class='ocrx_word' id='word_1_199' title='bbox 1104 3227 1501 3282; x_wconf 89' lang='lat' dir='ltr'><strong><em>dedicatorum</em></strong></span> <span class='ocrx_word' id='word_1_200' title='bbox 1527 3226 1790 3299; x_wconf 88' lang='lat' dir='ltr'><strong><em>exempla</em></strong></span> <span class='ocrx_word' id='word_1_201' title='bbox 1821 3226 1928 3282; x_wconf 91' lang='lat' dir='ltr'><strong><em>sibi</em></strong></span> <span class='ocrx_word' id='word_1_202' title='bbox 1963 3244 2096 3298; x_wconf 89' lang='lat' dir='ltr'><strong><em>pro-</em></strong></span> <span class='ocrx_word' id='word_1_203' title='bbox 2128 3258 2170 3325; x_wconf 65' lang='grc' dir='ltr'>ρ</span> 
     </span>
    </p>
   </div>
   <div class='ocr_carea' id='block_1_33' title="bbox 457 3315 2092 3383">
    <p class='ocr_par' dir='ltr' id='par_1_33' title="bbox 457 3315 2092 3383">
     <span class='ocr_line' id='line_1_33' title="bbox 457 3315 2092 3383; baseline 0.001 -11"><span class='ocrx_word' id='word_1_204' title='bbox 457 3317 594 3373; x_wconf 82' lang='lat' dir='ltr'><strong><em>ferri</em></strong></span> <span class='ocrx_word' id='word_1_205' title='bbox 642 3317 798 3383; x_wconf 87' lang='lat' dir='ltr'><strong><em>velit,</em></strong></span> <span class='ocrx_word' id='word_1_206' title='bbox 849 3333 919 3372; x_wconf 90' lang='lat' dir='ltr'><strong><em>en</em></strong></span> <span class='ocrx_word' id='word_1_207' title='bbox 969 3316 1230 3371; x_wconf 87' lang='lat' dir='ltr'><strong><em>Suetonii</em></strong></span> <span class='ocrx_word' id='word_1_208' title='bbox 1280 3317 1351 3370; x_wconf 92' lang='lat' dir='ltr'><strong><em>de</em></strong></span> <span class='ocrx_word' id='word_1_209' title='bbox 1397 3315 1553 3371; x_wconf 89' lang='lat' dir='ltr'><strong><em>Julio</em></strong></span> <span class='ocrx_word' id='word_1_210' title='bbox 1601 3316 1824 3371; x_wconf 61' lang='lat' dir='ltr'><strong><em>Caesare</em></strong></span> <span class='ocrx_word' id='word_1_211' title='bbox 1871 3318 2092 3374; x_wconf 88' lang='lat' dir='ltr'><strong><em>verba:</em></strong></span> 
     </span>
    </p>
   </div>
   <div class='ocr_carea' id='block_1_34' title="bbox 458 3404 2096 3479">
    <p class='ocr_par' dir='ltr' id='par_1_34' title="bbox 458 3404 2096 3479">
     <span class='ocr_line' id='line_1_34' title="bbox 458 3404 2096 3479; baseline 0.002 -21"><span class='ocrx_word' id='word_1_212' title='bbox 458 3429 486 3458; x_wconf 78' lang='grc' dir='ltr'>α</span> <span class='ocrx_word' id='word_1_213' title='bbox 538 3405 840 3479; x_wconf 85' lang='lat' dir='ltr'><strong><em>Ampliora</em></strong></span> <span class='ocrx_word' id='word_1_214' title='bbox 880 3404 1055 3460; x_wconf 87' lang='lat' dir='ltr'><strong><em>etiam</em></strong></span> <span class='ocrx_word' id='word_1_215' title='bbox 1100 3405 1358 3460; x_wconf 91' lang='lat' dir='ltr'><strong><em>humano</em></strong></span> <span class='ocrx_word' id='word_1_216' title='bbox 1417 3405 1647 3475; x_wconf 81' lang='lat' dir='ltr'><strong><em>fastigio</em></strong></span> <span class='ocrx_word' id='word_1_217' title='bbox 1705 3404 1815 3461; x_wconf 89' lang='lat' dir='ltr'><strong><em>sibi</em></strong></span> <span class='ocrx_word' id='word_1_218' title='bbox 1863 3407 2096 3461; x_wconf 88' lang='lat' dir='ltr'><strong><em>decerni</em></strong></span> 
     </span>
    </p>
   </div>
   <div class='ocr_carea' id='block_1_35' title="bbox 456 3493 2096 3567">
    <p class='ocr_par' dir='ltr' id='par_1_35' title="bbox 456 3493 2096 3567">
     <span class='ocr_line' id='line_1_35' title="bbox 456 3493 2096 3567; baseline 0 -17"><span class='ocrx_word' id='word_1_219' title='bbox 456 3511 668 3567; x_wconf 87' lang='lat' dir='ltr'><strong><em>passus</em></strong></span> <span class='ocrx_word' id='word_1_220' title='bbox 717 3499 823 3562; x_wconf 88' lang='lat' dir='ltr'><strong><em>est,</em></strong></span> <span class='ocrx_word' id='word_1_221' title='bbox 874 3493 1114 3565; x_wconf 90' lang='lat' dir='ltr'><strong><em>templa,</em></strong></span> <span class='ocrx_word' id='word_1_222' title='bbox 1164 3510 1320 3564; x_wconf 88' lang='lat' dir='ltr'><strong><em>aras,</em></strong></span> <span class='ocrx_word' id='word_1_223' title='bbox 1365 3494 1700 3560; x_wconf 88' lang='lat' dir='ltr'><strong><em>simulacra,</em></strong></span> <span class='ocrx_word' id='word_1_224' title='bbox 1743 3496 1914 3565; x_wconf 81' lang='lat' dir='ltr'><strong><em>juxta</em></strong></span> <span class='ocrx_word' id='word_1_225' title='bbox 1958 3496 2096 3550; x_wconf 88' lang='lat' dir='ltr'><strong><em>deos</em></strong></span> 
     </span>
    </p>
   </div>
   <div class='ocr_carea' id='block_1_36' title="bbox 457 3581 2093 3656">
    <p class='ocr_par' dir='ltr' id='par_1_36' title="bbox 457 3581 2093 3656">
     <span class='ocr_line' id='line_1_36' title="bbox 457 3581 2093 3656; baseline 0.001 -18"><span class='ocrx_word' id='word_1_226' title='bbox 457 3582 748 3656; x_wconf 86' lang='lat' dir='ltr'><strong><em>pulvinar,</em></strong></span> <span class='ocrx_word' id='word_1_227' title='bbox 779 3582 1069 3649; x_wconf 87' lang='lat' dir='ltr'><strong><em>ﬂamines,</em></strong></span> <span class='ocrx_word' id='word_1_228' title='bbox 1099 3581 1365 3653; x_wconf 89' lang='lat' dir='ltr'><strong><em>lupercos</em></strong></span> <span class='ocrx_word' id='word_1_229' title='bbox 1397 3604 1424 3633; x_wconf 83' lang='lat'><strong>»</strong></span> <span class='ocrx_word' id='word_1_230' title='bbox 1458 3583 1718 3655; x_wconf 88' lang='lat' dir='ltr'><strong><em>(Sueton.</em></strong></span> <span class='ocrx_word' id='word_1_231' title='bbox 1747 3583 1892 3638; x_wconf 78' lang='lat' dir='ltr'><strong><em>lib.1.</em></strong></span> <span class='ocrx_word' id='word_1_232' title='bbox 1926 3585 1953 3656; x_wconf 66' lang='grc' dir='ltr'>ἒ</span> <span class='ocrx_word' id='word_1_233' title='bbox 1981 3585 2093 3655; x_wconf 83' lang='lat'><strong><em>76).</em></strong></span> 
     </span>
    </p>
   </div>
   <div class='ocr_carea' id='block_1_37' title="bbox 459 3671 2097 3742">
    <p class='ocr_par' dir='ltr' id='par_1_37' title="bbox 459 3671 2097 3742">
     <span class='ocr_line' id='line_1_37' title="bbox 459 3671 2097 3742; baseline 0.002 -20"><span class='ocrx_word' id='word_1_234' title='bbox 459 3671 611 3738; x_wconf 76' lang='lat' dir='ltr'><strong><em>Quin</em></strong></span> <span class='ocrx_word' id='word_1_235' title='bbox 645 3671 817 3726; x_wconf 88' lang='lat' dir='ltr'><strong><em>etiam</em></strong></span> <span class='ocrx_word' id='word_1_236' title='bbox 859 3688 924 3726; x_wconf 90' lang='lat' dir='ltr'><strong><em>eo</em></strong></span> <span class='ocrx_word' id='word_1_237' title='bbox 975 3671 1258 3742; x_wconf 81' lang='lat' dir='ltr'><strong><em>processit</em></strong></span> <span class='ocrx_word' id='word_1_238' title='bbox 1305 3671 1424 3726; x_wconf 74' lang='lat' dir='ltr'><strong><em>haec</em></strong></span> <span class='ocrx_word' id='word_1_239' title='bbox 1476 3672 1681 3727; x_wconf 88' lang='lat' dir='ltr'><strong><em>insana</em></strong></span> <span class='ocrx_word' id='word_1_240' title='bbox 1732 3672 2097 3728; x_wconf 88' lang='lat' dir='ltr'><strong><em>ethnicorum</em></strong></span> 
     </span>
    </p>
   </div>
   <div class='ocr_carea' id='block_1_38' title="bbox 459 3759 2100 3832">
    <p class='ocr_par' dir='ltr' id='par_1_38' title="bbox 459 3759 2100 3832">
     <span class='ocr_line' id='line_1_38' title="bbox 459 3759 2100 3832; baseline 0.001 -17"><span class='ocrx_word' id='word_1_241' title='bbox 459 3760 754 3832; x_wconf 86' lang='lat' dir='ltr'><strong><em>impietas,</em></strong></span> <span class='ocrx_word' id='word_1_242' title='bbox 818 3765 880 3814; x_wconf 89' lang='lat' dir='ltr'><strong><em>ut</em></strong></span> <span class='ocrx_word' id='word_1_243' title='bbox 937 3759 1199 3814; x_wconf 83' lang='lat' dir='ltr'><strong><em>Valerius</em></strong></span> <span class='ocrx_word' id='word_1_244' title='bbox 1258 3759 1545 3816; x_wconf 84' lang='lat' dir='ltr'><strong><em>Maximus</em></strong></span> <span class='ocrx_word' id='word_1_245' title='bbox 1594 3778 1774 3817; x_wconf 89' lang='lat' dir='ltr'><strong><em>ausus</em></strong></span> <span class='ocrx_word' id='word_1_246' title='bbox 1822 3762 1898 3816; x_wconf 91' lang='lat' dir='ltr'><strong><em>sit</em></strong></span> <span class='ocrx_word' id='word_1_247' title='bbox 1945 3761 2100 3817; x_wconf 92' lang='lat' dir='ltr'><strong><em>hunc</em></strong></span> 
     </span>
    </p>
   </div>
   <div class='ocr_carea' id='block_1_39' title="bbox 457 3848 2100 3922">
    <p class='ocr_par' dir='ltr' id='par_1_39' title="bbox 457 3848 2100 3922">
     <span class='ocr_line' id='line_1_39' title="bbox 457 3848 2100 3922; baseline 0.001 -17"><span class='ocrx_word' id='word_1_248' title='bbox 457 3850 654 3922; x_wconf 87' lang='lat' dir='ltr'><strong><em>ipsum</em></strong></span> <span class='ocrx_word' id='word_1_249' title='bbox 685 3848 908 3904; x_wconf 89' lang='lat' dir='ltr'><strong><em>Julium</em></strong></span> <span class='ocrx_word' id='word_1_250' title='bbox 941 3849 1221 3903; x_wconf 59' lang='lat' dir='ltr'><strong><em>Caesarem</em></strong></span> <span class='ocrx_word' id='word_1_251' title='bbox 1254 3848 1348 3904; x_wconf 89' lang='lat' dir='ltr'><strong><em>his</em></strong></span> <span class='ocrx_word' id='word_1_252' title='bbox 1377 3849 1566 3904; x_wconf 88' lang='lat' dir='ltr'><strong><em>verbis</em></strong></span> <span class='ocrx_word' id='word_1_253' title='bbox 1597 3850 1817 3921; x_wconf 86' lang='lat' dir='ltr'><strong><em>precari</em></strong></span> <span class='ocrx_word' id='word_1_254' title='bbox 1851 3867 1864 3904; x_wconf 86' lang='lat'><strong>:</strong></span> <span class='ocrx_word' id='word_1_255' title='bbox 1893 3873 1920 3900; x_wconf 84' lang='lat'>«</span> <span class='ocrx_word' id='word_1_256' title='bbox 1947 3851 2100 3906; x_wconf 88' lang='lat' dir='ltr'><strong><em>Tuas</em></strong></span> 
     </span>
    </p>
   </div>
   <div class='ocr_carea' id='block_1_40' title="bbox 462 3937 2099 4009">
    <p class='ocr_par' dir='ltr' id='par_1_40' title="bbox 462 3937 2099 4009">
     <span class='ocr_line' id='line_1_40' title="bbox 462 3937 2099 4009; baseline 0 -14"><span class='ocrx_word' id='word_1_257' title='bbox 462 3956 616 4005; x_wconf 89' lang='lat' dir='ltr'><strong><em>aras,</em></strong></span> <span class='ocrx_word' id='word_1_258' title='bbox 643 3943 859 4009; x_wconf 88' lang='lat' dir='ltr'><strong><em>tuaque</em></strong></span> <span class='ocrx_word' id='word_1_259' title='bbox 890 3937 1262 3993; x_wconf 88' lang='lat' dir='ltr'><strong><em>sanctissima</em></strong></span> <span class='ocrx_word' id='word_1_260' title='bbox 1286 3938 1526 4009; x_wconf 88' lang='lat' dir='ltr'><strong><em>templa,</em></strong></span> <span class='ocrx_word' id='word_1_261' title='bbox 1567 3938 1696 3994; x_wconf 91' lang='lat' dir='ltr'><strong><em>dive</em></strong></span> <span class='ocrx_word' id='word_1_262' title='bbox 1745 3939 1886 4008; x_wconf 90' lang='lat' dir='ltr'><strong><em>Juli,</em></strong></span> <span class='ocrx_word' id='word_1_263' title='bbox 1926 3956 2099 3995; x_wconf 69' lang='lat' dir='ltr'><strong><em>vene-</em></strong></span> 
     </span>
    </p>
   </div>
   <div class='ocr_carea' id='block_1_41' title="bbox 469 4027 2100 4100">
    <p class='ocr_par' dir='ltr' id='par_1_41' title="bbox 469 4027 2100 4100">
     <span class='ocr_line' id='line_1_41' title="bbox 469 4027 2100 4100; baseline 0.001 -16"><span class='ocrx_word' id='word_1_264' title='bbox 469 4033 635 4085; x_wconf 87' lang='lat' dir='ltr'><strong><em>ratus</em></strong></span> <span class='ocrx_word' id='word_1_265' title='bbox 665 4045 768 4085; x_wconf 90' lang='lat' dir='ltr'><strong><em>oro</em></strong></span> <span class='ocrx_word' id='word_1_266' title='bbox 799 4033 864 4083; x_wconf 88' lang='lat' dir='ltr'><strong><em>ut</em></strong></span> <span class='ocrx_word' id='word_1_267' title='bbox 893 4028 1143 4100; x_wconf 91' lang='lat' dir='ltr'><strong><em>propitio</em></strong></span> <span class='ocrx_word' id='word_1_268' title='bbox 1175 4045 1239 4083; x_wconf 91' lang='lat' dir='ltr'><strong><em>ac</em></strong></span> <span class='ocrx_word' id='word_1_269' title='bbox 1271 4027 1481 4082; x_wconf 81' lang='lat' dir='ltr'><strong><em>faventi</em></strong></span> <span class='ocrx_word' id='word_1_270' title='bbox 1513 4028 1756 4084; x_wconf 89' lang='lat' dir='ltr'><strong><em>numine</em></strong></span> <span class='ocrx_word' id='word_1_271' title='bbox 1805 4034 2100 4085; x_wconf 89' lang='lat' dir='ltr'><strong><em>tantorum</em></strong></span> 
     </span>
    </p>
   </div>
   <div class='ocr_carea' id='block_1_42' title="bbox 464 4117 2101 4190">
    <p class='ocr_par' dir='ltr' id='par_1_42' title="bbox 464 4117 2101 4190">
     <span class='ocr_line' id='line_1_42' title="bbox 464 4117 2101 4190; baseline 0.001 -17"><span class='ocrx_word' id='word_1_272' title='bbox 464 4135 637 4174; x_wconf 89' lang='lat' dir='ltr'><strong><em>casus</em></strong></span> <span class='ocrx_word' id='word_1_273' title='bbox 683 4119 940 4173; x_wconf 89' lang='lat' dir='ltr'><strong><em>virorum</em></strong></span> <span class='ocrx_word' id='word_1_274' title='bbox 994 4118 1102 4172; x_wconf 92' lang='lat' dir='ltr'><strong><em>sub</em></strong></span> <span class='ocrx_word' id='word_1_275' title='bbox 1153 4117 1236 4171; x_wconf 90' lang='lat' dir='ltr'><strong><em>tui</em></strong></span> <span class='ocrx_word' id='word_1_276' title='bbox 1290 4117 1536 4190; x_wconf 86' lang='lat' dir='ltr'><strong><em>exempli</em></strong></span> <span class='ocrx_word' id='word_1_277' title='bbox 1589 4117 1858 4190; x_wconf 70' lang='lat' dir='ltr'><strong><em>praesidio</em></strong></span> <span class='ocrx_word' id='word_1_278' title='bbox 1908 4136 1972 4175; x_wconf 89' lang='lat' dir='ltr'><strong><em>ac</em></strong></span> <span class='ocrx_word' id='word_1_279' title='bbox 2003 4124 2101 4175; x_wconf 89' lang='lat' dir='ltr'><strong><em>tu-</em></strong></span> 
     </span>
    </p>
   </div>
   <div class='ocr_carea' id='block_1_43' title="bbox 462 4205 2100 4280">
    <p class='ocr_par' dir='ltr' id='par_1_43' title="bbox 462 4205 2100 4280">
     <span class='ocr_line' id='line_1_43' title="bbox 462 4205 2100 4280; baseline 0.001 -17"><span class='ocrx_word' id='word_1_280' title='bbox 462 4209 577 4264; x_wconf 86' lang='lat' dir='ltr'><strong><em>tela</em></strong></span> <span class='ocrx_word' id='word_1_281' title='bbox 607 4208 942 4263; x_wconf 86' lang='lat' dir='ltr'><strong><em>delitescers</em></strong></span> <span class='ocrx_word' id='word_1_282' title='bbox 973 4205 1214 4278; x_wconf 89' lang='lat' dir='ltr'><strong><em>patiaris</em></strong></span> <span class='ocrx_word' id='word_1_283' title='bbox 1243 4228 1271 4257; x_wconf 81' lang='grc'>»</span> <span class='ocrx_word' id='word_1_284' title='bbox 1325 4206 1473 4276; x_wconf 81' lang='lat' dir='ltr'><strong><em>(Val.</em></strong></span> <span class='ocrx_word' id='word_1_285' title='bbox 1529 4207 1678 4262; x_wconf 89' lang='lat' dir='ltr'><strong><em>Max.</em></strong></span> <span class='ocrx_word' id='word_1_286' title='bbox 1726 4207 1829 4263; x_wconf 91' lang='lat' dir='ltr'><strong><em>lib.</em></strong></span> <span class='ocrx_word' id='word_1_287' title='bbox 1875 4225 1914 4275; x_wconf 75' lang='grc' dir='ltr'><strong>ι,</strong></span> <span class='ocrx_word' id='word_1_288' title='bbox 1973 4225 2100 4280; x_wconf 87' lang='lat' dir='ltr'><strong><em>cap.</em></strong></span> 
     </span>
    </p>
   </div>
   <div class='ocr_carea' id='block_1_44' title="bbox 461 4297 711 4368">
    <p class='ocr_par' dir='ltr' id='par_1_44' title="bbox 461 4297 711 4368">
     <span class='ocr_line' id='line_1_44' title="bbox 461 4297 711 4368; baseline -0.004 -17"><span class='ocrx_word' id='word_1_289' title='bbox 461 4298 516 4367; x_wconf 87' lang='lat' dir='ltr'><strong><em>e,</em></strong></span> <span class='ocrx_word' id='word_1_290' title='bbox 549 4299 577 4364; x_wconf 70' lang='grc' dir='ltr'>δ</span> <span class='ocrx_word' id='word_1_291' title='bbox 605 4297 711 4368; x_wconf 71' lang='grc'><strong><em>13).</em></strong></span> 
     </span>
    </p>
   </div>
   <div class='ocr_carea' id='block_1_45' title="bbox 535 4383 2105 4458">
    <p class='ocr_par' dir='ltr' id='par_1_45' title="bbox 535 4383 2105 4458">
     <span class='ocr_line' id='line_1_45' title="bbox 535 4383 2105 4458; baseline 0 -18"><span class='ocrx_word' id='word_1_292' title='bbox 535 4384 848 4441; x_wconf 84' lang='lat' dir='ltr'><strong><em>Modestior</em></strong></span> <span class='ocrx_word' id='word_1_293' title='bbox 877 4383 1114 4457; x_wconf 90' lang='lat' dir='ltr'><strong><em>quidem</em></strong></span> <span class='ocrx_word' id='word_1_294' title='bbox 1148 4383 1252 4439; x_wconf 85' lang='lat' dir='ltr'><strong><em>fuit</em></strong></span> <span class='ocrx_word' id='word_1_295' title='bbox 1285 4383 1602 4456; x_wconf 87' lang='lat' dir='ltr'><strong><em>imperator</em></strong></span> <span class='ocrx_word' id='word_1_296' title='bbox 1629 4387 1948 4458; x_wconf 85' lang='lat' dir='ltr'><strong><em>Augustus,</em></strong></span> <span class='ocrx_word' id='word_1_297' title='bbox 1981 4386 2105 4457; x_wconf 90' lang='lat' dir='ltr'><strong><em>qui,</em></strong></span> 
     </span>
    </p>
   </div>
   <div class='ocr_carea' id='block_1_46' title="bbox 465 4473 2108 4546">
    <p class='ocr_par' dir='ltr' id='par_1_46' title="bbox 465 4473 2108 4546">
     <span class='ocr_line' id='line_1_46' title="bbox 465 4473 2108 4546; baseline -0.001 -14"><span class='ocrx_word' id='word_1_298' title='bbox 465 4478 612 4532; x_wconf 89' lang='lat' dir='ltr'><strong><em>teste</em></strong></span> <span class='ocrx_word' id='word_1_299' title='bbox 664 4474 857 4530; x_wconf 91' lang='lat' dir='ltr'><strong><em>adhuc</em></strong></span> <span class='ocrx_word' id='word_1_300' title='bbox 909 4473 1202 4543; x_wconf 90' lang='lat' dir='ltr'><strong><em>Suetonio,</em></strong></span> <span class='ocrx_word' id='word_1_301' title='bbox 1264 4496 1285 4522; x_wconf 77' lang='grc' dir='ltr'><strong><em>α</em></strong></span> <span class='ocrx_word' id='word_1_302' title='bbox 1340 4473 1555 4546; x_wconf 86' lang='lat' dir='ltr'><strong><em>templa</em></strong></span> <span class='ocrx_word' id='word_1_303' title='bbox 1616 4475 1880 4546; x_wconf 83' lang='lat' dir='ltr'><strong><em>quamvis</em></strong></span> <span class='ocrx_word' id='word_1_304' title='bbox 1932 4475 2108 4531; x_wconf 82' lang='lat' dir='ltr'><strong><em>sciret</em></strong></span> 
     </span>
    </p>
   </div>
   <div class='ocr_carea' id='block_1_47' title="bbox 466 4562 2104 4636">
    <p class='ocr_par' dir='ltr' id='par_1_47' title="bbox 466 4562 2104 4636">
     <span class='ocr_line' id='line_1_47' title="bbox 466 4562 2104 4636; baseline -0.002 -14"><span class='ocrx_word' id='word_1_305' title='bbox 466 4565 642 4622; x_wconf 88' lang='lat' dir='ltr'><strong><em>etiam</em></strong></span> <span class='ocrx_word' id='word_1_306' title='bbox 676 4562 1121 4636; x_wconf 85' lang='lat' dir='ltr'><strong><em>proconsulibus</em></strong></span> <span class='ocrx_word' id='word_1_307' title='bbox 1154 4562 1384 4617; x_wconf 88' lang='lat' dir='ltr'><strong><em>decerni</em></strong></span> <span class='ocrx_word' id='word_1_308' title='bbox 1417 4562 1686 4631; x_wconf 90' lang='lat' dir='ltr'><strong><em>solere,in</em></strong></span> <span class='ocrx_word' id='word_1_309' title='bbox 1719 4563 1880 4620; x_wconf 90' lang='lat' dir='ltr'><strong><em>nulla</em></strong></span> <span class='ocrx_word' id='word_1_310' title='bbox 1908 4568 2104 4620; x_wconf 85' lang='lat' dir='ltr'><strong><em>tamen</em></strong></span> 
     </span>
    </p>
   </div>
   <div class='ocr_carea' id='block_1_48' title="bbox 943 389 3289 465">
    <p class='ocr_par' dir='ltr' id='par_1_48' title="bbox 943 389 3289 465">
     <span class='ocr_line' id='line_1_48' title="bbox 943 389 3289 465; baseline -0.003 -9"><span class='ocrx_word' id='word_1_311' title='bbox 943 395 1464 457; x_wconf 80' lang='lat' dir='ltr'><strong><em>TERTULLIANI</em></strong></span> <span class='ocrx_word' id='word_1_312' title='bbox 1511 395 1832 456; x_wconf 84' lang='lat' dir='ltr'><strong><em>OPERUM</em></strong></span> <span class='ocrx_word' id='word_1_313' title='bbox 1881 395 2081 455; x_wconf 80' lang='lat' dir='ltr'><strong><em>PARS</em></strong></span> <span class='ocrx_word' id='word_1_314' title='bbox 2127 394 2279 455; x_wconf 84' lang='lat' dir='ltr'><strong><em>l.—</em></strong></span> <span class='ocrx_word' id='word_1_315' title='bbox 2315 391 2585 455; x_wconf 81' lang='lat' dir='ltr'><strong><em>SERIES</em></strong></span> <span class='ocrx_word' id='word_1_316' title='bbox 2627 391 2674 465; x_wconf 89' lang='grc' dir='ltr'><strong>Ι,</strong></span> <span class='ocrx_word' id='word_1_317' title='bbox 2723 389 3289 454; x_wconf 83' lang='lat' dir='ltr'><strong><em>APOLOGETICA.</em></strong></span> 
     </span>
    </p>
   </div>
   <div class='ocr_carea' id='block_1_49' title="bbox 3669 387 3839 448">
    <p class='ocr_par' dir='ltr' id='par_1_49' title="bbox 3669 387 3839 448">
     <span class='ocr_line' id='line_1_49' title="bbox 3669 387 3839 448; baseline 0.012 -2"><span class='ocrx_word' id='word_1_318' title='bbox 3669 387 3839 448; x_wconf 73' lang='grc'><strong><em>1240</em></strong></span> 
     </span>
    </p>
   </div>
   <div class='ocr_carea' id='block_1_50' title="bbox 2099 520 3845 597">
    <p class='ocr_par' dir='ltr' id='par_1_50' title="bbox 2099 520 3845 597">
     <span class='ocr_line' id='line_1_50' title="bbox 2099 520 3845 597; baseline -0.003 -17"><span class='ocrx_word' id='word_1_319' title='bbox 2099 528 2153 592; x_wconf 80' lang='grc' dir='ltr'><strong>Α</strong></span> <span class='ocrx_word' id='word_1_320' title='bbox 2183 525 2359 582; x_wconf 84' lang='lat' dir='ltr'><strong><em>fuerit</em></strong></span> <span class='ocrx_word' id='word_1_321' title='bbox 2413 526 2614 582; x_wconf 74' lang='lat'><strong><em>1139</em></strong></span> <span class='ocrx_word' id='word_1_322' title='bbox 2682 523 2984 597; x_wconf 82' lang='lat' dir='ltr'><strong><em>gentilium</em></strong></span> <span class='ocrx_word' id='word_1_323' title='bbox 3055 521 3396 596; x_wconf 87' lang='lat' dir='ltr'><strong><em>pervicacia,</em></strong></span> <span class='ocrx_word' id='word_1_324' title='bbox 3448 520 3733 593; x_wconf 86' lang='lat' dir='ltr'><strong><em>impietas</em></strong></span> <span class='ocrx_word' id='word_1_325' title='bbox 3784 523 3845 574; x_wconf 88' lang='lat' dir='ltr'><strong><em>et</em></strong></span> 
     </span>
    </p>
   </div>
   <div class='ocr_carea' id='block_1_51' title="bbox 2182 609 3840 681">
    <p class='ocr_par' dir='ltr' id='par_1_51' title="bbox 2182 609 3840 681">
     <span class='ocr_line' id='line_1_51' title="bbox 2182 609 3840 681; baseline -0.005 -9"><span class='ocrx_word' id='word_1_326' title='bbox 2182 615 2442 672; x_wconf 85' lang='lat' dir='ltr'><strong><em>avaritia.</em></strong></span> <span class='ocrx_word' id='word_1_327' title='bbox 2475 615 2598 671; x_wconf 86' lang='lat' dir='ltr'><strong><em>Non</em></strong></span> <span class='ocrx_word' id='word_1_328' title='bbox 2647 614 2822 670; x_wconf 90' lang='lat' dir='ltr'><strong><em>aliam</em></strong></span> <span class='ocrx_word' id='word_1_329' title='bbox 2877 629 3017 668; x_wconf 87' lang='lat' dir='ltr'><strong><em>sane</em></strong></span> <span class='ocrx_word' id='word_1_330' title='bbox 3068 613 3140 668; x_wconf 92' lang='lat' dir='ltr'><strong><em>ob</em></strong></span> <span class='ocrx_word' id='word_1_331' title='bbox 3190 628 3429 668; x_wconf 88' lang='lat' dir='ltr'><strong><em>causam</em></strong></span> <span class='ocrx_word' id='word_1_332' title='bbox 3481 609 3575 665; x_wconf 89' lang='lat' dir='ltr'><strong><em>dei</em></strong></span> <span class='ocrx_word' id='word_1_333' title='bbox 3625 610 3840 681; x_wconf 88' lang='lat' dir='ltr'><strong><em>cujus-</em></strong></span> 
     </span>
    </p>
   </div>
   <div class='ocr_carea' id='block_1_52' title="bbox 2183 698 3849 776">
    <p class='ocr_par' dir='ltr' id='par_1_52' title="bbox 2183 698 3849 776">
     <span class='ocr_line' id='line_1_52' title="bbox 2183 698 3849 776; baseline -0.003 -18"><span class='ocrx_word' id='word_1_334' title='bbox 2183 705 2326 760; x_wconf 88' lang='lat' dir='ltr'><strong><em>libet</em></strong></span> <span class='ocrx_word' id='word_1_335' title='bbox 2370 706 2679 776; x_wconf 87' lang='lat' dir='ltr'><strong><em>templum,</em></strong></span> <span class='ocrx_word' id='word_1_336' title='bbox 2732 704 3004 774; x_wconf 70' lang='lat' dir='ltr'><strong><em>aedesque</em></strong></span> <span class='ocrx_word' id='word_1_337' title='bbox 3059 718 3226 758; x_wconf 88' lang='lat' dir='ltr'><strong><em>sacra</em></strong></span> <span class='ocrx_word' id='word_1_338' title='bbox 3273 700 3658 764; x_wconf 87' lang='lat' dir='ltr'><strong><em>construitur,</em></strong></span> <span class='ocrx_word' id='word_1_339' title='bbox 3720 698 3849 754; x_wconf 86' lang='lat' dir='ltr'><strong><em>nisi</em></strong></span> 
     </span>
    </p>
   </div>
   <div class='ocr_carea' id='block_1_53' title="bbox 2186 787 3842 865">
    <p class='ocr_par' dir='ltr' id='par_1_53' title="bbox 2186 787 3842 865">
     <span class='ocr_line' id='line_1_53' title="bbox 2186 787 3842 865; baseline -0.003 -18"><span class='ocrx_word' id='word_1_340' title='bbox 2186 797 2250 847; x_wconf 92' lang='lat' dir='ltr'><strong><em>ut</em></strong></span> <span class='ocrx_word' id='word_1_341' title='bbox 2296 793 2701 865; x_wconf 80' lang='lat' dir='ltr'><strong><em>frequentatur</em></strong></span> <span class='ocrx_word' id='word_1_342' title='bbox 2749 791 2821 846; x_wconf 91' lang='lat' dir='ltr'><strong><em>ab</em></strong></span> <span class='ocrx_word' id='word_1_343' title='bbox 2866 790 3181 856; x_wconf 90' lang='lat' dir='ltr'><strong><em>omnibus,</em></strong></span> <span class='ocrx_word' id='word_1_344' title='bbox 3233 794 3404 860; x_wconf 88' lang='lat' dir='ltr'><strong><em>atque</em></strong></span> <span class='ocrx_word' id='word_1_345' title='bbox 3471 788 3694 843; x_wconf 88' lang='lat' dir='ltr'><strong><em>idcirco</em></strong></span> <span class='ocrx_word' id='word_1_346' title='bbox 3753 787 3842 842; x_wconf 81' lang='lat' dir='ltr'><strong><em>fa-</em></strong></span> 
     </span>
    </p>
   </div>
   <div class='ocr_carea' id='block_1_54' title="bbox 2187 876 3848 952">
    <p class='ocr_par' dir='ltr' id='par_1_54' title="bbox 2187 876 3848 952">
     <span class='ocr_line' id='line_1_54' title="bbox 2187 876 3848 952; baseline -0.003 -16"><span class='ocrx_word' id='word_1_347' title='bbox 2187 881 2356 951; x_wconf 90' lang='lat' dir='ltr'><strong><em>cilis,</em></strong></span> <span class='ocrx_word' id='word_1_348' title='bbox 2403 881 2771 937; x_wconf 88' lang='lat' dir='ltr'><strong><em>voluntarius</em></strong></span> <span class='ocrx_word' id='word_1_349' title='bbox 2820 897 2884 936; x_wconf 89' lang='lat' dir='ltr'><strong><em>ac</em></strong></span> <span class='ocrx_word' id='word_1_350' title='bbox 2933 878 3226 952; x_wconf 89' lang='lat' dir='ltr'><strong><em>gratuitus</em></strong></span> <span class='ocrx_word' id='word_1_351' title='bbox 3273 877 3502 933; x_wconf 89' lang='lat' dir='ltr'><strong><em>cunctis</em></strong></span> <span class='ocrx_word' id='word_1_352' title='bbox 3552 892 3684 932; x_wconf 87' lang='lat' dir='ltr'><strong><em>esse</em></strong></span> <span class='ocrx_word' id='word_1_353' title='bbox 3739 876 3848 932; x_wconf 89' lang='lat' dir='ltr'><strong><em>de-</em></strong></span> 
     </span>
    </p>
   </div>
   <div class='ocr_carea' id='block_1_55' title="bbox 2185 964 3847 1032">
    <p class='ocr_par' dir='ltr' id='par_1_55' title="bbox 2185 964 3847 1032">
     <span class='ocr_line' id='line_1_55' title="bbox 2185 964 3847 1032; baseline -0.003 -7"><span class='ocrx_word' id='word_1_354' title='bbox 2185 970 2284 1026; x_wconf 89' lang='lat' dir='ltr'><strong><em>bet</em></strong></span> <span class='ocrx_word' id='word_1_355' title='bbox 2350 970 2512 1025; x_wconf 89' lang='lat' dir='ltr'><strong><em>illius</em></strong></span> <span class='ocrx_word' id='word_1_356' title='bbox 2573 971 2804 1025; x_wconf 90' lang='lat' dir='ltr'><strong><em>aditus.</em></strong></span> <span class='ocrx_word' id='word_1_357' title='bbox 2871 969 3287 1024; x_wconf 88' lang='lat' dir='ltr'><strong><em>Verumtamen</em></strong></span> <span class='ocrx_word' id='word_1_358' title='bbox 3353 965 3609 1032; x_wconf 90' lang='lat' dir='ltr'><strong><em>ethnici,</em></strong></span> <span class='ocrx_word' id='word_1_359' title='bbox 3681 964 3847 1020; x_wconf 83' lang='lat' dir='ltr'><strong><em>sicut</em></strong></span> 
     </span>
    </p>
   </div>
   <div class='ocr_carea' id='block_1_56' title="bbox 2189 1053 3851 1129">
    <p class='ocr_par' dir='ltr' id='par_1_56' title="bbox 2189 1053 3851 1129">
     <span class='ocr_line' id='line_1_56' title="bbox 2189 1053 3851 1129; baseline -0.004 -15"><span class='ocrx_word' id='word_1_360' title='bbox 2189 1075 2423 1114; x_wconf 88' lang='lat' dir='ltr'><strong><em>summa</em></strong></span> <span class='ocrx_word' id='word_1_361' title='bbox 2451 1058 2762 1129; x_wconf 88' lang='lat' dir='ltr'><strong><em>iniquitate</em></strong></span> <span class='ocrx_word' id='word_1_362' title='bbox 2779 1057 3140 1113; x_wconf 85' lang='lat' dir='ltr'><strong><em>Christianos</em></strong></span> <span class='ocrx_word' id='word_1_363' title='bbox 3170 1057 3242 1112; x_wconf 89' lang='lat' dir='ltr'><strong><em>ad</em></strong></span> <span class='ocrx_word' id='word_1_364' title='bbox 3273 1071 3342 1112; x_wconf 88' lang='lat' dir='ltr'><strong><em>ea</em></strong></span> <span class='ocrx_word' id='word_1_365' title='bbox 3370 1053 3644 1111; x_wconf 88' lang='lat' dir='ltr'><strong><em>adeunda</em></strong></span> <span class='ocrx_word' id='word_1_366' title='bbox 3675 1053 3851 1108; x_wconf 90' lang='lat' dir='ltr'><strong><em>omni</em></strong></span> 
     </span>
    </p>
   </div>
   <div class='ocr_carea' id='block_1_57' title="bbox 2190 1143 3852 1221">
    <p class='ocr_par' dir='ltr' id='par_1_57' title="bbox 2190 1143 3852 1221">
     <span class='ocr_line' id='line_1_57' title="bbox 2190 1143 3852 1221; baseline -0.004 -18"><span class='ocrx_word' id='word_1_367' title='bbox 2190 1165 2492 1221; x_wconf 72' lang='lat' dir='ltr'><strong><em>poenarum</em></strong></span> <span class='ocrx_word' id='word_1_368' title='bbox 2523 1164 2732 1220; x_wconf 89' lang='lat' dir='ltr'><strong><em>genere</em></strong></span> <span class='ocrx_word' id='word_1_369' title='bbox 2779 1163 2985 1217; x_wconf 88' lang='lat' dir='ltr'><strong><em>cogere</em></strong></span> <span class='ocrx_word' id='word_1_370' title='bbox 3035 1145 3409 1212; x_wconf 85' lang='lat' dir='ltr'><strong><em>nitebantur;</em></strong></span> <span class='ocrx_word' id='word_1_371' title='bbox 3455 1145 3538 1198; x_wconf 86' lang='lat' dir='ltr'><strong><em>ita</em></strong></span> <span class='ocrx_word' id='word_1_372' title='bbox 3580 1143 3852 1198; x_wconf 88' lang='lat' dir='ltr'><strong><em>maximo</em></strong></span> 
     </span>
    </p>
   </div>
   <div class='ocr_carea' id='block_1_58' title="bbox 2191 1230 3848 1308">
    <p class='ocr_par' dir='ltr' id='par_1_58' title="bbox 2191 1230 3848 1308">
     <span class='ocr_line' id='line_1_58' title="bbox 2191 1230 3848 1308; baseline -0.006 -14"><span class='ocrx_word' id='word_1_373' title='bbox 2191 1237 2441 1294; x_wconf 72' lang='lat' dir='ltr'><strong><em>avaritia:</em></strong></span> <span class='ocrx_word' id='word_1_374' title='bbox 2489 1237 2628 1292; x_wconf 91' lang='lat' dir='ltr'><strong><em>vitio</em></strong></span> <span class='ocrx_word' id='word_1_375' title='bbox 2674 1235 2918 1308; x_wconf 88' lang='lat' dir='ltr'><strong><em>gentiles</em></strong></span> <span class='ocrx_word' id='word_1_376' title='bbox 2967 1251 3104 1290; x_wconf 87' lang='lat' dir='ltr'><strong><em>suos</em></strong></span> <span class='ocrx_word' id='word_1_377' title='bbox 3153 1233 3226 1290; x_wconf 89' lang='lat' dir='ltr'><strong><em>iis</em></strong></span> <span class='ocrx_word' id='word_1_378' title='bbox 3276 1233 3388 1288; x_wconf 85' lang='lat' dir='ltr'><strong><em>nisi</em></strong></span> <span class='ocrx_word' id='word_1_379' title='bbox 3452 1233 3586 1287; x_wconf 90' lang='lat' dir='ltr'><strong><em>dato</em></strong></span> <span class='ocrx_word' id='word_1_380' title='bbox 3652 1230 3848 1302; x_wconf 87' lang='lat' dir='ltr'><strong><em>pretio</em></strong></span> 
     </span>
    </p>
   </div>
   <div class='ocr_carea' id='block_1_59' title="bbox 2192 1319 3854 1392">
    <p class='ocr_par' dir='ltr' id='par_1_59' title="bbox 2192 1319 3854 1392">
     <span class='ocr_line' id='line_1_59' title="bbox 2192 1319 3854 1392; baseline -0.004 -13"><span class='ocrx_word' id='word_1_381' title='bbox 2192 1325 2487 1379; x_wconf 86' lang='lat' dir='ltr'><strong><em>arcebant.</em></strong></span> <span class='ocrx_word' id='word_1_382' title='bbox 2516 1327 2625 1378; x_wconf 88' lang='lat' dir='ltr'><strong><em>Per</em></strong></span> <span class='ocrx_word' id='word_1_383' title='bbox 2654 1339 2753 1378; x_wconf 86' lang='lat' dir='ltr'><strong><em>eos</em></strong></span> <span class='ocrx_word' id='word_1_384' title='bbox 2795 1323 3091 1377; x_wconf 90' lang='lat' dir='ltr'><strong><em>enimvero</em></strong></span> <span class='ocrx_word' id='word_1_385' title='bbox 3142 1319 3287 1376; x_wconf 90' lang='lat' dir='ltr'><strong><em>nulli</em></strong></span> <span class='ocrx_word' id='word_1_386' title='bbox 3336 1337 3579 1392; x_wconf 90' lang='lat' dir='ltr'><strong><em>prorsus</em></strong></span> <span class='ocrx_word' id='word_1_387' title='bbox 3627 1319 3854 1375; x_wconf 86' lang='lat' dir='ltr'><strong><em>licebat</em></strong></span> 
     </span>
    </p>
   </div>
   <div class='ocr_carea' id='block_1_60' title="bbox 2190 1408 3857 1484">
    <p class='ocr_par' dir='ltr' id='par_1_60' title="bbox 2190 1408 3857 1484">
     <span class='ocr_line' id='line_1_60' title="bbox 2190 1408 3857 1484; baseline -0.002 -18"><span class='ocrx_word' id='word_1_388' title='bbox 2190 1412 2250 1466; x_wconf 90' lang='lat' dir='ltr'><strong><em>in</em></strong></span> <span class='ocrx_word' id='word_1_389' title='bbox 2283 1411 2567 1484; x_wconf 86' lang='lat' dir='ltr'><strong><em>templum</em></strong></span> <span class='ocrx_word' id='word_1_390' title='bbox 2601 1410 2835 1482; x_wconf 79' lang='lat' dir='ltr'><strong><em>aliquod</em></strong></span> <span class='ocrx_word' id='word_1_391' title='bbox 2868 1410 3050 1482; x_wconf 88' lang='lat' dir='ltr'><strong><em>gratis</em></strong></span> <span class='ocrx_word' id='word_1_392' title='bbox 3082 1409 3332 1481; x_wconf 87' lang='lat' dir='ltr'><strong><em>ingredi,</em></strong></span> <span class='ocrx_word' id='word_1_393' title='bbox 3369 1409 3469 1464; x_wconf 88' lang='lat' dir='ltr'><strong><em>sed</em></strong></span> <span class='ocrx_word' id='word_1_394' title='bbox 3503 1425 3537 1464; x_wconf 88' lang='lat' dir='ltr'><strong><em>a</em></strong></span> <span class='ocrx_word' id='word_1_395' title='bbox 3577 1408 3857 1480; x_wconf 86' lang='lat' dir='ltr'><strong><em>quolibet</em></strong></span> 
     </span>
    </p>
   </div>
   <div class='ocr_carea' id='block_1_61' title="bbox 2194 1497 3850 1572">
    <p class='ocr_par' dir='ltr' id='par_1_61' title="bbox 2194 1497 3850 1572">
     <span class='ocr_line' id='line_1_61' title="bbox 2194 1497 3850 1572; baseline -0.002 -16"><span class='ocrx_word' id='word_1_396' title='bbox 2194 1502 2528 1556; x_wconf 89' lang='lat' dir='ltr'><strong><em>introeunte</em></strong></span> <span class='ocrx_word' id='word_1_397' title='bbox 2553 1499 2878 1572; x_wconf 81' lang='lat' dir='ltr'><strong><em>exigebant,</em></strong></span> <span class='ocrx_word' id='word_1_398' title='bbox 2919 1499 3113 1571; x_wconf 90' lang='lat' dir='ltr'><strong><em>inquit</em></strong></span> <span class='ocrx_word' id='word_1_399' title='bbox 3140 1497 3567 1568; x_wconf 89' lang='lat' dir='ltr'><strong><em>Tertullianus,</em></strong></span> <span class='ocrx_word' id='word_1_400' title='bbox 3601 1517 3633 1548; x_wconf 87' lang='grc'><strong><em>‹‹</em></strong></span> <span class='ocrx_word' id='word_1_401' title='bbox 3684 1512 3850 1552; x_wconf 88' lang='lat' dir='ltr'><strong><em>mer-</em></strong></span> 
     </span>
    </p>
   </div>
   <div class='ocr_carea' id='block_1_62' title="bbox 2196 1584 3849 1660">
    <p class='ocr_par' dir='ltr' id='par_1_62' title="bbox 2196 1584 3849 1660">
     <span class='ocr_line' id='line_1_62' title="bbox 2196 1584 3849 1660; baseline -0.005 -15"><span class='ocrx_word' id='word_1_402' title='bbox 2196 1591 2391 1645; x_wconf 90' lang='lat' dir='ltr'><strong><em>cedem</em></strong></span> <span class='ocrx_word' id='word_1_403' title='bbox 2426 1606 2529 1660; x_wconf 92' lang='lat' dir='ltr'><strong><em>pro</em></strong></span> <span class='ocrx_word' id='word_1_404' title='bbox 2561 1588 2682 1644; x_wconf 89' lang='lat' dir='ltr'><strong><em>solo</em></strong></span> <span class='ocrx_word' id='word_1_405' title='bbox 2713 1586 2936 1660; x_wconf 90' lang='lat' dir='ltr'><strong><em>templi,</em></strong></span> <span class='ocrx_word' id='word_1_406' title='bbox 2971 1603 3074 1658; x_wconf 93' lang='lat' dir='ltr'><strong><em>pro</em></strong></span> <span class='ocrx_word' id='word_1_407' title='bbox 3105 1587 3266 1642; x_wconf 89' lang='lat' dir='ltr'><strong><em>aditu</em></strong></span> <span class='ocrx_word' id='word_1_408' title='bbox 3299 1585 3450 1641; x_wconf 90' lang='lat' dir='ltr'><strong><em>sacri</em></strong></span> <span class='ocrx_word' id='word_1_409' title='bbox 3483 1605 3509 1637; x_wconf 74' lang='grc' dir='ltr'><strong><em>ι</em></strong></span> <span class='ocrx_word' id='word_1_410' title='bbox 3567 1584 3849 1655; x_wconf 86' lang='lat' dir='ltr'><strong><em>(Tertull.</em></strong></span> 
     </span>
    </p>
   </div>
   <div class='ocr_carea' id='block_1_63' title="bbox 2197 1674 3850 1748">
    <p class='ocr_par' dir='ltr' id='par_1_63' title="bbox 2197 1674 3850 1748">
     <span class='ocr_line' id='line_1_63' title="bbox 2197 1674 3850 1748; baseline -0.002 -16"><span class='ocrx_word' id='word_1_411' title='bbox 2197 1678 2498 1748; x_wconf 82' lang='lat' dir='ltr'><strong><em>Apologet.,</em></strong></span> <span class='ocrx_word' id='word_1_412' title='bbox 2530 1693 2657 1748; x_wconf 89' lang='lat' dir='ltr'><strong><em>cap.</em></strong></span> <span class='ocrx_word' id='word_1_413' title='bbox 2694 1678 2800 1747; x_wconf 86' lang='grc'><strong>13),</strong></span> <span class='ocrx_word' id='word_1_414' title='bbox 2855 1676 2912 1731; x_wconf 89' lang='lat' dir='ltr'><strong><em>id</em></strong></span> <span class='ocrx_word' id='word_1_415' title='bbox 2964 1681 3071 1742; x_wconf 88' lang='lat' dir='ltr'><strong><em>est,</em></strong></span> <span class='ocrx_word' id='word_1_416' title='bbox 3128 1691 3304 1731; x_wconf 68' lang='lat' dir='ltr'><strong><em>sacrae</em></strong></span> <span class='ocrx_word' id='word_1_417' title='bbox 3354 1674 3496 1731; x_wconf 67' lang='lat' dir='ltr'><strong><em>aedis</em></strong></span> <span class='ocrx_word' id='word_1_418' title='bbox 3543 1674 3850 1746; x_wconf 88' lang='lat' dir='ltr'><strong><em>ingressu.</em></strong></span> 
     </span>
    </p>
   </div>
   <div class='ocr_carea' id='block_1_64' title="bbox 2200 1763 3859 1837">
    <p class='ocr_par' dir='ltr' id='par_1_64' title="bbox 2200 1763 3859 1837">
     <span class='ocr_line' id='line_1_64' title="bbox 2200 1763 3859 1837; baseline -0.002 -15"><span class='ocrx_word' id='word_1_419' title='bbox 2200 1767 2314 1822; x_wconf 83' lang='lat' dir='ltr'><strong><em>Soli</em></strong></span> <span class='ocrx_word' id='word_1_420' title='bbox 2343 1771 2534 1822; x_wconf 87' lang='lat' dir='ltr'><strong><em>autem</em></strong></span> <span class='ocrx_word' id='word_1_421' title='bbox 2572 1765 2806 1821; x_wconf 90' lang='lat' dir='ltr'><strong><em>nomine</em></strong></span> <span class='ocrx_word' id='word_1_422' title='bbox 2836 1765 2917 1820; x_wconf 91' lang='lat' dir='ltr'><strong><em>ibi</em></strong></span> <span class='ocrx_word' id='word_1_423' title='bbox 2937 1765 3285 1837; x_wconf 89' lang='lat' dir='ltr'><strong><em>designatur</em></strong></span> <span class='ocrx_word' id='word_1_424' title='bbox 3305 1763 3554 1831; x_wconf 82' lang='lat' dir='ltr'><strong><em>locus,in</em></strong></span> <span class='ocrx_word' id='word_1_425' title='bbox 3578 1780 3698 1834; x_wconf 89' lang='lat' dir='ltr'><strong><em>quo</em></strong></span> <span class='ocrx_word' id='word_1_426' title='bbox 3729 1764 3859 1818; x_wconf 72' lang='lat' dir='ltr'><strong><em>haec</em></strong></span> 
     </span>
    </p>
   </div>
   <div class='ocr_carea' id='block_1_65' title="bbox 2204 1850 3860 1924">
    <p class='ocr_par' dir='ltr' id='par_1_65' title="bbox 2204 1850 3860 1924">
     <span class='ocr_line' id='line_1_65' title="bbox 2204 1850 3860 1924; baseline -0.002 -14"><span class='ocrx_word' id='word_1_427' title='bbox 2204 1871 2369 1910; x_wconf 87' lang='lat' dir='ltr'><strong><em>sacra</em></strong></span> <span class='ocrx_word' id='word_1_428' title='bbox 2399 1855 2549 1910; x_wconf 71' lang='lat' dir='ltr'><strong><em>sedes</em></strong></span> <span class='ocrx_word' id='word_1_429' title='bbox 2582 1858 2920 1910; x_wconf 89' lang='lat' dir='ltr'><strong><em>constructa</em></strong></span> <span class='ocrx_word' id='word_1_430' title='bbox 2949 1858 3089 1909; x_wconf 88' lang='lat' dir='ltr'><strong><em>erat.</em></strong></span> <span class='ocrx_word' id='word_1_431' title='bbox 3141 1853 3303 1919; x_wconf 88' lang='lat' dir='ltr'><strong><em>Quod</em></strong></span> <span class='ocrx_word' id='word_1_432' title='bbox 3357 1853 3595 1924; x_wconf 89' lang='lat' dir='ltr'><strong><em>quidem</em></strong></span> <span class='ocrx_word' id='word_1_433' title='bbox 3649 1850 3860 1906; x_wconf 88' lang='lat' dir='ltr'><strong><em>Cicero</em></strong></span> 
     </span>
    </p>
   </div>
   <div class='ocr_carea' id='block_1_66' title="bbox 2206 1939 3862 2015">
    <p class='ocr_par' dir='ltr' id='par_1_66' title="bbox 2206 1939 3862 2015">
     <span class='ocr_line' id='line_1_66' title="bbox 2206 1939 3862 2015; baseline -0.004 -15"><span class='ocrx_word' id='word_1_434' title='bbox 2206 1944 2367 2000; x_wconf 89' lang='lat' dir='ltr'><strong><em>hisce</em></strong></span> <span class='ocrx_word' id='word_1_435' title='bbox 2411 1944 2604 1999; x_wconf 90' lang='lat' dir='ltr'><strong><em>verbis</em></strong></span> <span class='ocrx_word' id='word_1_436' title='bbox 2645 1943 2797 1998; x_wconf 90' lang='lat' dir='ltr'><strong><em>clare</em></strong></span> <span class='ocrx_word' id='word_1_437' title='bbox 2826 1943 3072 2015; x_wconf 86' lang='lat' dir='ltr'><strong><em>explicat</em></strong></span> <span class='ocrx_word' id='word_1_438' title='bbox 3104 1960 3117 1998; x_wconf 90' lang='lat'>:</span> <span class='ocrx_word' id='word_1_439' title='bbox 3153 1965 3180 1991; x_wconf 92' lang='grc'><em>‹‹</em></span> <span class='ocrx_word' id='word_1_440' title='bbox 3211 1941 3412 1997; x_wconf 90' lang='lat' dir='ltr'><strong><em>Solum</em></strong></span> <span class='ocrx_word' id='word_1_441' title='bbox 3443 1945 3702 2008; x_wconf 89' lang='lat' dir='ltr'><strong><em>vertunt,</em></strong></span> <span class='ocrx_word' id='word_1_442' title='bbox 3741 1939 3862 1996; x_wconf 87' lang='lat' dir='ltr'><strong><em>hoc</em></strong></span> 
     </span>
    </p>
   </div>
   <div class='ocr_carea' id='block_1_67' title="bbox 2207 2030 3863 2102">
    <p class='ocr_par' dir='ltr' id='par_1_67' title="bbox 2207 2030 3863 2102">
     <span class='ocr_line' id='line_1_67' title="bbox 2207 2030 3863 2102; baseline -0.004 -12"><span class='ocrx_word' id='word_1_443' title='bbox 2207 2039 2314 2102; x_wconf 90' lang='lat' dir='ltr'><strong><em>est,</em></strong></span> <span class='ocrx_word' id='word_1_444' title='bbox 2365 2034 2560 2090; x_wconf 85' lang='lat' dir='ltr'><strong><em>sedem</em></strong></span> <span class='ocrx_word' id='word_1_445' title='bbox 2609 2050 2676 2089; x_wconf 87' lang='lat' dir='ltr'><strong><em>ac</em></strong></span> <span class='ocrx_word' id='word_1_446' title='bbox 2719 2032 2911 2090; x_wconf 92' lang='lat' dir='ltr'><strong><em>locum</em></strong></span> <span class='ocrx_word' id='word_1_447' title='bbox 2962 2036 3194 2088; x_wconf 88' lang='lat' dir='ltr'><strong><em>mutant</em></strong></span> <span class='ocrx_word' id='word_1_448' title='bbox 3241 2053 3269 2080; x_wconf 88' lang='lat'>»</span> <span class='ocrx_word' id='word_1_449' title='bbox 3321 2030 3521 2102; x_wconf 88' lang='lat' dir='ltr'><strong><em>(Cicer.</em></strong></span> <span class='ocrx_word' id='word_1_450' title='bbox 3577 2035 3727 2085; x_wconf 87' lang='lat' dir='ltr'><strong><em>orat.</em></strong></span> <span class='ocrx_word' id='word_1_451' title='bbox 3790 2031 3863 2085; x_wconf 83' lang='grc'><strong><em>12</em></strong></span> 
     </span>
    </p>
   </div>
   <div class='ocr_carea' id='block_1_68' title="bbox 2203 2117 3860 2195">
    <p class='ocr_par' dir='ltr' id='par_1_68' title="bbox 2203 2117 3860 2195">
     <span class='ocr_line' id='line_1_68' title="bbox 2203 2117 3860 2195; baseline -0.002 -17"><span class='ocrx_word' id='word_1_452' title='bbox 2203 2140 2304 2195; x_wconf 88' lang='lat' dir='ltr'><strong><em>pro</em></strong></span> <span class='ocrx_word' id='word_1_453' title='bbox 2353 2125 2558 2181; x_wconf 78' lang='lat' dir='ltr'><strong><em>Caecin.</em></strong></span> <span class='ocrx_word' id='word_1_454' title='bbox 2610 2139 2742 2194; x_wconf 88' lang='lat' dir='ltr'><strong><em>pag.</em></strong></span> <span class='ocrx_word' id='word_1_455' title='bbox 2791 2121 2938 2192; x_wconf 85' lang='grc'><strong><em>241).</em></strong></span> <span class='ocrx_word' id='word_1_456' title='bbox 3007 2119 3151 2176; x_wconf 81' lang='lat' dir='ltr'><strong><em>Alibi</em></strong></span> <span class='ocrx_word' id='word_1_457' title='bbox 3208 2135 3342 2174; x_wconf 86' lang='lat' dir='ltr'><strong><em>vero</em></strong></span> <span class='ocrx_word' id='word_1_458' title='bbox 3396 2135 3410 2173; x_wconf 91' lang='lat'><strong>:</strong></span> <span class='ocrx_word' id='word_1_459' title='bbox 3465 2141 3494 2170; x_wconf 86' lang='lat'><strong>«</strong></span> <span class='ocrx_word' id='word_1_460' title='bbox 3543 2117 3860 2174; x_wconf 87' lang='lat' dir='ltr'><strong><em>Civitatem</em></strong></span> 
     </span>
    </p>
   </div>
   <div class='ocr_carea' id='block_1_69' title="bbox 2208 2207 3857 2283">
    <p class='ocr_par' dir='ltr' id='par_1_69' title="bbox 2208 2207 3857 2283">
     <span class='ocr_line' id='line_1_69' title="bbox 2208 2207 3857 2283; baseline -0.004 -15"><span class='ocrx_word' id='word_1_461' title='bbox 2208 2213 2378 2280; x_wconf 88' lang='lat' dir='ltr'><strong><em>hanc,</em></strong></span> <span class='ocrx_word' id='word_1_462' title='bbox 2426 2213 2640 2283; x_wconf 88' lang='lat' dir='ltr'><strong><em>inquit,</em></strong></span> <span class='ocrx_word' id='word_1_463' title='bbox 2693 2214 2826 2266; x_wconf 86' lang='lat' dir='ltr'><strong><em>ante</em></strong></span> <span class='ocrx_word' id='word_1_464' title='bbox 2873 2214 3103 2266; x_wconf 87' lang='lat' dir='ltr'><strong><em>mutare</em></strong></span> <span class='ocrx_word' id='word_1_465' title='bbox 3134 2226 3251 2264; x_wconf 87' lang='lat' dir='ltr'><strong><em>non</em></strong></span> <span class='ocrx_word' id='word_1_466' title='bbox 3282 2207 3634 2281; x_wconf 88' lang='lat' dir='ltr'><strong><em>potuissent,</em></strong></span> <span class='ocrx_word' id='word_1_467' title='bbox 3668 2224 3857 2278; x_wconf 86' lang='lat' dir='ltr'><strong><em>quam</em></strong></span> 
     </span>
    </p>
   </div>
   <div class='ocr_carea' id='block_1_70' title="bbox 2208 2297 3858 2372">
    <p class='ocr_par' dir='ltr' id='par_1_70' title="bbox 2208 2297 3858 2372">
     <span class='ocr_line' id='line_1_70' title="bbox 2208 2297 3858 2372; baseline -0.004 -15"><span class='ocrx_word' id='word_1_468' title='bbox 2208 2301 2386 2372; x_wconf 88' lang='lat' dir='ltr'><strong><em>hujus</em></strong></span> <span class='ocrx_word' id='word_1_469' title='bbox 2417 2301 2607 2356; x_wconf 92' lang='lat' dir='ltr'><strong><em>solum</em></strong></span> <span class='ocrx_word' id='word_1_470' title='bbox 2641 2299 2892 2355; x_wconf 86' lang='lat' dir='ltr'><strong><em>civitatis</em></strong></span> <span class='ocrx_word' id='word_1_471' title='bbox 2922 2299 3248 2354; x_wconf 88' lang='lat' dir='ltr'><strong><em>mutatione</em></strong></span> <span class='ocrx_word' id='word_1_472' title='bbox 3276 2297 3646 2364; x_wconf 78' lang='lat' dir='ltr'><strong><em>vertissent,»</em></strong></span> <span class='ocrx_word' id='word_1_473' title='bbox 3663 2298 3858 2368; x_wconf 86' lang='lat' dir='ltr'><strong><em>(Orat.</em></strong></span> 
     </span>
    </p>
   </div>
   <div class='ocr_carea' id='block_1_71' title="bbox 2206 2387 3860 2464">
    <p class='ocr_par' dir='ltr' id='par_1_71' title="bbox 2206 2387 3860 2464">
     <span class='ocr_line' id='line_1_71' title="bbox 2206 2387 3860 2464; baseline -0.003 -16"><span class='ocrx_word' id='word_1_474' title='bbox 2206 2393 2276 2448; x_wconf 83' lang='grc'>36</span> <span class='ocrx_word' id='word_1_475' title='bbox 2303 2408 2402 2464; x_wconf 89' lang='lat' dir='ltr'><strong><em>pro</em></strong></span> <span class='ocrx_word' id='word_1_476' title='bbox 2433 2392 2644 2447; x_wconf 82' lang='lat' dir='ltr'><strong><em>Comet.</em></strong></span> <span class='ocrx_word' id='word_1_477' title='bbox 2677 2390 2833 2446; x_wconf 89' lang='lat' dir='ltr'><strong><em>Balb.</em></strong></span> <span class='ocrx_word' id='word_1_478' title='bbox 2868 2405 3000 2462; x_wconf 88' lang='lat' dir='ltr'><strong><em>pag.</em></strong></span> <span class='ocrx_word' id='word_1_479' title='bbox 3031 2390 3158 2455; x_wconf 85' lang='grc'><strong>519,</strong></span> <span class='ocrx_word' id='word_1_480' title='bbox 3185 2389 3288 2444; x_wconf 91' lang='lat' dir='ltr'><strong><em>lin.</em></strong></span> <span class='ocrx_word' id='word_1_481' title='bbox 3337 2389 3446 2461; x_wconf 91' lang='lat'><strong><em>38).</em></strong></span> <span class='ocrx_word' id='word_1_482' title='bbox 3501 2387 3680 2444; x_wconf 87' lang='lat' dir='ltr'><strong><em>Paulo</em></strong></span> <span class='ocrx_word' id='word_1_483' title='bbox 3734 2387 3860 2443; x_wconf 81' lang='lat' dir='ltr'><strong><em>ita-</em></strong></span> 
     </span>
    </p>
   </div>
   <div class='ocr_carea' id='block_1_72' title="bbox 2208 2474 3860 2551">
    <p class='ocr_par' dir='ltr' id='par_1_72' title="bbox 2208 2474 3860 2551">
     <span class='ocr_line' id='line_1_72' title="bbox 2208 2474 3860 2551; baseline -0.004 -16"><span class='ocrx_word' id='word_1_484' title='bbox 2208 2496 2321 2551; x_wconf 86' lang='lat' dir='ltr'><strong><em>que</em></strong></span> <span class='ocrx_word' id='word_1_485' title='bbox 2351 2479 2660 2535; x_wconf 91' lang='lat' dir='ltr'><strong><em>obscurius</em></strong></span> <span class='ocrx_word' id='word_1_486' title='bbox 2687 2475 3082 2532; x_wconf 90' lang='lat' dir='ltr'><strong><em>Tertullianus</em></strong></span> <span class='ocrx_word' id='word_1_487' title='bbox 3125 2476 3183 2531; x_wconf 91' lang='lat' dir='ltr'><strong><em>in</em></strong></span> <span class='ocrx_word' id='word_1_488' title='bbox 3233 2475 3424 2548; x_wconf 89' lang='lat' dir='ltr'><strong><em>primo</em></strong></span> <span class='ocrx_word' id='word_1_489' title='bbox 3471 2474 3541 2530; x_wconf 86' lang='lat' dir='ltr'><strong><em>ad</em></strong></span> <span class='ocrx_word' id='word_1_490' title='bbox 3588 2474 3860 2530; x_wconf 81' lang='lat' dir='ltr'><strong><em>Nationes</em></strong></span> 
     </span>
    </p>
   </div>
   <div class='ocr_carea' id='block_1_73' title="bbox 2206 2565 3859 2638">
    <p class='ocr_par' dir='ltr' id='par_1_73' title="bbox 2206 2565 3859 2638">
     <span class='ocr_line' id='line_1_73' title="bbox 2206 2565 3859 2638; baseline -0.002 -15"><span class='ocrx_word' id='word_1_491' title='bbox 2206 2568 2354 2624; x_wconf 89' lang='lat' dir='ltr'><strong><em>libro</em></strong></span> <span class='ocrx_word' id='word_1_492' title='bbox 2386 2567 2529 2623; x_wconf 83' lang='lat' dir='ltr'><strong><em>dixit</em></strong></span> <span class='ocrx_word' id='word_1_493' title='bbox 2575 2567 2646 2623; x_wconf 89' lang='lat' dir='ltr'><strong><em>ab</em></strong></span> <span class='ocrx_word' id='word_1_494' title='bbox 2698 2565 2946 2622; x_wconf 87' lang='lat' dir='ltr'><strong><em>ethnicis</em></strong></span> <span class='ocrx_word' id='word_1_495' title='bbox 2993 2565 3322 2638; x_wconf 81' lang='lat' dir='ltr'><strong><em>extorqueri</em></strong></span> <span class='ocrx_word' id='word_1_496' title='bbox 3369 2565 3697 2622; x_wconf 87' lang='lat' dir='ltr'><strong><em>mercedem</em></strong></span> <span class='ocrx_word' id='word_1_497' title='bbox 3745 2580 3859 2634; x_wconf 88' lang='lat' dir='ltr'><strong><em>pro</em></strong></span> 
     </span>
    </p>
   </div>
   <div class='ocr_carea' id='block_1_74' title="bbox 2205 2653 3859 2728">
    <p class='ocr_par' dir='ltr' id='par_1_74' title="bbox 2205 2653 3859 2728">
     <span class='ocr_line' id='line_1_74' title="bbox 2205 2653 3859 2728; baseline -0.002 -16"><span class='ocrx_word' id='word_1_498' title='bbox 2205 2658 2503 2728; x_wconf 76' lang='lat' dir='ltr'><strong><em>stipitibus,</em></strong></span> <span class='ocrx_word' id='word_1_499' title='bbox 2534 2672 2631 2728; x_wconf 86' lang='lat' dir='ltr'><strong><em>pro</em></strong></span> <span class='ocrx_word' id='word_1_500' title='bbox 2659 2657 2814 2712; x_wconf 89' lang='lat' dir='ltr'><strong><em>ostiis</em></strong></span> <span class='ocrx_word' id='word_1_501' title='bbox 2844 2653 3197 2727; x_wconf 89' lang='lat' dir='ltr'><strong><em>templorum</em></strong></span> <span class='ocrx_word' id='word_1_502' title='bbox 3223 2653 3464 2711; x_wconf 90' lang='lat' dir='ltr'><strong><em>cuilibet</em></strong></span> <span class='ocrx_word' id='word_1_503' title='bbox 3514 2653 3859 2725; x_wconf 89' lang='lat' dir='ltr'><strong><em>aperiendis</em></strong></span> 
     </span>
    </p>
   </div>
   <div class='ocr_carea' id='block_1_75' title="bbox 2207 2743 3857 2817">
    <p class='ocr_par' dir='ltr' id='par_1_75' title="bbox 2207 2743 3857 2817">
     <span class='ocr_line' id='line_1_75' title="bbox 2207 2743 3857 2817; baseline -0.003 -17"><span class='ocrx_word' id='word_1_504' title='bbox 2207 2744 2470 2817; x_wconf 85' lang='lat' dir='ltr'><strong><em>(Tertull.</em></strong></span> <span class='ocrx_word' id='word_1_505' title='bbox 2505 2745 2605 2800; x_wconf 91' lang='lat' dir='ltr'><strong><em>lib.</em></strong></span> <span class='ocrx_word' id='word_1_506' title='bbox 2640 2743 2751 2799; x_wconf 76' lang='lat' dir='ltr'><strong><em>Iad</em></strong></span> <span class='ocrx_word' id='word_1_507' title='bbox 2777 2745 2935 2813; x_wconf 85' lang='lat' dir='ltr'><strong><em>Nat.,</em></strong></span> <span class='ocrx_word' id='word_1_508' title='bbox 2964 2760 3011 2799; x_wconf 91' lang='lat' dir='ltr'><strong><em>c.</em></strong></span> <span class='ocrx_word' id='word_1_509' title='bbox 3057 2743 3164 2815; x_wconf 91' lang='grc'><strong><em>10).</em></strong></span> <span class='ocrx_word' id='word_1_510' title='bbox 3215 2743 3605 2799; x_wconf 76' lang='lat' dir='ltr'><strong><em>Gothofredus</em></strong></span> <span class='ocrx_word' id='word_1_511' title='bbox 3647 2746 3857 2798; x_wconf 85' lang='lat' dir='ltr'><strong><em>autem</em></strong></span> 
     </span>
    </p>
   </div>
   <div class='ocr_carea' id='block_1_76' title="bbox 2206 2831 3861 2906">
    <p class='ocr_par' dir='ltr' id='par_1_76' title="bbox 2206 2831 3861 2906">
     <span class='ocr_line' id='line_1_76' title="bbox 2206 2831 3861 2906; baseline -0.002 -17"><span class='ocrx_word' id='word_1_512' title='bbox 2206 2836 2482 2906; x_wconf 85' lang='lat' dir='ltr'><strong><em>Opinatur</em></strong></span> <span class='ocrx_word' id='word_1_513' title='bbox 2537 2839 2874 2904; x_wconf 90' lang='lat' dir='ltr'><strong><em>corruptum</em></strong></span> <span class='ocrx_word' id='word_1_514' title='bbox 2907 2849 3035 2888; x_wconf 89' lang='lat' dir='ltr'><strong><em>esse</em></strong></span> <span class='ocrx_word' id='word_1_515' title='bbox 3064 2831 3173 2888; x_wconf 89' lang='lat' dir='ltr'><strong><em>hoc</em></strong></span> <span class='ocrx_word' id='word_1_516' title='bbox 3204 2848 3415 2888; x_wconf 90' lang='lat' dir='ltr'><strong><em>nomen</em></strong></span> <span class='ocrx_word' id='word_1_517' title='bbox 3443 2833 3750 2903; x_wconf 84' lang='lat' dir='ltr'><strong><em>stipitibus,</em></strong></span> <span class='ocrx_word' id='word_1_518' title='bbox 3789 2847 3861 2886; x_wconf 88' lang='lat' dir='ltr'><strong><em>ac</em></strong></span> 
     </span>
    </p>
   </div>
   <div class='ocr_carea' id='block_1_77' title="bbox 2204 2919 3861 2994">
    <p class='ocr_par' dir='ltr' id='par_1_77' title="bbox 2204 2919 3861 2994">
     <span class='ocr_line' id='line_1_77' title="bbox 2204 2919 3861 2994; baseline -0.002 -16"><span class='ocrx_word' id='word_1_519' title='bbox 2204 2923 2515 2994; x_wconf 89' lang='lat' dir='ltr'><strong><em>legendum</em></strong></span> <span class='ocrx_word' id='word_1_520' title='bbox 2597 2923 2869 2994; x_wconf 83' lang='lat' dir='ltr'><strong><em>stipibus;</em></strong></span> <span class='ocrx_word' id='word_1_521' title='bbox 2926 2922 3064 2994; x_wconf 88' lang='lat' dir='ltr'><strong><em>quia</em></strong></span> <span class='ocrx_word' id='word_1_522' title='bbox 3120 2921 3246 2994; x_wconf 88' lang='lat' dir='ltr'><strong><em>ipse</em></strong></span> <span class='ocrx_word' id='word_1_523' title='bbox 3303 2919 3704 2977; x_wconf 88' lang='lat' dir='ltr'><strong><em>Tertullianus</em></strong></span> <span class='ocrx_word' id='word_1_524' title='bbox 3797 2921 3861 2975; x_wconf 91' lang='lat' dir='ltr'><strong><em>in</em></strong></span> 
     </span>
    </p>
   </div>
   <div class='ocr_carea' id='block_1_78' title="bbox 2206 3009 3858 3083">
    <p class='ocr_par' dir='ltr' id='par_1_78' title="bbox 2206 3009 3858 3083">
     <span class='ocr_line' id='line_1_78' title="bbox 2206 3009 3858 3083; baseline -0.001 -16"><span class='ocrx_word' id='word_1_525' title='bbox 2206 3013 2550 3083; x_wconf 82' lang='lat' dir='ltr'><strong><em>Apologetieo</em></strong></span> <span class='ocrx_word' id='word_1_526' title='bbox 2580 3011 2817 3082; x_wconf 87' lang='lat' dir='ltr'><strong><em>scripsit</em></strong></span> <span class='ocrx_word' id='word_1_527' title='bbox 2845 3028 2860 3067; x_wconf 89' lang='lat'><strong>:</strong></span> <span class='ocrx_word' id='word_1_528' title='bbox 2891 3034 2919 3061; x_wconf 85' lang='grc'><strong><em>‹‹</em></strong></span> <span class='ocrx_word' id='word_1_529' title='bbox 2952 3011 3142 3082; x_wconf 89' lang='lat' dir='ltr'><strong><em>Stipes</em></strong></span> <span class='ocrx_word' id='word_1_530' title='bbox 3172 3015 3389 3082; x_wconf 90' lang='lat' dir='ltr'><strong><em>quotus</em></strong></span> <span class='ocrx_word' id='word_1_531' title='bbox 3435 3010 3684 3081; x_wconf 90' lang='lat' dir='ltr'><strong><em>quisque</em></strong></span> <span class='ocrx_word' id='word_1_532' title='bbox 3721 3009 3858 3080; x_wconf 85' lang='lat' dir='ltr'><strong><em>jam</em></strong></span> 
     </span>
    </p>
   </div>
   <div class='ocr_carea' id='block_1_79' title="bbox 2198 3097 3858 3173">
    <p class='ocr_par' dir='ltr' id='par_1_79' title="bbox 2198 3097 3858 3173">
     <span class='ocr_line' id='line_1_79' title="bbox 2198 3097 3858 3173; baseline -0.001 -17"><span class='ocrx_word' id='word_1_533' title='bbox 2198 3102 2384 3173; x_wconf 76' lang='lat' dir='ltr'><strong><em>jactat</em></strong></span> <span class='ocrx_word' id='word_1_534' title='bbox 2416 3121 2443 3153; x_wconf 75' lang='grc' dir='ltr'>ι</span> <span class='ocrx_word' id='word_1_535' title='bbox 2474 3102 2654 3172; x_wconf 86' lang='lat' dir='ltr'><strong><em>(Idem</em></strong></span> <span class='ocrx_word' id='word_1_536' title='bbox 2687 3101 2984 3171; x_wconf 83' lang='lat' dir='ltr'><strong><em>Apologet.,</em></strong></span> <span class='ocrx_word' id='word_1_537' title='bbox 3017 3115 3143 3171; x_wconf 87' lang='lat' dir='ltr'><strong><em>cap.</em></strong></span> <span class='ocrx_word' id='word_1_538' title='bbox 3177 3099 3311 3171; x_wconf 73' lang='lat'><strong><em>42)?</em></strong></span> <span class='ocrx_word' id='word_1_539' title='bbox 3343 3103 3409 3155; x_wconf 83' lang='lat' dir='ltr'><strong><em>At</em></strong></span> <span class='ocrx_word' id='word_1_540' title='bbox 3436 3099 3631 3171; x_wconf 87' lang='lat' dir='ltr'><strong><em>priora</em></strong></span> <span class='ocrx_word' id='word_1_541' title='bbox 3684 3097 3858 3154; x_wconf 89' lang='lat' dir='ltr'><strong><em>illius</em></strong></span> 
     </span>
    </p>
   </div>
   <div class='ocr_carea' id='block_1_80' title="bbox 2206 3187 3863 3260">
    <p class='ocr_par' dir='ltr' id='par_1_80' title="bbox 2206 3187 3863 3260">
     <span class='ocr_line' id='line_1_80' title="bbox 2206 3187 3863 3260; baseline 0 -16"><span class='ocrx_word' id='word_1_542' title='bbox 2206 3190 2382 3245; x_wconf 87' lang='lat' dir='ltr'><strong><em>verba</em></strong></span> <span class='ocrx_word' id='word_1_543' title='bbox 2412 3192 2552 3245; x_wconf 91' lang='lat' dir='ltr'><strong><em>sunt</em></strong></span> <span class='ocrx_word' id='word_1_544' title='bbox 2571 3191 2638 3244; x_wconf 91' lang='lat' dir='ltr'><strong><em>de</em></strong></span> <span class='ocrx_word' id='word_1_545' title='bbox 2669 3189 2957 3260; x_wconf 91' lang='lat' dir='ltr'><strong><em>templum</em></strong></span> <span class='ocrx_word' id='word_1_546' title='bbox 2989 3188 3476 3260; x_wconf 85' lang='lat' dir='ltr'><strong><em>ingredientibus,</em></strong></span> <span class='ocrx_word' id='word_1_547' title='bbox 3526 3187 3863 3260; x_wconf 86' lang='lat' dir='ltr'><strong><em>posteriora</em></strong></span> 
     </span>
    </p>
   </div>
   <div class='ocr_carea' id='block_1_81' title="bbox 2207 3276 3860 3349">
    <p class='ocr_par' dir='ltr' id='par_1_81' title="bbox 2207 3276 3860 3349">
     <span class='ocr_line' id='line_1_81' title="bbox 2207 3276 3860 3349; baseline 0 -16"><span class='ocrx_word' id='word_1_548' title='bbox 2207 3295 2339 3334; x_wconf 92' lang='lat' dir='ltr'><strong><em>vero</em></strong></span> <span class='ocrx_word' id='word_1_549' title='bbox 2373 3278 2442 3332; x_wconf 90' lang='lat' dir='ltr'><strong><em>de</em></strong></span> <span class='ocrx_word' id='word_1_550' title='bbox 2464 3279 2588 3348; x_wconf 78' lang='lat' dir='ltr'><strong><em>jam</em></strong></span> <span class='ocrx_word' id='word_1_551' title='bbox 2622 3276 3052 3347; x_wconf 85' lang='lat' dir='ltr'><strong><em>ingressis.Non</em></strong></span> <span class='ocrx_word' id='word_1_552' title='bbox 3085 3276 3237 3334; x_wconf 88' lang='lat' dir='ltr'><strong><em>male</em></strong></span> <span class='ocrx_word' id='word_1_553' title='bbox 3261 3293 3398 3349; x_wconf 90' lang='lat' dir='ltr'><strong><em>ergo</em></strong></span> <span class='ocrx_word' id='word_1_554' title='bbox 3433 3276 3722 3349; x_wconf 82' lang='lat' dir='ltr'><strong><em>Rigaltius</em></strong></span> <span class='ocrx_word' id='word_1_555' title='bbox 3759 3294 3860 3333; x_wconf 59' lang='lat' dir='ltr'><strong><em>re-</em></strong></span> 
     </span>
    </p>
   </div>
   <div class='ocr_carea' id='block_1_82' title="bbox 2206 3365 3858 3438">
    <p class='ocr_par' dir='ltr' id='par_1_82' title="bbox 2206 3365 3858 3438">
     <span class='ocr_line' id='line_1_82' title="bbox 2206 3365 3858 3438; baseline -0.001 -16"><span class='ocrx_word' id='word_1_556' title='bbox 2206 3366 2624 3432; x_wconf 86' lang='lat' dir='ltr'><strong><em>tinuit,nomen</em></strong></span> <span class='ocrx_word' id='word_1_557' title='bbox 2655 3366 2953 3437; x_wconf 81' lang='lat' dir='ltr'><strong><em>stipitibus,</em></strong></span> <span class='ocrx_word' id='word_1_558' title='bbox 2984 3367 3083 3422; x_wconf 90' lang='lat' dir='ltr'><strong><em>sed</em></strong></span> <span class='ocrx_word' id='word_1_559' title='bbox 3113 3365 3368 3438; x_wconf 85' lang='lat' dir='ltr'><strong><em>aliquam</em></strong></span> <span class='ocrx_word' id='word_1_560' title='bbox 3401 3365 3699 3438; x_wconf 91' lang='lat' dir='ltr'><strong><em>opinionis</em></strong></span> <span class='ocrx_word' id='word_1_561' title='bbox 3729 3382 3858 3420; x_wconf 64' lang='lat' dir='ltr'><strong><em>suae</em></strong></span> 
     </span>
    </p>
   </div>
   <div class='ocr_carea' id='block_1_83' title="bbox 2207 3454 3858 3527">
    <p class='ocr_par' dir='ltr' id='par_1_83' title="bbox 2207 3454 3858 3527">
     <span class='ocr_line' id='line_1_83' title="bbox 2207 3454 3858 3527; baseline -0.001 -17"><span class='ocrx_word' id='word_1_562' title='bbox 2207 3455 2493 3511; x_wconf 90' lang='lat' dir='ltr'><strong><em>rationem</em></strong></span> <span class='ocrx_word' id='word_1_563' title='bbox 2527 3455 2768 3510; x_wconf 91' lang='lat' dir='ltr'><strong><em>reddere</em></strong></span> <span class='ocrx_word' id='word_1_564' title='bbox 2801 3455 3062 3510; x_wconf 91' lang='lat' dir='ltr'><strong><em>debebat.</em></strong></span> <span class='ocrx_word' id='word_1_565' title='bbox 3099 3455 3278 3510; x_wconf 91' lang='lat' dir='ltr'><strong><em>Nobis</em></strong></span> <span class='ocrx_word' id='word_1_566' title='bbox 3308 3471 3440 3510; x_wconf 91' lang='lat' dir='ltr'><strong><em>vero</em></strong></span> <span class='ocrx_word' id='word_1_567' title='bbox 3489 3454 3658 3510; x_wconf 82' lang='lat' dir='ltr'><strong><em>facile</em></strong></span> <span class='ocrx_word' id='word_1_568' title='bbox 3714 3471 3858 3527; x_wconf 87' lang='lat' dir='ltr'><strong><em>per-</em></strong></span> 
     </span>
    </p>
   </div>
   <div class='ocr_carea' id='block_1_84' title="bbox 2205 3542 3862 3615">
    <p class='ocr_par' dir='ltr' id='par_1_84' title="bbox 2205 3542 3862 3615">
     <span class='ocr_line' id='line_1_84' title="bbox 2205 3542 3862 3615; baseline 0.001 -16"><span class='ocrx_word' id='word_1_569' title='bbox 2205 3543 2550 3599; x_wconf 89' lang='lat' dir='ltr'><strong><em>suadebitnr</em></strong></span> <span class='ocrx_word' id='word_1_570' title='bbox 2603 3542 3030 3599; x_wconf 87' lang='lat' dir='ltr'><strong><em>Tertullianum</em></strong></span> <span class='ocrx_word' id='word_1_571' title='bbox 3088 3543 3198 3600; x_wconf 85' lang='lat' dir='ltr'><strong><em>hoc</em></strong></span> <span class='ocrx_word' id='word_1_572' title='bbox 3267 3543 3503 3599; x_wconf 89' lang='lat' dir='ltr'><strong><em>nomine</em></strong></span> <span class='ocrx_word' id='word_1_573' title='bbox 3569 3544 3862 3615; x_wconf 86' lang='lat' dir='ltr'><strong><em>stipitibus</em></strong></span> 
     </span>
    </p>
   </div>
   <div class='ocr_carea' id='block_1_85' title="bbox 2207 3631 3860 3705">
    <p class='ocr_par' dir='ltr' id='par_1_85' title="bbox 2207 3631 3860 3705">
     <span class='ocr_line' id='line_1_85' title="bbox 2207 3631 3860 3705; baseline 0.001 -17"><span class='ocrx_word' id='word_1_574' title='bbox 2207 3632 2534 3702; x_wconf 83' lang='lat' dir='ltr'><strong><em>signiﬁcare</em></strong></span> <span class='ocrx_word' id='word_1_575' title='bbox 2564 3631 2816 3688; x_wconf 89' lang='lat' dir='ltr'><strong><em>voluisse</em></strong></span> <span class='ocrx_word' id='word_1_576' title='bbox 2846 3637 2948 3688; x_wconf 90' lang='lat' dir='ltr'><strong><em>aut</em></strong></span> <span class='ocrx_word' id='word_1_577' title='bbox 2977 3632 3222 3705; x_wconf 89' lang='lat' dir='ltr'><strong><em>lapides,</em></strong></span> <span class='ocrx_word' id='word_1_578' title='bbox 3267 3637 3368 3688; x_wconf 89' lang='lat' dir='ltr'><strong><em>aut</em></strong></span> <span class='ocrx_word' id='word_1_579' title='bbox 3413 3632 3657 3689; x_wconf 82' lang='lat' dir='ltr'><strong><em>forsitan</em></strong></span> <span class='ocrx_word' id='word_1_580' title='bbox 3712 3634 3860 3689; x_wconf 88' lang='lat' dir='ltr'><strong><em>deos</em></strong></span> 
     </span>
    </p>
   </div>
   <div class='ocr_carea' id='block_1_86' title="bbox 2208 3721 3860 3795">
    <p class='ocr_par' dir='ltr' id='par_1_86' title="bbox 2208 3721 3860 3795">
     <span class='ocr_line' id='line_1_86' title="bbox 2208 3721 3860 3795; baseline 0 -18"><span class='ocrx_word' id='word_1_581' title='bbox 2208 3721 2590 3789; x_wconf 90' lang='lat' dir='ltr'><strong><em>Terminales,</em></strong></span> <span class='ocrx_word' id='word_1_582' title='bbox 2623 3727 2757 3777; x_wconf 88' lang='lat' dir='ltr'><strong><em>ante</em></strong></span> <span class='ocrx_word' id='word_1_583' title='bbox 2775 3722 3022 3792; x_wconf 86' lang='lat' dir='ltr'><strong><em>januam</em></strong></span> <span class='ocrx_word' id='word_1_584' title='bbox 3055 3721 3405 3792; x_wconf 83' lang='lat' dir='ltr'><strong><em>templorum</em></strong></span> <span class='ocrx_word' id='word_1_585' title='bbox 3451 3723 3699 3795; x_wconf 88' lang='lat' dir='ltr'><strong><em>positos,</em></strong></span> <span class='ocrx_word' id='word_1_586' title='bbox 3751 3723 3860 3793; x_wconf 89' lang='lat' dir='ltr'><strong><em>qui</em></strong></span> 
     </span>
    </p>
   </div>
   <div class='ocr_carea' id='block_1_87' title="bbox 2208 3811 3865 3882">
    <p class='ocr_par' dir='ltr' id='par_1_87' title="bbox 2208 3811 3865 3882">
     <span class='ocr_line' id='line_1_87' title="bbox 2208 3811 3865 3882; baseline 0 -16"><span class='ocrx_word' id='word_1_587' title='bbox 2208 3811 2437 3882; x_wconf 87' lang='lat' dir='ltr'><strong><em>stipites</em></strong></span> <span class='ocrx_word' id='word_1_588' title='bbox 2490 3828 2688 3866; x_wconf 90' lang='lat' dir='ltr'><strong><em>revera</em></strong></span> <span class='ocrx_word' id='word_1_589' title='bbox 2736 3811 3118 3882; x_wconf 87' lang='lat' dir='ltr'><strong><em>vocabantur,</em></strong></span> <span class='ocrx_word' id='word_1_590' title='bbox 3169 3811 3342 3868; x_wconf 89' lang='lat' dir='ltr'><strong><em>sicuti</em></strong></span> <span class='ocrx_word' id='word_1_591' title='bbox 3388 3813 3448 3867; x_wconf 90' lang='lat' dir='ltr'><strong><em>in</em></strong></span> <span class='ocrx_word' id='word_1_592' title='bbox 3499 3811 3692 3867; x_wconf 88' lang='lat' dir='ltr'><strong><em>citatis</em></strong></span> <span class='ocrx_word' id='word_1_593' title='bbox 3723 3812 3865 3866; x_wconf 85' lang='lat' dir='ltr'><strong><em>aliis</em></strong></span> 
     </span>
    </p>
   </div>
   <div class='ocr_carea' id='block_1_88' title="bbox 2210 3899 3862 3972">
    <p class='ocr_par' dir='ltr' id='par_1_88' title="bbox 2210 3899 3862 3972">
     <span class='ocr_line' id='line_1_88' title="bbox 2210 3899 3862 3972; baseline 0.001 -17"><span class='ocrx_word' id='word_1_594' title='bbox 2210 3899 2428 3955; x_wconf 89' lang='lat' dir='ltr'><strong><em>nostris</em></strong></span> <span class='ocrx_word' id='word_1_595' title='bbox 2449 3899 2962 3955; x_wconf 89' lang='lat' dir='ltr'><strong><em>dissertationibus</em></strong></span> <span class='ocrx_word' id='word_1_596' title='bbox 2983 3904 3240 3956; x_wconf 89' lang='lat' dir='ltr'><strong><em>veterum</em></strong></span> <span class='ocrx_word' id='word_1_597' title='bbox 3261 3905 3500 3972; x_wconf 88' lang='lat' dir='ltr'><strong><em>poetaru</em></strong></span> <span class='ocrx_word' id='word_1_598' title='bbox 3512 3919 3562 3955; x_wconf 88' lang='lat' dir='ltr'><strong><em>m</em></strong></span> <span class='ocrx_word' id='word_1_599' title='bbox 3585 3901 3862 3956; x_wconf 87' lang='lat' dir='ltr'><strong><em>versibus</em></strong></span> 
     </span>
    </p>
   </div>
   <div class='ocr_carea' id='block_1_89' title="bbox 2210 3989 3864 4061">
    <p class='ocr_par' dir='ltr' id='par_1_89' title="bbox 2210 3989 3864 4061">
     <span class='ocr_line' id='line_1_89' title="bbox 2210 3989 3864 4061; baseline -0.001 -16"><span class='ocrx_word' id='word_1_600' title='bbox 2210 3989 2573 4045; x_wconf 85' lang='lat' dir='ltr'><strong><em>ostendimus</em></strong></span> <span class='ocrx_word' id='word_1_601' title='bbox 2605 3990 2916 4058; x_wconf 78' lang='lat' dir='ltr'><strong><em>(Dissertat.</em></strong></span> <span class='ocrx_word' id='word_1_602' title='bbox 2949 3989 3010 4044; x_wconf 89' lang='lat' dir='ltr'><strong><em>in</em></strong></span> <span class='ocrx_word' id='word_1_603' title='bbox 3037 3989 3254 4056; x_wconf 83' lang='lat' dir='ltr'><strong><em>Minut.,</em></strong></span> <span class='ocrx_word' id='word_1_604' title='bbox 3289 4006 3417 4061; x_wconf 88' lang='lat' dir='ltr'><strong><em>cap.</em></strong></span> <span class='ocrx_word' id='word_1_605' title='bbox 3453 3991 3538 4057; x_wconf 72' lang='grc'><strong>19,</strong></span> <span class='ocrx_word' id='word_1_606' title='bbox 3568 3995 3678 4044; x_wconf 88' lang='lat' dir='ltr'><strong><em>art.</em></strong></span> <span class='ocrx_word' id='word_1_607' title='bbox 3713 3991 3749 4044; x_wconf 84' lang='lat'>2</span> <span class='ocrx_word' id='word_1_608' title='bbox 3801 3996 3864 4045; x_wconf 86' lang='lat' dir='ltr'><strong><em>et</em></strong></span> 
     </span>
    </p>
   </div>
   <div class='ocr_carea' id='block_1_90' title="bbox 2213 4079 3858 4150">
    <p class='ocr_par' dir='ltr' id='par_1_90' title="bbox 2213 4079 3858 4150">
     <span class='ocr_line' id='line_1_90' title="bbox 2213 4079 3858 4150; baseline 0 -16"><span class='ocrx_word' id='word_1_609' title='bbox 2213 4079 2312 4148; x_wconf 80' lang='lat'><strong><em>17;</em></strong></span> <span class='ocrx_word' id='word_1_610' title='bbox 2362 4084 2419 4134; x_wconf 92' lang='lat' dir='ltr'><strong><em>et</em></strong></span> <span class='ocrx_word' id='word_1_611' title='bbox 2468 4081 2758 4134; x_wconf 84' lang='lat' dir='ltr'><strong><em>Dissertal.</em></strong></span> <span class='ocrx_word' id='word_1_612' title='bbox 2812 4080 2876 4134; x_wconf 85' lang='lat' dir='ltr'><strong><em>in</em></strong></span> <span class='ocrx_word' id='word_1_613' title='bbox 2924 4079 3199 4146; x_wconf 86' lang='lat' dir='ltr'><strong><em>Lactant.,</em></strong></span> <span class='ocrx_word' id='word_1_614' title='bbox 3233 4096 3289 4150; x_wconf 91' lang='lat' dir='ltr'><strong><em>p.</em></strong></span> <span class='ocrx_word' id='word_1_615' title='bbox 3321 4080 3412 4149; x_wconf 84' lang='lat'><strong><em>32,</em></strong></span> <span class='ocrx_word' id='word_1_616' title='bbox 3445 4085 3554 4134; x_wconf 88' lang='lat' dir='ltr'><strong><em>art.</em></strong></span> <span class='ocrx_word' id='word_1_617' title='bbox 3587 4079 3664 4147; x_wconf 86' lang='lat'><strong><em>2).</em></strong></span> <span class='ocrx_word' id='word_1_618' title='bbox 3703 4079 3858 4135; x_wconf 84' lang='lat' dir='ltr'><strong><em>Nam</em></strong></span> 
     </span>
    </p>
   </div>
   <div class='ocr_carea' id='block_1_91' title="bbox 2211 4165 3864 4239">
    <p class='ocr_par' dir='ltr' id='par_1_91' title="bbox 2211 4165 3864 4239">
     <span class='ocr_line' id='line_1_91' title="bbox 2211 4165 3864 4239; baseline 0 -17"><span class='ocrx_word' id='word_1_619' title='bbox 2211 4167 2291 4222; x_wconf 90' lang='lat' dir='ltr'><strong><em>ibi</em></strong></span> <span class='ocrx_word' id='word_1_620' title='bbox 2323 4165 2405 4221; x_wconf 88' lang='lat' dir='ltr'><strong><em>illi</em></strong></span> <span class='ocrx_word' id='word_1_621' title='bbox 2435 4167 2794 4239; x_wconf 87' lang='lat' dir='ltr'><strong><em>distinguere</em></strong></span> <span class='ocrx_word' id='word_1_622' title='bbox 2815 4166 3044 4222; x_wconf 89' lang='lat' dir='ltr'><strong><em>videtur</em></strong></span> <span class='ocrx_word' id='word_1_623' title='bbox 3073 4167 3304 4238; x_wconf 90' lang='lat' dir='ltr'><strong><em>stipem,</em></strong></span> <span class='ocrx_word' id='word_1_624' title='bbox 3339 4168 3578 4234; x_wconf 87' lang='lat' dir='ltr'><strong><em>ostium,</em></strong></span> <span class='ocrx_word' id='word_1_625' title='bbox 3629 4171 3685 4222; x_wconf 90' lang='lat' dir='ltr'><strong><em>et</em></strong></span> <span class='ocrx_word' id='word_1_626' title='bbox 3729 4167 3864 4222; x_wconf 88' lang='lat' dir='ltr'><strong><em>adi-</em></strong></span> 
     </span>
    </p>
   </div>
   <div class='ocr_carea' id='block_1_92' title="bbox 2212 4255 3862 4327">
    <p class='ocr_par' dir='ltr' id='par_1_92' title="bbox 2212 4255 3862 4327">
     <span class='ocr_line' id='line_1_92' title="bbox 2212 4255 3862 4327; baseline -0.002 -14"><span class='ocrx_word' id='word_1_627' title='bbox 2212 4261 2338 4313; x_wconf 86' lang='lat' dir='ltr'><strong><em>tum</em></strong></span> <span class='ocrx_word' id='word_1_628' title='bbox 2366 4255 2662 4327; x_wconf 89' lang='lat' dir='ltr'><strong><em>templi;ut</em></strong></span> <span class='ocrx_word' id='word_1_629' title='bbox 2688 4256 2782 4311; x_wconf 86' lang='lat' dir='ltr'><strong><em>his</em></strong></span> <span class='ocrx_word' id='word_1_630' title='bbox 2813 4255 3104 4311; x_wconf 90' lang='lat' dir='ltr'><strong><em>distinctis</em></strong></span> <span class='ocrx_word' id='word_1_631' title='bbox 3135 4255 3435 4311; x_wconf 87' lang='lat' dir='ltr'><strong><em>avaritiam</em></strong></span> <span class='ocrx_word' id='word_1_632' title='bbox 3460 4255 3862 4327; x_wconf 84' lang='lat' dir='ltr'><strong><em>impietatem-</em></strong></span> 
     </span>
    </p>
   </div>
   <div class='ocr_carea' id='block_1_93' title="bbox 2213 4344 3863 4418">
    <p class='ocr_par' dir='ltr' id='par_1_93' title="bbox 2213 4344 3863 4418">
     <span class='ocr_line' id='line_1_93' title="bbox 2213 4344 3863 4418; baseline -0.002 -16"><span class='ocrx_word' id='word_1_633' title='bbox 2213 4362 2326 4418; x_wconf 89' lang='lat' dir='ltr'><strong><em>que</em></strong></span> <span class='ocrx_word' id='word_1_634' title='bbox 2355 4345 2718 4403; x_wconf 88' lang='lat' dir='ltr'><strong><em>ethnicorum</em></strong></span> <span class='ocrx_word' id='word_1_635' title='bbox 2765 4345 2957 4400; x_wconf 89' lang='lat' dir='ltr'><strong><em>acrius</em></strong></span> <span class='ocrx_word' id='word_1_636' title='bbox 3004 4344 3409 4400; x_wconf 86' lang='lat' dir='ltr'><strong><em>insectaretur.</em></strong></span> <span class='ocrx_word' id='word_1_637' title='bbox 3459 4345 3606 4412; x_wconf 84' lang='lat' dir='ltr'><strong><em>Quid</em></strong></span> <span class='ocrx_word' id='word_1_638' title='bbox 3655 4349 3863 4399; x_wconf 87' lang='lat' dir='ltr'><strong><em>tamen</em></strong></span> 
     </span>
    </p>
   </div>
   <div class='ocr_carea' id='block_1_94' title="bbox 2213 4433 3861 4505">
    <p class='ocr_par' dir='ltr' id='par_1_94' title="bbox 2213 4433 3861 4505">
     <span class='ocr_line' id='line_1_94' title="bbox 2213 4433 3861 4505; baseline -0.002 -13"><span class='ocrx_word' id='word_1_639' title='bbox 2213 4439 2368 4492; x_wconf 88' lang='lat' dir='ltr'><strong><em>certo</em></strong></span> <span class='ocrx_word' id='word_1_640' title='bbox 2397 4439 2647 4491; x_wconf 72' lang='lat' dir='ltr'><strong><em>statuere</em></strong></span> <span class='ocrx_word' id='word_1_641' title='bbox 2685 4435 2922 4504; x_wconf 86' lang='lat' dir='ltr'><strong><em>audeas,</em></strong></span> <span class='ocrx_word' id='word_1_642' title='bbox 2971 4433 3020 4490; x_wconf 91' lang='lat' dir='ltr'><strong><em>si</em></strong></span> <span class='ocrx_word' id='word_1_643' title='bbox 3079 4438 3419 4505; x_wconf 89' lang='lat' dir='ltr'><strong><em>corruptum</em></strong></span> <span class='ocrx_word' id='word_1_644' title='bbox 3472 4449 3685 4489; x_wconf 87' lang='lat' dir='ltr'><strong><em>nomen</em></strong></span> <span class='ocrx_word' id='word_1_645' title='bbox 3744 4439 3861 4502; x_wconf 84' lang='lat' dir='ltr'><strong><em>est,</em></strong></span> 
     </span>
    </p>
   </div>
   <div class='ocr_carea' id='block_1_95' title="bbox 2216 4522 3376 4581">
    <p class='ocr_par' dir='ltr' id='par_1_95' title="bbox 2216 4522 3376 4581">
     <span class='ocr_line' id='line_1_95' title="bbox 2216 4522 3376 4581; baseline -0.003 0"><span class='ocrx_word' id='word_1_646' title='bbox 2216 4541 2319 4581; x_wconf 91' lang='lat' dir='ltr'><strong><em>nec</em></strong></span> <span class='ocrx_word' id='word_1_647' title='bbox 2350 4524 2650 4581; x_wconf 90' lang='lat' dir='ltr'><strong><em>meliorem</em></strong></span> <span class='ocrx_word' id='word_1_648' title='bbox 2682 4523 2939 4579; x_wconf 89' lang='lat' dir='ltr'><strong><em>codicem</em></strong></span> <span class='ocrx_word' id='word_1_649' title='bbox 2972 4522 3376 4579; x_wconf 87' lang='lat' dir='ltr'><strong><em>nanciscaris?</em></strong></span> 
     </span>
    </p>
   </div>
   <div class='ocr_carea' id='block_1_96' title="bbox 468 4627 3861 4726">
    <p class='ocr_par' dir='ltr' id='par_1_96' title="bbox 468 4627 3861 4726">
     <span class='ocr_line' id='line_1_96' title="bbox 468 4627 3861 4726; baseline -0 -17"><span class='ocrx_word' id='word_1_650' title='bbox 468 4627 786 4726; x_wconf 74' lang='lat' dir='ltr'><strong><em>provincia,</em></strong></span> <span class='ocrx_word' id='word_1_651' title='bbox 817 4653 930 4708; x_wconf 81' lang='lat' dir='ltr'><strong><em>nisi</em></strong></span> <span class='ocrx_word' id='word_1_652' title='bbox 984 4651 1278 4708; x_wconf 91' lang='lat' dir='ltr'><strong><em>communi</em></strong></span> <span class='ocrx_word' id='word_1_653' title='bbox 1340 4669 1446 4706; x_wconf 88' lang='lat' dir='ltr'><strong><em>suo</em></strong></span> <span class='ocrx_word' id='word_1_654' title='bbox 1506 4627 1816 4724; x_wconf 74' lang='lat' dir='ltr'><strong><em>Romaeque</em></strong></span> <span class='ocrx_word' id='word_1_655' title='bbox 1872 4653 2108 4709; x_wconf 88' lang='lat' dir='ltr'><strong><em>nomine</em></strong></span> <span class='ocrx_word' id='word_1_656' title='bbox 2135 4627 2182 4694; x_wconf 84' lang='lat' dir='ltr'><strong>D</strong></span> <span class='ocrx_word' id='word_1_657' title='bbox 2243 4631 2563 4726; x_wconf 58' lang='lat' dir='ltr'><strong><em>_Cme‘:“m</em></strong></span> <span class='ocrx_word' id='word_1_658' title='bbox 2594 4629 2808 4726; x_wconf 58' lang='grc' dir='ltr'><strong><em>θίὶξηίθί</em></strong></span> <span class='ocrx_word' id='word_1_659' title='bbox 2838 4633 3048 4726; x_wconf 60' lang='grc' dir='ltr'><strong><em>Ρνωίθτ</em></strong></span> <span class='ocrx_word' id='word_1_660' title='bbox 3076 4629 3184 4686; x_wconf 61' lang='lat' dir='ltr'><strong><em>has</em></strong></span> <span class='ocrx_word' id='word_1_661' title='bbox 3235 4628 3861 4726; x_wconf 45' lang='lat' dir='ltr'><strong><em>intOlermfl‘BF‘m’if</em></strong></span> 
     </span>
    </p>
   </div>
   <div class='ocr_carea' id='block_1_97' title="bbox 469 4739 2106 4814">
    <p class='ocr_par' dir='ltr' id='par_1_97' title="bbox 469 4739 2106 4814">
     <span class='ocr_line' id='line_1_97' title="bbox 469 4739 2106 4814; baseline 0.001 -17"><span class='ocrx_word' id='word_1_662' title='bbox 469 4742 736 4814; x_wconf 65' lang='lat' dir='ltr'><strong><em>recepit»</em></strong></span> <span class='ocrx_word' id='word_1_663' title='bbox 772 4741 1029 4810; x_wconf 89' lang='lat' dir='ltr'><strong><em>(Sueton.</em></strong></span> <span class='ocrx_word' id='word_1_664' title='bbox 1076 4740 1178 4795; x_wconf 91' lang='lat' dir='ltr'><strong><em>lib.</em></strong></span> <span class='ocrx_word' id='word_1_665' title='bbox 1231 4757 1295 4808; x_wconf 80' lang='grc' dir='ltr'><strong><em>ιι,</em></strong></span> <span class='ocrx_word' id='word_1_666' title='bbox 1345 4739 1374 4812; x_wconf 88' lang='lat'>§</span> <span class='ocrx_word' id='word_1_667' title='bbox 1421 4741 1532 4812; x_wconf 85' lang='lat'><strong><em>52).</em></strong></span> <span class='ocrx_word' id='word_1_668' title='bbox 1585 4742 1691 4796; x_wconf 89' lang='lat' dir='ltr'><strong><em>Sed</em></strong></span> <span class='ocrx_word' id='word_1_669' title='bbox 1740 4741 1862 4797; x_wconf 63' lang='lat' dir='ltr'><strong><em>haec</em></strong></span> <span class='ocrx_word' id='word_1_670' title='bbox 1908 4746 2106 4798; x_wconf 88' lang='lat' dir='ltr'><strong><em>tamen</em></strong></span> 
     </span>
    </p>
   </div>
   <div class='ocr_carea' id='block_1_98' title="bbox 469 4829 2103 4903">
    <p class='ocr_par' dir='ltr' id='par_1_98' title="bbox 469 4829 2103 4903">
     <span class='ocr_line' id='line_1_98' title="bbox 469 4829 2103 4903; baseline -0.001 -17"><span class='ocrx_word' id='word_1_671' title='bbox 469 4829 692 4902; x_wconf 88' lang='lat' dir='ltr'><strong><em>templa</em></strong></span> <span class='ocrx_word' id='word_1_672' title='bbox 719 4829 952 4903; x_wconf 91' lang='lat' dir='ltr'><strong><em>recepit,</em></strong></span> <span class='ocrx_word' id='word_1_673' title='bbox 987 4847 1114 4901; x_wconf 69' lang='lat' dir='ltr'><strong><em>quae</em></strong></span> <span class='ocrx_word' id='word_1_674' title='bbox 1147 4845 1259 4884; x_wconf 89' lang='lat' dir='ltr'><strong><em>non</em></strong></span> <span class='ocrx_word' id='word_1_675' title='bbox 1294 4829 1420 4886; x_wconf 89' lang='lat' dir='ltr'><strong><em>sine</em></strong></span> <span class='ocrx_word' id='word_1_676' title='bbox 1451 4829 1565 4886; x_wconf 89' lang='lat' dir='ltr'><strong><em>veri</em></strong></span> <span class='ocrx_word' id='word_1_677' title='bbox 1618 4831 1955 4902; x_wconf 89' lang='lat' dir='ltr'><strong><em>summique</em></strong></span> <span class='ocrx_word' id='word_1_678' title='bbox 2006 4831 2103 4887; x_wconf 91' lang='lat' dir='ltr'><strong><em>Dei</em></strong></span> 
     </span>
    </p>
   </div>
   <div class='ocr_carea' id='block_1_99' title="bbox 469 4918 2104 4992">
    <p class='ocr_par' dir='ltr' id='par_1_99' title="bbox 469 4918 2104 4992">
     <span class='ocr_line' id='line_1_99' title="bbox 469 4918 2104 4992; baseline 0 -17"><span class='ocrx_word' id='word_1_679' title='bbox 469 4919 689 4991; x_wconf 89' lang='lat' dir='ltr'><strong><em>injuria</em></strong></span> <span class='ocrx_word' id='word_1_680' title='bbox 719 4919 897 4990; x_wconf 89' lang='lat' dir='ltr'><strong><em>recipi</em></strong></span> <span class='ocrx_word' id='word_1_681' title='bbox 929 4923 1214 4992; x_wconf 89' lang='lat' dir='ltr'><strong><em>poterant.</em></strong></span> <span class='ocrx_word' id='word_1_682' title='bbox 1269 4918 1382 4974; x_wconf 82' lang='lat' dir='ltr'><strong><em>Alii</em></strong></span> <span class='ocrx_word' id='word_1_683' title='bbox 1430 4918 1626 4990; x_wconf 89' lang='lat' dir='ltr'><strong><em>itaque</em></strong></span> <span class='ocrx_word' id='word_1_684' title='bbox 1680 4919 1864 4975; x_wconf 90' lang='lat' dir='ltr'><strong><em>multo</em></strong></span> <span class='ocrx_word' id='word_1_685' title='bbox 1916 4919 2104 4992; x_wconf 89' lang='lat' dir='ltr'><strong><em>magis</em></strong></span> 
     </span>
    </p>
   </div>
   <div class='ocr_carea' id='block_1_100' title="bbox 469 5006 2106 5081">
    <p class='ocr_par' dir='ltr' id='par_1_100' title="bbox 469 5006 2106 5081">
     <span class='ocr_line' id='line_1_100' title="bbox 469 5006 2106 5081; baseline 0 -16"><span class='ocrx_word' id='word_1_686' title='bbox 469 5008 806 5078; x_wconf 85' lang='lat' dir='ltr'><strong><em>damnandi,</em></strong></span> <span class='ocrx_word' id='word_1_687' title='bbox 840 5007 938 5080; x_wconf 92' lang='lat' dir='ltr'><strong><em>qui</em></strong></span> <span class='ocrx_word' id='word_1_688' title='bbox 973 5008 1092 5062; x_wconf 82' lang='lat' dir='ltr'><strong><em>haec</em></strong></span> <span class='ocrx_word' id='word_1_689' title='bbox 1123 5006 1350 5080; x_wconf 87' lang='lat' dir='ltr'><strong><em>aliaque</em></strong></span> <span class='ocrx_word' id='word_1_690' title='bbox 1380 5007 1600 5079; x_wconf 89' lang='lat' dir='ltr'><strong><em>templa</em></strong></span> <span class='ocrx_word' id='word_1_691' title='bbox 1629 5008 1748 5064; x_wconf 89' lang='lat' dir='ltr'><strong><em>sive</em></strong></span> <span class='ocrx_word' id='word_1_692' title='bbox 1796 5009 2106 5081; x_wconf 87' lang='lat' dir='ltr'><strong><em>imperato-</em></strong></span> 
     </span>
    </p>
   </div>
   <div class='ocr_carea' id='block_1_101' title="bbox 468 5097 2102 5169">
    <p class='ocr_par' dir='ltr' id='par_1_101' title="bbox 468 5097 2102 5169">
     <span class='ocr_line' id='line_1_101' title="bbox 468 5097 2102 5169; baseline -0.002 -15"><span class='ocrx_word' id='word_1_693' title='bbox 468 5099 572 5169; x_wconf 90' lang='lat' dir='ltr'><strong><em>ris,</em></strong></span> <span class='ocrx_word' id='word_1_694' title='bbox 604 5099 721 5155; x_wconf 88' lang='lat' dir='ltr'><strong><em>sive</em></strong></span> <span class='ocrx_word' id='word_1_695' title='bbox 750 5097 922 5154; x_wconf 91' lang='lat' dir='ltr'><strong><em>etiam</em></strong></span> <span class='ocrx_word' id='word_1_696' title='bbox 958 5097 1289 5167; x_wconf 76' lang='lat' dir='ltr'><strong><em>reipublicae</em></strong></span> <span class='ocrx_word' id='word_1_697' title='bbox 1323 5101 1556 5152; x_wconf 85' lang='lat' dir='ltr'><strong><em>nomine</em></strong></span> <span class='ocrx_word' id='word_1_698' title='bbox 1589 5097 1916 5154; x_wconf 90' lang='lat' dir='ltr'><strong><em>condidere.</em></strong></span> <span class='ocrx_word' id='word_1_699' title='bbox 1952 5097 2102 5162; x_wconf 88' lang='lat' dir='ltr'><strong><em>Quid</em></strong></span> 
     </span>
    </p>
   </div>
   <div class='ocr_carea' id='block_1_102' title="bbox 467 5183 2104 5258">
    <p class='ocr_par' dir='ltr' id='par_1_102' title="bbox 467 5183 2104 5258">
     <span class='ocr_line' id='line_1_102' title="bbox 467 5183 2104 5258; baseline -0.001 -16"><span class='ocrx_word' id='word_1_700' title='bbox 467 5202 603 5258; x_wconf 89' lang='lat' dir='ltr'><strong><em>ergo</em></strong></span> <span class='ocrx_word' id='word_1_701' title='bbox 635 5185 946 5240; x_wconf 88' lang='lat' dir='ltr'><strong><em>dicendum</em></strong></span> <span class='ocrx_word' id='word_1_702' title='bbox 980 5185 1051 5240; x_wconf 89' lang='lat' dir='ltr'><strong><em>de</em></strong></span> <span class='ocrx_word' id='word_1_703' title='bbox 1081 5183 1410 5239; x_wconf 85' lang='lat' dir='ltr'><strong><em>Domitiano</em></strong></span> <span class='ocrx_word' id='word_1_704' title='bbox 1441 5183 1688 5255; x_wconf 90' lang='lat' dir='ltr'><strong><em>aliisque</em></strong></span> <span class='ocrx_word' id='word_1_705' title='bbox 1725 5185 2104 5242; x_wconf 88' lang='lat' dir='ltr'><strong><em>sceleratissi-</em></strong></span> 
     </span>
    </p>
   </div>
   <div class='ocr_carea' id='block_1_103' title="bbox 467 5272 2105 5346">
    <p class='ocr_par' dir='ltr' id='par_1_103' title="bbox 467 5272 2105 5346">
     <span class='ocr_line' id='line_1_103' title="bbox 467 5272 2105 5346; baseline -0.001 -16"><span class='ocrx_word' id='word_1_706' title='bbox 467 5276 581 5331; x_wconf 88' lang='lat' dir='ltr'><strong><em>mis</em></strong></span> <span class='ocrx_word' id='word_1_707' title='bbox 646 5274 1138 5346; x_wconf 87' lang='lat' dir='ltr'><strong><em>imperatoribus,</em></strong></span> <span class='ocrx_word' id='word_1_708' title='bbox 1207 5272 1327 5342; x_wconf 91' lang='lat' dir='ltr'><strong><em>qui,</em></strong></span> <span class='ocrx_word' id='word_1_709' title='bbox 1385 5279 1446 5326; x_wconf 90' lang='lat' dir='ltr'><strong><em>ut</em></strong></span> <span class='ocrx_word' id='word_1_710' title='bbox 1515 5274 1783 5328; x_wconf 75' lang='lat' dir='ltr'><strong><em>Romanas</em></strong></span> <span class='ocrx_word' id='word_1_711' title='bbox 1845 5275 2105 5330; x_wconf 75' lang='lat' dir='ltr'><strong><em>historia:</em></strong></span> 
     </span>
    </p>
   </div>
   <div class='ocr_carea' id='block_1_104' title="bbox 467 5362 2106 5436">
    <p class='ocr_par' dir='ltr' id='par_1_104' title="bbox 467 5362 2106 5436">
     <span class='ocr_line' id='line_1_104' title="bbox 467 5362 2106 5436; baseline -0.002 -14"><span class='ocrx_word' id='word_1_712' title='bbox 467 5365 777 5436; x_wconf 87' lang='lat' dir='ltr'><strong><em>scriptores</em></strong></span> <span class='ocrx_word' id='word_1_713' title='bbox 833 5367 1093 5428; x_wconf 88' lang='lat' dir='ltr'><strong><em>narrant,</em></strong></span> <span class='ocrx_word' id='word_1_714' title='bbox 1151 5362 1455 5432; x_wconf 85' lang='lat' dir='ltr'><strong><em>jusserunt</em></strong></span> <span class='ocrx_word' id='word_1_715' title='bbox 1511 5379 1572 5418; x_wconf 88' lang='lat' dir='ltr'><strong><em>se</em></strong></span> <span class='ocrx_word' id='word_1_716' title='bbox 1628 5363 1908 5435; x_wconf 89' lang='lat' dir='ltr'><strong><em>appellari</em></strong></span> <span class='ocrx_word' id='word_1_717' title='bbox 1966 5364 2106 5418; x_wconf 89' lang='lat' dir='ltr'><strong><em>deos</em></strong></span> 
     </span>
    </p>
   </div>
   <div class='ocr_carea' id='block_1_105' title="bbox 469 5450 2106 5524">
    <p class='ocr_par' dir='ltr' id='par_1_105' title="bbox 469 5450 2106 5524">
     <span class='ocr_line' id='line_1_105' title="bbox 469 5450 2106 5524; baseline -0.003 -13"><span class='ocrx_word' id='word_1_718' title='bbox 469 5454 693 5524; x_wconf 87' lang='lat' dir='ltr'><strong><em>sibique</em></strong></span> <span class='ocrx_word' id='word_1_719' title='bbox 721 5451 944 5523; x_wconf 86' lang='lat' dir='ltr'><strong><em>templa</em></strong></span> <span class='ocrx_word' id='word_1_720' title='bbox 979 5450 1292 5506; x_wconf 64' lang='lat' dir='ltr'><strong><em>aedificari?</em></strong></span> <span class='ocrx_word' id='word_1_721' title='bbox 1341 5451 1520 5508; x_wconf 87' lang='lat' dir='ltr'><strong><em>Nemo</em></strong></span> <span class='ocrx_word' id='word_1_722' title='bbox 1569 5457 1724 5508; x_wconf 90' lang='lat' dir='ltr'><strong><em>certe</em></strong></span> <span class='ocrx_word' id='word_1_723' title='bbox 1770 5452 1896 5508; x_wconf 89' lang='lat' dir='ltr'><strong><em>sani</em></strong></span> <span class='ocrx_word' id='word_1_724' title='bbox 1948 5453 2106 5524; x_wconf 79' lang='lat' dir='ltr'><strong><em>capi-</em></strong></span> 
     </span>
    </p>
   </div>
   <div class='ocr_carea' id='block_1_106' title="bbox 468 5539 2107 5611">
    <p class='ocr_par' dir='ltr' id='par_1_106' title="bbox 468 5539 2107 5611">
     <span class='ocr_line' id='line_1_106' title="bbox 468 5539 2107 5611; baseline -0.001 -13"><span class='ocrx_word' id='word_1_725' title='bbox 468 5543 548 5598; x_wconf 86' lang='lat' dir='ltr'><strong><em>tis</em></strong></span> <span class='ocrx_word' id='word_1_726' title='bbox 577 5543 752 5598; x_wconf 91' lang='lat' dir='ltr'><strong><em>homo</em></strong></span> <span class='ocrx_word' id='word_1_727' title='bbox 782 5539 892 5595; x_wconf 89' lang='lat' dir='ltr'><strong><em>hoc</em></strong></span> <span class='ocrx_word' id='word_1_728' title='bbox 922 5555 1222 5596; x_wconf 89' lang='lat' dir='ltr'><strong><em>summum</em></strong></span> <span class='ocrx_word' id='word_1_729' title='bbox 1252 5539 1575 5611; x_wconf 89' lang='lat' dir='ltr'><strong><em>impietatis</em></strong></span> <span class='ocrx_word' id='word_1_730' title='bbox 1597 5539 1790 5596; x_wconf 88' lang='lat' dir='ltr'><strong><em>scelus</em></strong></span> <span class='ocrx_word' id='word_1_731' title='bbox 1813 5557 1940 5596; x_wconf 89' lang='lat' dir='ltr'><strong><em>esse</em></strong></span> <span class='ocrx_word' id='word_1_732' title='bbox 1960 5541 2107 5596; x_wconf 81' lang='lat' dir='ltr'><strong><em>difﬂ-</em></strong></span> 
     </span>
    </p>
   </div>
   <div class='ocr_carea' id='block_1_107' title="bbox 469 5631 706 5686">
    <p class='ocr_par' dir='ltr' id='par_1_107' title="bbox 469 5631 706 5686">
     <span class='ocr_line' id='line_1_107' title="bbox 469 5631 706 5686; baseline 0.004 -1"><span class='ocrx_word' id='word_1_733' title='bbox 469 5631 706 5686; x_wconf 85' lang='lat' dir='ltr'><strong><em>tebitur.</em></strong></span> 
     </span>
    </p>
   </div>
   <div class='ocr_carea' id='block_1_108' title="bbox 545 5717 2108 5789">
    <p class='ocr_par' dir='ltr' id='par_1_108' title="bbox 545 5717 2108 5789">
     <span class='ocr_line' id='line_1_108' title="bbox 545 5717 2108 5789; baseline 0.003 -17"><span class='ocrx_word' id='word_1_734' title='bbox 545 5719 656 5773; x_wconf 87' lang='lat' dir='ltr'><strong><em>Sed</em></strong></span> <span class='ocrx_word' id='word_1_735' title='bbox 713 5717 962 5788; x_wconf 84' lang='lat' dir='ltr'><strong><em>adverte,</em></strong></span> <span class='ocrx_word' id='word_1_736' title='bbox 1013 5735 1230 5789; x_wconf 67' lang='lat' dir='ltr'><strong><em>quasso,</em></strong></span> <span class='ocrx_word' id='word_1_737' title='bbox 1277 5732 1453 5788; x_wconf 87' lang='lat' dir='ltr'><strong><em>quam</em></strong></span> <span class='ocrx_word' id='word_1_738' title='bbox 1510 5733 1659 5777; x_wconf 70' lang='lat' dir='ltr'><strong><em>emca</em></strong></span> <span class='ocrx_word' id='word_1_739' title='bbox 1715 5722 1772 5777; x_wconf 88' lang='lat' dir='ltr'><strong><em>et</em></strong></span> <span class='ocrx_word' id='word_1_740' title='bbox 1817 5719 2108 5776; x_wconf 87' lang='lat' dir='ltr'><strong><em>indomita</em></strong></span> 
     </span>
    </p>
   </div>
   <div class='ocr_carea' id='block_1_109' title="bbox 2212 4719 3863 4792">
    <p class='ocr_par' dir='ltr' id='par_1_109' title="bbox 2212 4719 3863 4792">
     <span class='ocr_line' id='line_1_109' title="bbox 2212 4719 3863 4792; baseline 0.001 -17"><span class='ocrx_word' id='word_1_741' title='bbox 2212 4721 2306 4776; x_wconf 59' lang='lat' dir='ltr'><strong><em>tias</em></strong></span> <span class='ocrx_word' id='word_1_742' title='bbox 2336 4722 2556 4788; x_wconf 86' lang='lat' dir='ltr'><strong><em>sordes,</em></strong></span> <span class='ocrx_word' id='word_1_743' title='bbox 2591 4721 2795 4777; x_wconf 88' lang='lat' dir='ltr'><strong><em>eadem</em></strong></span> <span class='ocrx_word' id='word_1_744' title='bbox 2826 4720 3065 4774; x_wconf 87' lang='lat' dir='ltr'><strong><em>deorum</em></strong></span> <span class='ocrx_word' id='word_1_745' title='bbox 3098 4735 3340 4774; x_wconf 88' lang='lat' dir='ltr'><strong><em>suorum</em></strong></span> <span class='ocrx_word' id='word_1_746' title='bbox 3367 4719 3588 4792; x_wconf 88' lang='lat' dir='ltr'><strong><em>templa</em></strong></span> <span class='ocrx_word' id='word_1_747' title='bbox 3638 4720 3863 4776; x_wconf 88' lang='lat' dir='ltr'><strong><em>lenoci-</em></strong></span> 
     </span>
    </p>
   </div>
   <div class='ocr_carea' id='block_1_110' title="bbox 2213 4808 3861 4880">
    <p class='ocr_par' dir='ltr' id='par_1_110' title="bbox 2213 4808 3861 4880">
     <span class='ocr_line' id='line_1_110' title="bbox 2213 4808 3861 4880; baseline 0 -16"><span class='ocrx_word' id='word_1_748' title='bbox 2213 4809 2326 4866; x_wconf 91' lang='lat' dir='ltr'><strong><em>niis</em></strong></span> <span class='ocrx_word' id='word_1_749' title='bbox 2371 4819 2426 4865; x_wconf 89' lang='lat' dir='ltr'><strong><em>et</em></strong></span> <span class='ocrx_word' id='word_1_750' title='bbox 2473 4809 2797 4876; x_wconf 89' lang='lat' dir='ltr'><strong><em>adulteriis,</em></strong></span> <span class='ocrx_word' id='word_1_751' title='bbox 2831 4808 3331 4880; x_wconf 87' lang='lat' dir='ltr'><strong><em>quemadmodum</em></strong></span> <span class='ocrx_word' id='word_1_752' title='bbox 3363 4825 3544 4880; x_wconf 90' lang='lat' dir='ltr'><strong><em>supra</em></strong></span> <span class='ocrx_word' id='word_1_753' title='bbox 3576 4808 3727 4880; x_wconf 87' lang='lat' dir='ltr'><strong><em>(cap.</em></strong></span> <span class='ocrx_word' id='word_1_754' title='bbox 3759 4810 3861 4879; x_wconf 86' lang='lat'><strong><em>26,</em></strong></span> 
     </span>
    </p>
   </div>
   <div class='ocr_carea' id='block_1_111' title="bbox 2211 4897 3865 4969">
    <p class='ocr_par' dir='ltr' id='par_1_111' title="bbox 2211 4897 3865 4969">
     <span class='ocr_line' id='line_1_111' title="bbox 2211 4897 3865 4969; baseline 0.001 -15"><span class='ocrx_word' id='word_1_755' title='bbox 2211 4903 2322 4954; x_wconf 88' lang='lat' dir='ltr'><strong><em>art.</em></strong></span> <span class='ocrx_word' id='word_1_756' title='bbox 2369 4899 2422 4969; x_wconf 85' lang='grc'>4)</span> <span class='ocrx_word' id='word_1_757' title='bbox 2480 4915 2614 4955; x_wconf 90' lang='lat' dir='ltr'><strong><em>cum</em></strong></span> <span class='ocrx_word' id='word_1_758' title='bbox 2671 4897 3031 4954; x_wconf 87' lang='lat' dir='ltr'><strong><em>Tertulliano</em></strong></span> <span class='ocrx_word' id='word_1_759' title='bbox 3088 4901 3286 4952; x_wconf 90' lang='lat' dir='ltr'><strong><em>nostro</em></strong></span> <span class='ocrx_word' id='word_1_760' title='bbox 3335 4898 3711 4953; x_wconf 85' lang='lat' dir='ltr'><strong><em>observatum</em></strong></span> <span class='ocrx_word' id='word_1_761' title='bbox 3769 4906 3865 4955; x_wconf 86' lang='lat' dir='ltr'><strong><em>est</em></strong></span> 
     </span>
    </p>
   </div>
   <div class='ocr_carea' id='block_1_112' title="bbox 2211 4985 3860 5060">
    <p class='ocr_par' dir='ltr' id='par_1_112' title="bbox 2211 4985 3860 5060">
     <span class='ocr_line' id='line_1_112' title="bbox 2211 4985 3860 5060; baseline 0.001 -16"><span class='ocrx_word' id='word_1_762' title='bbox 2211 4987 2473 5058; x_wconf 92' lang='lat' dir='ltr'><strong><em>(Tertull.</em></strong></span> <span class='ocrx_word' id='word_1_763' title='bbox 2506 4987 2810 5060; x_wconf 79' lang='lat' dir='ltr'><strong><em>Apologet.,</em></strong></span> <span class='ocrx_word' id='word_1_764' title='bbox 2843 5003 2970 5059; x_wconf 89' lang='lat' dir='ltr'><strong><em>cap.</em></strong></span> <span class='ocrx_word' id='word_1_765' title='bbox 3005 4985 3242 5059; x_wconf 82' lang='lat' dir='ltr'><strong><em>15),tam</em></strong></span> <span class='ocrx_word' id='word_1_766' title='bbox 3263 4987 3860 5059; x_wconf 86' lang='lat' dir='ltr'><strong><em>impudenter,quam</em></strong></span> 
     </span>
    </p>
   </div>
   <div class='ocr_carea' id='block_1_113' title="bbox 2213 5076 3866 5149">
    <p class='ocr_par' dir='ltr' id='par_1_113' title="bbox 2213 5076 3866 5149">
     <span class='ocr_line' id='line_1_113' title="bbox 2213 5076 3866 5149; baseline 0.001 -17"><span class='ocrx_word' id='word_1_767' title='bbox 2213 5079 2454 5148; x_wconf 89' lang='lat' dir='ltr'><strong><em>impune</em></strong></span> <span class='ocrx_word' id='word_1_768' title='bbox 2481 5077 2838 5149; x_wconf 89' lang='lat' dir='ltr'><strong><em>polluebant.</em></strong></span> <span class='ocrx_word' id='word_1_769' title='bbox 2869 5077 2994 5142; x_wconf 84' lang='lat' dir='ltr'><strong><em>Qua</em></strong></span> <span class='ocrx_word' id='word_1_770' title='bbox 3017 5091 3154 5147; x_wconf 89' lang='lat' dir='ltr'><strong><em>ergo</em></strong></span> <span class='ocrx_word' id='word_1_771' title='bbox 3185 5076 3408 5132; x_wconf 88' lang='lat' dir='ltr'><strong><em>ratione</em></strong></span> <span class='ocrx_word' id='word_1_772' title='bbox 3433 5077 3668 5132; x_wconf 88' lang='lat' dir='ltr'><strong><em>credere</em></strong></span> <span class='ocrx_word' id='word_1_773' title='bbox 3696 5082 3866 5149; x_wconf 87' lang='lat' dir='ltr'><strong><em>pote-</em></strong></span> 
     </span>
    </p>
   </div>
   <div class='ocr_carea' id='block_1_114' title="bbox 2213 5164 3860 5237">
    <p class='ocr_par' dir='ltr' id='par_1_114' title="bbox 2213 5164 3860 5237">
     <span class='ocr_line' id='line_1_114' title="bbox 2213 5164 3860 5237; baseline 0.001 -16"><span class='ocrx_word' id='word_1_774' title='bbox 2213 5172 2345 5222; x_wconf 90' lang='lat' dir='ltr'><strong><em>rant</em></strong></span> <span class='ocrx_word' id='word_1_775' title='bbox 2373 5168 2511 5223; x_wconf 92' lang='lat' dir='ltr'><strong><em>deos</em></strong></span> <span class='ocrx_word' id='word_1_776' title='bbox 2542 5183 2682 5223; x_wconf 90' lang='lat' dir='ltr'><strong><em>suos</em></strong></span> <span class='ocrx_word' id='word_1_777' title='bbox 2713 5167 2771 5221; x_wconf 90' lang='lat' dir='ltr'><strong><em>in</em></strong></span> <span class='ocrx_word' id='word_1_778' title='bbox 2813 5165 2905 5220; x_wconf 83' lang='lat' dir='ltr'><strong><em>bis</em></strong></span> <span class='ocrx_word' id='word_1_779' title='bbox 2953 5164 3216 5220; x_wconf 91' lang='lat' dir='ltr'><strong><em>habitare</em></strong></span> <span class='ocrx_word' id='word_1_780' title='bbox 3258 5165 3516 5237; x_wconf 89' lang='lat' dir='ltr'><strong><em>templis,</em></strong></span> <span class='ocrx_word' id='word_1_781' title='bbox 3563 5182 3691 5237; x_wconf 63' lang='lat' dir='ltr'><strong><em>qua;</em></strong></span> <span class='ocrx_word' id='word_1_782' title='bbox 3743 5183 3860 5222; x_wconf 66' lang='lat' dir='ltr'><strong><em>sm-</em></strong></span> 
     </span>
    </p>
   </div>
   <div class='ocr_carea' id='block_1_115' title="bbox 2215 5254 3860 5327">
    <p class='ocr_par' dir='ltr' id='par_1_115' title="bbox 2215 5254 3860 5327">
     <span class='ocr_line' id='line_1_115' title="bbox 2215 5254 3860 5327; baseline 0.001 -17"><span class='ocrx_word' id='word_1_783' title='bbox 2215 5255 2454 5327; x_wconf 85' lang='lat' dir='ltr'><strong><em>pissime</em></strong></span> <span class='ocrx_word' id='word_1_784' title='bbox 2505 5257 2686 5313; x_wconf 86' lang='lat' dir='ltr'><strong><em>tantis</em></strong></span> <span class='ocrx_word' id='word_1_785' title='bbox 2743 5255 3169 5312; x_wconf 84' lang='lat' dir='ltr'><strong><em>dedecorabant</em></strong></span> <span class='ocrx_word' id='word_1_786' title='bbox 3237 5254 3474 5327; x_wconf 85' lang='lat' dir='ltr'><strong><em>ﬂagitiis</em></strong></span> <span class='ocrx_word' id='word_1_787' title='bbox 3539 5273 3603 5312; x_wconf 91' lang='lat' dir='ltr'><strong><em>ac</em></strong></span> <span class='ocrx_word' id='word_1_788' title='bbox 3669 5256 3860 5313; x_wconf 89' lang='lat' dir='ltr'><strong><em>scele-</em></strong></span> 
     </span>
    </p>
   </div>
   <div class='ocr_carea' id='block_1_116' title="bbox 2214 5344 2417 5400">
    <p class='ocr_par' dir='ltr' id='par_1_116' title="bbox 2214 5344 2417 5400">
     <span class='ocr_line' id='line_1_116' title="bbox 2214 5344 2417 5400; baseline 0.01 -2"><span class='ocrx_word' id='word_1_789' title='bbox 2214 5344 2417 5400; x_wconf 83' lang='lat' dir='ltr'><strong><em>ribus?</em></strong></span> 
     </span>
    </p>
   </div>
   <div class='ocr_carea' id='block_1_117' title="bbox 2285 5448 3861 5521">
    <p class='ocr_par' dir='ltr' id='par_1_117' title="bbox 2285 5448 3861 5521">
     <span class='ocr_line' id='line_1_117' title="bbox 2285 5448 3861 5521; baseline 0.003 -17"><span class='ocrx_word' id='word_1_790' title='bbox 2285 5449 2440 5506; x_wconf 88' lang='lat' dir='ltr'><strong><em>Nihil</em></strong></span> <span class='ocrx_word' id='word_1_791' title='bbox 2475 5451 2688 5506; x_wconf 89' lang='lat' dir='ltr'><strong><em>mirum</em></strong></span> <span class='ocrx_word' id='word_1_792' title='bbox 2723 5451 2916 5521; x_wconf 85' lang='lat' dir='ltr'><strong><em>itaque</em></strong></span> <span class='ocrx_word' id='word_1_793' title='bbox 2957 5449 3006 5504; x_wconf 79' lang='lat' dir='ltr'><strong><em>si</em></strong></span> <span class='ocrx_word' id='word_1_794' title='bbox 3055 5448 3377 5519; x_wconf 75' lang='lat' dir='ltr'><strong><em>Christiani,</em></strong></span> <span class='ocrx_word' id='word_1_795' title='bbox 3425 5451 3506 5506; x_wconf 83' lang='lat' dir='ltr'><strong><em>ait</em></strong></span> <span class='ocrx_word' id='word_1_796' title='bbox 3550 5450 3861 5508; x_wconf 85' lang='lat' dir='ltr'><strong><em>Tertullia-</em></strong></span> 
     </span>
    </p>
   </div>
   <div class='ocr_carea' id='block_1_118' title="bbox 2215 5538 3861 5612">
    <p class='ocr_par' dir='ltr' id='par_1_118' title="bbox 2215 5538 3861 5612">
     <span class='ocr_line' id='line_1_118' title="bbox 2215 5538 3861 5612; baseline 0.002 -18"><span class='ocrx_word' id='word_1_797' title='bbox 2215 5557 2348 5611; x_wconf 90' lang='lat' dir='ltr'><strong><em>nus,</em></strong></span> <span class='ocrx_word' id='word_1_798' title='bbox 2382 5540 2520 5608; x_wconf 70' lang='lat' dir='ltr'><strong><em>~,haec</em></strong></span> <span class='ocrx_word' id='word_1_799' title='bbox 2569 5541 2774 5611; x_wconf 83' lang='lat' dir='ltr'><strong><em>tempta</em></strong></span> <span class='ocrx_word' id='word_1_800' title='bbox 2818 5553 2918 5595; x_wconf 79' lang='lat' dir='ltr'><strong><em>nec</em></strong></span> <span class='ocrx_word' id='word_1_801' title='bbox 2961 5538 3211 5594; x_wconf 79' lang='lat' dir='ltr'><strong><em>interdiu</em></strong></span> <span class='ocrx_word' id='word_1_802' title='bbox 3238 5540 3432 5595; x_wconf 76' lang='lat' dir='ltr'><strong><em>norint</em></strong></span> <span class='ocrx_word' id='word_1_803' title='bbox 3459 5539 3718 5612; x_wconf 89' lang='lat' dir='ltr'><strong><em>(Tertull.</em></strong></span> <span class='ocrx_word' id='word_1_804' title='bbox 3754 5542 3861 5599; x_wconf 81' lang='lat' dir='ltr'><strong><em>loc.</em></strong></span> 
     </span>
    </p>
   </div>
   <div class='ocr_carea' id='block_1_119' title="bbox 2213 5627 3864 5702">
    <p class='ocr_par' dir='ltr' id='par_1_119' title="bbox 2213 5627 3864 5702">
     <span class='ocr_line' id='line_1_119' title="bbox 2213 5627 3864 5702; baseline 0.003 -19"><span class='ocrx_word' id='word_1_805' title='bbox 2213 5630 2359 5700; x_wconf 86' lang='lat' dir='ltr'><strong><em>oit.),</em></strong></span> <span class='ocrx_word' id='word_1_806' title='bbox 2389 5629 2446 5684; x_wconf 90' lang='lat' dir='ltr'><strong><em>id</em></strong></span> <span class='ocrx_word' id='word_1_807' title='bbox 2479 5634 2588 5695; x_wconf 86' lang='lat' dir='ltr'><strong><em>est,</em></strong></span> <span class='ocrx_word' id='word_1_808' title='bbox 2622 5628 2721 5684; x_wconf 90' lang='lat' dir='ltr'><strong><em>illa</em></strong></span> <span class='ocrx_word' id='word_1_809' title='bbox 2753 5645 2866 5684; x_wconf 91' lang='lat' dir='ltr'><strong><em>non</em></strong></span> <span class='ocrx_word' id='word_1_810' title='bbox 2897 5627 3148 5684; x_wconf 89' lang='lat' dir='ltr'><strong><em>adierint</em></strong></span> <span class='ocrx_word' id='word_1_811' title='bbox 3178 5644 3280 5700; x_wconf 91' lang='lat' dir='ltr'><strong><em>per</em></strong></span> <span class='ocrx_word' id='word_1_812' title='bbox 3323 5628 3500 5697; x_wconf 90' lang='lat' dir='ltr'><strong><em>diem,</em></strong></span> <span class='ocrx_word' id='word_1_813' title='bbox 3552 5629 3864 5702; x_wconf 88' lang='lat' dir='ltr'><strong><em>multoque</em></strong></span> 
     </span>
    </p>
   </div>
   <div class='ocr_carea' id='block_1_120' title="bbox 2217 5717 3863 5790">
    <p class='ocr_par' dir='ltr' id='par_1_120' title="bbox 2217 5717 3863 5790">
     <span class='ocr_line' id='line_1_120' title="bbox 2217 5717 3863 5790; baseline 0.003 -18"><span class='ocrx_word' id='word_1_814' title='bbox 2217 5719 2415 5774; x_wconf 89' lang='lat' dir='ltr'><strong><em>minus</em></strong></span> <span class='ocrx_word' id='word_1_815' title='bbox 2443 5735 2548 5790; x_wconf 90' lang='lat' dir='ltr'><strong><em>per</em></strong></span> <span class='ocrx_word' id='word_1_816' title='bbox 2575 5721 2827 5788; x_wconf 88' lang='lat' dir='ltr'><strong><em>noctem,</em></strong></span> <span class='ocrx_word' id='word_1_817' title='bbox 2857 5721 3156 5774; x_wconf 83' lang='lat' dir='ltr'><strong><em>tantorum</em></strong></span> <span class='ocrx_word' id='word_1_818' title='bbox 3187 5717 3502 5774; x_wconf 83' lang='lat' dir='ltr'><strong><em>criminum</em></strong></span> <span class='ocrx_word' id='word_1_819' title='bbox 3533 5720 3863 5778; x_wconf 84' lang='lat' dir='ltr'><strong><em>consciam.</em></strong></span> 
     </span>
    </p>
   </div>
  </div>
