4162 6364
248 390 393 450 1241

1155 385 1227 443 D.
1276 382 1373 443 LE
1416 379 1743 443 NOURRY
1787 371 2439 440 OBSERVATIONES
2483 369 2746 432 NOVIE.

3501 356 3659 417 1242

246 523 300 579 Si
337 521 571 593 quando
603 524 799 576 tamen
859 517 1328 589 ingrederentur,
1369 535 1396 567 ιι
1431 514 1753 585 spoliarent
1781 512 1894 569 for-
1928 513 1981 579 Α
2013 510 2178 580 rique
2210 522 2412 563 omnes
2442 504 2557 560 tria
2586 504 2686 557 aut
2707 502 2961 572 quatuor
2989 494 3210 549 dabant
3232 489 3423 546 thuris
3456 506 3658 562 grana,

247 612 397 667 sitan
431 628 520 677 ea,
554 614 620 665 ut
651 607 747 663 ille
778 608 879 678 ait,
923 611 980 662 et
1012 606 1145 678 ipsi,
1176 605 1225 660 si
1257 621 1323 660 ea
1354 605 1686 670 adorarent,
1723 622 1750 651 »
1783 600 1894 656 hoc

246 706 354 771 est,
386 700 435 755 si
463 698 778 771 aliquando
811 696 1130 753 Christiani
1164 695 1284 751 haec
1338 695 1396 749 in
1430 692 1668 765 templa,
1699 708 1898 763 quem-

247 790 563 848 admodum
592 787 860 861 gentiles,
893 786 1132 841 introire
1173 785 1524 857 potuissent,
1566 782 1666 838 illa
1694 780 1897 855 procul

247 881 448 949 dubio,
478 878 657 935 veluti
688 876 1003 950 Dionysius
1038 876 1244 931 1140
1296 880 1607 947 tyrannus,
1668 877 1724 927 et
1777 870 1897 941 alii,

246 986 494 1043 quorum
525 968 665 1025 alibi
696 967 944 1023 fecimus
970 964 1527 1036 mentionem,plane
1546 961 1901 1034 spoliassent

248 1077 362 1116 non
395 1058 633 1132 quidem
668 1057 819 1113 sicut
842 1056 947 1123 illi,
983 1054 1240 1111 avaritiae
1271 1070 1469 1121 causa,
1528 1052 1627 1108 sed
1668 1058 1902 1124 propter

249 1152 471 1209 scelera
500 1167 567 1206 ac
598 1148 926 1222 sacrilegia,
956 1164 1084 1221 quae
1115 1148 1174 1202 in
1208 1146 1292 1202 eis
1312 1142 1901 1218 patrabantur.Plura

248 1258 381 1298 vero
425 1241 494 1296 de
553 1239 921 1296 ethnicorum
977 1242 1150 1308 atque
1202 1236 1380 1291 etiam
1434 1233 1900 1291 Christianorum

249 1331 487 1403 templis
508 1330 566 1385 in
600 1328 795 1385 citatis
820 1327 1330 1384 dissertationibus
1390 1326 1604 1381 nostris
1634 1325 1902 1395 disputa-

250 1422 443 1477 vimus
484 1422 791 1491 (Dissertat.
845 1421 907 1475 in
962 1418 1185 1489 Minut.,
1245 1435 1373 1490 cap.
1428 1418 1513 1485 12,
1570 1421 1679 1471 art.
1711 1416 1792 1481 2;
1845 1417 1905 1469 in

252 1510 476 1581 Arnob.,
510 1527 637 1583 cap.
668 1510 761 1581 21,
793 1513 904 1565 art.
938 1509 964 1563 1
1002 1527 1018 1579 ;
1078 1512 1133 1563 et
1193 1509 1256 1563 in
1315 1509 1592 1573 Lactant.,
1626 1521 1759 1576 cap.
1811 1502 1901 1573 33,

256 1606 365 1657 art.
402 1602 480 1672 1).

888 1720 1206 1761 ARTICULUS
1237 1722 1298 1759 Ῑῐ.

258 1798 433 1866 Quam
485 1798 750 1851 scelerata
834 1796 1189 1858 conscientia,
1268 1794 1580 1866 quantaque
1622 1864 1627 1866 Α
1667 1790 1907 1845 avaritia

330 1869 535 1958 ethnici
563 1870 680 1952 diis
710 1870 825 1922 suis
843 1866 1365 1958 sacriﬁcaveriritmt
1382 1864 1689 1958 pbtulerint
1717 1878 1907 1932 grana
1938 1893 1985 1958 Β

327 1942 514 1997 thuris
544 1943 710 1995 unius
740 1942 896 2007 assis,
942 1939 1078 1992 duas
1121 1940 1262 1991 meri
1308 1940 1514 2007 guttas,
1580 1938 1907 2005 sanguinem

330 2014 554 2084 reprobi
584 2014 748 2078 bovis,
780 2006 928 2065 mori
952 2012 1225 2084 rep/antis,
1272 2006 1432 2078 atque
1462 2016 1665 2071 enecta,
1725 2006 1907 2059 tabio-

328 2081 408 2150 sa,
488 2086 747 2151 ungulas,
836 2081 1103 2150 capitula,
1162 2084 1486 2151 plumarum
1562 2085 1910 2151 satorumque

329 2149 635 2228 praevalsa,
671 2172 733 2211 ac
768 2149 1008 2209 debitam
1040 2149 1262 2208 Herculi
1293 2152 1565 2208 decimam
1606 2149 1908 2220 defrauda-

335 2231 540 2285 verint.

332 2353 459 2407 Non
491 2354 679 2423 major
710 2351 964 2423 profecto
998 2348 1108 2404 fuit
1137 2348 1446 2421 gentilium
1502 2346 1561 2401 in
1610 2344 1914 2401 sacriﬁciis

264 2442 407 2508 suis,
444 2458 618 2513 quam
653 2440 711 2493 in
743 2438 981 2510 templis
1014 2439 1200 2510 pietas
1232 2454 1297 2491 ac
1329 2436 1551 2508 religio,
1588 2452 1693 2491 nec
1723 2435 1917 2489 minor

264 2531 439 2586 etiam
463 2528 709 2584 avaritia
741 2532 1120 2599 quaestustu
1148 2526 1414 2581 aviditas.
1451 2525 1573 2579 Diis
1605 2525 1759 2580 enim
1791 2523 1915 2578 suis

265 2619 678 2686 sacriﬁcantes,
712 2617 1031 2671 otl'erebant
1061 2639 1087 2665 ‹‹
1125 2621 1255 2687 post
1277 2614 1495 2683 omnia,
1536 2614 1728 2685 inquit
1781 2614 1918 2667 Ter-

265 2708 571 2773 tullianus,
605 2705 1055 2778 inquinamenta
1091 2705 1266 2760 etiam
1302 2704 1719 2760 conscientiam
1753 2719 1921 2772 spur-

268 2815 394 2853 cam
428 2820 456 2847 »
484 2795 747 2865 (Tertull.
784 2794 1089 2866 Apologet.,
1121 2795 1372 2865 cap.30),
1407 2794 1527 2848 sive
1555 2792 1917 2847 contamina-

267 2894 389 2942 tam
423 2886 698 2941 omnibus
722 2884 840 2939 illis
872 2882 1242 2948 criminibus,
1276 2900 1402 2953 qua:
1435 2882 1608 2953 paulo
1641 2886 1832 2946 antea,
1862 2885 1921 2935 et

271 2978 490 3051 passim
525 2977 581 3031 in
614 2976 722 3031 hac
754 2974 1165 3030 dissertatione
1184 2978 1384 3028 notata
1406 2978 1565 3029 sunt.
1593 2971 1771 3036 Quale
1788 2987 1921 3026 vero

272 3085 337 3123 ac
370 3070 655 3138 quantum
689 3064 882 3119 thuris
945 3063 1267 3132 adolerent,
1330 3062 1378 3117 si
1438 3062 1587 3116 scire
1619 3077 1806 3127 aveas,
1834 3077 1920 3115 re-

272 3158 581 3223 spondebit
612 3156 716 3211 tibi
763 3158 979 3210 Auctor
1033 3160 1253 3220 noster,
1303 3166 1482 3224 grana
1531 3152 1711 3207 thuris
1759 3151 1923 3205 unius

2008 604 2064 655 et
2111 599 2267 665 duas,
2327 594 2499 651 sicuti
2572 590 2735 647 addit
2790 584 3211 650 Tertullianus,
3288 580 3429 634 meri
3481 582 3661 650 gultas

2007 686 2276 761 (Tertull.
2312 685 2614 757 Apologet.,
2648 697 2777 751 cap.
2805 678 2916 748 30),
2950 676 3059 729 hoc
3090 675 3199 737 est,
3261 685 3437 741 quam
3468 668 3659 725 thuris

2008 782 2063 834 et
2092 777 2210 832 vini
2244 777 2513 848 poterant
2544 771 2881 827 minimum.
2914 765 3024 821 Sed
3068 778 3180 835 quo
3212 759 3395 815 animi
3453 775 3655 825 sensu,

2009 868 2201 924 disces
2226 865 2339 922 his.
2376 861 2569 920 Ovidii
2608 858 2879 917 versibus
2910 857 2981 912 de
3022 870 3137 910 anu
3168 848 3535 907 sacriﬁcante
3570 864 3582 904 :

2070 1003 2205 1053 Vina
2234 1013 2451 1065 quoque
2486 996 2728 1065 instillat,
2752 993 2861 1065 vini
2893 990 3269 1065 quodcumque
3294 984 3538 1065 relictum
3563 985 3660 1045 est,

2104 1048 2377 1127 Adi—tibiis:
2394 1048 2485 1112 aut
2519 1048 2755 1127 comites,
2790 1048 2921 1127 plus
2943 1061 3123 1125 tamen
3162 1048 3278 1127 ipsa
3302 1048 3450 1096 bibit.

2106 1145 2129 1176 α
2163 1113 2393 1177 Hostiles
2427 1126 2652 1185 linguas,
2684 1113 3008 1181 inimicaque
3040 1113 3311 1185 vinximus
3342 1126 3453 1169 ora,
3479 1126 3505 1157 ι)

2200 1192 2339 1239 Dixit
2365 1181 2662 1243 discedens,
2694 1185 2946 1244 ebriaque
2969 1181 3077 1229 exit
3107 1191 3260 1226 auus.

2540 1264 2711 1327 (Ovid.
2742 1264 2832 1312 lib.
2865 1274 2921 1310 ιιι
2953 1260 3190 1317 Fastor.§
3221 1260 3322 1318 15.)

2013 1405 2213 1459 1141
2249 1402 2463 1457 Eodem
2497 1399 2669 1472 plane
2719 1395 2971 1451 avaritia:
3002 1392 3142 1448 vitio
3202 1388 3418 1447 ethnici
3450 1387 3663 1441 immoc

2015 1494 2216 1548 labant
2246 1491 2493 1556 hostias,
2531 1506 2642 1542 nou
2678 1486 2921 1557 pingues
2956 1484 3231 1554 proiecto,
3261 1484 3362 1535 aut
3392 1476 3662 1541 selectae,

2015 1592 2116 1639 aut
2137 1583 2417 1653 integras,
2452 1578 2549 1633 sed
2582 1570 3443 1644 sanguinem,quemadmodum
3476 1563 3667 1620 adhuc

2013 1650 2432 1736 Tertullianus,
2485 1666 2711 1737 reprobi
2769 1664 2920 1717 bovis
2948 1662 3090 1715 mori
3120 1663 3369 1731 aplanu‘s
3402 1650 3664 1728 (Tertull.

2017 1762 2120 1817 loc.
2153 1762 2292 1831 cit).
2326 1762 2399 1814 At
2440 1757 2681 1828 quidam
2741 1752 3105 1807 delicatiores
3137 1748 3321 1803 critici
3378 1744 3663 1815 scriptum

2017 1850 2097 1905 ibi
2128 1849 2343 1905 vellent
2383 1864 2498 1901 non
2561 1844 2709 1899 bovi:
2761 1840 3019 1911 quidem,
3081 1838 3181 1893 sed
3243 1834 3505 1899 hominis,
3564 1829 3664 1902 qui

2019 1940 2179 1996 solus
2216 1942 2460 1993 mortem
2494 1939 2693 2005 optare
2725 1936 2935 2003 potest.
2966 1932 3183 1983 Verum
3217 1926 3339 1980 haec
3388 1939 3550 1977 mera
3578 1936 3667 1974 ca-

2017 2029 2239 2085 villatio
2270 2032 2359 2083 est
2408 2030 2609 2081 contra
2640 2035 3013 2076 communem
3073 2015 3339 2071 codicum
3400 2011 3667 2068 omnium

2020 2135 2393 2176 consensum.
2423 2116 2565 2182 Quis
2594 2129 2849 2184 namque
2873 2127 2988 2166 non
3020 2108 3175 2164 videt
3204 2106 3348 2161 illud
3382 2121 3415 2159 a
3445 2100 3645 2158 Tertul

2022 2210 2176 2265 liano
2214 2213 2410 2263 nostro
2442 2203 2840 2276 metaphorice
2889 2200 3112 2254 dictum
3168 2197 3238 2251 de
3287 2195 3451 2262 bove,
3486 2190 3671 2259 senio,

2023 2298 2229 2366 macie,
2264 2303 2319 2352 et
2361 2296 2495 2351 tabe
2552 2294 2633 2348 ita
2691 2291 2970 2356 confecto,
3033 2292 3099 2342 ut
3158 2288 3432 2349 mortem,
3483 2278 3533 2336 si
3593 2279 3676 2333 ita

2022 2392 2221 2461 posset
2276 2385 2425 2451 ﬁeri,
2481 2384 2609 2437 vita:
2668 2376 3015 2452 praferret‘?
3071 2372 3463 2438 Quamobrem
3539 2369 3668 2439 ipse

2025 2458 2217 2533 adhuc
2240 2473 2634 2530 'l‘ertullianus
2666 2468 2931 2524 ethnicos
2963 2470 3132 2520 antea
3176 2461 3268 2517 his
3290 2458 3483 2515 verbis
3516 2474 3678 2512 com-

2028 2567 2341 2640 pellaverat
2374 2581 2385 2619 :
2428 2584 2448 2610 «
2479 2562 2715 2625 Enecta,
2749 2561 2805 2613 et
2848 2555 3099 2619 tabiosa,
3130 2557 3187 2607 et
3218 2549 3486 2607 scabiosa
3519 2562 3680 2617 quae-

2028 2673 2140 2729 que
2173 2653 2540 2721 mactatis.,»
2604 2666 2729 2721 qua:
2780 2645 2939 2702 domi
2992 2658 3226 2715 quoque
3281 2638 3499 2711 pueris,
3561 2634 3680 2691 sive

2029 2724 2230 2812 servis,
2257 2742 2344 2797 vel
2376 2739 2621 2795 canibus
2656 2732 3067 2792 destinassetis
3100 2753 3127 2781 »
3161 2725 3428 2799 (Tertull.
3488 2724 3683 2796 Apolo-

2027 2845 2163 2908 ρει,
2195 2851 2320 2904 cap.
2363 2832 2448 2893 14,
2482 2834 2537 2884 et
2566 2827 2669 2891 lib,
2703 2826 2822 2880 Iad
2851 2824 3107 2887 Nation.,
3141 2837 3266 2890 cap.
3302 2816 3412 2886 10).
3447 2813 3681 2869 Hostias

2031 2935 2222 2980 tamen
2256 2923 2532 2991 integras,
2568 2916 2844 2987 Optimae,
2872 2916 2929 2967 et
2962 2911 3202 2965 decoras
3232 2905 3344 2960 diis
3377 2903 3503 2959 suis
3559 2918 3680 2955 ma-

2031 3020 2187 3069 ctare
2220 3012 2328 3066 hac
2360 2990 2717 3063 tenebantur
2774 3002 2920 3074 lege,
2972 3015 3149 3071 quam
3205 2996 3398 3049 Cicero
3438 2990 3679 3046 totidem

2032 3102 2192 3158 hisce
2223 3098 2426 3155 retulit
2454 3095 2648 3152 verbis
2683 3112 2694 3148 :
2732 3115 2759 3143 «
2786 3094 3026 3161 Quaque
3059 3086 3270 3157 cuique
3301 3083 3430 3137 divo
3462 3081 3681 3135 decorae

2033 3196 2328 3265 grataeque
2374 3187 2492 3242 sint
2539 3183 2766 3249 hostiae,
2818 3179 3158 3252 providente
3191 3196 3218 3223 ››
3249 3171 3453 3241 (Cicer.
3505 3168 3606 3223 lib.
3642 3184 3682 3221 ιι

271 3252 430 3313 am.”
462 3249 782 3350 eiar‘ibim
824 3244 1637 3350 arbo’.if.lacrym.as.(MM)!
1698 3244 1756 3298 id
1804 3247 1918 3343 ῥεῖ’
1953 3266 1995 3332 C
2033 3244 2312 3350 delegilb"
2365 3292 2492 3347 pag.
2555 3273 2679 3340 334,
2733 3244 2837 3325 lin:
2892 3268 3003 3335 46).
3063 3266 3153 3320 Eae
3192 3266 3410 3327 autem,
3470 3273 3683 3329 quem-

272 3356 456 3411 grana
486 3337 699 3404 thuris,
764 3354 877 3391 non
938 3335 1176 3407 quidem
1236 3334 1434 3403 sabaei,
1486 3333 1641 3404 quod
1702 3332 1923 3402 majore

273 3428 651 3497 vcndcbatur,
687 3426 787 3481 sed
822 3423 1060 3493 arabici,
1097 3424 1249 3494 quod
1287 3422 1467 3495 pretio
1517 3422 1822 3477 emebatur
1850 3419 1927 3474 vi-

276 3516 523 3573 lissimo.
560 3516 708 3582 Quin
743 3514 915 3569 etiam
950 3513 1107 3567 avari
1140 3512 1409 3567 homines
1442 3528 1556 3566 non
1618 3510 1789 3582 plura
1819 3510 1925 3564 hu-

269 3607 372 3678 jus
406 3605 618 3671 thuris,
669 3603 1104 3675 quantumlibet
1171 3601 1505 3657 communis
1562 3616 1765 3673 grana,
1824 3599 1925 3655 sed

276 3697 469 3752 tribus
492 3698 746 3763 tantum,
800 3697 863 3747 ut
895 3696 1065 3747 antea
1091 3692 1549 3747 observabamus
1581 3691 1764 3762 (supr.
1799 3706 1924 3761 cap.

276 3787 368 3859 24,
403 3790 510 3841 art.
542 3786 595 3853 3,
655 3789 712 3840 et
768 3785 1046 3839 Dissertat.
1112 3783 1170 3836 in
1230 3782 1500 3850 Lactant,
1535 3797 1660 3851 cap.
1694 3780 1780 3845 35,
1816 3784 1925 3835 art.

277 3875 358 3948 2),
383 3874 745 3947 apprehensa
766 3872 981 3944 digitis,
1016 3871 1231 3944 quibus
1249 3869 1609 3942 paucissima
1639 3885 1780 3924 sane
1802 3866 1929 3939 capi

284 3969 572 4036 poterant.

353 4049 501 4115 Quid
530 4064 664 4105 vero
693 4047 720 4101 ?
751 4050 956 4119 arguet
986 4046 1221 4118 aliquis,
1264 4064 1456 4102 nonne
1488 4044 1729 4118 plurimi
1759 4043 1931 4117 plena

283 4156 463 4195 manu
514 4141 667 4194 totos
718 4136 1107 4191 incendebant
1168 4135 1360 4191 thuris
1426 4136 1603 4192 etiam
1691 4132 1931 4206 pretiosi

283 4246 542 4295 acervos,
578 4226 1077 4300 quemadmodum
1108 4224 1378 4281 Tibullus
1423 4224 1515 4282 his
1549 4224 1815 4281 versibus
1845 4239 1934 4279 ce-

284 4319 430 4376 cinit
464 4337 476 4375 :

345 4425 548 4477 Natalis
573 4425 733 4482 Juno,
766 4426 978 4473 sanctos
1007 4436 1135 4486 cape
1166 4422 1338 4472 thuris
1384 4435 1620 4475 acervos.

413 4491 556 4548 Quos
583 4488 676 4538 tibi
702 4487 792 4537 dat
834 4490 1019 4536 tenera
1049 4488 1206 4536 docta
1231 4486 1411 4549 puella
1437 4499 1622 4535 manu.

809 4566 1019 4630 (Tibull.
1051 4567 1140 4617 lib.
1171 4580 1242 4628 IV,
1276 4567 1406 4631 eleg.
1437 4568 1507 4630 6.)

287 4680 495 4736 Nonne
527 4676 703 4734 etiam
736 4674 1019 4732 Martialis
1046 4675 1355 4733 cantabat:

352 4785 672 4849 Consumpsi
703 4783 971 4847 falsasque
990 4784 1192 4849 molas,
1216 4786 1280 4849 et
1307 4782 1727 4849 thuris‘acervos
1760 4794 1773 4849 ς

416 4846 707 4901 Decrevere
737 4846 940 4912 greges,
973 4847 1100 4897 dum
1138 4847 1279 4897 cadit
1307 4860 1445 4911 agna
1478 4846 1728 4909 frequens
1756 4846 1779 4892 ?

823 4927 1068 4983 (Martial.
1100 4929 1192 4978 lib.
1223 4942 1319 4990 vn,
1350 4930 1516 4992 epigr.
1548 4929 1646 4989 53.)

297 5040 408 5094 Sed
442 5038 562 5094 haec
588 5036 789 5110 procul
815 5037 1243 5109 dubiopoetice
1273 5035 1747 5111 exaggerationes
1768 5034 1937 5090 sunt:

298 5135 353 5184 et
385 5128 665 5184 Martialis
696 5127 775 5182 ibi
809 5126 1073 5197 loquitur
1100 5128 1169 5182 de
1200 5128 1564 5184 somniorum
1596 5127 1939 5197 interpreta-

297 5220 472 5275 tione.
510 5220 650 5284 Quis
680 5233 811 5272 vero
856 5216 1078 5271 nesciat
1129 5233 1249 5283 eos,
1279 5220 1381 5288 qui
1438 5219 1637 5273 futura
1684 5216 1853 5285 scire,
1886 5217 1943 5268 et

299 5310 553 5364 maxime
631 5304 830 5375 cupita
868 5302 1130 5360 obtinere
1184 5305 1403 5376 volunt,
1470 5306 1651 5361 nullis
1710 5319 1944 5377 parcere

298 5398 638 5470 sumptibus
672 5398 694 5450 Ρ
722 5394 923 5464 Neque
952 5393 1149 5449 minus
1184 5399 1407 5452 certum
1439 5402 1495 5453 et
1526 5395 1682 5452 solos
1712 5394 1942 5461 divites,

299 5488 529 5559 hosque
561 5483 951 5557 paucissimos
1010 5483 1123 5540 diis
1172 5485 1297 5541 suis
1356 5491 1457 5541 aut
1513 5485 1789 5559 plurima,
1847 5490 1946 5539 aut

301 5577 648 5650 pretiosiora
676 5574 851 5631 thura
879 5571 1224 5644 adolevisse,
1258 5577 1357 5631 sed
1382 5581 1508 5632 tum
1545 5575 1778 5647 quidem
1812 5589 1946 5628 cum

303 5666 501 5738 aliqua
523 5666 942 5739 premebantur
972 5665 1343 5735 necessitate,
1375 5671 1476 5722 aut
1508 5670 1573 5721 ut
1616 5664 1809 5721 inanis
1831 5661 1950 5735 glo-

303 5758 464 5815 riolae
494 5756 868 5816 rumusculos
890 5758 1555 5829 aucuparentur.Caeteri
1593 5761 1789 5815 autem
1822 5752 1948 5828 ple-

1964 4650 2015 4714 D

2037 3348 2355 3431 admodum
2413 3362 2741 3427 Vitruvius,
2772 3376 2805 3413 a
2854 3354 3146 3412 Macrobio
3204 3354 3443 3416 citatus,
3495 3348 3684 3410 docet,

2034 3458 2396 3514 vocabantur
2426 3451 2671 3516 eximite,
2713 3471 2738 3502 ι
2766 3446 2854 3503 vel
2885 3446 3025 3517 quia
3055 3442 3392 3498 eximuntur
3423 3454 3457 3492 a
3485 3451 3683 3508 grege,

2035 3547 2121 3603 vel
2153 3546 2304 3616 quod
2338 3542 2551 3598 eximia
2590 3537 2785 3611 specie
2839 3533 3009 3607 quasi
3068 3530 3374 3587 offerendas
3434 3524 3688 3581 numini-

2037 3638 2149 3693 bus
2171 3613 2476 3706 ieliguntur
2509 3654 2535 3681 »
2570 3628 2847 3702 (Macrob.
2878 3624 2980 3680 lib.
3014 3640 3077 3678 ιιι
3112 3619 3425 3687 Saturnal.,
3449 3632 3572 3687 cap.
3606 3613 3686 3685 5).

2039 3732 2223 3797 Atque
2271 3725 2425 3789 inde,
2472 3724 2619 3776 teste
2682 3716 2885 3781 Plinio,
2929 3730 3056 3769 mos
3098 3714 3219 3767 erat
3276 3707 3501 3763 hostias
3551 3720 3690 3776 pro-

2037 3792 2215 3873 bandi
2244 3831 2310 3870 ac
2342 3809 2645 3884 seligendi.
2691 3804 2957 3863 Meminit
3014 3807 3211 3858 autem
3270 3798 3450 3869 hujus
3508 3792 3691 3850 moris

2036 3905 2320 3978 Virgilius
2350 3901 2451 3958 illo
2480 3913 2680 3956 versu:

2392 4020 2625 4069 Mactant
2652 4014 2812 4064 lectas
2843 4010 2908 4060 de
2938 4021 3084 4058 more
3114 4004 3379 4055 bidentes.

2754 4091 2955 4155 (Virgil.
2992 4089 3083 4137 lib.
3116 4100 3166 4134 v1
3187 4081 3396 4133 Encid.
3417 4093 3471 4129 v.
3499 4081 3598 4135 5‘1.)

2039 4212 2183 4267 Nam
2211 4207 2383 4265 sicuti
2419 4205 2563 4262 scite
2593 4202 2673 4257 ibi
2706 4201 2949 4255 annotat
2978 4191 3251 4250 Servius:
3291 4210 3318 4239 «
3350 4186 3529 4243 Moris
3584 4182 3698 4239 fuit

2042 4304 2107 4355 ut
2164 4298 2233 4353 ad
2286 4292 2571 4352 sacriﬁcia
2637 4288 2993 4359 eligerentur
3049 4296 3207 4347 oves,
3278 4276 3494 4350 quibus
3544 4271 3697 4328 nihil

2043 4389 2291 4451 deesset,
2326 4388 2390 4438 ut
2438 4382 2498 4435 in
2532 4383 2773 4447 sexto,»
2827 4372 3090 4444 ejusdem
3144 4365 3427 4423 nimirum
3485 4365 3695 4434 poetae,

2050 4496 2077 4525 ς(
2105 4475 2276 4542 libro,
2311 4470 2410 4527 ubi
2435 4483 2672 4524 rursum
2695 4462 2908 4520 cecinit
2938 4476 2954 4516 :

2138 4592 2292 4639 Nunc
2320 4600 2481 4650 grege
2514 4584 2583 4650 de
2609 4580 3043 4650 intacto_septem
3082 4574 3316 4650 mactaqe
3344 4568 3603 4650 jpvencos

2138 4633 2472 4709 Ῐέιῗῶἆιίῗέιῖἱῗξ
2492 4646 2713 4698 totidem
2742 4633 2913 4692 lectas'
2931 4640 2995 4688 de
3028 4649 3177 4685 more
3207 4633 3469 4683 bidentes.
3501 4645 3528 4677 υ

2541 4728 2704 4785 Idem,
2739 4724 2829 4773 lib.
2860 4736 2929 4781 γι,
2960 4734 3011 4768 v.
3043 4717 3123 4777 38,
3155 4720 3208 4765 et
3229 4714 3406 4777 seqq.)

2047 4856 2120 4908 At
2153 4850 2303 4907 sicut
2328 4844 2610 4919 Virgilius
2645 4842 2857 4899 eadem‘
2910 4834 3142 4908 repetit,
3200 4832 3281 4887 ita
3342 4826 3578 4885 Servius
3638 4826 3698 4881 in

2047 4941 2154 4997 hos
2174 4955 2379 4995 versus
2401 4937 2593 4991 denuo
2653 4932 2774 4986 haec
2830 4928 3096 4983 observat
3127 4939 3141 4978 :
3176 4943 3204 4971 ‹‹
3230 4925 3308 4974 De
3338 4933 3501 4973 more
3546 4914 3700 4970 anti-

2050 5048 2185 5103 quo,
2220 5044 2395 5100 quem
2427 5020 2818 5099 prastermisit,
2853 5016 3022 5091 quasi
3052 5012 3327 5070 omnibus
3358 5011 3588 5074 notum,
3638 5004 3697 5057 id

2050 5125 2159 5188 est,
2183 5137 2287 5175 nec
2307 5118 2565 5173 habeant
2594 5111 2841 5169 caudam
2873 5107 3220 5167 aculeatam,
3264 5115 3369 5154 nec
3429 5095 3692 5166 linguam

2052 5213 2275 5279 ﬁssam,
2310 5224 2415 5265 nec
2446 5221 2646 5264 aurem
2677 5203 2905 5275 nigram
2942 5214 2955 5253 :
2985 5213 3087 5271 per
3144 5190 3299 5265 quod
3344 5189 3511 5243 docet
3540 5182 3699 5239 aliud

2052 5304 2359 5367 intactum,
2394 5298 2553 5355 aliud
2584 5296 2820 5351 lectum.
2848 5313 2876 5340 »

2125 5391 2351 5447 Ethnici
2411 5404 2543 5459 ergo
2596 5387 2800 5441 contra
2852 5381 3047 5434 datam
3096 5375 3306 5444 legem,
3364 5383 3431 5421 ac
3478 5378 3702 5459 morem

2054 5489 2377 5553 receptum,
2411 5477 2669 5550 pessima
2700 5485 2944 5543 quasque
3000 5462 3335 5528 otTerebant,
3379 5459 3436 5511 ct
3464 5452 3702 5524 sangui-

2054 5591 2201 5640 nem,
2234 5573 2318 5627 uti
2343 5570 2566 5625 dictum
2598 5569 2708 5634 est,
2742 5560 2957 5633 reprobi
2984 5558 3152 5626 bovis,
3205 5552 3314 5608 hoc
3374 5552 3482 5619 est,
3522 5542 3701 5599 veteri

2057 5679 2259 5721 eorum
2290 5662 2415 5733 lege
2448 5633 2722 5727 moreque
2773 5648 3065 5723 reprobati
3124 5661 3188 5701 ac
3234 5638 3450 5712 rejecti.
3511 5633 3705 5705 Siqui

2056 5768 2191 5810 vero
2221 5724 2535 5822 aliquando
2567 5724 2840 5817 optimas,
2899 5742 3072 5811 prout
3119 5735 3358 5807 jussum
3392 5732 3536 5796 erat,
3594 5724 3704 5780 ho-
