4162 6374
511 396 665 455 1243

1025 395 1544 460 TERTULLIANI
1588 398 1911 460 OPERUM
1959 399 2152 459 PARS
2196 397 2246 458 l.
2280 429 2356 440 —
2396 396 2666 460 SERIES
2710 397 2758 474 l,
2808 399 3374 463 APOLOGETICA.

3761 399 3921 456 1244

511 529 652 581 stias
685 543 881 581 revera
911 526 1239 597 seligerent,
1272 545 1388 583 non
1443 545 1541 584 eas
1586 529 1838 600 profecto
1892 531 2148 601 integras
2178 531 2232 596 Α
2262 529 2446 599 Hujus
2477 533 2671 584 autem
2705 531 2885 586 moris
2915 535 2972 585 et
3001 529 3259 586 instituti
3301 529 3491 585 varias
3550 529 3922 584 Plutarchus

511 616 844 670 etintactas
895 617 1247 686 praebebant,
1309 619 1408 672 sed
1460 618 1690 688 aliquas
1751 619 2032 674 duntaxat
2088 622 2146 674 et

510 706 734 774 pejores
765 722 963 759 earum
999 712 1210 776 partes,
1246 707 1329 760 uti
1387 709 1651 776 capitula,
1714 708 1794 761 ait
1835 707 2146 763 Tertullia-

510 810 642 859 nus,
677 793 796 848 sive
827 793 1036 864 capita.
1071 796 1300 849 Etenim
1351 796 1474 866 ipse
1503 795 1617 850 alio
1662 796 1720 850 in
1781 795 1927 851 libro
1988 805 2148 852 vocat

508 883 942 938 chamazleontis
1000 883 1323 954 capitulum
1378 888 1566 939 statim
1595 903 1628 940 a
1658 885 1813 940 dorso
1841 902 1860 947 ;
1890 903 2022 941 nam
2053 886 2145 942 dc-

507 971 619 1039 ﬁcit
647 975 834 1026 servis:
863 973 1234 1042 (Tertullian.
1274 972 1373 1028 lib.
1407 974 1472 1028 de
1502 973 1679 1044 ραιι.,
1727 991 1852 1046 cap.
1886 976 1961 1046 3),
2021 992 2146 1046 quas

509 1060 642 1114 colli
671 1078 806 1132 pars
836 1068 926 1116 est
956 1063 1258 1133 posterior.
1312 1062 1642 1133 Capitulum
1698 1062 1894 1134 itaque
1943 1063 2023 1117 ibi
2073 1066 2146 1120 ab

505 1149 604 1204 illo
640 1167 741 1220 pro
775 1155 892 1204 toto
925 1149 1360 1206 chamaeleontis
1416 1152 1603 1222 capite
1635 1151 1910 1206 sumitur.
1945 1152 2146 1207 Serva-

508 1241 584 1292 tis
639 1238 817 1309 igitur
855 1240 1194 1294 melioribus
1251 1240 1575 1294 hostiarum
1635 1241 1920 1311 partibus,
1974 1246 2150 1312 caput

505 1327 913 1392 immolabant,
973 1333 1029 1382 et
1085 1330 1342 1398 ungulas,
1401 1345 1465 1384 ac
1546 1331 1863 1400 plumarum
1946 1331 2147 1399 (Idem,

507 1417 805 1486 Apologet.,
845 1433 971 1487 cap.
1007 1419 1114 1484 14),
1148 1423 1213 1472 ut
1261 1418 1400 1473 alibi
1463 1419 1562 1488 ait,
1617 1424 1971 1490 :etarumque
2002 1435 2150 1491 prm-

503 1503 663 1560 vulsa
694 1504 818 1574 (lib.
851 1522 868 1560 ι
899 1506 973 1560 ad
996 1507 1238 1573 Nattam,
1266 1523 1398 1578 cap.
1436 1509 1543 1576 10),
1606 1510 1810 1565 1142
1843 1514 2016 1580 atque
2037 1508 2152 1563 alia

505 1593 704 1660 etiam,
741 1611 868 1665 qua:
901 1594 1120 1650 domini
1179 1600 1236 1650 et
1281 1597 1734 1666 patresl'amilias
1794 1597 1973 1652 servis
2004 1598 2149 1667 suis,

505 1682 624 1737 imo
657 1683 900 1738 canibus
927 1683 1396 1739 destinavissent.
1430 1687 1496 1738 At
1525 1685 1573 1740 si
1620 1686 1752 1757 quis
1813 1687 1887 1740 ibi
1928 1687 2146 1757 aliquid

508 1770 926 1827 aTertulliano
972 1765 1346 1845 ὑπερϐολικῶς
1393 1774 1614 1828 dictum
1678 1775 1972 1830 evidenter
2014 1793 2151 1846 pro-

507 1860 747 1927 baverit,
810 1859 943 1915 huic
993 1877 1110 1915 non
1165 1861 1416 1916 multum
1475 1862 1912 1918 reluctabimur.
1968 1864 2144 1918 Nemo
2178 1893 2224 1958 B

508 1952 708 2003 tamen
738 1965 950 2019 negare
973 1955 1163 2021 potest
1189 1956 1340 2004 recte
1381 1950 1545 2005 illum
1579 1952 1825 2006 ethnicis
1859 1952 1996 2007 vitio
2015 1969 2144 2008 ver-

505 2036 648 2090 tisse
681 2042 966 2092 mactatas
997 2038 1111 2093 diis
1138 2039 1454 2094 deteriores
1511 2039 1799 2108 victimas,
1862 2047 2030 2110 atque
2074 2042 2144 2096 de

507 2123 739 2196 opimis,
775 2130 947 2196 atque
978 2127 1223 2198 integris
1281 2129 1436 2198 quod
1495 2128 1705 2184 melius
1752 2134 1894 2199 erat,
1951 2131 2144 2185 detra-

507 2218 688 2282 ctum,
721 2231 978 2285 suosque
1009 2221 1300 2271 servatum
1331 2217 1389 2272 in
1415 2233 1578 2274 usus.

575 2302 770 2373 Neque
818 2303 910 2358 hic
967 2305 1128 2360 stetit
1183 2322 1354 2360 avara
1425 2306 1792 2361 ethnicorum
1849 2306 2142 2379 impietas.

505 2388 769 2444 Debitam
801 2389 1088 2461 siquidem
1114 2390 1344 2446 Herculi
1376 2393 1660 2449 decimam
1691 2394 1977 2449 bonorum
2010 2411 2144 2450 suo-

505 2495 635 2532 rum
669 2483 894 2548 partom
927 2479 1272 2535 defraudare
1306 2497 1420 2536 non
1468 2482 1833 2538 verebantur.
1867 2483 2145 2548 Quocirca

507 2567 905 2622 Tertullianus
935 2584 1034 2624 eos
1090 2568 1459 2639 adloquendo
1491 2569 1582 2625 his
1627 2572 1816 2626 verbis
1848 2573 2088 2644 corripit
2121 2590 2134 2628 :

505 2677 532 2705 «
560 2655 638 2710 De
669 2656 896 2711 decima
929 2656 1188 2711 Herculis
1230 2675 1334 2712 nec
1363 2659 1596 2713 tertiam
1630 2665 1852 2730 partem
1889 2661 1944 2716 in
1978 2679 2138 2717 aram

504 2744 634 2814 ejus
667 2744 967 2816 imponitis
1001 2768 1028 2793 »
1060 2746 1322 2816 (Tertull.
1382 2749 1680 2820 Apologet.,
1726 2767 1850 2820 cap.
1905 2752 2011 2821 14).
2070 2754 2144 2806 At

501 2833 698 2888 Cicero
723 2833 911 2904 palam
947 2836 1295 2890 testificatur
1339 2841 1516 2891 totam
1548 2838 1695 2893 hanc
1729 2839 2012 2894 decimam
2046 2841 2142 2896 de-

502 2921 700 2975 buisse
730 2921 939 2976 abillis
967 2924 1213 2993 persolvi
1270 2926 1474 2992 (Cicer.
1535 2925 1638 2981 lib.
1693 2945 1751 2980 Ill
1815 2927 1882 2981 de
1941 2930 2134 2984 Natur.

497 3012 648 3065 deor.
687 3028 811 3080 pag.
845 3013 971 3076 253,
1022 3011 1124 3066 lin.
1167 3014 1279 3082 22).
1340 3017 1523 3079 Quam
1585 3032 1724 3071 sane
1780 3018 1851 3071 ob
1901 3033 2138 3073 causam

499 3096 739 3154 Plautus
798 3099 1138 3156 Gelusinum
1164 3104 1474 3173 quemdam
1505 3103 1841 3175 loquentem
1865 3107 1947 3161 sic
1969 3107 2139 3162 indu-

500 3187 614 3242 cit:

587 3339 937 3407 flucjenisse
967 3355 1102 3404 opus
1133 3347 1228 3400 est,
1260 3347 1516 3405 quantum
1556 3348 1752 3407 potest.

591 3401 655 3450 Ut
683 3399 938 3451 decimam
971 3399 1175 3467 partem
1210 3399 1418 3454 Herculi
1453 3399 1762 3468 polluceam.

1056 3483 1230 3534 Plaut.
1264 3485 1486 3545 Trucul.,
1518 3491 1618 3536 act.
1651 3489 1713 3547 ll,
1737 3501 1879 3539 scen.
1906 3492 1980 3548 ιι.)

500 3629 635 3696 Nec,
669 3648 886 3704 quaeso,
921 3635 1152 3690 dubites
1183 3639 1364 3691 totam
1401 3639 1686 3693 bonorum
1747 3640 2032 3695 decimam
2065 3641 2135 3696 ab

499 3719 608 3774 hoc
641 3725 807 3790 poeta
833 3723 1148 3792 designari.
1208 3725 1352 3780 Nam
1385 3726 1524 3781 alibi
1555 3727 1698 3780 dixit
1737 3727 1872 3782 inde
1911 3745 1943 3783 a
1973 3745 2136 3784 servo

497 3807 662 3863 facile
693 3813 963 3881 cognosci
997 3829 1165 3881 posse
1197 3820 1481 3883 quantum
1516 3815 1673 3869 illius
1708 3815 1979 3871 dominus
2011 3817 2136 3871 auri

498 3896 768 3954 habebat.
804 3901 944 3955 Ecce
974 3899 1226 3972 ipsemet
1256 3903 1383 3970 ejus
1415 3903 1676 3958 carmina
1709 3921 1720 3960 :

559 4048 660 4098 Sed
691 4049 836 4101 lubet
864 4053 998 4102 scire
1029 4057 1289 4120 quantum
1312 4054 1813 4120 aurum‘berussibi
1836 4055 2140 4120 dempsit,et

1027 4116 1284 4180 quidsuo
1314 4117 1546 4166 reddidit
1579 4119 1735 4180 patri.

499 4173 553 4223 Si
582 4173 1137 4244 frugiqestzllercul'em
1160 4177 1356 4244 fecitex
1368 4185 1518 4242 parte
1553 4173 1844 4240 {decimam
1867 4186 2068 4244 partem
2091 4183 2138 4234 ei

593 4236 767 4298 Dedit,
793 4238 892 4288 sibi
924 4254 1114 4289 novem
1139 4236 1376 4292 abstulit.

1055 4319 1232 4384 (Idem
1265 4321 1524 4385 Bacchid.,
1553 4325 1652 4372 act.
1686 4324 1771 4384 IV,
1805 4337 1951 4375 scen.
1981 4326 2078 4389 iv.)

2256 617 2512 672 reddidit
2542 619 2818 689 rationes,
2841 636 2987 690 quas
3020 621 3431 690 unusquisque
3462 619 3524 673 in
3575 619 3711 689 ejus
3746 617 3922 672 libris

2255 705 2443 777 legere
2499 706 2667 762 facile
2727 713 2920 780 potest
2964 708 3284 780 (Plutarch.
3360 709 3569 776 Quaest.
3653 709 3922 776 Romam,

2255 801 2458 865 quaest.
2496 796 2580 863 13,
2615 813 2746 868 pag.
2779 798 2907 864 267,
2943 802 3084 852 tom.
3133 797 3225 867 ll).
3267 802 3483 852 Verum
3541 795 3803 867 gentiles
3853 798 3925 850 de

2257 882 2362 936 hoc
2384 883 2683 954 religionis
2712 902 2830 940 sua:
2861 886 3051 941 ofﬁcio
3085 901 3293 957 parum
3326 884 3588 951 solliciti,
3615 884 3922 956 quidquid

2254 969 2495 1042 impune
2529 977 2817 1044 poterant,
2845 991 2914 1030 ex
2951 973 3060 1029 hac
3092 973 3317 1029 decima
3348 972 3920 1042 subtrahentes,nec

2255 1059 2487 1114 tertiam
2537 1062 2774 1132 quidem
2841 1062 3147 1118 solvebant
3198 1061 3356 1117 illius
3418 1065 3668 1133 partem.
3724 1063 3920 1126 Quam

2257 1147 2535 1203 autemid
2595 1166 2796 1206 verum
2854 1151 2951 1217 sit,
3003 1150 3193 1207 disces
3245 1150 3339 1207 his
3389 1150 3582 1206 adhuc
3633 1151 3917 1222 ejusdem

2257 1235 2446 1291 Plauti
2482 1239 2746 1294 versibus
2770 1254 2782 1292 :

2319 1351 2433 1414 Non
2461 1353 2570 1414 jam
2602 1353 2666 1402 de
2698 1354 2800 1403 hoc
2835 1355 3076 1413 obsonio,
3110 1355 3174 1404 de
3205 1355 3352 1404 mina
3383 1368 3490 1404 una
3521 1354 3758 1404 diminui

2320 1411 2476 1464 Modo
2487 1417 2724 1480 quinque
2746 1431 3012 1476 nummos,
3029 1411 3157 1467 mihi
3180 1419 3400 1480 detraxi,
3438 1423 3643 1480 partem
3659 1417 3924 1466 Hercula-

2324 1488 2466 1529 ΜΝ
2776 1541 2966 1604 (Plaut.
3002 1541 3202 1590 Trucul.
3240 1545 3340 1590 act.
3370 1542 3429 1599 ll,
3457 1554 3605 1591 scen.
3638 1543 3763 1602 vn.)

2260 1660 2402 1714 Tam
2437 1657 2626 1730 lepide
2657 1658 2834 1728 igitur
2863 1673 3040 1729 quam
3075 1659 3210 1730 jure
3250 1658 3461 1713 merito
3507 1657 3930 1714 Tertullianus

2261 1747 2524 1802 ethnicos
2557 1747 2640 1802 sic
2677 1746 2882 1802 irridet
2914 1764 2926 1801 :
2963 1769 2990 1796 ‹‹
3026 1747 3221 1802 Laudo
3281 1745 3470 1817 magis
3527 1747 3929 1818 sapientiam,

2261 1836 2412 1906 quod
2445 1835 2515 1889 de
2547 1835 2769 1906 perdito
2799 1834 3019 1905 aliquid
3058 1833 3283 1906 eripitis
3309 1857 3336 1883 »
3387 1833 3652 1904 (Tertull.
3707 1836 3922 1907 Apolo-

2251 1927 2383 1995 θείη
2415 1941 2541 1995 cap.
2577 1923 2689 1994 14).
2739 1923 3036 1978 Perditum
3097 1927 3292 1980 autem
3353 1924 3460 1979 rite
3509 1923 3678 1990 dixit,
3755 1927 3922 1996 quod

2255 2012 2418 2069 falsis
2448 2013 2561 2068 diis
2594 2028 2660 2068 ac
2691 2013 3035 2068 numinibus
3059 2013 3330 2069 dabatur.

2326 2103 2448 2166 Qua
2479 2102 2661 2175 igitur
2691 2102 2938 2169 ratione,
2971 2119 3086 2174 qua
3132 2103 3320 2158 fronte
3375 2101 3590 2158 ethnici
3633 2101 3927 2159 Christia-

2255 2207 2359 2247 nos
2392 2193 2461 2246 ad
2513 2192 2756 2246 deorum
2808 2207 3050 2246 suorum
3103 2192 3352 2260 cultum,
3417 2190 3621 2263 eisque
3679 2193 3923 2248 sacriﬁ-

2253 2280 2503 2336 candum
2535 2279 2743 2350 majori
2776 2279 3052 2351 profecto,
3085 2296 3264 2351 quam
3324 2279 3508 2334 ferina
3554 2280 3924 2337 crudelitate

2253 2368 2599 2438 compellere
2630 2368 3016 2424 nitebantur?
3054 2368 3331 2434 Quamvis
3378 2369 3678 2426 enimvero
3716 2371 3925 2426 credi-

2253 2457 2476 2513 dissent
2506 2457 2640 2514 illos
2699 2474 2860 2514 veros
2904 2475 3032 2514 esse
3076 2459 3235 2525 deos,
3299 2459 3568 2530 quamvis
3629 2475 3734 2515 eos
3792 2465 3926 2515 tam

2253 2545 2500 2616 sincero,
2532 2562 2709 2617 quam
2767 2545 2911 2602 falso
2942 2547 3102 2601 cultu
3160 2546 3571 2612 honorassent,
3632 2548 3924 2619 quamvis

2252 2633 2369 2689 illis
2392 2635 2614 2689 hostias
2647 2635 2925 2707 integras,
2958 2634 3202 2690 selectae
3240 2640 3298 2690 et
3345 2635 3611 2691 omnium
3645 2637 3921 2706 optimas

2252 2722 2696 2790 immolassent;
2731 2724 2875 2778 nihil
2907 2729 3102 2780 tamen
3144 2723 3401 2795 iniquius
3447 2741 3513 2780 ac
3545 2727 3922 2797 perversius,

2252 2811 2396 2866 nihil
2432 2811 2730 2883 humanis,
2765 2813 2978 2869 divinis
3027 2818 3364 2884 naturaeque
3421 2811 3610 2885 ipsius
3671 2815 3923 2887 legibus

2251 2900 2437 2964 magis
2469 2901 2777 2956 adversum
2809 2906 2952 2968 erat,
3005 2917 3181 2972 quam
3233 2901 3597 2958 Christianos
3657 2919 3771 2958 nec
3818 2906 3924 2959 de-

2249 2989 2469 3053 fensos,
2494 3005 2596 3044 nec
2627 2989 2882 3056 auditos,
2908 2990 3008 3045 sed
3031 3007 3207 3044 suum
3265 2991 3551 3046 duntaxat
3580 2992 3654 3046 ob
3689 3009 3923 3049 nomen

2256 3077 2666 3144 condemnare,
2728 3083 2785 3132 et
2866 3078 3367 3149 exquisitissimis,
3454 3095 3584 3150 quae
3642 3079 3922 3138 hominis

2251 3167 2456 3220 1143
2489 3175 2586 3221 aut
2619 3167 2809 3237 potius
2842 3167 3124 3222 daamonis
3150 3167 3383 3239 ingenio
3434 3168 3761 3241 excogitari
3813 3188 3920 3242 po-

2167 3244 2210 3311 C
2247 3257 2459 3319 terant,
2493 3253 2753 3310 occidere
2809 3255 3184 3311 cruciatibus.
3219 3256 3330 3311 Sed
3389 3255 3452 3311 bi
3499 3257 3918 3314 crudelissimi

2247 3348 2304 3398 et
2362 3343 2725 3413 iniquissimi
2784 3343 3053 3399 homines
3106 3346 3476 3412 verebantur,
3567 3363 3639 3400 ne
3717 3349 3914 3403 auditi

2245 3430 2560 3486 Christiani
2593 3437 2709 3486 tam
2743 3431 3040 3487 evidenter
3063 3434 3364 3488 veritatem
3421 3450 3539 3488 sum
3599 3433 3916 3506 religionis

2245 3527 2298 3573 et
2330 3519 2576 3574 aliarum
2611 3519 2922 3576 falsitatem
2956 3522 3450 3588 demonstrarent,
3476 3528 3540 3576 ut
3572 3539 3748 3578 nemo
3775 3542 3916 3596 pos-

2245 3613 2336 3662 set
2365 3607 2438 3662 iis
2464 3623 2722 3679 unquam
2756 3610 3053 3682 refragari.
3086 3611 3272 3674 Quam
3318 3610 3485 3665 facile
3517 3610 3676 3667 enim
3715 3630 3915 3684 prom-

2246 3697 2606 3767 ptumqueid
2645 3697 2760 3752 illis
2793 3699 3066 3754 omnibus
3097 3706 3242 3769 erat,
3274 3699 3762 3758 manifestissime
3785 3709 3912 3760 tota

2247 3785 2354 3840 hac
2376 3785 2433 3839 in
2469 3785 2878 3843 dissertatione
2901 3788 3209 3859 probatum
3241 3796 3353 3844 est.

2319 3876 2526 3929 1144
2585 3876 2646 3929 ln
2705 3892 2772 3930 ea
2829 3892 2998 3948 porro
3057 3893 3444 3948 quaecumque
3502 3877 3560 3932 in
3603 3877 3722 3949 his,
3756 3896 3910 3951 quos

2246 3963 2551 4018 enucleare
2609 3968 2665 4017 et
2711 3963 3005 4020 illustrare
3060 3966 3498 4035 contendimus,
3554 3967 3912 4026 Tertulliani

2245 4050 2413 4107 libris
2445 4051 2728 4122 difﬁcilia,
2758 4053 3021 4109 obsoleta
3067 4060 3124 4108 et
3169 4055 3421 4110 barbara
3467 4057 3647 4112 verba
3697 4074 3913 4114 occur—

2246 4144 2404 4209 runt,
2437 4140 2562 4195 suis
2596 4141 2930 4213 quibusque
2959 4140 3103 4197 locis
3133 4141 3422 4213 explicare
3452 4145 3646 4199 conati
3671 4163 3911 4203 sumus.

2248 4229 2472 4284 Novum
2507 4228 2705 4300 itaque
2737 4230 2972 4286 illorum
3002 4230 3256 4286 indicem
3289 4230 3384 4287 hic
3443 4249 3561 4288 non
3621 4235 3910 4292 duximus

2249 4335 2377 4374 esse
2409 4319 2680 4374 retexend
2691 4334 2809 4375 um.
