4162 6358
240 407 396 467 1215
1545 410 1779 471 LIBER
1823 413 1883 471 DZ

2024 413 2394 474 RATIONE.
3504 412 3660 472 1246

2912 574 3105 580 ω
3118 574 3571 583 Ηᾙνηττῄν-..
3584 576 3613 580 _.
3626 576 3657 581 κ.

423 758 609 959 Q.
746 760 1301 926 SEPT.
1430 761 2011 929 FLOR.
2140 763 3490 930 TERTULLIANI

1612 1046 2289 1182 OPEBUM

900 1284 1297 1372 PAli'l‘lS
1353 1286 1823 1373 PRIOliIS
1885 1288 2256 1378 SEIlIES
2316 1290 2987 1379 POSTERIOR

1183 1639 1659 1742 LIBRI
1761 1638 2711 1743 DOGMATIGI

759 1837 968 1897 ANTE
1033 1837 1503 1900 SUSCEPTUM
1566 1841 1667 1899 AB
1734 1842 2100 1902 AUCTORE
2168 1840 2757 1904 MONTANISMUM
2823 1840 3125 1901 SCRIPTI

1061 2166 1534 2293 LIBER
1627 2169 1835 2294 DE
1932 2165 2815 2299 ORATIONE.

1444 2580 2305 2672 PROLEGOMENA
2344 2573 2443 2667 (ί).

305 2788 589 2845 Plurimos
644 2785 979 2843 Tertulliani
1030 2785 1208 2841 editos
1264 2783 1459 2855 libros,
1517 2802 1724 2857 paucos
1800 2803 1930 2844 vero
2014 2788 2430 2858 manuscriptos
2500 2790 2559 2844 in
2626 2787 2982 2845 bibliothecis
3045 2801 3432 2843 numeramus.
3489 2786 3637 2840 Hinc

234 2878 447 2933 factum
507 2885 564 2931 ut
622 2892 695 2932 ne
750 2874 937 2930 adhuc
994 2875 1220 2944 quidem
1260 2875 1687 2930 accuratissime
1746 2877 1892 2947 typis
1939 2877 2220 2946 descripta
2269 2876 2423 2933 illius
2477 2895 2646 2948 opera
2709 2878 3353 2946 habeamus:quaedam
3418 2873 3638 2940 mutila,

236 2968 512 3037 fcedisque
563 2965 891 3021 vulneribus
950 2964 1242 3019 horrentia
1284 2963 1343 3018 in
1408 2963 1700 3035 publicum
1760 2965 2090 3035 prodierunt
2141 2984 2153 3021 :
2217 2966 2498 3022 nonnulla
2562 2969 2729 3023 etiam
2787 2969 3184 3023 desiderantur
3240 2982 3366 3035 quas
3423 2982 3455 3019 a
3504 2965 3639 3020 Ter-

237 3055 474 3111 tulliano
561 3053 815 3123 evulgata
872 3053 1103 3122 scimus,
1162 3059 1218 3107 at
1275 3051 1440 3107 nobis
1496 3050 1566 3107 ab
1615 3054 1889 3109 edacitate
1966 3062 2285 3125 temporum
2356 3056 2593 3111 omnino
2672 3064 2863 3125 erepta
2927 3071 3085 3125 mque
3150 3053 3525 3122 suspicamur,
3595 3059 3649 3107 et

236 3145 514 3200 dolemus.
551 3142 880 3199 Melioribus
937 3141 1066 3196 fatis
1108 3140 1397 3210 hucusque
1452 3141 1675 3211 gavisus
1732 3158 1846 3196 non
1904 3152 1985 3198 est
2043 3143 2189 3199 liber
2241 3144 2306 3199 de
2366 3145 2642 3214 Oratione,
2677 3161 2843 3215 quem
2905 3145 3120 3214 primus
3164 3144 3420 3198 omnium
3479 3141 3636 3195 Pari-

237 3234 336 3288 siis
395 3249 425 3288 e
482 3232 863 3288 vetustissimo
921 3232 1117 3287 codice
1169 3229 1446 3300 evolgavit
1501 3234 1754 3286 Joannes
1812 3233 2093 3302 Gagneius
2155 3234 2487 3289 Parisiensis
2544 3233 2838 3304 theOIOgus
2892 3250 3044 3289 anno
3100 3233 3308 3287 Christi
3370 3230 3527 3299 1545,
3589 3236 3647 3283 at

235 3323 476 3379 minime
531 3324 834 3392 integrum,
865 3327 919 3375 at
976 3319 1183 3375 illustri
1242 3320 1509 3375 coronide
1562 3321 1911 3376 destitutum.
1945 3322 2136 3391 Neque
2191 3323 2322 3378 huic
2378 3324 2613 3379 editioni
2667 3323 2897 3393 reliquae
2955 3323 3271 3378 subsecutae
3330 3336 3495 3391 opem
3558 3328 3646 3373 tu-

236 3412 351 3468 lere
403 3429 517 3483 prae
575 3412 835 3468 codicum
899 3409 1110 3479 inopia.
1148 3410 1308 3465 Unus
1360 3416 1575 3464 tantum
1637 3409 1915 3479 Rigaltius
1974 3420 2255 3467 vetustum
2304 3414 2558 3469 codicem
2612 3413 2875 3468 mutilum
2934 3428 3055 3467 esse
3113 3411 3321 3466 librum
3378 3408 3648 3463 animad-

236 3502 415 3567 vertit,
452 3507 504 3556 et
562 3499 771 3570 aliquot
827 3500 1098 3554 duntaxat
1157 3498 1323 3553 lineis
1376 3498 1434 3552 in
1492 3497 1647 3553 calce
1708 3498 1935 3567 additis,
1970 3501 2320 3556 medicinam
2374 3503 2504 3557 aliis
2537 3503 2949 3572 propinandam
2980 3501 3229 3570 reliquit.
3263 3499 3402 3554 Cum
3457 3500 3649 3567 itaque

235 3606 338 3661 ego
396 3590 697 3646 inciderim
750 3589 809 3643 in
867 3588 1070 3643 1145
1131 3591 1415 3642 vetustum
1474 3587 1863 3643 Ambrosianae
1921 3588 2282 3647 bibliothecae
2340 3592 2614 3660 codicem,
2650 3591 2744 3647 ubi
2802 3590 3134 3661 legebantur
3192 3605 3316 3659 quae
3367 3589 3424 3642 in
3482 3594 3646 3642 cate-

238 3681 313 3736 ris
370 3680 594 3750 desunt,
654 3677 929 3735 continuo
987 3677 1282 3733 anecdotis
1340 3676 1483 3732 meis
1538 3678 1729 3733 addidi
1783 3679 1960 3733 veluti
2019 3694 2273 3751 gemmas
2332 3679 2616 3736 litterariae
2673 3680 2998 3750 reipublicae
3055 3680 3115 3734 in
3184 3677 3380 3748 primis
3436 3684 3646 3746 gratas.

239 3773 623 3840 Quaecumque
679 3768 833 3824 enim
891 3783 920 3821 e
961 3766 1333 3830 Tertulliano,
1363 3765 1624 3821 omnium
1681 3774 1833 3822 certe
1890 3768 1975 3822 sui
2045 3770 2311 3839 temporis
2368 3771 2772 3835 eruditissimo,
2835 3771 3038 3824 litteris
3095 3770 3432 3833 consignata
3490 3781 3645 3831 sum,

238 3876 414 3931 eaque
463 3858 802 3929 praesertim,
856 3871 980 3926 quae
1043 3856 1100 3909 in
1154 3854 1352 3910 castris
1435 3855 1843 3910 catholicorum
1906 3858 2152 3927 scripsit,
2204 3860 2404 3928 quanti
2461 3860 2576 3914 sint
2635 3861 2782 3930 apud
2853 3875 3051 3914 omnes
3108 3857 3507 3913 ecclesiasticae
3568 3853 3649 3909 rei

239 3950 508 4016 cultores,
552 3945 638 4001 vel
714 3946 851 4015 ipsis
910 3943 1207 4013 tyronibus
1262 3949 1431 4013 patet.
1497 3943 1911 4000 Ambrosianus
1967 3954 2154 4002 autem
2213 3950 2389 4004 codex
2448 3966 2563 4004 non
2619 3949 2689 4004 ab
2747 3949 3019 4004 orationis
3067 3946 3376 4003 Dominicas
3424 3942 3647 4012 exposi-

236 4038 410 4103 tione,
464 4041 523 4090 ut
577 4034 637 4089 in
696 4033 862 4087 editis
949 4030 1243 4097 habemus,
1305 4031 1401 4085 sed
1484 4031 1554 4086 ab
1650 4032 1737 4097 iis,
1795 4048 1916 4102 quae
2003 4034 2328 4105 hujusmodi
2414 4037 2823 4108 expositionem
2905 4037 3345 4106 subsequuntur,
3401 4047 3644 4102 epuscu-

234 4127 352 4181 lum
413 4121 806 4181 exordiebatur
861 4136 989 4176 cum
1048 4119 1225 4175 hocce
1282 4120 1496 4174 titulo:
1532 4121 1731 4191 Incipit
1791 4123 2122 4178 Tertulliani
2176 4124 2521 4181 diversarum
2575 4143 2761 4182 rerum
2834 4128 3294 4182 necessariarum.
3349 4122 3494 4177 Tum
3552 4137 3645 4175 ca-

235 4222 336 4287 put
393 4214 661 4284 primum,
722 4211 885 4281 cujus
938 4210 1164 4265 initium
1233 4216 1317 4264 est
1360 4224 1373 4263 :
1417 4210 1778 4280 Compendiis
1833 4214 2197 4282 pauculorum
2250 4215 2561 4283 verborum,
2615 4224 2746 4285 etc.,
2808 4217 2886 4271 ita
2937 4214 3354 4285 praenotabatur
3390 4228 3401 4265 :
3439 4212 3647 4265 Anace-

234 4305 546 4377 phalaeosz's.
610 4304 769 4357 Posse
819 4315 919 4355 nos
989 4297 1419 4369 superadjicere,
1480 4297 1677 4354 titulus
1751 4308 1869 4356 erat
1945 4306 2230 4372 sequentis
2284 4304 2504 4373 capitis.
2564 4304 2798 4375 Reliqua
2855 4304 3023 4360 etiam
3084 4303 3267 4373 capita
3324 4316 3453 4356 suos
3514 4300 3644 4355 titu-

234 4395 317 4451 los
367 4392 759 4467 praeferebant,
792 4406 933 4463 quos
992 4389 1188 4445 itidem
1246 4389 1307 4444 in
1367 4389 1473 4444 hac
1529 4396 1722 4445 nostra
1778 4390 2027 4448 editione
2084 4391 2412 4449 retinendos
2468 4395 2815 4449 censuimus.
2880 4394 3041 4461 Quod
3090 4400 3342 4463 superest
3400 4405 3644 4460 opuscu-

233 4485 353 4541 lum
435 4482 585 4539 istud
653 4480 991 4551 quibusdam
1076 4493 1346 4534 exornare
1421 4493 1488 4534 ac
1543 4476 1826 4535 illustrare
1880 4480 2342 4536 adnotationidus
2394 4482 2625 4552 placuit,
2686 4499 2757 4539 ne
2816 4484 2963 4553 quod
3020 4480 3255 4553 reliquis
3310 4478 3646 4535 Tertulliani

234 4573 394 4629 libris
476 4570 843 4627 eruditissimi
930 4569 1033 4623 viri
1115 4567 1443 4638 praestitere,
1505 4567 1637 4623 huic
1707 4568 1871 4636 desit,
1924 4576 1976 4624 et
2028 4585 2100 4625 ne
2149 4570 2408 4626 tenebras
2466 4577 2518 4626 et
2584 4571 2825 4627 ferreum
2893 4586 3267 4641 asperumque
3349 4567 3644 4636 scriptoris

238 4663 405 4734 hujus
462 4661 674 4734 stylum
734 4656 1025 4715 deticatuli
1083 4658 1312 4728 quidam
1368 4660 1691 4728 causantes,
1724 4657 1794 4714 ab
1854 4658 1977 4729 ejus
2027 4659 2270 4716 lectione
2329 4668 2670 4717 avertantur.
2707 4660 2941 4717 Nullum
2973 4661 3219 4731 denique
3248 4660 3397 4715 inter
3429 4664 3643 4713 veteres

234 4752 583 4809 Christianos
639 4753 927 4806 auctorem
988 4748 1275 4814 ostendas,
1321 4748 1413 4803 cui
1471 4747 1807 4804 eruditionis
1864 4755 1916 4804 et
1976 4749 2325 4806 scholiorum
2407 4750 2626 4807 lumina
2682 4752 2861 4821 magis
2917 4751 3269 4807 admovenda
3323 4748 3639 4817 videantur,

234 4858 403 4913 quam
438 4840 827 4909 -Tertulliano,
860 4854 1027 4911 aquo
1074 4838 1387 4895 obscuritas
1444 4837 1504 4894 in
1561 4838 1803 4896 dicendo
1858 4840 2052 4896 nescio
2110 4846 2298 4896 utrum
2340 4840 2534 4896 evitari
2591 4841 2708 4897 ullo
2763 4848 2925 4913 pacto
2978 4848 3163 4913 posset
3220 4856 3293 4896 an
3332 4838 3394 4894 in
3423 4836 3645 4893 deliciis

236 4931 555 4987 haberetur.

304 5022 435 5086 Quae
467 5021 690 5092 quidem
723 5018 916 5076 omnia
938 5035 1069 5077 cum
1106 5018 1464 5090 digessissem
1496 5034 1597 5089 pro
1636 5018 1851 5075 viribus
1880 5018 2042 5087 meis,
2076 5020 2248 5076 subiit
2296 5036 2413 5077 non
2473 5020 2757 5094 ingratum
2812 5022 3048 5079 eruditis
3084 5020 3358 5086 futurum,
3394 5020 3441 5074 si
3491 5014 3643 5073 notis

232 5110 371 5165 meis
428 5109 554 5164 illas
614 5125 835 5180 quoque
894 5108 1255 5178 subjicerem,
1289 5124 1431 5179 quas
1487 5107 1671 5164 Guido
1728 5109 2060 5166 Pancirolus
2111 5110 2556 5180 iurisconsultus
2614 5112 2888 5184 regiensis
2944 5112 3005 5168 in
3064 5111 3327 5168 eumdem
3385 5108 3453 5163 de
3501 5105 3637 5161 Ora-

231 5200 382 5255 tione
442 5198 651 5254 librum
709 5197 1143 5267 conscripserat.
1181 5198 1371 5267 quue
1427 5195 1696 5253 libentius
1754 5198 2057 5254 consilium
2112 5215 2303 5255 meum
2357 5200 2656 5271 probatum
2714 5202 2782 5257 iri
2840 5200 3132 5272 sperabam
3180 5199 3327 5271 quod
3376 5195 3635 5251 animad-

229 5296 501 5344 verterem
557 5287 833 5358 potiorem
891 5285 1201 5342 clarissimi
1253 5285 1355 5341 viri
1414 5300 1607 5342 curam
1665 5287 1724 5342 in
1774 5287 2029 5345 obscuris
2075 5289 2411 5345 Tertulliani
2470 5291 2733 5347 sensibus
2790 5290 3138 5361 exponendis
3188 5287 3452 5358 positam,
3504 5298 3637 5340 cum

229 5386 423 5435 contra
480 5394 583 5448 ego
643 5376 943 5433 historicas
1000 5376 1187 5447 potius
1236 5391 1302 5432 ac
1359 5376 1606 5432 eruditas
1646 5376 1829 5433 libelli
1885 5378 2054 5450 hujus
2086 5380 2352 5450 reliquias
2386 5380 2527 5437 mihi
2556 5382 2925 5437 illustrandas
2952 5380 3391 5451 proposuissem.
3428 5372 3636 5430 Dolen-

229 5468 363 5523 dum
393 5475 580 5523 autem
613 5473 717 5536 est,
746 5467 1040 5522 neminem
1084 5464 1272 5522 adhuc
1328 5464 1389 5521 in
1449 5465 1608 5522 italia
1657 5466 1847 5535 fuisse,
1880 5468 1975 5539 qui
2028 5469 2098 5525 ad
2154 5479 2363 5526 nostrae
2409 5469 2595 5540 gentis
2650 5470 2889 5542 gloriam
2944 5476 3176 5527 caeteros
3230 5461 3516 5524 Panciroli
3573 5461 3635 5518 in

300 5701 367 5815 (t2
394 5701 640 5776 Ex.tomo
682 5696 839 5750 tertio
885 5692 1210 5747 Anecdotor.
1257 5707 1378 5760 quia
1428 5694 1630 5747 Ludov.
1659 5693 1856 5747 Anton.
1900 5695 2224 5751 Muratorins
2270 5713 2337 5751 ex
2381 5699 2747 5752 Ambrosiantn
2788 5696 3125 5749 bibliotheca
3172 5695 3446 5747 codicibus
3495 5695 3637 5747 eruit

300 5779 339 5815 ‘u
362 5766 609 5815 cavitque
637 5760 862 5815 Patavii.
893 5771 1021 5811 ann.
1049 5757 1187 5809 1715.

240 5757 609 5830 evulgavitque
637 5760 862 5822 Patavii,
893 5771 1021 5811 ann.
1049 5757 1187 5809 1715.
