4162 6420
587 391 741 450 124⁸7
1137 396 1660 459 TERTULLIANI
1705 399 2027 460 OPERUM
2072 397 2269 458 PARS
2312 356 2471 455 I..---
2501 395 2773 458 SERIES
2819 394 2896 468 Il,
2939 391 3412 455 DOGMATICA.
3833 391 3996 450 1248

587 525 1004 581 Tertullianum
1053 530 1488 586 commentarios
1534 532 1780 586 edendos
1822 531 2120 588 curaverit.
2156 531 2262 585 Vix
2312 529 2535 584 brevem
2564 527 2632 583 de
2674 528 2742 582 iis
2776 528 3126 584 mentionem
3156 544 3188 581 a
3217 524 3559 581 Thomasino
3592 523 3653 579 in
3691 522 3991 578 Panciroli

586 615 734 680 Vita,
790 633 822 669 a
885 617 1146 686 Dupinio,
1205 618 1508 675 Guillelmo
1575 622 1772 676 1146
1832 622 1992 685 Cave,
2054 621 2295 691 aliisque
2354 618 2548 688 paucis
2599 617 2969 688 scriptoribus
3024 616 3333 684 habemus;
3397 615 3510 671 imo
3568 616 3661 670 vix
3710 613 3782 670 iis
3839 629 3983 669 con-

591 703 790 770 stabat,
824 720 1020 760 eorum
1052 707 1356 776 quidquam
1389 725 1698 779 superesse.
1733 712 1961 767 Meliore
1994 712 2239 781 profecto
2272 719 2421 765 sorte
2450 709 2654 777 dignus
2685 715 2798 763 erat
2829 707 2987 762 labor
3015 705 3112 761 ille
3143 705 3424 762 Panciroli
3454 704 3562 762 viri
3595 703 3996 771 celeberrimi,

589 793 681 860 qui
739 809 853 849 non
907 796 1367 868 jurisprudentiae
1422 801 1626 871 solum,
1659 803 1755 858 sed
1814 819 1982 859 sacrae
2033 801 2201 856 etiam
2252 807 2306 855 et
2363 799 2611 869 profanas
2669 798 3000 854 eruditionis
3032 797 3195 852 laude
3222 796 3487 852 eximium
3519 796 3672 851 inter
3702 793 3994 849 litteratos

588 879 698 937 sibi
718 888 1060 954 comparavit
1092 888 1298 943 locum.
1333 890 1396 944 Et
1425 891 1651 961 quidem
1679 892 1898 961 opinor,
1932 899 1994 945 ut
2023 897 2076 946 et
2117 890 2452 945 Possevinus
2509 888 2571 943 in
2627 887 2926 959 Apparatw
2963 886 3318 958 Opinabatur,
3361 885 3678 941 uberrimos
3727 883 3864 938 illos
3928 881 3989 936 in

587 969 996 1028 Tertullianum
1055 979 1513 1044 commentarios,
1573 994 1711 1049 quos
1764 980 1826 1033 B.
1883 979 2208 1043 Rhenanus,
2262 976 2567 1043 Pamelius,
2630 976 2701 1031 La
2756 976 2951 1039 Corda,
3008 974 3319 1030 Salmasius
3387 978 3554 1043 atque
3612 971 3711 1028 alii
3769 969 3988 1026 dectis-

588 1060 717 1114 simi
777 1061 877 1116 viri
963 1062 1076 1119 luci
1130 1068 1491 1137 mandarunt,
1550 1067 1832 1124 obstitisse
1884 1084 1956 1124 ne
2013 1068 2105 1122 isti
2165 1065 2495 1137 prodirent;
2557 1065 2882 1135 putantibus
2930 1064 3203 1119 nimirum
3258 1063 3347 1128 iis,
3407 1061 3611 1136 quibus
3669 1060 3985 1132 posthuma

593 1149 866 1204 l’anciroli
926 1151 1077 1208 fama
1134 1157 1303 1210 condi
1359 1157 1547 1212 futura
1604 1165 1742 1224 erat,
1775 1174 1832 1214 se
1863 1173 2062 1228 parum
2095 1156 2290 1213 utilem
2321 1170 2546 1223 operam
2577 1149 2821 1218 lusuros,
2856 1155 2902 1208 si
2934 1153 3158 1209 easdem
3187 1153 3358 1222 dapes
3389 1137 3732 1207 eruditorum
3797 1147 3991 1217 palato

587 1235 938 1294 exhiberent.
973 1240 1178 1298 Verum
1242 1261 1355 1300 non
1404 1246 1451 1300 is
1510 1253 1592 1301 est
1640 1247 2041 1312 Tertullianus,
2076 1246 2170 1316 qui
2227 1244 2422 1314 paucis
2464 1247 2764 1299 contentus
2793 1242 2863 1297 sit
2894 1241 3324 1312 interpretibus;
3372 1246 3587 1294 etcum
3639 1235 3995 1292 recentiores

588 1325 708 1392 ejus
740 1326 1070 1398 interpretes
1100 1332 1168 1388 ab
1198 1335 1579 1405 antiquiorum
1611 1335 1905 1392 conatibus
1937 1334 2173 1392 minime
2203 1333 2452 1389 deterriti
2498 1332 2634 1398 sint,
2669 1331 2973 1401 quominus
3024 1338 3076 1386 et
3125 1345 3258 1385 suos
3313 1327 3394 1383 illi
3447 1327 3848 1398 producerent,
3886 1337 3994 1378 cur

590 1415 866 1471 Panciroli
917 1421 1197 1477 studiosos
1252 1425 1321 1479 de
1377 1432 1486 1479 tam
1547 1424 1726 1481 nobili
1783 1425 2023 1481 consilio
2076 1424 2318 1493 dejicere
2373 1421 2566 1477 debuit
2621 1419 2980 1476 inconsultus
3024 1418 3120 1474 hic
3151 1417 3378 1474 metus?
3413 1415 3596 1472 Facile
3623 1431 3756 1470 vero
3787 1420 3898 1478 est,
3932 1420 3996 1466 ut

587 1505 921 1562 coeuntibus
976 1509 1035 1564 in
1086 1510 1253 1566 unius
1304 1514 1550 1570 auctoris
1592 1514 2026 1585 explicationem
2087 1512 2342 1583 pluribus
2399 1511 2746 1580 diversisque
2803 1509 3070 1579 ingeniis,
3095 1508 3215 1578 ejus
3266 1521 3431 1562 mens
3476 1521 3542 1560 ac
3598 1504 3812 1572 scripta
3871 1500 3994 1557 cla-

587 1591 734 1648 riora
770 1595 830 1650 in
861 1596 980 1652 dies
1011 1598 1165 1667 fiant,
1196 1604 1363 1669 atque
1419 1619 1452 1657 a
1507 1603 1752 1658 tenebris
1790 1602 2097 1658 liberentur
2143 1609 2237 1656 aut
2293 1617 2359 1656 ex
2404 1600 2737 1670 antiquitate
2793 1603 3138 1669 temporum,
3169 1600 3267 1651 aut
3329 1611 3396 1650 ex
3443 1593 3666 1650 incuria
3723 1590 3994 1646 librario-

587 1697 738 1751 rum,
767 1691 862 1738 aut
891 1700 921 1740 e
951 1687 1239 1756 scriptoris
1273 1690 1597 1745 austeritate
1645 1691 2028 1746 manantibus.
2061 1691 2195 1755 Quae
2243 1703 2564 1759 quanquam
2617 1688 2684 1742 de
2742 1686 2982 1754 singulis
3037 1683 3322 1742 veteribus
3373 1697 3497 1738 vere
3552 1681 3666 1736 dici
3719 1686 3990 1749 possunt,

586 1769 871 1842 imprimis
898 1781 1085 1831 tamen
1116 1776 1184 1831 de
1215 1776 1563 1834 Tertulliano
1594 1787 1724 1834 sunt
1754 1779 2109 1846 afﬁrmanda,
2141 1793 2306 1848 quem
2340 1785 2459 1847 post
2491 1783 2566 1831 tot
2599 1777 2965 1845 interpretum
2999 1790 3161 1830 curas
3219 1772 3492 1827 habemus
3549 1770 3735 1824 adhuc
3765 1767 3986 1824 obscu-

587 1874 712 1914 rum
739 1861 837 1932 (1).
879 1863 1090 1918 Eodem
1137 1875 1322 1920 autem
1375 1874 1643 1937 tempore,
1679 1883 1787 1939 quo
1835 1868 2140 1935 Pamelins,
2173 1869 2233 1922 in
2290 1864 2639 1921 Tertulliano
2682 1864 3017 1934 explicando
3065 1860 3429 1918 exercebatur
3482 1857 3816 1915 Pancirolus
3880 1872 3992 1912 no-

589 1946 788 2018 bisque
837 1949 1032 2019 plenos
1083 1954 1304 2023 reliquit
1345 1958 1781 2012 commentarios
1830 1956 1890 2012 in
1939 1957 2129 2012 omnia
2179 1955 2335 2010 illius
2371 1954 2576 2024 scripta
2619 1954 2685 2008 ad
2748 1961 2980 2008 mortem
3038 1967 3214 2022 usque
3244 1965 3402 2005 suam
3433 1947 3708 2018 evulgata.
3761 1949 3988 2000 Horum

588 2043 775 2091 autem
809 2042 1192 2110 autograpbou
1222 2043 1374 2112 Regii
1409 2045 1596 2114 Lepidi
1629 2046 1687 2099 in
1715 2047 1836 2115 ejus
1861 2045 2034 2114 patria
2062 2045 2210 2099 latet.
2243 2042 2384 2098 Mibi
2414 2044 2603 2099 videre
2631 2058 2696 2098 ac
2752 2042 3074 2098 describere
3118 2039 3354 2108 contigit
3401 2038 3522 2107 ejus
3577 2035 3986 2090 tantummodo

589 2127 896 2196 exemplar,
955 2131 1098 2198 quod
1149 2133 1567 2188 accuratissime
1624 2135 1898 2203 scriptum
1955 2133 2016 2188 in
2071 2150 2172 2188 sua
2245 2131 2588 2187 bibliotheca
2667 2135 2850 2186 servat
2906 2129 2966 2184 P.
3035 2133 3287 2186 Joannes
3341 2127 3589 2196 Baptista
3645 2125 3985 2193 Cattaneus,

593 2213 948 2270 Franciscani
1004 2219 1237 2285 ordinis,
1273 2228 1329 2275 ut
1386 2229 1606 2285 vocant,
1633 2223 1702 2277 de
1754 2222 2138 2287 Observantia,
2173 2225 2597 2276 ornamentum.
2634 2221 2699 2274 Et
2741 2218 3007 2288 quoniam
3070 2218 3241 2288 hujus
3297 2231 3532 2272 munere
3588 2214 3810 2269 factum
3876 2219 3988 2275 est,

591 2307 650 2357 ut
695 2304 840 2372 quod
881 2305 1022 2361 mihi
1073 2308 1142 2362 de
1187 2324 1291 2363 ms.
1326 2308 1423 2364 illo
1467 2326 1633 2380 Opere
1673 2311 1872 2380 placet,
1911 2311 2132 2366 haurire
2182 2325 2427 2380 possem,
2469 2308 2559 2364 hic
2607 2308 2902 2378 epistolam
2949 2322 3169 2376 quoque
3217 2307 3350 2361 dare
3397 2303 3565 2360 statui
3597 2303 3803 2358 iisdem
3835 2317 3994 2358 com-

592 2391 883 2530 1mental-iis
913 2396 1314 2465 praepositam;
1348 2396 1480 2453 inde
1509 2400 1662 2454 enim
1698 2401 1883 2468 palam
1916 2399 2034 2469 ﬁet,
2071 2415 2197 2470 quae
2228 2397 2288 2452 iu
2319 2395 2727 2453 Tertullianum
2760 2395 3087 2452 Pancirolus
3133 2393 3473 2466 praestiterit.
3507 2393 3592 2449 Ita
3638 2407 3774 2464 ergo
3842 2391 3996 2446 scri-

632 2477 673 2530 it
703 2477 799 2530 ille
832 2493 844 2530 ε

632 2477 673 2531 it
703 2477 799 2533 ille
832 2493 844 2534 ε

1462 2655 1579 2716 AD
1619 2654 2085 2718 LECTOREM
2133 2653 2593 2716 PANCIROLI
2632 2653 3112 2717 PR/EFATIO.

662 2809 903 2865 Felicem
935 2811 1077 2866 mihi
1109 2813 1419 2868 adventum
1453 2815 1683 2870 Patavio
1715 2815 2037 2870 Taurinum
2068 2831 2134 2870 ex
2157 2831 2223 2870 eo
2253 2818 2306 2884 Α
2337 2815 2606 2870 omnibus
2651 2815 2980 2888 disciplinis
3027 2815 3341 2884 imbutum,
3375 2830 3440 2870 ac
3469 2813 3686 2885 linguas
3742 2811 3992 2877 Graeca,

588 2897 956 2967 potissimum
993 2901 1171 2956 fuisse
1201 2903 1490 2973 exsitimo,
1524 2905 1676 2975 quod
1705 2905 1856 2958 inter
1885 2903 2047 2974 alios,
2082 2919 2227 2974 quos

586 2985 778 3040 inveni
810 2989 1178 3046 doctissimos
1203 2993 1376 3059 viros,
1402 2993 1692 3064 imprimis
1714 2993 2052 3048 Vincentius
2083 2998 2228 3046 Lau-

591 3091 692 3129 rus
721 3078 928 3132 Montis
953 3080 1160 3151 regalis
1187 3081 1500 3153 episcopus
1523 3087 1580 3137 et
1605 3082 2076 3153 S.D.N.Gregorii
2099 3082 2229 3136 Xlll

592 3163 751 3218 Pont.
788 3166 932 3220 Max.
968 3169 1120 3238 apud
1155 3169 1437 3225 Sereniss.
1474 3170 1910 3225 Emmanuelem
1943 3171 2227 3225 Philiber-

589 3255 712 3307 tum
746 3254 1051 3310 Sabaudiaa
1081 3258 1286 3313 ducem
1321 3259 1564 3314 nuntius
1597 3259 1971 3331 apostolicus,
2005 3276 2070 3315 ac
2102 3276 2226 3314 car-

589 3340 804 3398 dinalis
821 3344 874 3397 in
893 3345 1050 3399 omni
1065 3347 1512 3419 disciplinarum
1534 3365 1745 3420 genere
1759 3353 2021 3403 versatus
2035 3365 2232 3403 occur-

588 3429 791 3501 rit,qui
820 3433 961 3488 dum
993 3451 1082 3490 me
1104 3436 1444 3492 domesticis
1474 3437 1780 3508 colloquiis
1813 3439 1940 3493 suis
1988 3439 2231 3507 dignum

589 3521 832 3589 putavit,
865 3524 1129 3578 doctrina
1169 3525 1469 3580 meliorem
1503 3542 1737 3597 semper
1783 3528 1955 3593 fecit;
1988 3531 2044 3581 et
2074 3526 2230 3581 sicut

590 3610 663 3660 M.
696 3608 916 3665 Tullius
947 3611 1142 3668 Cicero
1172 3631 1203 3667 a
1232 3617 1296 3678 Q.
1328 3614 1498 3668 Mucii
1520 3615 1762 3670 Scevolte
1797 3615 1973 3670 latere
2006 3615 2232 3670 doctior

592 3694 928 3754 discedebat
957 3702 1038 3768 (in
1067 3702 1386 3770 L21io,sive
1415 3705 1479 3759 de
1506 3705 1856 3774 Amicit.),ita
1881 3721 1984 3776 ego
2008 3721 2076 3759 ex
2098 3721 2228 3759 eru-

593 3785 913 3844 ditissimis
946 3793 1318 3850 sermonibus
1350 3796 1474 3850 suis
1523 3811 1639 3849 non
1663 3810 1847 3865 pauca
1878 3793 2228 3850 exhauriens

588 3874 932 3948 locupletior
961 3880 1095 3936 abii.
1132 3881 1300 3936 Modo
1331 3883 1487 3937 enim
1511 3900 1602 3939 res
1625 3884 1694 3938 ab
1721 3884 1859 3938 orbe
1881 3883 2112 3937 condito
2143 3900 2231 3955 ge-

591 3969 713 4021 stas
735 3969 1243 4035 enarrabat,modo
1276 3971 1659 4043 philosophia!
1683 3988 1896 4027 arcana
1925 3972 2228 4042 deprome-

592 4057 712 4128 bat,
745 4065 845 4114 aut
873 4061 1154 4118 obscuros
1198 4065 1403 4117 1141
1440 4063 1671 4134 aliquos
1727 4069 1991 4118 auctores
2049 4062 2229 4134 expli-

593 4147 781 4212 cabat,
811 4149 900 4204 vel
935 4152 1270 4206 mendosam
1312 4151 1618 4207 lectionem
1649 4169 1717 4207 ex
1747 4152 2008 4222 probatis
2038 4168 2229 4207 exem-

593 4235 856 4308 plaribus
878 4241 1243 4308 emendabat,
1265 4241 1351 4296 vel
1385 4259 1452 4296 ex
1483 4259 1588 4296 suo
1612 4241 1706 4313 pio
1730 4241 2001 4296 instituto
2035 4240 2229 4312 aliqua

593 4341 661 4380 ex
690 4327 872 4383 sacris
896 4329 1130 4384 Litteris
1160 4329 1823 4402 interpretabatur.Cum
1849 4347 1978 4386 vero
2002 4331 2226 4386 Tertul-

591 4414 733 4470 liani
763 4417 995 4489 scriptis
1028 4418 1268 4474 miriﬁce
1298 4419 1619 4475 delectatus
1649 4422 1724 4489 (S.
1749 4420 1901 4475 Hier.
1935 4419 2000 4474 de
2028 4420 2224 4491 Script.

591 4506 776 4560 scolas.
809 4508 867 4561 in
905 4507 1179 4578 Tertull.),
1214 4524 1346 4562 cum
1376 4507 1535 4564 velut
1565 4506 1712 4564 alter
1740 4508 2060 4580 Cyprianus
2083 4525 2224 4579 quo-

591 4593 734 4649 tidie
764 4593 823 4650 in
856 4595 1128 4651 manibus
1158 4595 1587 4665 haberet,valde
1616 4597 1868 4665 dolebat,
1901 4597 1984 4652 ita
2014 4598 2226 4652 obscu-

593 4698 723 4737 rum
757 4683 1026 4750 inveniri,
1062 4690 1124 4739 ut
1155 4685 1352 4741 nullus
1383 4688 1736 4757 quandoque
1788 4703 1857 4741 ex
1887 4686 1983 4741 illo
2015 4702 2226 4741 sensus

593 4771 717 4826 erui
749 4777 964 4843 posset.
995 4774 1100 4828 Sed
1133 4791 1264 4829 cum
1296 4776 1497 4830 multis
1518 4777 1763 4831 obrutus
1794 4775 2064 4846 negotiis,
2098 4792 2224 4845 qua:

593 4859 705 4914 sibi
733 4859 1158 4933 Montisrcgalis
1190 4864 1441 4919 antistiti
1473 4881 1541 4920 ex
1571 4882 1679 4920 sua
1707 4865 1928 4920 ditione
1955 4865 2223 4919 immine-

593 4948 816 5019 bant,et
847 4955 1126 5024 tanquam
1156 4953 1374 5010 summi
1398 4954 1688 5024 pontificis
1719 4953 2021 5025 legato,vel
2046 4954 2227 5008 Roma

594 5038 962 5112 demandata,
989 5042 1074 5097 vel
1099 5058 1164 5097 ex
1185 5041 1545 5114 Subalpinis,
1577 5043 1837 5115 undique
1870 5042 2228 5115 emergentia

592 5131 1160 5198 occurrebant,bunc
1191 5137 1484 5187 auctorem
1519 5131 1865 5203 explanandi
1902 5133 2086 5187 otium
2113 5149 2224 5185 non

588 5218 848 5290 haberet,
885 5220 1140 5294 aliquem
1180 5221 1361 5276 alium
1394 5221 1707 5292 quaerebat,
1741 5223 1841 5293 qui
1871 5225 2033 5276 tanto
2066 5218 2226 5275 oneri

590 5307 894 5365 subeundo
927 5313 1128 5381 posset
1174 5310 1461 5367 sufficere.
1511 5309 1760 5366 Videbat
1803 5311 1876 5365 ad
1925 5309 2226 5364 hominem

2338 2904 2830 2976 historiarumque
2855 2905 3275 2977 peritissimum
3296 2904 3801 2975 interpretandum
3835 2917 3996 2971 opus

2339 3009 2466 3048 esse
2495 2992 2637 3053 viro.
2670 2994 2768 3065 qui
2819 2993 3076 3065 plurium
3128 3009 3345 3061 rerum,
3395 2996 3451 3047 et
3487 2990 3783 3062 imprimis
3827 2989 3994 3060 juris

2339 3081 2525 3137 civilis
2557 3083 2825 3138 notitiam
2858 3083 3118 3151 haberet,
3155 3098 3287 3136 cum
3319 3079 3720 3136 Tertullianus
3750 3078 3906 3147 ipse,
3930 3086 3994 3132 ut

2339 3171 2544 3226 scribit
2592 3171 2876 3227 Eusebius
2925 3174 3075 3226 Hist.
3124 3171 3267 3226 Eccl.
3329 3170 3430 3224 lib.
3487 3187 3526 3237 1,
3578 3185 3664 3223 ea.
3705 3167 3992 3236 2,juris-

2335 3250 2639 3315 consultus
2672 3261 2926 3331 plurima
2956 3261 3172 3331 exjure
3205 3259 3359 3314 civili
3391 3260 3737 3329 deprompta
3757 3255 3992 3326 passim

2338 3348 2571 3419 scriptis
2603 3349 2960 3404 inserat.Sed
2995 3349 3103 3404 etsi
3138 3347 3234 3404 alii
3275 3349 3540 3404 doctores
3569 3363 3685 3401 non
3717 3345 3993 3412 deerant,

2339 3438 2439 3507 qui
2472 3437 2528 3491 id
2570 3437 2828 3493 exactius
2874 3442 3146 3509 praestare
3195 3437 3542 3508 potuissent,
3564 3434 3733 3506 plura
3781 3438 3991 3487 tamen

2339 3525 2450 3580 sibi
2478 3526 2547 3580 de
2579 3542 2694 3595 me,
2721 3543 2898 3597 quam
2933 3528 3080 3581 ferre
3124 3542 3381 3597 possem,
3433 3523 3734 3596 pollicitus
3764 3523 3841 3577 ad
3874 3521 3991 3576 hoc

2339 3630 2556 3669 munus
2609 3619 2810 3686 aptum
2843 3631 2972 3670 esse
3001 3614 3530 3670 existimavit.Dum
3557 3612 3714 3668 enim
3750 3628 3845 3666 me
3875 3610 3987 3665 diu

2337 3703 2582 3768 Patavii,
2613 3708 2669 3758 et
2698 3704 2921 3774 aliquot
2951 3703 3142 3759 annis.
3169 3705 3556 3758 Taurinorum
3590 3701 3902 3773 Augustasj
3916 3716 3987 3754 us

2337 3791 2500 3847 civile
2532 3793 2859 3863 professum
2891 3808 3018 3848 esse
3048 3793 3475 3862 animadvertit,
3508 3808 3574 3846 ac
3605 3790 3867 3845 nondum
3890 3788 3985 3842 in-

2337 3881 2492 3952 genii
2524 3881 2638 3937 mei
2669 3881 3014 3937 tenuitatem
3046 3879 3631 3954 agnoscens,publico
3663 3876 3984 3950 profitendi

2338 3974 2403 4023 ut
2431 3971 2703 4038 arbitror,
2734 3971 2878 4026 mihi
2911 3987 3152 4026 munere
3184 3971 3533 4026 demandato
3566 3969 3870 4039 deceptus,
3908 3965 3981 4020 ad

2337 4062 2568 4114 tantum
2600 4077 2748 4116 onus
2771 4060 3143 4115 subeundum
3177 4060 3452 4115 idoneum
3477 4057 3983 4130 judicavit,utqui

2337 4163 2453 4201 non
2486 4149 2658 4203 modo
2689 4153 2968 4220 tanquam
2994 4149 3146 4220 juris
3176 4147 3652 4219 interpres,hunc
3673 4145 3985 4216 juriscon-

2338 4238 2583 4305 sultum,
2617 4238 2719 4292 sed
2750 4237 2925 4294 etiam
2962 4237 3132 4310 plura
3174 4239 3302 4309 ejus
3357 4236 3698 4292 obscuriora
3744 4251 3982 4306 possem

2336 4324 2730 4396 interpretari.

2403 4419 2566 4469 Hanc
2597 4415 2794 4486 itaque
2834 4415 3189 4487 provinciam
3223 4414 3369 4470 mihi
3414 4415 3604 4486 primo
3659 4411 3896 4481 obtulit,
3928 4419 3986 4470 et

2336 4503 2515 4560 semel
2548 4503 2878 4575 iterumque
2911 4505 3199 4560 recusanti
3231 4504 3449 4559 institit
3491 4505 3750 4568 demum,
3783 4509 3844 4558 et
3875 4520 3981 4574 pro

2334 4611 2443 4649 sua
2472 4594 2817 4650 auctoritate
2847 4595 3268 4666 impetravit,ut
3290 4594 3564 4649 mandata
3593 4593 3980 4665 susciperem.

2333 4684 2651 4738 Cernebam
2684 4683 2919 4754 quidem
2968 4684 3153 4739 multa
3209 4683 3352 4738 mihi
3382 4682 3661 4738 tenuioris
3700 4682 3981 4738 doctrina:

2335 4771 2558 4828 homini
2590 4773 2659 4827 ad
2691 4777 2920 4828 tantum
2951 4779 3245 4828 auctorem
3285 4773 3719 4844 explanandum
3750 4771 3982 4843 deesse,

2335 4866 2392 4916 et
2422 4861 2775 4916 mediocrem
2810 4861 3001 4933 legum
3033 4862 3423 4933 cognitionem
3458 4863 3528 4916 ad
3555 4861 3888 4932 pluragquaa
3911 4877 3984 4915 ex

2336 4950 2651 5006 reconditis
2672 4950 3365 5022 historiis,philosopbia,
3387 4950 3677 5006 medicina
3705 4965 3771 5005 ac
3796 4950 3987 5005 sacris

2337 5038 2566 5094 Litteris
2597 5039 2828 5111 accipit,
2861 5039 3226 5112 explananda
3266 5058 3380 5096 non
3439 5040 3750 5100 sufﬁcere;
3784 5056 3893 5094 nec
3926 5040 3987 5094 id

2336 5136 2569 5200 tempus
2599 5129 2868 5199 pluribus
2901 5129 3007 5184 fori
3061 5130 3310 5201 negotiis
3360 5129 3648 5201 implicito
3679 5128 3988 5199 permitte-

2335 5219 2436 5274 bat
2469 5236 2482 5274 :
2515 5220 2617 5274 sed
2637 5219 2794 5290 quod
2820 5235 2911 5274 me
2928 5235 3043 5275 non
3067 5235 3238 5292 posse
3268 5218 3533 5275 dicebam
3557 5217 3655 5274 ille
3680 5217 3836 5274 nolle
3860 5233 3994 5274 cre-

2342 5307 2564 5364 debat:

656 5544 720 5603 (t)
755 5543 886 5592 Hinc
915 5543 1067 5592 novis
1095 5543 1219 5592 item
1250 5543 1542 5593 editoribus
1569 5544 1739 5592 visum
1771 5545 1850 5590 est
1877 5540 2162 5590 lectoribus
2192 5541 2303 5590 fore
2331 5542 2637 5603 pergratum
2677 5539 3107 5603 adnotationibus
3153 5540 3430 5599 clarissim,
3484 5554 3570 5589 vv.
3621 5540 3885 5590 Panciroli
3935 5547 3993 5592 et

594 5599 869 5654 Maratorii
903 5606 1128 5655 selectae
1155 5620 1220 5655 ex
1250 5606 1494 5667 Rigaltio.
1523 5605 1774 5663 Pamelio,
1806 5603 2050 5665 Laccrdé,
2085 5599 2651 5667 Albaspiniso,Priorio_
2677 5607 2831 5667 notas
2861 5602 3266 5667 subjungere,—
3295 5604 3356 5653 In
3383 5605 3482 5653 hac
3502 5616 3644 5653 nova
3663 5604 3991 5655 recensione

593 5667 898 5731 (1865),,eas
928 5669 1145 5731 insuper
1173 5664 1475 5731 addidimus
1493 5669 1689 5731 quibus
1716 5668 1843 5718 Rev.
1871 5664 2045 5718 Mart.
2071 5667 2177 5717 Jos.
2209 5664 2404 5726 Routh,
2425 5664 2428 5665 ⁷
2450 5664 2673 5730 collegii.
2722 5665 2774 5718 8.
2805 5664 3133 5730 Magdalents
3177 5666 3346 5717 Oxon.
3391 5679 3607 5730 presses,
3662 5667 3988 5718 Tertulliani

596 5728 907 5790 Opusculum
938 5730 1010 5778 De
1028 5728 1264 5781 orateone
1283 5728 1582 5782 illustravit.
