4162 6362
221 347 379 407 1249

375 476 511 535 Quid
543 477 790 535 facerem,
813 486 991 536 neque
1021 472 1239 523 servitio
1271 483 1356 520 me
1381 472 1526 520 exire
1554 470 1761 536 licebat,

379 534 485 589 Nec
512 544 617 589 tam
650 534 940 599 praesules
974 538 1052 585 fas
1082 549 1193 584 non
1224 548 1545 599 cegnoscere
1575 534 1745 582 divos.

1282 608 1443 671 (Virg.
1479 607 1583 661 Ecl,
1615 610 1671 663 ι.)

225 722 313 777 Illi
348 722 544 791 itaque
578 718 850 773 resistere
884 732 999 771 non
1049 715 1235 779 licuit,
1286 714 1657 786 parendoque
1692 711 1871 767 malui

224 812 295 865 ab
327 810 425 863 illo
456 807 760 877 ingenium
796 822 1013 873 meum,
1050 821 1225 876 quam
1275 803 1636 858 voluntatem
1670 801 1872 874 quazri,

225 904 281 955 et
313 896 774 953 imbecillitatem
808 912 985 965 quam
1038 893 1467 947 contumaciam
1504 890 1871 961 reprehendi.

298 988 519 1043 Collum
546 985 886 1055 igiturjugo
910 982 1153 1052 subjeci,
1180 986 1237 1036 et
1258 982 1411 1052 quod
1440 998 1541 1035 nec
1566 996 1703 1034 mete
1725 979 1875 1033 vires

230 1078 624 1151 patiebantur,
671 1090 776 1128 nec
834 1078 1067 1142 tempus
1120 1070 1423 1125 commode
1480 1069 1874 1141 permittebat,

230 1164 551 1224 subsecivis
579 1163 739 1219 horis
788 1178 955 1233 agere
986 1161 1153 1232 coepi.
1205 1160 1314 1215 Sed
1348 1161 1485 1213 dum
1536 1158 1623 1212 illi
1656 1173 1876 1212 morem

229 1272 387 1328 gero,
420 1269 620 1308 vereor
652 1268 724 1307 ne
756 1250 900 1305 mihi
953 1249 1201 1318 eveniat,
1248 1249 1402 1319 quod
1462 1247 1660 1319 Sergio
1686 1246 1877 1301 Galba:

230 1342 497 1415 contigit,
529 1342 627 1413 qui
652 1340 912 1411 privatus
936 1337 1181 1411 imperio
1203 1336 1417 1409 dignus
1444 1340 1532 1391 est
1553 1336 1878 1406 judicatus,

229 1434 503 1507 princeps
534 1446 667 1485 vero
700 1430 889 1485 factus
912 1430 982 1484 ad
1016 1428 1160 1482 illud
1192 1427 1429 1497 ineptus
1456 1425 1730 1498 apparuit
1752 1426 1881 1496 (Ta-

232 1525 329 1580 oit.
365 1522 445 1578 lib
479 1537 494 1576 1
527 1523 761 1590 Histor.,
818 1536 921 1574 seu
968 1518 1175 1574 Annal.
1236 1516 1435 1587 XVII).
1490 1517 1603 1585 Ego
1648 1530 1881 1587 quoque

237 1612 460 1677 dubito,
495 1614 558 1665 ut
592 1610 690 1681 qui
723 1614 920 1663 tacens
951 1608 1035 1661 illi
1071 1606 1293 1677 aliquid
1327 1605 1475 1661 scire
1504 1605 1764 1673 videbar,
1798 1604 1881 1658 lo-

236 1718 424 1774 quens
471 1698 915 1754 indoctissimus
964 1696 1240 1752 omnibus
1293 1695 1547 1765 detegar.
1589 1692 1881 1765 Quidquid

236 1797 430 1847 tamen
453 1790 711 1844 futurum
734 1788 831 1855 sit,
854 1788 1025 1855 jussa
1045 1785 1348 1856 capiendo,
1368 1783 1506 1855 quid
1529 1783 1749 1854 possim
1776 1799 1885 1836 sua

238 1842 875 1936 iwidéiiauctoritateu
908 1842 1153 1946 experiri
1211 1842 1401 1928 volui:
1450 1842 1642 1927 Inveni
1690 1876 1885 1927 autem
1916 1842 1964 1907 Β

238 1968 661 2027 Tertullianum
692 1982 797 2021 suo
820 1964 992 2036 style,
1017 1967 1081 2019 ut
1101 1967 1158 2018 et
1178 1961 1514 2017 Lactantius
1536 1960 1885 2025 Firmianus,

238 2064 295 2115 et
325 2060 388 2115 Ι).
428 2059 815 2129 Hieronymus
847 2055 1111 2109 indicant
1140 2054 1318 2124 (Lact.
1360 2052 1535 2107 Firm.
1570 2052 1688 2105 Div.
1721 2055 1885 2119 Inst.,

238 2149 277 2204 l.
310 2166 365 2219 v,
397 2165 446 2204 c.
483 2149 551 2215 1;
601 2148 654 2201 S.
705 2146 853 2201 Hier.
915 2145 1082 2216 epist.
1134 2144 1203 2199 43
1242 2143 1311 2198 ad
1370 2143 1648 2209 Paulin.),
1678 2141 1887 2196 obscu-

244 2256 400 2305 rum,
441 2238 581 2293 dum
632 2242 733 2293 aut
776 2236 993 2291 omissa
1047 2235 1223 2290 verba
1268 2233 1391 2289 vult
1438 2233 1765 2300 subaudiri,
1797 2232 1885 2287 vel

245 2330 443 2385 minus
465 2328 683 2382 usitata
707 2330 972 2396 usurpat,
993 2328 1047 2379 et
1068 2340 1273 2379 novam
1294 2323 1467 2377 etiam
1489 2322 1751 2395 phrasim
1776 2321 1888 2378 sibi

244 2420 476 2474 format.
512 2417 625 2487 Ego
668 2421 732 2470 ut
780 2416 1033 2485 legentes
1081 2413 1464 2482 sublevarem,
1514 2412 1723 2467 horum
1756 2429 1888 2483 pro-

243 2510 438 2581 prium
460 2506 711 2561 indicem
734 2504 1061 2575 composui,
1084 2508 1149 2559 ut
1167 2502 1224 2557 in
1249 2520 1362 2574 quo
1381 2520 1555 2558 sensu
1580 2502 1888 2571 dictiones,

246 2601 346 2653 aut
373 2597 549 2652 verba
580 2595 847 2665 accipiat,
874 2593 1083 2664 cuique
1103 2596 1397 2664 appareat.
1431 2592 1575 2648 Cum
1597 2610 1731 2649 vero
1761 2610 1885 2648 ma-

237 2688 427 2759 jorem
448 2684 741 2756 depravati
767 2683 993 2739 codices
1012 2682 1417 2737 difficultatem
1439 2683 1700 2750 afferant,
1722 2684 1891 2755 plura

244 2774 618 2839 emendandi,
653 2775 751 2828 sed
787 2790 854 2827 ex
897 2772 989 2828 his
1039 2777 1292 2841 tantum,
1327 2789 1453 2843 quis
1503 2773 1656 2829 idem
1689 2780 1892 2832 auctor

245 2882 397 2937 saepe
428 2864 635 2936 repetit
662 2860 749 2917 vel
798 2866 856 2915 Ι).
910 2860 1296 2934 Hieronymus
1343 2860 1557 2931 aliique
1590 2868 1722 2933 post
1754 2882 1888 2921 eum

246 2956 513 3011 recitent.
546 2954 626 3008 Ex
660 2968 787 3007 meo
819 2968 950 3006 vero
983 2951 1170 3022 capite
1228 2955 1434 3023 praeter
1481 2952 1758 3021 litteram,
1792 2961 1893 3009 aut

246 3044 528 3116 syllabam
556 3042 703 3096 nihil
728 3047 955 3096 mutare
992 3058 1121 3095 sum
1164 3058 1365 3107 ausus,
1390 3041 1688 3113 maluique
1712 3045 1894 3100 ambi-

246 3149 389 3205 guos
424 3149 783 3204 permanere,
817 3148 993 3202 quam
1028 3130 1200 3186 falsos
1224 3134 1323 3185 aut
1353 3135 1653 3195 extraneos
1684 3151 1892 3190 sensus

1521 339 1743 401 LIBER
1792 337 1895 399 DE
1939 336 2362 398 ORATIONE.

2650 10 2807 19 ——_-—.
2814 10 2997 21 “hu
3004 14 3025 21 μ

3476 348 3634 408 1250

1905 469 1955 534 Α
1988 468 2140 539 quod
2170 469 2407 539 optabat
2462 470 2699 541 perfecit
2756 471 2921 543 (Plin.
2987 471 3026 527 l.
3088 490 3256 545 xxxv,
3289 493 3337 530 c.
3401 478 3509 549 10),
3543 480 3629 535 sic

1981 557 2127 628 ipse,
2162 558 2300 612 dum
2338 564 2591 614 mentem
2618 559 2885 630 pluribus
2912 562 3160 633 involvo,
3185 563 3381 635 aliquo
3413 573 3626 622 conatu

1981 647 2211 701 evenire
2236 664 2405 718 posse
2439 649 2655 718 putavi,
2683 655 2745 703 ut
2768 648 3023 721 aliquem
3051 653 3195 707 forte
3221 655 3478 710 auctoris
3503 673 3631 711 sen-

1982 752 2110 789 sum
2132 753 2492 806 asscquerer,
2517 739 2667 808 quod
2686 744 2741 792 et
2758 741 2911 809 apud
2929 740 3309 813 philosophos
3350 746 3629 801 Averroes

1982 824 2040 877 in
2074 824 2469 891 Aristotelem,
2505 831 2559 880 et
2609 828 2759 896 apud
2814 834 3045 883 nostros
3082 831 3336 896 Angelus
3371 833 3632 891 Ubaldus

1984 912 2041 965 in
2078 912 2321 966 novellis
2354 914 2885 972 Constitutionibus
2924 918 3239 973 Justiniani
3272 922 3631 993 explicandis

1986 1002 2137 1055 male
2168 1002 2227 1055 in
2260 1002 2433 1058 aliam
2485 1003 2745 1073 linguam
2796 1007 2981 1061 versis
3004 1009 3262 1064 effecisse
3294 1018 3629 1067 censentur.

1986 1090 2271 1145 Historias
2304 1108 2532 1162 quoque
2556 1111 2783 1165 omnes,
2802 1112 2948 1166 quas
2973 1098 3206 1169 attingit
3239 1101 3431 1169 potius
3455 1119 3627 1172 quam

1991 1184 2205 1249 narrat,
2240 1182 2338 1236 ubi
2371 1198 2516 1252 opus
2550 1182 2681 1247 fuit,
2714 1200 2783 1237 ex
2815 1186 3073 1254 probatis
3095 1190 3434 1244 auctoribus
3465 1208 3633 1246 enar-

1988 1268 2129 1337 ravi,
2164 1286 2233 1324 ne
2265 1270 2356 1324 cui
2389 1271 2697 1325 dubitandi
2729 1273 3076 1344 scrupulum
3121 1276 3534 1350 relinquerem.
3571 1282 3632 1335 In

1988 1358 2203 1428 quibus
2236 1358 2381 1412 liber
2409 1358 2474 1413 de
2507 1358 2716 1415 Corona
2740 1362 2965 1429 militis,
2988 1364 3056 1416 ad
3080 1368 3354 1435 Martyres
3376 1367 3439 1422 de
3475 1369 3641 1425 Cultu

1988 1448 2355 1516 feminarum,
2386 1448 2449 1502 de
2480 1448 2831 1519 Spectaculis,
2863 1459 2920 1505 et
2961 1452 3353 1525 Apologeticus,
3391 1458 3491 1512 sed
3524 1459 3639 1513 im-

1991 1536 2198 1606 primis
2229 1536 2579 1607 0pusculum
2640 1537 2703 1591 de
2763 1540 2940 1594 Pallio
2990 1558 3105 1595 non
3163 1544 3454 1600 mediocre
3493 1548 3637 1603 mihi

1993 1626 2290 1695 negotium
2316 1626 3006 1691 exhibueruntQuaadam
3033 1647 3099 1684 ex
3122 1631 3211 1685 his
3243 1633 3422 1705 aliqui
3455 1636 3638 1708 expli-

1993 1721 2234 1779 carunt;
2272 1716 2369 1769 sed
2405 1716 2541 1786 quid
2578 1716 2690 1785 illi,
2725 1724 2778 1771 et
2802 1718 2928 1788 ipse
2960 1722 3350 1790 praestiterim,
3390 1723 3637 1780 aliorum

1994 1806 2103 1859 erit
2132 1804 2431 1873 judicium.
2467 1805 2743 1861 Cmterum
2787 1806 3101 1864 levioribus
3147 1811 3641 1885 quibuscumque,

1999 1898 2054 1948 et
2084 1893 2155 1947 iis
2187 1910 2309 1962 quea
2343 1893 2534 1949 facilia
2562 1894 2685 1949 visa
2717 1900 2876 1962 sunt,
2910 1898 3339 1968 praetermissis,
3382 1902 3646 1959 difficilia

1996 1987 2225 2039 tantum
2258 1982 2528 2053 explicui,
2575 1984 2704 2055 ipsa
2760 2001 2934 2056 opera
2993 1987 3356 2058 Tertulliani,
3420 1997 3643 2048 mutato

1998 2072 2185 2145 ipsius
2208 2073 2432 2140 ordine,
2457 2072 2516 2127 in
2536 2076 2653 2127 tres
2677 2079 2872 2144 partes
2895 2075 2951 2128 in
2971 2078 3220 2147 gratiam
3240 2080 3641 2137 studiosorum

1998 2180 2103 2236 pro
2131 2161 2385 2217 materia
2413 2162 2690 2217 varietate
2720 2162 3014 2218 distribui.

2069 2252 2128 2307 Si
2159 2252 2299 2324 quid
2335 2255 2529 2305 autem
2571 2250 2833 2322 legentes
2883 2252 3181 2327 adjuvero,
3234 2261 3344 2312 Deo
3377 2260 3643 2316 omnium

1996 2359 2129 2398 vero
2151 2340 2362 2395 lumini
2380 2344 2685 2412 acceptum
2710 2357 2723 2408 ;
2751 2342 2798 2395 si
2817 2347 3035 2411 contra,
3066 2361 3205 2400 mea
3232 2347 3646 2422 imbecillitati,

1999 2438 2172 2503 atque
2204 2429 2461 2484 facilitati
2497 2428 2677 2498 illius,
2710 2430 2812 2501 qui
2848 2431 3068 2489 malum
3117 2434 3496 2509 interpretem
3530 2439 3643 2494 ele-

1998 2523 2103 2596 git,
2163 2520 2489 2593 imputabo.
2570 2520 2845 2592 Magnum
2904 2528 3097 2591 certe,
3151 2530 3209 2581 et
3269 2528 3643 2600 antiquorum

1999 2612 2271 2669 Ecclesiae
2291 2611 2510 2665 rituum
2542 2610 2893 2681 magistrum
2917 2614 2988 2667 ab
3019 2616 3295 2671 omnibus
3327 2616 3640 2689 legendum

1998 2708 2293 2761 auctorem
2309 2700 2724 2771 habemus,qui
2746 2706 2803 2756 et
2823 2704 3209 2759 recentiorum
3239 2705 3640 2763 haereticorum

2000 2810 2224 2851 errores
2254 2791 2581 2860 contundit,
2614 2791 2755 2845 dum
2788 2808 2938 2864 saepe
2987 2794 3414 2851 Eucharistiam
3440 2814 3643 2853 verum

2000 2899 2213 2955 corpus
2243 2880 2454 2936 Christi
2486 2896 2615 2935 esse
2637 2881 2816 2935 tradit
2848 2882 2939 2952 (de
2975 2899 3089 2953 quo
3113 2889 3305 2940 tamen
3330 2902 3501 2942 nemo
3533 2905 3646 2943 un-

2000 2990 2174 3045 quam
2207 2986 2393 3041 usque
2425 2970 2497 3024 ad
2547 2970 2959 3041 Berengarium
3002 2973 3293 3030 dubitavit
3341 2980 3442 3031 aut
3471 2977 3649 3032 dubi-

2004 3068 2123 3117 tare
2155 3060 2385 3133 potuit),
2418 3058 2870 3129 exomologesim
2917 3066 3287 3131 peccatorum
3322 3064 3649 3120 faciendam

2003 3156 2223 3215 monet,
2246 3167 2346 3222 pro
2373 3148 2664 3203 defunctis
2682 3148 3007 3206 oblationes
3032 3152 3154 3207 fieri
3173 3154 3547 3210 consuevisse
3570 3154 3653 3210 in-

244 3222 646 3312 inducf"???
675 3219 894 3291 aliqum
916 3218 1139 3312 Pomm
1191 3219 1509 3312 deﬂid_e'_'ari
1554 3237 1729 3312 (luam
1765 3240 1889 3277 σοι’·
1921 3222 1961 3287 C
2006 3218 2472 3305 dicat,Romana3
2492 3237 3070 3295 sedisauctoritatem
3089 3242 3381 3312 prsidicat,
3402 3244 3655 3300 animas-

247 3309 462 3381 rumpi.
498 3308 653 3362 Nihil
686 3313 878 3362 tamen
914 3308 1197 3361 intactum
1250 3308 1445 3372 omisi,
1480 3325 1544 3363 ac
1573 3309 1629 3363 in
1665 3313 1895 3382 magnis

248 3398 709 3453 obscuritatibus
742 3396 927 3451 satius
977 3411 1105 3450 esse
1152 3396 1309 3465 duxi,
1363 3398 1662 3467 ingenium
1699 3417 1895 3454 meum

246 3486 588 3559 periclitari,
621 3503 797 3558 quam
822 3486 1099 3540 confusos
1120 3484 1367 3540 lectores
1392 3486 1630 3541 dimitti.
1659 3489 1726 3542 Et
1748 3490 1900 3543 sicut

247 3578 619 3647 Protogenes,
645 3592 983 3646 quanquam
1017 3574 1287 3647 egregius
1319 3576 1526 3647 pictor,
1560 3593 1693 3632 cum
1718 3578 1898 3633 anhe-

247 3665 421 3721 lantis
456 3667 589 3738 equi
622 3681 919 3737 spumam,
954 3680 1075 3719 rem
1110 3669 1307 3720 tamen
1340 3665 1546 3733 levem,
1576 3668 1899 3739 exprimere

249 3773 362 3810 non
397 3760 613 3827 posset,
647 3755 992 3826 indignatus
1021 3754 1152 3819 arti,
1179 3755 1424 3825 spongia
1447 3756 1723 3813 omnibus
1756 3757 1902 3813 colo-

2007 3348 2119 3403 que
2140 3330 2548 3383 defunctorum
2582 3328 2715 3400 igne
2749 3331 3005 3400 purgari,
3026 3330 3277 3399 jejunis,
3306 3331 3539 3404 aliaque
3564 3333 3657 3389 his

2007 3419 2244 3485 similia,
2270 3434 2394 3488 quae
2417 3416 2658 3488 longum
2678 3422 2830 3473 esset
2855 3434 3152 3475 recensere
3174 3422 3651 3493 comprobat.Sed

2009 3508 2235 3564 insanis
2278 3516 2393 3561 nOn
2446 3505 2612 3561 facile
2665 3510 2753 3561 est
2801 3507 3151 3574 rationibus,
3207 3518 3303 3565 aut
3337 3512 3656 3567 auctorita-

2008 3600 2169 3656 tibus
2201 3597 2573 3669 persuadere.
2608 3596 2724 3652 Has
2754 3597 2935 3669 igitur
2975 3615 3135 3653 meas
3175 3598 3657 3656 lucubratiuncu-

2010 3690 2096 3745 las
2145 3686 2391 3756 bcnigne
2435 3686 2685 3757 accipies
2745 3692 2800 3741 et
2851 3687 2999 3760 aequi
3054 3689 3313 3762 bonique
3365 3690 3659 3747 consules.

2008 3779 2171 3835 Vale.

249 3844 415 3900 ribus
448 3845 725 3915 impacta,
774 3848 833 3899 et
882 3843 1203 3898 animantis
1253 3842 1424 3898 labiis
1472 3844 1727 3915 admota,
1761 3863 1900 3901 casu

2730 4005 3139 4013 Μ

1015 4139 1483 4269 LIBER
1584 4142 1790 4269 DE

2017 4122 2898 4277 RATIONE“).

324 4490 525 4546 1149
560 4490 997 4546 ARGUMENTUM.
1033 4492 1246 4548 Aureus
1276 4493 1373 4549 ille
1401 4494 1643 4562 libellus,
1676 4512 1709 4549 a
1744 4494 2089 4550 Tertulliano
2118 4508 2249 4549 sane
2278 4491 2455 4548 adhuc
2481 4491 2753 4546 catholico
2782 4490 3403 4562 descriptus,imo,modo
3424 4492 3494 4547 ad
3523 4510 3667 4548 mar-

253 4583 409 4652 tyras
441 4580 902 4647 adhortationem,
936 4583 988 4635 si
1027 4582 1189 4649 lubet,
1245 4586 1511 4655 excipias,
1542 4586 1775 4655 primus,
1801 4584 1989 4655 judice
2008 4585 2069 4638 D.
2108 4584 2388 4654 Lumpero,
2423 4585 2566 4637 tanta
2609 4582 2833 4649 huiusce
2874 4581 3093 4649 ingenii
3140 4584 3350 4636 recenti
3399 4581 3510 4651 ﬁde
3545 4584 3667 4655 jam

254 4671 631 4727 reviviscentis
659 4671 894 4739 fructus,
924 4673 1130 4741 partim
1159 4671 1222 4727 de
1251 4688 1312 4728 re
1342 4674 1659 4742 dogmatica
1690 4672 1790 4744 est,
1821 4676 2036 4745 partim
2067 4672 2132 4729 de
2158 4673 2399 4729 moribus
2429 4676 2480 4727 et
2507 4670 2828 4742 disciplina.
2862 4701 2927 4712 --
2958 4676 3027 4727 In
3055 4673 3239 4743 priore
3288 4673 3462 4744 ipsius
3486 4684 3667 4745 parte,

1694 4792 2218 4854 Commentarius.

322 4896 395 4966 (1)
421 4896 585 4972 Hunc
616 4896 883 4953 libellum
918 4898 1344 4972 aiTertulliano
1386 4905 1519 4956 ante
1568 4900 1801 4972 lapsum
1836 4902 1904 4955 ad
1940 4908 1986 4969 D
2020 4898 2327 4954 familiaris
2353 4903 2407 4954 et
2439 4896 2783 4969 quotidiana
2808 4897 3083 4972 precandi
3107 4898 3377 4967 formula,
3413 4898 3504 4955 his
3527 4917 3671 4972 pres-

253 4967 713 5048 Montanismum
734 4971 1145 5048 conscriptum
1192 4973 1375 5029 fuisse
1425 4967 1905 5048 omnes-consen-

252 5040 425 5094 tiunt.
462 5040 704 5097 Videtur
734 5040 1152 5109 homilia—esse,
1207 5062 1306 5100 seu
1344 5063 1540 5101 sermo
1590 5047 1657 5101 ad
1693 5052 1908 5101 coctum

251 5111 715 5186 Christianorum
776 5116 1038 5181 habitus,
1101 5118 1250 5186 quod
1312 5119 1481 5173 nobis
1532 5119 1724 5172 innuit
1774 5135 1909 5173 cum

251 5184 406 5238 istud
444 5186 660 5259 ingcap.
695 5205 732 5259 1,
768 5184 1183 5242 Consideremus
1228 5191 1412 5259 itaque
1462 5190 1749 5254 benedicti,
1782 5195 1907 5245 tum

250 5257 877 5331 opusculiconclusio.
933 5260 1091 5313 Idem
1154 5257 1410 5331 quoque,
1458 5268 1523 5316 ut
1583 5262 1772 5317 obiter
1802 5262 1911 5315 hoc

252 5335 473 5394 notem,
505 5330 574 5385 de
608 5332 665 5385 S.
707 5331 981 5401 Cypriani
1012 5336 1267 5385 tractatu
1298 5330 1383 5387 ’de
1434 5334 1699 5389 Oratione
1728 5335 1910 5390 Domi-

252 5403 381 5456 nica
413 5401 717 5473 inscripto,
753 5403 997 5457 forsitan
1040 5404 1442 5458 statuendum.
1478 5407 1694 5461 Reum.

321 5505 388 5514 —
423 5474 581 5529 Inter
611 5474 855 5530 eximias
889 5475 1182 5531 Orationis
1217 5476 1538 5533 Dominicae
1571 5480 1758 5542 dotes,
1792 5476 1913 5531 haec

251 5544 439 5670 Elanse
473 5553 563 5603 est
620 5548 910 5603 mirabilis
956 5554 1129 5619 atque
1189 5549 1406 5615 divina,
1471 5552 1623 5623 quod
1679 5567 1807 5605 cum
1842 5550 1912 5604 ab

304 5618 587 5670 "milibus
619 5626 673 5670 et
697 5619 966 5670 angustis
990 5620 1288 5670 mentibus
1312 5621 1595 5670 caninhm
1628 5624 1912 5670 sublimes

304 5618 587 5693 nmilibus
619 5626 673 5677 et
697 5619 966 5693 angustis
990 5618 1288 5677 mentibus
1312 5618 1597 5693 capiatur,
1628 5624 1914 5679 sublimes

256 5689 649 5751 nihilominus
678 5699 735 5751 et
778 5689 1203 5768 capacissimas
1253 5689 1464 5768 explet.
1518 5689 1637 5752 lllis
1676 5696 1913 5768 quidem

2018 4977 2178 5027 terea
2210 4973 2388 5026 totius
2417 4972 2752 5025 Christianae
2784 4969 3104 5041 disciplina
3149 4969 3673 5026 breviariumIHoc

2021 5045 2273 5099 scelestis
2296 5045 2493 5112 gratiis
2520 5043 2730 5113 pignus
2757 5042 2951 5097 Patres
2977 5042 3198 5113 antiqui
3232 5044 3500 5097 certatim
3526 5060 3669 5113 prte-

2021 5118 2307 5171 dicavere.
2334 5118 2512 5171 Nemo
2530 5114 2885 5169 'l‘ertulliano
2904 5116 3130 5169 doctius
3153 5114 3458 5185 explicavit
3479 5132 3670 5177 ;nemo

2023 5189 2313 5244 sanctiore
2353 5190 2512 5243 cultu
2566 5187 2814 5259 posteris
2868 5187 3175 5241 colendum
3229 5186 3670 5259 demonstravit.

2026 5260 2243 5317 Libello
2276 5262 2517 5316 titulum
2570 5258 2709 5314 fecit
2740 5260 2811 5313 De
2871 5260 3147 5321 Oratione,
3199 5262 3317 5311 tam
3377 5258 3668 5314 excellen-

2024 5340 2138 5389 tem
2174 5350 2350 5404 quam
2386 5331 2903 5404 simplicem,cum
2946 5330 3231 5399 signiﬁcet
3275 5329 3671 5404 Christianam

2023 5406 2094 5461 ab
2152 5402 2278 5477 ipso
2340 5405 2437 5460 Dei
2500 5406 2642 5460 Filio
2702 5403 3011 5477 dictatam.
3074 5406 3279 5477 Preces
3333 5402 3671 5477 imperatori

2025 5473 2227 5532 dandis
2252 5478 2478 5550 concipi
2504 5478 2768 5533 solebant
2799 5473 3440 5550 adhibitojurisperito.
3466 5474 3672 5550 Preces

2026 5552 2094 5605 ad
2127 5556 2305 5607 Deum
2340 5546 2570 5607 nostras
2594 5546 2923 5618 composuit
2953 5546 3118 5619 nobis
3142 5546 3396 5602 cmlestis
3419 5547 3673 5619 jurispe-

2024 5625 2175 5681 ritus
2206 5623 2491 5681 Dominus
2523 5626 2721 5678 noster
2750 5619 2924 5676 Jesus
2957 5618 3249 5677 Christus.
3283 5619 3411 5676 Βία.
