4162 6374
498 306 651 367 1251
1052 298 1580 364 TERTULLIANI
1622 298 1947 361 OPERUM
1995 298 2192 360 PARS
2233 299 2396 359 1.-
2427 298 2699 360 SERIES
2740 299 2817 375 Π,
2864 300 3343 365 DOGMATICA.
3755 306 3921 366 125!

492 437 814 498 Orationem
865 433 1223 499 Dominicam,
1279 431 1493 502 primus
1549 431 1795 486 omnium
1853 445 1992 502 quos
2030 428 2358 498 noverimus,
2402 427 2696 500 Septimius
2722 438 2909 487 noster
2959 431 3264 488 luculenter
3309 433 3577 505 explicat,
3632 435 3694 489 in
3742 450 3923 507 eaque

492 528 657 583 totius
687 522 975 591 Evangelii
1001 521 1317 576 doctrinam
1346 519 1493 575 velut
1523 520 1581 574 in
1629 519 1919 590 cujusdam
1969 517 2275 589 compendii
2301 518 2517 589 speculo
2544 516 2835 573 collectam
2864 519 3125 581 exhibet;
3151 521 3320 577 multi
3346 526 3463 592 post
3490 538 3617 578 eum
3647 524 3915 578 eamdem

497 616 689 670 tritam
718 611 957 666 habuere
985 611 1133 665 viam
1160 624 1228 666 ac
1257 611 1322 665 in
1350 626 1479 664 eam
1510 609 1784 680 imprimis
1831 609 1946 679 ejus
1975 623 2045 662 ea:
2090 616 2281 679 aperto
2336 607 2643 678 discipulus
2693 608 3007 679 Cyprianus
3055 617 3194 665 totus
3251 612 3411 665 abiit.
3480 615 3549 667 In
3606 614 3920 682 posteriori

490 710 672 776 parte,
706 716 815 771 qua
846 700 1156 771 pra'sertim
1186 700 1405 753 ratione
1431 699 1609 752 sacris
1639 697 2055 767 interagendum
2105 698 2197 762 sit,
2246 697 2406 766 quive
2449 712 2672 767 precum
2727 698 2871 752 ritus
2926 698 3040 753 sint
3084 702 3183 753 aut
3210 699 3498 755 omittendi
3553 705 3656 755 aut
3712 701 3915 757 sedulo

492 788 836 863 perﬁciendi,
870 803 1005 841 rara
1038 786 1350 855 admodum,
1382 802 1481 857 pro
1514 790 1820 857 temporum
1860 788 2146 852 vetustate,
2192 785 2535 853 expositione
2582 784 2934 853 indigitatur.
2966 816 3035 826 -—
3085 792 3256 842 Porro
3308 789 3422 843 hec
3467 799 3601 844 sunt
3624 792 3916 861 praecipua

493 879 696 948 prioris
720 878 895 948 partis
922 877 1140 947 capita:
1179 876 1229 928 1°
1285 875 1501 943 Quanta
1554 876 1629 929 sit
1658 874 1831 929 oratio
1870 874 1969 928 illa
2028 889 2193 944 quam
2252 875 2479 944 ipsemet
2534 872 2771 927 tradidit
2798 874 2899 928 Dei
2925 889 3109 930 sermo
3135 879 3190 929 et
3217 875 3317 930 Dei
3344 878 3508 943 ratio,
3566 893 3754 934 sermo
3810 896 3912 934 ra-

493 968 658 1023 tionis
686 969 735 1020 et
764 966 914 1020 ratio
942 965 1232 1029 sermonis,
1268 964 1327 1018 D.
1361 964 1424 1019 Ν.
1455 964 1509 1019 J.
1542 963 1597 1017 C.
1632 962 1760 1034 Cap.
1794 962 1843 1017 1.
1873 963 1930 1016 2°
1984 961 2228 1017 Subinde
2273 960 2562 1016 deducitur
2603 961 2897 1017 exordium
2953 964 3014 1017 in
3070 978 3179 1035 quo
3224 967 3551 1033 agnoscitur
3597 967 3793 1036 Pater,
3857 975 3911 1024 et

494 1059 556 1112 in
585 1058 748 1111 Patre
778 1054 959 1108 Filius
988 1054 1293 1118 invocatur,
1324 1068 1424 1108 nec
1449 1057 1626 1106 mater
1654 1050 1867 1123 quidem
1901 1052 2138 1107 Ecclesia
2170 1051 2516 1122 praeteritur.
2551 1048 2660 1121 Cap
2712 1051 2767 1105 2.
2816 1050 2874 1105 3°
2932 1052 3063 1106 Tum
3113 1052 3338 1121 singula
3372 1053 3671 1125 sigillatim
3711 1054 3911 1127 expli-

494 1153 651 1200 catur
673 1143 890 1215 petitio,
920 1144 1102 1214 prima
1132 1157 1343 1213 nempe,
1374 1157 1482 1213 qua
1512 1150 1568 1195 et
1595 1156 1691 1195 nos
1724 1139 2062 1210 Angelorum
2089 1138 2402 1209 candidati,
2434 1140 2700 1195 cwlestem
2729 1141 2827 1196 Dei
2852 1140 3089 1211 gloriam
3122 1142 3401 1213 ipsiusque
3425 1145 3488 1198 in
3515 1144 3676 1199 nobis
3705 1162 3914 1202 nomen

491 1233 894 1302 sanctiﬁcatum
945 1232 1304 1302 postulamus.
1339 1230 1472 1301 Cap.
1523 1230 1575 1283 3.
1622 1228 1871 1283 Secunda
1917 1244 2043 1283 vero
2091 1236 2317 1298 rogatur
2365 1235 2425 1282 ut
2453 1229 2554 1298 ﬁat
2579 1228 2697 1298 ejus
2725 1228 2980 1283 voluntas
3010 1229 3066 1283 in
3093 1228 3249 1284 nobis
3277 1232 3377 1300 qui
3402 1229 3607 1286 coelum
3635 1236 3693 1288 et
3753 1237 3913 1288 terra

489 1336 698 1376 sumus.
734 1320 864 1389 Cap.
898 1319 951 1374 4.
987 1320 1163 1373 Tertia
1193 1324 1384 1373 autem
1400 1316 1780 1389 festinandum
1808 1324 1889 1371 est
1937 1316 2008 1370 ad
2046 1316 2162 1386 spei
2215 1318 2428 1371 nostra:
2475 1314 2823 1386 complexum
2844 1315 2915 1370 ad
2942 1323 3127 1372 votum
3153 1317 3618 1389 Christianorum,
3652 1320 3726 1375 ad
3774 1338 3909 1377 con-

490 1411 772 1481 fusionem
801 1407 1110 1473 nationum,
1145 1406 1214 1462 ad
1243 1407 1674 1461 exsultationem
1725 1405 2074 1475 Angelorum.
2128 1405 2262 1473 Cap.
2306 1403 2360 1457 5.
2420 1404 2631 1471 Quarta
2671 1403 2969 1476 trifariam
2997 1404 3216 1476 quidem
3244 1406 3409 1462 habet
3436 1409 3911 1480 explicationem,

491 1498 701 1554 scilicet
733 1495 798 1550 de
821 1510 965 1563 pane
991 1495 1294 1560 communi,
1325 1493 1525 1548 deinde
1555 1494 1628 1547 de
1659 1491 1875 1546 Christo
1930 1495 2118 1563 utpote
2164 1490 2510 1547 credentium
2562 1507 2725 1562 pane,
2780 1495 3055 1564 postremo
3113 1494 3178 1549 de
3204 1509 3425 1566 corpore
3449 1496 3661 1552 Christi
3702 1499 3912 1554 eucha-

492 1587 706 1641 ristico.
739 1583 867 1654 Cap.
908 1583 962 1637 6.
997 1583 1127 1637 Tum
1156 1584 1254 1637 Dei
1281 1582 1631 1638 clementiam
1671 1581 1862 1652 quinta
1891 1581 2171 1652 implorat.
2208 1578 2339 1650 Cap.
2371 1580 2425 1635 7.
2458 1579 2626 1637 Sexta
2653 1580 2875 1636 demum
2902 1585 2955 1637 et
2982 1584 3215 1654 septima
3244 1585 3629 1654 tentationem,
3658 1588 3914 1642 malum-

495 1695 599 1751 que
627 1678 973 1749 deprecatur.
1010 1675 1147 1743 Cap.
1178 1674 1214 1726 7
1240 1672 1293 1724 9.

566 1769 701 1822 Pars
726 1781 856 1821 vero
881 1762 1150 1833 posterior
1176 1759 1471 1830 multiplex
1496 1766 1594 1829 est,
1624 1774 1723 1814 nec
1750 1761 1932 1812 tamen
1963 1758 2247 1827 aegerrime
2272 1757 2342 1811 ad
2371 1758 2483 1811 tria
2511 1758 2629 1814 haec
2665 1756 2987 1815 reducitur:
3021 1759 3079 1814 1°
3109 1759 3377 1828 Quaenam
3407 1765 3534 1817 ante
3582 1764 3915 1820 orationem

492 1860 778 1929 [ructuose
805 1854 1056 1908 animam
1085 1852 1412 1920 praeparent,
1443 1848 1717 1901 nimirum
1745 1848 2011 1901 memoria
2038 1852 2460 1916 praeceptorum,
2492 1862 2563 1901 ac
2614 1860 2734 1917 prae
2789 1846 3043 1902 omnibus
3096 1848 3284 1919 ofﬁcia
3342 1850 3655 1919 charitalis,
3718 1852 3911 1911 libera

495 1945 675 2000 animi
703 1942 939 1998 intentio
970 1954 1079 2010 qua
1110 1937 1520 1993 inenarrabiles
1547 1937 1777 2007 spiritus
1805 1931 1874 1990 ad
1907 1940 2125 1989 Patrem
2154 1937 2383 2005 gemitus
2412 1935 2732 1990 eliciuntur.
2785 1936 2914 2007 Cap.
2949 1936 3135 1991 10-15.
3179 1938 3241 1990 2°
3290 1938 3555 2007 Quantam
3606 1941 3728 1996 sive
3776 1947 3916 1999 απιε

497 2035 615 2089 sive
641 2037 761 2101 post
794 2030 1094 2086 orationem
1129 2027 1296 2081 libeat
1325 2027 1591 2091 omittere,
1626 2025 1724 2080 hoc
1751 2039 1944 2095 nempe
1974 2030 2051 2077 est
2079 2023 2163 2077 vel
2191 2039 2387 2077 manus
2418 2023 2667 2091 abluere,
2700 2026 2783 2079 vel
2836 2024 3100 2095 penulam
3146 2024 3447 2097 deponere,
3496 2028 3584 2082 vel
3630 2030 3910 2086 assidere.

497 2129 628 2194 Cap.
668 2121 855 2177 16-17.
889 2121 945 2175 3°
974 2124 1248 2189 Qumnam
1280 2132 1401 2171 vero
1450 2115 1675 2171 deceant
1719 2117 1816 2169 aut
1864 2129 2075 2168 necesse
2104 2115 2215 2168 sint
2241 2113 2576 2184 peragenda,
2610 2114 2817 2170 scilicet
2842 2130 3108 2169 manuum
3136 2115 3302 2170 elatio
3321 2132 3342 2178 ;
3372 2115 3587 2183 vultus,
3646 2122 3918 2192 vocisque

496 2212 783 2278 demissio;
815 2211 1066 2265 osculum
1107 2207 1261 2278 pacis
1282 2222 1303 2267 ;
1330 2207 1492 2260 statio
1522 2204 1592 2259 ad
1622 2220 1801 2271 aram,
1835 2206 2047 2273 accepto
2077 2218 2301 2272 corpore
2327 2204 2551 2257 Domini
2573 2205 2628 2257 et
2650 2213 2961 2265 reservato;
2986 2203 3204 2259 habitus
3250 2205 3592 2263 feminarum
3616 2206 3915 2265 modestus

493 2303 848 2370 υειαγηεηᾳαθ
871 2297 1162 2369 virginum
1180 2310 1201 2356 ,·
1234 2308 1413 2361 genua
1441 2291 1696 2362 ﬂectendi
1722 2292 1884 2354 ritus,
1916 2290 2063 2344 locus
2091 2290 2310 2354 orandi,
2343 2291 2601 2362 horaeque
2629 2292 3022 2353 solemniores;
3054 2294 3302 2348 alternus
3328 2294 3672 2364 psalmorum
3700 2306 3910 2354 cantus

492 2403 767 2459 agapeque
797 2386 1005 2451 devota,
1040 2391 1299 2440 coronata
1326 2395 1448 2436 cum
1477 2397 1673 2451 pompa
1702 2395 1929 2450 operum
1958 2380 2242 2445 bonorum,
2275 2381 2428 2434 inter
2451 2378 2696 2450 psalmos
2724 2384 2777 2437 et
2802 2384 3033 2452 hymnos
3063 2380 3133 2436 ad
3158 2382 3338 2437 altare
3369 2384 3471 2438 Dei
3496 2383 3910 2458 deducta.Cap.

494 2479 678 2534 16-28.
715 2478 982 2548 Conferte:
1007 2475 1134 2530 huic
1162 2488 1227 2527 ac
1256 2473 1463 2526 mirum
1494 2472 1552 2527 in
1582 2469 1803 2525 modum
1831 2470 2025 2540 opimae
2054 2472 2303 2523 veterum
2331 2471 2546 2524 rituum
2573 2470 2750 2539 copiae
2775 2469 3189 2543 superadditur,
3211 2470 3488 2529 coronldis
3518 2474 3728 2544 instar,
3749 2476 3824 2532 de
3852 2480 3916 2532 vi

491 2572 542 2624 et
570 2568 769 2640 effectu
798 2566 1065 2623 orationis
1087 2565 1285 2620 ornata
1312 2560 1759 2632 amplissimaque
1787 2557 2096 2630 descriptio.
2131 2558 2265 2630 Cap.
2299 2559 2389 2615 29.
2420 2560 2561 2615 Eoo.

1018 2789 1247 2847 CAPUT
1286 2788 1598 2846 PRIMUM.
2159 2789 2215 2856 Α
2241 2788 2415 2845 Jesus
2444 2788 2712 2846 Christus
2765 2788 3044 2847 Dominus
3094 2793 3308 2861 noster,
3352 2790 3522 2848 nobis
3574 2791 3904 2866 discipulis

571 2885 665 2942 Dei
696 2883 941 2956 spiritus
974 2882 1046 2954 (2)
1078 2886 1134 2937 et
1162 2881 1262 2937 Dei
1297 2896 1512 2947 sermo,
1545 2883 1599 2934 et
1632 2877 1731 2933 Dei
1774 2877 1920 2933 ratio
1952 2878 2050 2949 (3),
2081 2881 2138 2933 et
2246 2878 2447 2935 1151
2484 2878 2615 2934 novi
2637 2882 2655 2914 ¹
2688 2878 3047 2935 Testamenti
3078 2896 3285 2936 novam
3319 2880 3605 2937 orationis
3634 2881 3905 2940 formam

498 2989 686 3031 sermo
745 2970 989 3028 rationis
1022 2969 1097 3043 (4)
1153 2974 1211 3025 et
1248 2967 1396 3025 ratio
1452 2966 1761 3034 sermonis,
1819 2970 2137 3036 utrumque
2247 2965 2675 3023 determinavit.
2701 2967 3015 3039 Oportebat
3033 2968 3191 3024 enim
3221 2967 3281 3024 in
3302 2967 3413 3025 hac
3436 2985 3675 3041 quoque
3698 2972 3911 3043 specie

1920 3066 2123 3127 Variae
2169 3065 2487 3128 lectiones.

566 3165 583 3199 ¹
616 3159 795 3218 Nobis
824 3159 967 3216 delet
988 3157 1219 3215 Semler.
1252 3156 1469 3214 Oberth.

1925 3233 2439 3296 Commentarius.

566 3348 641 3415 (2)
675 3346 771 3401 Dei
828 3345 1116 3416 spiritus.‘
1137 3342 1264 3398 Non
1294 3341 1413 3416 ihio
1469 3346 1725 3407 tantum,
1758 3342 1889 3416 sed-
1917 3346 1976 3396 et
2003 3340 2144 3396 alibi
2250 3340 2461 3396 molem
2495 3340 2668 3396 istam
2692 3356 2826 3416 cum
2849 3342 3005 3398 omni
3028 3341 3421 3416 instrumento
3441 3342 3904 3414 elementorum,

496 3412 766 3496 Christus
792 3412 1237 3496 ΔειςΤεξῐυῐιξΙιίειηο
1285 3415 1386 3496 Dei
1406 3416 1655 3496 spiritus
1703 3412 2051 3496 appellatur,
2077 3417 2142 3467 ut
2251 3427 2580 3496 σοι-μοῖραι,
2614 3412 2953 3496 spirituum,
2997 3415 3191 3486 verbo,
3233 3416 3589 3496 quo.jus_sit,
3623 3412 3901 3496 ratione,

495 3491 691 3544 videre
719 3492 812 3542 est
839 3487 898 3541 in
921 3487 1168 3556 Apolog.,
1193 3501 1323 3553 cap.
1357 3487 1449 3550 21,
1480 3490 1537 3540 et
1565 3485 1827 3541 adversus
1856 3485 2137 3556 Marciam,

494 3559 598 3616 lib.
633 3578 673 3625 ι,
707 3575 831 3629 cap.
880 3559 968 3621 10,
1020 3562 1078 3611 et
1097 3555 1210 3612 lib.
1262 3572 1346 3622 ιιι,
1379 3572 1502 3627 cap.
1552 3557 1587 3610 6
1616 3564 1689 3629 et
1723 3558 1810 3624 16,
1832 3561 1897 3629 (et
1928 3555 2027 3629 lib.
2061 3571 2138 3629 iv,

493 3648 622 3703 cap.
655 3632 744 3699 21,
778 3625 1121 3703 etqadversus
1165 3625 1464 3703 Pronoeam,
1511 3643 1640 3703 cap.
1672 3628 1760 3681 26.
1810 3625 2136 3699 Appellatio

496 3697 648 3758 certe
682 3697 897 3757 nostris
928 3716 1085 3754 nunc
1135 3698 1377 3753 auribus
1426 3697 1598 3753 male
1620 3697 1950 3765 sonans,‘at
1980 3703 2135 3753 vete-

494 3774 658 3828 ribus
718 3772 1095 3843 quibusdam,
1153 3770 1422 3843 htereses,
1484 3786 1611 3843 qua:
1670 3769 1880 3843 deinde
1923 3768 2134 3824 obortis

492 3849 650 3909 sunt,
687 3841 821 3899 ante
852 3842 1049 3899 oculos
1096 3857 1210 3896 non
1261 3841 1635 3906 habentibus,
1695 3841 1928 3897 incaute
1959 3857 2134 3895 usur-

492 3922 644 3988 pata.
678 3916 739 3971 In
772 3932 839 3969 ea
889 3914 1261 3986 potissimum
1298 3912 1601 3988 sententia
1642 3912 1750 3988 fuit
1800 3913 2132 3988 Lactantius

2250 3499 2365 3554 qua
2410 3483 2719 3558 disposuit,
2769 3484 3001 3555 virtute,
3051 3483 3186 3558 qua
3214 3483 3425 3558 potuit,
3459 3487 3530 3543 de
3576 3483 3766 3544 nihilo
3799 3483 3902 3545 ex;

2248 3555 2461 3626 pressit
2489 3556 2547 3611 in
2580 3561 2988 3612 ornamentum
3021 3555 3348 3629 maiestatis
3396 3574 3536 3615 suis.
3573 3580 3604 3609 ››
3632 3558 3705 3616 G.
3734 3564 3900 3617 PAN-

2247 3641 2432 3681 CIROL.

2315 3699 2392 3780 (3)
2424 3698 2522 3783 Dei
2541 3714 2724 3783 sermo
2752 3704 2806 3752 et
2837 3700 2934 3754 Dei
2980 3701 3139 3755 ratio.
3190 3698 3725 3783 .Ady'osﬂproprium
3758 3701 3897 3783 Filii

2243 3769 2340 3843 Dei
2372 3769 2526 3843 apud
2557 3769 2784 3843 Graecos
2828 3786 3039 3827 nomen
3082 3769 3483 3827 varias—latine
3530 3769 3894 3843 interpreta-

2242 3840 2432 3915 tiones
2488 3840 2709 3915 habuit,
2765 3858 2971 3913 nempe
3031 3843 3208 3907 Verbi,
3238 3843 3543 3915 Sermonis,
3605 3840 3896 3915 Rationis,

2246 3912 2468 3984 Latinis
2488 3911 2648 3967 hisce
2670 3911 3007 3968 nominibus
3030 3915 3363 3984 promiscue
3385 3914 3476 3968 usi
3500 3920 3642 3969 sunt
3660 3911 3895 3970 veteres

496 3980 843 4048 Firmisnus.
874 3980 1020 4042 teste
1053 3991 1252 4039 sancto
1298 3983 1646 4053 Hieronymo
1692 3984 1749 4037 in
1783 3982 2030 4055 epistola
2060 3985 2128 4039 ad
2164 3980 2208 4046 Β
2238 3982 2502 4039 Ecclesiae
2556 3984 2890 4055 scriptores,
2942 3980 3207 4041 ut'idem
3252 3986 3299 4041 si
3348 3986 3673 4042 nitioarent.
3721 3987 3899 4043 Nunc

496 4058 926 4112 Pamm-‘chium
961 4063 1017 4112 ct
1042 4057 1336 4111 Oceanum
1388 4057 1457 4110 de
1486 4054 1796 4110 Erroribus
1825 4054 2129 4112 Orisenis:
2242 4055 2520 4110 libentius
2560 4057 2780 4111 Verbum
2812 4002 3561 4112 interoretamur.gMuaa'r.

489 4058 926 4115 Pamm-‘Chium
961 4063 1017 4112 ct
1042 4057 1336 4111 Oceanum
1388 4057 1457 4110 de
1486 4054 1796 4110 Erroribus
1820 4054 2129 4126 Origenis:

490 4154 519 4180 «
554 4131 913 4196 Lactantius,
944 4129 1136 4199 inquit
1163 4127 1280 4199 ille,
1312 4127 1367 4180 in
1404 4127 1587 4199 libris
1614 4127 1761 4197 suis,
1792 4130 1849 4181 et
1879 4127 2133 4182 maxime

486 4202 545 4274 in
578 4200 842 4274 epistolis
872 4201 942 4274 ad
989 4198 1455 4274 Demetrianum,
1505 4198 1747 4274 spiritus
1790 4198 1976 4274 sancti
2009 4214 2132 4252 om-

486 4270 631 4328 nino
652 4276 824 4341 negat
845 4270 1258 4338 substantiam,
1286 4274 1343 4323 et
1366 4285 1557 4324 errore
1578 4271 1820 4324 Judaico
1838 4270 1979 4324 dicit
2000 4284 2131 4324 eum

486 4343 575 4400 vel
610 4344 679 4399 ad
717 4340 935 4398 Patrem
987 4342 1210 4409 referri,
1260 4340 1347 4394 vel
1389 4341 1460 4395 ad
1511 4341 1741 4411 Filium,
1769 4346 1825 4395 et
1872 4341 2131 4396 sanctiﬁ-

488 4416 776 4472 cationem
809 4414 1116 4485 utriusque
1147 4428 1404 4481 persons:
1458 4412 1567 4467 sub
1598 4413 1747 4485 ejus
1771 4412 2003 4485 nomine
2034 4413 2132 4466 de-

490 4487 828 4542 monstrari.
853 4506 881 4535 »
908 4484 1064 4541 Idem
1088 4485 1160 4539 ab
1192 4485 1542 4555 Hieronymo
1568 4484 1855 4555 repetitur
1877 4484 1933 4537 in
1965 4487 2131 4538 Com-

493 4564 675 4614 ment.
710 4559 781 4612 ad
813 4573 940 4628 cap.
975 4574 1032 4612 IV
1059 4557 1239 4628 Epist.
1264 4555 1342 4628 ad
1376 4554 1649 4628 Galatas.’
1686 4555 1874 4628 Quare
1898 4554 2046 4628 quin
2078 4559 2136 4610 et

491 4629 586 4684 hic
616 4626 1012 4685 Tertullianus
1043 4626 1214 4691 erret,
1247 4626 1640 4681 dubitandum
1672 4644 1785 4681 non
1819 4626 2130 4681 videretur.

491 4702 636 4756 Cum
673 4706 868 4755 tamen
899 4699 1028 4753 aliis
1060 4700 1117 4754 in
1151 4697 1317 4753 libris
1347 4713 1359 4752 :
1387 4698 1550 4753 Palre
1579 4714 1644 4751 ac
1676 4696 1819 4753 Filio
1852 4697 2133 4768 Spiritum

492 4777 761 4826 sanctum
793 4770 1161 4841 apertissime
1191 4769 1537 4840 distinguat,
1561 4772 1788 4824 tertium
1817 4785 2016 4826 numen
2041 4771 2132 4825 di-

492 4845 781 4913 vinitatis,
819 4846 870 4897 et
927 4843 1150 4896 tertium
1200 4855 1401 4913 nomen
1446 4841 1760 4913 maiestatis
1808 4841 2131 4913 appellans,

493 4915 622 4970 ideo
654 4912 952 4969 Christum
986 4914 1082 4967 Dei
1094 4983 1099 4984 ί
1122 4912 1379 4984 spiritum
1422 4912 1494 4967 ab
1526 4911 1625 4967 illo
1676 4911 1948 4968 vocatum
1978 4913 2133 4968 arbi-

489 4992 632 5051 tror,
664 4985 819 5057 quod
870 4983 1125 5056 generali
1186 4983 1422 5057 nomine
1468 4988 1659 5057 Deum
1713 4985 1825 5057 dici
1869 4986 2131 5056 spiritum

494 5053 751 5113 crederet
777 5053 1001 5112 Joanne
1046 5053 1311 5128 apostolo
1368 5054 1693 5111 scribente:
1739 5053 2136 5127 Deus'spiritus

491 5139 586 5186 est.
624 5130 684 5184 L.
712 5130 756 5183 A
788 5128 1016 5183 Μυκη.

563 5232 632 5241 --
661 5201 759 5256 Dei
802 5197 1599 5271 spiritusqlnterpretaturus
1648 5197 1970 5271 orationem
2021 5196 2134 5252 Do-

495 5272 790 5339 minicam,
815 5266 1114 5341 [immittit
1134 5266 1443 5341 quisillam
1474 5269 1754 5341 docuerit.
1778 5270 1909 5324 Fuit
1938 5273 2131 5324 autem

2242 4055 2520 4128 libentius
2560 4057 2780 4111 Verbum
2812 4056 3292 4128 interpretamur.
3314 4055 3561 4112 Μυκη.

2313 4127 2389 4196 (4)
2421 4126 2604 4182 Sermo
2632 4128 2887 4197 rationis,
2935 4125 2987 4184 et
3037 4130 3184 4185 ratio
3232 4130 3520 4185 sermonis.
3552 4126 3679 4197 Cur,
3699 4125 3897 4183 Deum

2243 4197 2467 4271 Patrem
2502 4196 3055 4271 sermonis-quoque
3096 4206 3154 4255 et
3196 4201 3443 4256 Rationis
3496 4196 3901 4270 appellatione

2243 4268 2337 4341 hic
2367 4269 2762 4341 Tertullianus
2784 4268 2977 4337 donet,
3004 4271 3315 4327 mirabitur
3335 4268 3604 4341 quisquis
3625 4275 3898 4326 veterum

2241 4339 2541 4412 loquelam
2565 4357 2596 4412 e
2644 4343 3033 4399 recentiorum
3081 4339 3364 4398 sermone
3399 4339 3591 4397 metiri
3622 4341 3787 4397 velit.
3824 4344 3901 4396 At

2243 4408 2374 4466 cum
2407 4409 2501 4464 τοῖ’)
2528 4408 2698 4485 λόγου
2729 4429 2835 4468 vox
2894 4430 3109 4485 anceps
3148 4418 3445 4480 rationem,
3475 4414 3897 4482 cogitationem,

2242 4488 2513 4557 mentem,
2535 4500 2603 4539 ac
2632 4485 3061 4541 intellectionem
3089 4485 3398 4557 signiﬁcet,
3425 4501 3492 4540 eo
3522 4500 3701 4540 sensu
3736 4485 3899 4540 Patri

2242 4572 2469 4625 quoque
2494 4556 2643 4611 facta
2663 4562 2751 4612 cst
2772 4556 3104 4613 communis
3125 4555 3182 4612 et
3198 4560 3295 4610 to")
3318 4555 3522 4627 Λόγῳ,
3547 4559 3609 4627 et
3622 4558 3897 4627 rationis,

2242 4624 2297 4700 et
2325 4624 2591 4700 sermonis
2616 4628 2948 4700 appellatio.
2973 4629 3356 4694 Quamobrem
3391 4624 3564 4700 Λόγος
3595 4624 3654 4700 ἐκ
3685 4624 3899 4699 Λόγου,

2244 4699 2475 4753 Verbum
2502 4698 2568 4753 de
2601 4699 2780 4754 Verbo
2824 4717 2856 4755 a
2894 4699 3213 4755 nonnullis
3272 4698 3513 4754 Patrum
3573 4698 3900 4754 dictus’est

2242 4768 2461 4843 Filius;
2494 4774 2551 4823 et
2574 4775 2814 4843 sanctus
2842 4776 3116 4837 Irenaeus,
3143 4771 3245 4827 lib.
3275 4786 3498 4843 n,qcap.
3530 4771 3620 4839 48,
3654 4774 3899 4843 Patrem

2244 4837 2427 4915 λόγον,
2461 4857 2562 4895 seu
2593 4841 2835 4905 verbum,
2857 4848 2915 4899 et
2933 4853 3164 4899 mentem
3197 4837 3458 4915 appellat
3472 4842 3555 4895 ita
3586 4837 3899 4898 scribens:

2244 4913 2384 4966 Deus
2414 4921 2595 4967 autem
2648 4917 2790 4968 totus
2834 4917 3072 4971 existens
3121 4913 3294 4978 mens,
3340 4923 3390 4970 et
3434 4922 3575 4970 totus
3616 4915 3903 4969 exsislens

2241 4983 2430 5058 Logos,
2461 4984 2609 5054 quod
2637 4986 2860 5053 cogitat,
2909 4985 3006 5040 hoc
3032 4995 3084 5043 et
3136 4987 3400 5058 loquitur,
3432 4993 3497 5058 et
3529 4983 3669 5058 quod
3710 4984 3903 5056 loqui-

2241 5053 2354 5129 tur,
2389 5053 2489 5110 hoc
2544 5059 2594 5110 et
2649 5059 2869 5127 cogitat.
2930 5053 3211 5129 Cogitatio'
3239 5059 3391 5113 enim
3448 5053 3568 5125 eius
3616 5053 3814 5127 Logoi,
3848 5065 3905 5111 et

2241 5128 2407 5196 Logos
2460 5142 2613 5181 mens
2643 5169 2657 5191 ,
2712 5132 2764 5183 et
2812 5128 3015 5184 omnia
3053 5129 3382 5186 concludens
3427 5142 3602 5191 mens,
3646 5129 3771 5197 ipse
3820 5132 3903 5183 est

2240 5199 2434 5273 Pat_e_r._
2463 5197 2699 5273 Verum,
2723 5215 3085 5273 quocumque
3111 5200 3282 5273 modo
3307 5197 3904 5273 appellentur_Pater,

2243 5274 2302 5325 et
2331 5267 2535 5342 Filius,
2564 5267 2762 5342 inepta
2793 5287 2858 5325 ac
2889 5267 3067 5328 dubia
3096 5267 3422 5329 divinitatis
3451 5269 3738 5327 vocabula
3766 5267 3906 5327 ine?

492 5343 783 5411 Christus,
816 5339 991 5413 quem
1028 5340 1296 5416 pluribus
1326 5339 1970 5416 appell_at__nominibus
1995 5344 2131 5416 ;_est
2162 5341 2205 5408 C
2244 5341 2556 5416 narrabilis
2589 5339 2680 5416 rei
2697 5344 3120 5416 magnitudine
3157 5349 3214 5400 et
3262 5345 3570 5416 majestate
3599 5358 3903 5398 excusan-

491 5416 648 5470 enim
679 5410 928 5483 spirit—us,
962 5410 1073 5483 quo
1130 5410 1413 5466 miracula
1458 5410 1660 5483 edidit,
1717 5418 1774 5465 et
1801 5428 1977 5467 sermo
2011 5414 2127 5480 Dei,

490 5489 654 5551 ratio,
689 5482 790 5542 seu
821 5482 1116 5556 sapientia,
1140 5500 1267 5556 quae
1295 5484 1455 5556 venit
1477 5482 1535 5538 in
1564 5482 1874 5556 mundum,
1893 5487 1958 5538 ut
1980 5484 2132 5539 infra

494 5554 948 5627 subjicit,1dem
994 5554 1389 5612 Tertullianus
1440 5555 1500 5610 in
1538 5555 1810 5627 Apologia:
1863 5570 1989 5627 cap.
2024 5557 2128 5624 17;

2241 5414 2564 5486 tur,_modo
2594 5413 2655 5468 in
2694 5412 2753 5469 id
2811 5412 3230 5486 consentiatur,
3278 5412 3374 5471 ut'
3399 5414 3609 5486 Filium
3657 5430 3693 5470 a
3722 5418 3905 5469 Patre

2242 5484 2701 5568 distinguamus,
2734 5502 3032 5568 unamque
3054 5484 3230 5568 in_i_is,
3254 5503 3319 5543 ac
3347 5485 3408 5541 in
3434 5485 3651 5568 epit-itu
3684 5490 3905 5568 sancto

2239 5556 2569 5633 essentiam
2587 5562 2643 5613 et
2674 5556 2955 5615 naturam'
2989 5556 3527 5633 pradi_cemus.__lta
3551 5556 3906 5633 prapolsris-

496 5650 524 5679 ‹‹
557 5627 719 5693 Quod
749 5628 1017 5697 colimus,
1049 5627 1263 5699 inquit,
1305 5627 1459 5683 Deus
1490 5643 1644 5685 unus
1674 5631 1783 5696 est,
1815 5628 1912 5698 qui
1945 5631 2128 5686 totam
2237 5627 2386 5686 sime
2414 5628 2600 5686 sensit
2614 5635 2856 5689 sanctus
2899 5627 3253 5690 Ambrosius
3298 5630 3359 5688 in
3398 5628 3500 5688 lib.
3535 5627 3605 5686 de
3637 5628 3771 5685 Filii
3802 5629 3907 5687 di-
