4162 6376
499 324 657 384 1255

500 453 739 521 ncdioti,
767 453 1052 508 cmlestem
1082 452 1211 523 ejus
1240 451 1530 523 sophiam,
1561 451 1855 523 imprimis
1886 454 1958 508 de
1988 470 2136 524 praa-
2171 460 2221 522 Α

499 549 661 615 cepto
691 547 908 597 secrete
945 541 1224 597 adorandi
1255 541 1388 612 (12),
1438 558 1552 612 quo
1583 546 1640 595 et
1671 542 1845 597 fidem
1881 541 2138 597 hominis

503 632 706 688 1153
748 631 1030 702 exigebat,
1083 635 1148 684 ut
1191 630 1290 684 Dei
1339 631 1756 702 omnipotentis
1799 636 1853 685 et
1899 646 2137 700 conspe-

499 727 658 777 ctum
708 726 764 775 et
813 719 1080 774 auditum
1133 719 1242 773 sub
1295 718 1462 773 tectis
1511 723 1566 773 et
1609 719 1666 772 in
1701 719 1914 773 abditis
1960 718 2136 773 etiam

497 809 702 864 adesse
731 807 1046 862 conﬁderet
1078 822 1090 860 :
1128 811 1181 861 et
1232 807 1578 861 modestiam
1611 807 1632 840 θ
1665 806 1796 862 ﬁdei
1843 807 2135 861 desidera-

498 897 594 952 bat
627 897 759 968 (13),
795 901 858 950 ut
887 912 1059 967 quem
1107 895 1323 966 ubique
1355 895 1555 950 audire
1604 899 1659 950 et
1689 894 1881 950 videre
1912 896 2135 962 ﬁderet,

497 986 547 1041 ei
607 985 714 1040 soli
766 985 1108 1056 religionem
1161 1000 1327 1038 suam
1379 983 1603 1051 offerre,
1655 989 1933 1055 sequente
1977 985 1996 1018 ⁷
2046 999 2138 1038 so-

499 1074 637 1145 phia
668 1074 775 1145 (14)
808 1074 865 1127 in
899 1073 1165 1144 sequenti
1191 1076 1473 1143 praecepto
1502 1090 1514 1138 ;
1550 1073 1702 1144 quod
1734 1074 1839 1127 etsi
1864 1072 2137 1144 proinde3

501 1163 787 1235 pertineat
836 1163 906 1216 ad
961 1161 1134 1216 ﬁdem
1184 1165 1240 1216 et
1288 1161 1638 1216 modestiam
1671 1163 1690 1196 ⁰
1737 1161 1890 1230 fidei,
1941 1163 2136 1216 sinon

501 1252 734 1323 agmine
764 1250 1069 1304 verborum
1103 1248 1210 1320 (15)
1243 1249 1577 1304 adeundum
1623 1254 1896 1320 putemus
1927 1250 1996 1304 ad
2029 1249 2138 1303 Do-

497 1341 749 1405 minum,
774 1354 945 1410 quem
981 1337 1134 1393 ultro
1154 1339 1278 1393 suis
1310 1339 1639 1409 prospicere
1661 1338 1801 1392 certi
1825 1355 2030 1392 sumus
2054 1339 2135 1393 ¹⁰τ

495 1433 758 1483 attamen
791 1431 832 1464 “
868 1426 1118 1482 brevitas
1165 1427 1274 1481 ista
1307 1427 1438 1498 (16).
1475 1427 1626 1498 quod
1678 1428 1748 1481 ad
1783 1427 2019 1482 tertium
2053 1445 2141 1482 so-

497 1517 644 1587 phiaa
675 1516 922 1587 gradum
973 1516 1166 1582 faciat,
1218 1531 1443 1586 magnae
1476 1532 1540 1569 ac
1571 1516 1749 1570 beatos
1791 1515 2139 1586 interpreta-

495 1605 673 1660 tionis
703 1604 1035 1659 substantia
1064 1603 1209 1657 tulta
1239 1608 1328 1657 est
1360 1621 1370 1657 :
1408 1608 1812 1674 quantumque
1845 1605 2138 1658 substrin-

498 1695 659 1764 gitur
687 1692 900 1761 verbis,
933 1696 1167 1746 tantum
1217 1691 1567 1746 diffunditur
1615 1693 1910 1747 sensibus.
1946 1698 2142 1763 Neque

493 1781 648 1836 enim
711 1781 947 1852 propria
997 1785 1224 1833 tantum
1274 1779 1552 1835 orationis
1603 1781 1794 1835 ofﬁcia
1843 1781 2140 1850 complexa

493 1874 603 1934 est,
662 1868 1090 1923 venerationem
1150 1867 1272 1936 Dei,
1325 1872 1424 1922 aut
1472 1868 1726 1924 hominis
1776 1869 2135 1940 petitionem,

494 1958 597 2012 sed
632 1972 865 2012 omnem
896 1972 1037 2027 pene
1070 1971 1396 2010 sermonem
1429 1956 1682 2022 Domini,
1716 1973 1946 2012 omnem
1981 1974 2135 2012 com-

496 2045 977 2101 memorationem
1028 2043 1371 2116 disciplinas,
1425 2050 1489 2100 ut
1519 2061 1718 2101 revera
1767 2046 1824 2100 in
1876 2046 2138 2103 oratione

494 2135 849 2191 breviarium
883 2134 1064 2190 totius
1092 2133 1385 2206 Evangelii
1417 2134 1968 2207 comprehendatur.

1051 320 1574 382 TEHTULLIANI
1617 321 1940 385 OPERUM
1991 321 2185 381 PARS
2230 320 2276 380 I.
2317 351 2394 368 —
2419 318 2694 381 SERIES
2737 319 2817 395 II,
2860 318 3335 382 DOGMATICA.

3762 319 3925 379 1256

2903 450 3136 506 CAPUT
3166 450 3237 505 Il.

2320 538 2527 609 Incipit
2584 555 2617 593 a
2667 537 3003 593 testimonio
3054 536 3152 592 Dei
3202 537 3335 608 (17),
3393 542 3452 592 et
3497 538 3707 593 merito
3757 537 3924 605 ﬁdei,

2247 644 2380 682 cum
2411 628 2616 683 1154
2666 625 2918 681 dicimus
2969 642 3150 680 PATER
3195 641 3296 688 om
3353 643 3412 680 IN
3455 642 3643 681 conus
3675 643 3744 681 es
3777 627 3922 697 (18).

2248 722 2386 770 Nam
2419 721 2476 769 et
2511 716 2687 768 Deum
2744 731 3004 783 oramus,
3061 718 3118 768 et
3166 715 3341 768 ﬁdem
3387 715 3918 798 commendamus,

2247 805 2414 873 cujus
2450 803 2722 858 meritum
2755 807 2846 856 est
2897 802 3017 856 haec
3062 800 3396 873 appellatio.
3432 804 3733 874 Scriptum
3769 809 3865 858 est
3903 821 3917 858 :

2249 896 2353 962 Qui
2385 895 2442 948 in
2471 909 2596 948 eum
2623 892 2989 961 crediderint,
3031 891 3177 946 dedit
3224 893 3303 946 eis
3333 895 3656 962 potestatem
3707 901 3775 946 ut
3803 894 3924 962 ﬁlii

2245 986 2346 1039 Dei
2374 988 2635 1039 vocentur
2682 983 2860 1051 (Joan.
2895 983 2938 1051 Ι,
2973 982 3101 1053 11);
3152 981 3338 1036 Matth.
3372 999 3479 1049 vn,
3509 983 3580 1051 9;
3635 1000 3671 1038 ι
3701 987 3761 1037 et
3791 988 3918 1050 xv).

2248 1076 2588 1143 Quanquam
2620 1070 3096 1143 frequentissime
3144 1070 3428 1126 Dominus
3477 1077 3700 1142 patrem
3739 1072 3919 1127 nobis

2249 1161 2644 1234 pronuntiavit
2689 1160 2912 1228 Deum;
2965 1159 3083 1214 imo
3115 1162 3171 1214 et
3219 1160 3495 1231 praecepit
3535 1176 3605 1215 ne
3650 1177 3818 1233 quem
3853 1165 3917 1216 in

2247 1253 2412 1306 terris
2453 1258 2668 1322 patrem
2698 1265 2967 1318 vocemus,
3001 1249 3116 1303 nisi
3161 1263 3318 1320 quem
3351 1248 3616 1303 habemus
3662 1252 3726 1304 in.
3757 1251 3920 1306 ccli:

2248 1339 2459 1411 (Matth.
2504 1355 2665 1404 χχιιι,
2694 1339 2769 1409 9).
2823 1338 3024 1408 Itaque
3069 1336 3151 1392 sic
3184 1337 3494 1393 adorantes
3544 1339 3726 1393 etiam
3769 1356 3920 1409 prae.

2249 1433 2480 1499 ceptum
2513 1426 2743 1482 obimus
2774 1427 2907 1497 (19).
2935 1425 3151 1481 Felices
3183 1425 3280 1496 qui
3303 1430 3526 1496 patrem
3550 1434 3914 1498 agnoscunt.

2253 1517 2365 1571 Hoc
2396 1521 2504 1583 est,
2537 1516 2690 1587 quod
2720 1514 2936 1582 :Israeli
2967 1513 3369 1586 exprobratur,
3405 1516 3560 1586 quod
3591 1516 3808 1570 caelum
3845 1533 3917 1572 ac

2248 1608 2465 1658 terram
2514 1605 2766 1675 Spiritus
2816 1608 3181 1658 contestatur
3231 1604 3342 1675 (20)
3377 1620 3390 1658 :
3424 1605 3618 1671 Filios,
3673 1605 3917 1670 dicens,

2249 1695 2438 1762 genui,
2469 1702 2520 1748 et
2551 1693 2642 1747 illi
2668 1708 2757 1746 me
2784 1707 2894 1747 non
2925 1696 3264 1761 agnoverunt
3292 1692 3420 1762 (Isa.
3455 1709 3498 1758 ι,
3535 1693 3606 1763 1).
3642 1693 3915 1750 Dicendo

2251 1789 2445 1836 autem
2481 1787 2725 1851 patrem,
2759 1785 2937 1835 Deum
2979 1796 3212 1852 quoque
3243 1781 3760 1850 cognominamus.
3797 1791 3921 1855 Ap-

2250 1869 2482 1941 pellatio
2515 1870 2628 1924 ista
2674 1874 2730 1924 et
2779 1869 3013 1940 pietatis
3064 1874 3119 1923 et
3149 1866 3455 1940 potestatis
3505 1876 3614 1925 est.
3659 1873 3812 1926 Item
3849 1874 3916 1926 in

2245 1960 2411 2014 Patre
2446 1958 2622 2014 Filius
2667 1957 2990 2012 invocatur.
3039 1959 3145 2028 Ego
3173 1959 3347 2024 enim,
3383 1957 3595 2028 inquit,
3648 1964 3701 2014 et
3736 1961 3921 2016 Pater

2244 2065 2416 2102 unum
2441 2063 2631 2102 sumus
2662 2047 2837 2118 (Joan.
2866 2063 2923 2116 κ,
2954 2047 3064 2118 30).
3097 2047 3178 2102 Ne
3220 2051 3406 2102 mater
3436 2048 3676 2118 quidem
3713 2049 3922 2105 Eccle-

2247 2136 2335 2191 sia
2381 2136 2708 2208 praeteritur
2764 2135 2894 2208 (21).
2953 2135 3010 2190 Si
3058 2135 3294 2207 quidem
3350 2135 3412 2190 in
3460 2135 3580 2192 ﬁlio
3628 2141 3688 2192 et
3738 2143 3918 2209 patre

1921 2263 2124 2324 Variis
2166 2263 2483 2325 lectiones.

563 2371 586 2405 ⁸
615 2371 937 2426 Modestum
972 2369 1135 2425 Seml.
1171 2370 1421 2442 Oberth,
1481 2372 1501 2406 "
1541 2370 1804 2442 Sequens
1831 2374 2051 2427 Junius.

2145 2373 2165 2406 ⁸
2197 2372 2358 2436 Quod
2391 2373 2500 2428 etsi
2550 2372 2744 2427 delent.
2779 2372 2942 2428 Seml.
2978 2371 3200 2429 Oberth.

3296 2373 3317 2408 ⁹
3347 2371 3674 2428 Modestum
3707 2374 3916 2429 Paris.

501 2443 544 2479 ¹⁰
576 2444 791 2499 Simus.
827 2443 1026 2513 Rigalt.
1057 2443 1241 2497 Paris.
1322 2444 1363 2477 ¹¹
1398 2441 1485 2496 Sic
1515 2441 1712 2514 Rigalt.
1744 2446 1910 2499 Seml.
1946 2447 2102 2514 Leop.
2138 2445 2316 2500 Paris.
2337 2461 2358 2506 ,·
2389 2445 2493 2499 alii
2521 2449 2577 2500 et
2606 2449 2820 2499 tamen.

1939 2565 2300 2623 Commenta
2311 2563 2460 2621 rius.

497 2673 726 2726 constat
753 2670 920 2738 ratio,
953 2669 1175 2724 scilicet
1219 2669 1460 2740 Sephia,
1509 2686 1636 2740 quas
1669 2686 1776 2724 nos
1825 2671 1991 2725 docet
2020 2687 2140 2724 mo-

499 2745 640 2796 dum
672 2741 895 2796 orandi.
930 2742 1051 2795 Duo
1083 2742 1236 2795 enim
1286 2742 1344 2794 in
1380 2741 1486 2794 hoc
1517 2741 1777 2811 prazcipit
1811 2759 1822 2795 :
1859 2742 2043 2812 primo
2077 2747 2139 2796 ut

501 2819 720 2868 secrete
751 2818 808 2867 et
838 2813 895 2866 in
921 2814 1114 2867 abdito
1147 2814 1267 2866 loco
1299 2829 1532 2866 oremus
1561 2830 1572 2878 ;
1627 2814 1880 2868 secundo
1915 2819 1978 2867 ut
2011 2817 2138 2867 bre-

501 2886 662 2950 viter,
698 2891 868 2954 prout
901 2885 1147 2937 habetur
1177 2883 1232 2936 in
1266 2884 1513 2937 Matthzci
1559 2900 1683 2952 cap.
1715 2901 1769 2937 VI
1808 2901 1820 2939 ε
1856 2888 1995 2938 (Tum
2024 2901 2142 2939 ora-

501 2958 660 3016 veris,
696 2959 847 3008 intra
893 2958 955 3010 in
986 2956 1295 3008 cubiculum
1342 2961 1517 3019 tuum,
1550 2960 1602 3008 et
1632 2957 1772 3009 ostio
1818 2955 2010 3010 clauso
2043 2973 2140 3009 ora

507 3029 730 3081 Patrem
760 3035 909 3099 taum
939 3031 997 3080 in.
1041 3025 1375 3091 abscondito,
1408 3031 1458 3080 et
1503 3028 1666 3080 Pater
1694 3033 1838 3092 tuus,
1873 3030 1968 3099 qui
1996 3028 2142 3082 videt

2247 2669 2493 2741 Sophiae,
2529 2669 2585 2723 id
2618 2672 2709 2741 est
2735 2684 2909 2739 quem
2958 2667 3310 2741 signiﬁcavit
3363 2668 3462 2741 Dei
3495 2669 3823 2740 sapientia,
3857 2676 3924 2727 et

2247 2740 2373 2812 ejus
2405 2741 2598 2796 Filius.
2627 2740 2854 2796 Primus
2873 2741 3028 2795 enim
3061 2740 3278 2812 gradus
3301 2746 3408 2810 est,
3436 2740 3491 2794 id
3521 2747 3610 2795 est
3634 2742 3918 2812 primum

2248 2819 2598 2884 praeceptum
2637 2819 2744 2878 est,
2780 2819 2842 2866 ut
2887 2819 3107 2884 secreto
3152 2828 3427 2884 oremus;
3478 2814 3812 2878 secundus,
3848 2821 3925 2870 ut

2251 2883 2382 2938 cum
2415 2885 2565 2950 ﬁde;
2615 2884 2845 2953 tertius,
2897 2888 2963 2938 ut
3012 2883 3274 2938 breviter.
3333 2884 3559 2939 MURAT.
3591 2915 3662 2925 —
3693 2885 3917 2942 Malim

2250 2957 2462 3025 dicere,
2513 2954 2768 3026 primum
2820 2955 3063 3026 gradum
3114 2953 3222 3026 hoc
3268 2953 3393 3010 loco
3444 2971 3592 3020 esse,
3639 2963 3920 3014 secretis

2250 3044 2470 3099 preces,
2503 3025 3007 3099 secundumivero
3052 3025 3394 3081 brevitatem
3443 3029 3756 3097 orationis,
3793 3035 3920 3084 ter-

509 3101 564 3154 in
614 3098 959 3170 abscondito,
1016 3098 1195 3151 reddet
1234 3099 1375 3170 (tibi.
1416 3102 1675 3170 Orantes
1732 3096 1914 3152 autem
1970 3101 2142 3153 nolite
2174 3105 2215 3170 ί]
2252 3096 2399 3152 tium
2436 3099 2686 3168 denique
2717 3096 3052 3152 brevitatem
3077 3099 3248 3152 istam
3283 3099 3510 3169 magnis
3545 3104 3600 3152 et
3634 3096 3920 3169 pulchris

507 3169 742 3224 multum
775 3170 940 3239 loqui,
981 3170 1119 3222 sicut
1172 3169 1374 3222 ethnici
1400 3168 1630 3237 faciunt,
1674 3176 1873 3238 putant
1905 3173 2051 3224 enim
2082 3173 2141 3224 in

506 3241 857 3310 multiloquio
887 3239 1167 3295 exaudiri.
1203 3239 1260 3292 G.
1299 3240 1631 3293 PANcmow.

577 3311 953 3391 (13)‘Secrete.
983 3312 1290 3391 adorandi;
1339 3310 1415 3391 id
1461 3311 1720 3391 abundat
1745 3327 1869 3391 .pro
1920 3312 2140 3391 orandi.

504 3381 670 3436 Hunc
699 3381 888 3437 locum
940 3381 1204 3436 imitatus
1252 3382 1316 3435 D.
1351 3382 1695 3452 Cyprianus,
1745 3381 1847 3437 lib.
1897 3383 1962 3437 de
1991 3384 2138 3439 Orat.

505 3453 743 3525 Domin.,
775 3455 852 3507 ait
887 3469 898 3506 :
935 3475 963 3500 «
997 3453 1517 3525 Dominussecrete
1549 3469 1712 3525 orare
1742 3470 1847 3508 nos
1882 3455 2142 3525 praecipit

503 3524 564 3578 in
595 3525 808 3579 abditis
838 3529 895 3578 et
925 3525 1160 3596 semotis
1195 3523 1445 3596 locis,rin
1481 3524 1765 3578 cubiculis
1796 3524 1960 3594 ipsis,
1986 3523 2137 3596 quod

507 3596 696 3664 magis
727 3595 993 3650 convenit
1023 3595 1177 3667 ﬁdei,
1211 3599 1273 3648 ut
1301 3595 1555 3650 sciamus
1585 3611 1719 3649 eum
1752 3596 1962 3665 ubique
2002 3595 2139 3667 pra:-

505 3674 727 3739 sentem
757 3682 904 3739 esse,
928 3665 1136 3739 audire
1169 3681 1391 3730 omnes,
1425 3671 1482 3719 et
1513 3667 1837 3739 majestatis
1872 3665 2137 3739 suis'ple-

505 3737 769 3864 ﬁgudiqe
797 3737 857 3792 in
888 3737 1082 3791 abdita
1111 3753 1356 3808 quisque
1397 3742 1453 3791 et
1482 3738 1709 3792 occulta
1753 3737 2072 3810 penetrare.
2111 3761 2137 3787 »

597 3825 708 3863 em.

597 3812 736 3874 em.)

505 3809 761 3934 (Idimge
801 3884 1068 3949 praecepto
1114 3885 1315 3933 secreto
1372 3876 1530 3951 ador.
1576 3878 1839 3951 Intelligo
1886 3884 2137 3934 mentem

501 3950 712 4005 Christi
765 3951 1031 4023 jubentis
1089 3954 1307 4004 secreto
1357 3949 1668 4023 orandum.
1701 3949 1847 4023 Non
1898 3951 2141 4023 abrogat

503 4038 676 4076 usum
728 4021 1165 4076 sanctissimum
1215 4021 1415 4075 orandi
1465 4022 1523 4075 in
1579 4020 1856 4092 publico:
1899 4020 2141 4077 nam—et

504 4093 714 4148 Paulus
746 4093 826 4148 ait
856 4093 914 4146 in
947 4094 1103 4147 omni
1137 4093 1261 4147 loco
1294 4093 1606 4158 orandum,
1639 4096 1696 4148 et
1743 4093 1799 4148 id
1841 4094 2138 4148 ﬁrmatum

502 4164 707 4220 multis
737 4164 1090 4236 testimoniis
1123 4162 1275 4219 sacri
1304 4162 1538 4234 eloquii.
1570 4165 1638 4219 Et
1676 4164 1876 4236 fideles
1905 4165 2138 4236 quidem

501 4237 722 4308 pariter
759 4235 819 4308 in
867 4235 1431 4308 ecclesiisoramus,
1483 4237 1583 4308 sed
1634 4235 1757 4291 vult
1796 4241 1860 4292 ut
1905 4235 2137 4292 inanem

502 4306 744 4378 gloriam
767 4307 1090 4380 fugiamus
1140 4306 1197 4360 in
1230 4308 1466 4380 orando.
1519 4307 1716 4380 Itaque
1750 4308 1848 4379 qui
1893 4308 2137 4379 gloriam

501 4377 734 4435 tantum
767 4377 1183 4450 Dei'quzerens,
1216 4383 1356 4448 orat,
1390 4379 1440 4434 is
1471 4386 1594 4434 orat
1622 4377 1841 4435 secreto
1871 4377 1927 4436 et
1957 4381 2013 4434 in
2047 4397 2139 4435 cu-

2253 3169 2524 3250 sensibus
2576 3171 2867 3250 refertam,
2914 3171 3454 3250 qumqqehcopiosga
3502 3185 3567 3222 ac
3613 3170 3918 3227 fmcunda

2251 3241 2749 3312 interpretationis
2781 3239 3071 3294 subsidiis
3097 3239 3242 3294 fulta
3272 3240 3367 3294 sit.
3403 3241 3623 3312 Rou'ru.

2319 3311 2675 3384 (17)_lneioit
2723 3328 2757 3364 α
2802 3313 3114 3366 testimonio
3158 3313 3272 3384 Dei.
3327 3311 3429 3366 Hic
3477 3311 3685 3384 incipit
3727 3311 3918 3368 inter-

2250 3382 2463 3454 pretari
2496 3385 2796 3454 orationem
2826 3384 3169 3438 Dominicam
3199 3382 3419 3449 dicens,
3462 3382 3671 3452 primis
3702 3386 3916 3439 verbis

2249 3453 2651 3509 testimonium
2688 3453 2781 3507 Dei
2824 3460 2880 3508 et
2929 3455 3058 3509 ﬁdei
3093 3455 3362 3508 meritum
3415 3455 3724 3518 contineri,
3763 3457 3916 3526 quia

2250 3530 2429 3581 Deum
2462 3530 2685 3598 patrem
2730 3529 3035 3580 testamur.
3085 3526 3211 3580 Alia
3239 3526 3401 3580 addit
3448 3527 3505 3582 D.
3541 3526 3909 3598 Cyprianus,

2249 3598 2344 3652 ubi
2377 3613 2573 3667 supra.
2606 3597 2671 3652 G.
2706 3599 3012 3651 PANCIROL.

2319 3670 2424 3738 (18)
2460 3673 2619 3723 Pater
2645 3669 2742 3738 qui
2771 3669 2831 3722 in
2860 3669 3012 3722 caelis
3040 3683 3110 3722 es.
3162 3667 3368 3721 Notam
3418 3667 3593 3721 etiam
3629 3668 3908 3724 Luciano

2246 3739 2429 3795 fuisse
2461 3737 2772 3794 Dominicis
2817 3740 2992 3808 hujus
3024 3738 3304 3793 orationis
3353 3737 3663 3793 formulam
3698 3739 3907 3794 decla-

2247 3817 2379 3865 rant
2409 3811 2519 3865 ista
2549 3809 2918 3882 Triephontis
2951 3810 3020 3864 ad
3040 3810 3299 3882 Critiam,
3320 3811 3428 3882 sub
3460 3811 3640 3882 ﬁnem,
3671 3810 3902 3882 dialogi

2289 3883 2348 3955 ui
2381 3873 3116 3955 inscribiturPhilopatris,
3145 3873 3559 3955 _i:'acov_ro_6'roo;
3583 3873 3905 3955 τὴν-εὖχτῖν

2282 3952 2352 4026 {ab
2395 3949 2931 4026 πᾳτρᾷὸς-ἀρξάμενοςς
2979 3949 3068 4004 καὶ
3099 3951 3196 4019 τὴν
3229 3949 3594 4024 πολυώνυμον
3635 3949 3910 4024 ᾠδὴῦἐῖς

2243 4022 2401 4085 τέλος
2433 4022 2662 4084 ἰϊτιθιίς·⁷
2685 4022 2808 4078 RIG.

2317 4097 2429 4168 (19)
2475 4099 2539 4152 Et
2583 4105 2906 4169 praeceptum
2955 4095 3187 4169 egimus.
3236 4094 3299 4149 Ei
3351 4109 3648 4164 paremus,
3702 4094 3904 4151 Deum

2247 4165 2630 4240 patremivere
2661 4169 2951 4240 vocantes.
2986 4165 3043 4220 C.
3084 4165 3388 4240 PANCiaon.

2320 4240 2427 4306 (20)
2460 4238 2608 4306 Quod
2655 4239 2846 4293 caelum
2891 4241 2945 4291 et
2994 4244 3203 4291 terram
3253 4236 3493 4307 Spiritus
3536 4240 3908 4293 contestatur.

2249 4310 2309 4366 Id
2337 4315 2426 4365 est
2454 4309 2705 4382 Spiritus
2739 4312 2977 4364 sanctus
3001 4308 3245 4382 dicendo
3279 4325 3379 4382 per
3409 4307 3642 4375 Isaiam,
3673 4325 3811 4379 cap.
3848 4327 3868 4382 ι
3893 4327 3907 4363 :

2249 4405 2288 4462 ti
2343 4378 2512 4462 Audi'
2544 4381 2773 4462 cmlum,
2821 4383 2903 4462 et.
2932 4378 3173 4462 auribus
3231 4378 3493 4462 percipe,
3527 4384 3708 4462 terra,
3755 4378 3917 4451 quia

502 4451 696 4533 hiculo
732 4466 744 4505 :
776 4450 1102 4533 contraqui
1137 4455 1262 4533 orat
1294 4450 1352 4504 in
1397 4450 1916 4533 cu‘biculosvolens
1944 4456 2139 4533 tamen
2173 4468 2219 4533 D
2251 4453 2533 4509 Dominus
2563 4451 2792 4533 locutus
2825 4454 2913 4505 est
2946 4467 2957 4503 :
2999 4451 3170 4507 Filios
3214 4450 3412 4523 genui,
3446 4455 3502 4506 et
3531 4450 3614 4506 illi
3651 4467 3747 4506 me
3785 4450 3910 4508 non

505 4528 571 4578 ut
604 4522 699 4578 alii
733 4522 940 4590 sciant,
976 4522 1026 4578 is
1056 4526 1209 4578 certe
1249 4521 1307 4575 in
1360 4521 1565 4593 plateis
1596 4527 1739 4591 orat,
1792 4529 1847 4579 et
1876 4524 2019 4579 tuba
2048 4540 2140 4578 ca-

507 4596 612 4648 nit.
652 4600 774 4647 Lac.

575 4666 689 4731 (13)
719 4668 783 4719 Et
832 4664 1161 4718 modestiam
1209 4663 1339 4732 ﬁdei
1377 4663 1740 4720 desiderabat.
1792 4666 1852 4720 Id
1893 4670 1982 4720 est
2011 4666 2146 4720 bre-

504 4735 652 4790 viter
683 4750 938 4798 oremus,
970 4735 1270 4788 credentes
1308 4738 1480 4788 lleum
1515 4737 1713 4790 omnia
1755 4736 1922 4805 scire,
1954 4741 2011 4792 et
2041 4754 2146 4791 au-

507 4807 650 4862 dire.
707 4811 774 4860 Et
804 4805 911 4860 hoc
959 4805 1215 4876 appellat
1263 4805 1581 4861 modestiam
1629 4808 1776 4876 fidei.
1830 4808 1896 4864 G.
1947 4813 2148 4863 PANCI-

509 4895 637 4933 ROL.

579 4947 687 5021 (14)
719 4951 988 5018 Sequente
1016 4946 1228 5015 sophia.
1254 4946 1413 5021 Quod
1448 4948 1713 5021 sequitur
1743 4949 2051 5020 sapientia,
2084 4949 2141 5003 in

509 5019 785 5091 sequente
838 5023 1144 5092 precepto,
1190 5022 1253 5071 ut
1283 5019 1470 5072 simus
1524 5019 1862 5090 breviloqui,
1895 5021 2146 5092 pertinit

508 5095 574 5146 ad
596 5090 782 5146 ﬁdem
813 5097 870 5145 et
903 5090 1270 5163 modestiam,
1305 5094 1368 5143 ut
1401 5093 1763 5147 conﬁdamus
1795 5090 1968 5147 etiam
2004 5109 2142 5163 pau-

507 5165 591 5220 cis
624 5181 729 5218 nos
760 5161 1041 5216 exaudiri.
1075 5161 1240 5215 Idem.

578 5237 689 5305 (15)
721 5235 956 5305 Agmine
1001 5231 1785 5305 verborum._lslateratione._
1825 5235 1881 5289 S.
1936 5233 2140 5288 Matth.

507 5299 783 5361 usus'est'
805 5305 1041 5378 vocibus
1070 5299 1376 5375 πολυλογία
1408 5309 1460 5358 et
1496 5303 1842 5378 βαττολογίᾳ.
1873 5305 1947 5359 LE
1980 5306 2078 5358 PR.

577 5378 688 5448 (16)
720 5379 973 5431 Attamen
1017 5377 1261 5448 brevitas
1282 5378 1407 5428 ista.
1441 5378 1497 5429 Id
1533 5381 1620 5430 est
1658 5377 1910 5430 brevitas
1941 5377 2144 5430 oratio-

508 5445 602 5504 nis
636 5449 942 5502 Dominicm
992 5447 1166 5503 habet
1210 5445 1441 5518 plenam
1498 5448 2146 5520 interpretationcmLet

506 5524 793 5588 quantum
843 5520 1033 5573 verbis
1083 5523 1426 5584 coarctatur,
1459 5518 1686 5574 tantum
1740 5519 2010 5574 sensibus
2040 5518 2146 5572 dif-

506 5591 791 5663 funditur.
823 5591 1091 5646 Continet
1119 5589 1276 5663 enim
1323 5607 1556 5663 omnem
1585 5591 1954 5663 disciplinam
1987 5589 2144 5645 ﬁdei.

505 5661 765 5717 Brevitas
796 5667 993 5717 autem
1027 5660 1225 5716 orandi
1253 5661 1502 5732 pertinet
1532 5664 1600 5719 ad
1638 5660 1869 5721 tertium
1901 5663 2147 5736 gradum

2251 4528 2632 4596 agnoverunt.
2668 4522 2896 4596 »ΙάεντηἸ
3042 4593 3073 4596 _
3144 4592 3156 4596 _
3223 4522 3240 4596 ί
3549 4595 3553 4596 ί
3704 4572 3764 4596 _.

2323 4597 2429 4667 (21)
2459 4597 2534 4651 Ne
2563 4604 2739 4667 mater
2765 4593 2984 4667 quidem
3016 4592 3276 4667 _E_cclesia_
3322 4595 3670 4667 praeteritur.
3703 4593 3913 4667 Eccle-

2256 4662 2422 4722 siam'
2455 4666 2746 4737 intelligit,
2778 4662 2980 4737 quam)
3016 4662 3164 4718 libro
3208 4663 3277 4718 ad
3323 4666 3595 4737 Martyras
3640 4665 3913 4734 appellat

2255 4739 2542 4794 Dominam
2588 4736 2819 4816 matrem
2863 4736 3183 4816 Ecclesium,
3233 4753 3407 4816 quam
3458 4736 3716 4816 Spiritus
3763 4753 3914 4816 san-

2254 4815 2383 4864 ctus
2439 4809 2826 4878 congregavit.
2872 4807 2951 4862 De
3007 4824 3123 4877 qua
3179 4807 3403 4862 scilicet
3449 4812 3682 4862 constat
3728 4808 3914 4862 nobisl

2257 4881 2440 4935 Patris
2471 4887 2526 4935 et
2557 4879 2682 4934 Filii
2713 4895 2946 4934 nomen.
2997 4879 3104 4933 Per
3132 4893 3260 4932 eam
3295 4896 3399 4934 nos
3431 4879 3584 4934 Deus
3618 4878 3916 4934 Christia-

2253 4969 2359 5006 nos
2390 4952 2545 5006 facit.
2580 4953 2814 5021 Absque
2845 4951 2973 5019 ejus
3021 4949 3354 5005 testimonio
3387 4951 3573 5004 multa
3604 4949 3782 5005 nobis
3818 4967 3916 5004 ne-

2253 5040 2365 5094 que
2397 5025 2465 5078 de
2499 5025 2608 5077 Deo
2641 5024 2829 5086 Patre,
2861 5038 3051 5091 neque
3085 5023 3153 5094 de
3181 5022 3406 5076 Christo
3437 5021 3686 5094 Domino
3718 5021 3914 5094 ﬁdes:

2253 5093 2317 5149 ut
2348 5095 2404 5148 in
2437 5095 2588 5166 hanc
2620 5110 2852 5166 quoque
2885 5093 3233 5148 sententiam
3283 5093 3580 5166 possimus
3611 5093 3762 5147 illud
3801 5095 3912 5150 Te-

2251 5165 2497 5222 lemachi
2530 5165 2831 5223 assumere
2865 5180 2878 5218 ε

2253 5271 2454 5388 Μήτης
2489 5271 2583 5342 μέν
2611 5271 2656 5324 τ’
2687 5270 2783 5343 ἐμὲ
2813 5289 2943 5344 φησι
2973 5271 3069 5322 τοῦ
3109 5262 3359 5340 ἔμμεναι·
3394 5269 3561 5340 αὐτὰρ
3594 5267 3774 5343 ἔγωγε

2253 5341 2368 5388 Οὐκ
2398 5363 2424 5388 ο
2455 5339 2519 5388 ’δα
2546 5341 2646 5388 γάρ
2677 5363 2763 5388 πω
2796 5341 2878 5388 τίς
2901 5338 2984 5388 ἐόν
3015 5339 3171 5388 γόνον
3204 5339 3363 5388 αὐτὸς
3395 5341 3626 5388 rivi-vum:
3669 5343 3774 5388 Rm

2253 5338 2368 5398 Οὐκ
2398 5338 2519 5396 etas
2546 5341 2646 5418 γάρ
2677 5338 2763 5397 ato
2796 5338 2878 5402 τ’ίς
2901 5338 2984 5394 ἐόν
3015 5338 3363 5414 γόνοναῦτὸς
3395 5338 3643 5417 (ιίνὲγνιιη⁷
3668 5338 3805 5398 RiG.

2324 5481 2391 5522 έ-
2421 5452 2496 5505 Ne
2525 5459 2700 5506 mater
2729 5448 2945 5522 quidem
2983 5448 3182 5522 Decies.
3233 5449 3544 5506 Ecclesium
3575 5466 3706 5504 eam
3740 5448 3919 5522 intel~

2254 5521 2400 5591 ligit,
2435 5539 2610 5592 quam
2643 5523 2700 5576 in
2736 5519 2923 5586 Patre,
2970 5519 3132 5588 Filio,
3162 5525 3218 5575 et
3261 5521 3479 5592 Spiritu
3529 5526 3736 5577 sancto
3769 5521 3916 5592 plu-

2255 5592 2419 5649 ribus
2452 5592 2592 5650 locis
2621 5592 3003 5650 constitutam
3024 5661 3036 5664 Α
3055 5608 3180 5664 esse
3212 5593 3492 5661 affirmat,
3539 5598 3606 5649 ut
3635 5593 3720 5664 de
3738 5592 3920 5664 Bapt.

2257 5669 2314 5721 et
2334 5666 2404 5721 de
2424 5665 2594 5734 Pud.,
2609 5667 2763 5723 0.21.
2781 5663 3006 5730 Quibus
3024 5661 3165 5721 locis
3187 5665 3483 5723 existimat
3502 5661 3922 5723 Tertullianus
