4162 6398
268 354 296 412 1
309 354 425 411 257

1638 11 2913 41 Μ

1551 351 1780 413 LIBER
1823 353 1926 413 DE
1969 354 2390 418 ORATIONE.

3524 352 3685 414 1258

269 488 463 540 mater
489 484 950 555 recognoscitur,
982 485 1053 539 de
1083 500 1197 556 qua
1218 487 1448 541 constat
1503 487 1560 539 et
1614 482 1799 555 patris
1859 486 1917 538 et
1942 493 1998 561 Α
2030 492 2213 558 Pater,
2255 489 2505 559 glori/ica
2533 503 2732 544 nomen
2774 492 2931 543 tuum
2963 487 3025 542 ¹³.
3080 487 3149 542 Et
3205 487 3464 559 apertius
3519 487 3631 560 (26)
3664 499 3684 544 :

271 573 375 628 ﬁlii
408 589 641 629 nomen.
680 572 803 628 Uno
834 574 1013 644 igitur
1042 588 1253 645 genere
1308 574 1422 645 (22)
1482 578 1585 627 aut
1642 570 1922 628 vocabulo

270 663 471 718 “55
509 667 564 716 et
594 666 779 716 Deum
811 678 942 717 cum
964 662 1504 733 suisjhonoramus,
1536 668 1594 715 et
1650 659 1920 731 praecepti

272 755 681 822 meminimus,
704 759 759 808 et
790 753 999 808 oblitos
1032 756 1216 824 patris
1251 755 1602 809 denotamus
1642 754 1775 824 (23).

929 843 1156 897 CAPUT
1198 846 1294 897 Ill.

340 932 559 987 Nomen
590 931 686 986 Dei
724 930 909 985 Patris
932 932 1150 986 nemini
1180 932 1475 1003 proditum
1495 931 1797 987 est.Etiam
1820 932 1919 1002 qui

273 1022 487 1091 deipse
512 1022 623 1092 (24)
654 1021 1129 1091 interrogaverat
1158 1021 1407 1092 Moyses,
1468 1020 1627 1075 aliud
1679 1021 1918 1091 quidem

268 1126 479 1165 nomen
513 1110 779 1165 audierat
810 1109 871 1163 1’.
892 1110 1072 1165 Nobis
1095 1108 1413 1165 revelatum
1428 1112 1585 1165 estin
1618 1109 1918 1165 Filio.Jam

263 1199 421 1254 enim
455 1199 638 1254 Filius
670 1214 885 1253 novum
918 1198 1104 1254 Patris
1139 1215 1351 1254 nomen
1383 1206 1471 1255 est
1499 1199 1749 1270 (25),Ego
1770 1201 1916 1269 veni,

262 1288 476 1359 inquit,
510 1290 567 1342 in
602 1289 821 1343 nomine
849 1289 1033 1343 Patris
1065 1289 1247 1359 (Joan.
1284 1305 1334 1357 v,
1378 1289 1490 1358 43).
1539 1288 1607 1344 Et
1665 1304 1912 1343 rursus:

2032 580 2236 633 Nomen
2297 588 2447 634 tuum
2504 579 2861 646 manifestavi
2908 577 3251 632 hominibus.
3311 577 3373 631 Id
3425 592 3561 649 ergo
3623 580 3689 632 ut

2034 684 2471 722 SANCTIFICETUR
2505 668 2871 738 postulamus
2905 666 3057 737 (27):
3106 682 3220 721 non
3278 666 3430 737 quod
3485 666 3691 722 deceat

2037 757 2304 811 homines
2333 758 2478 811 bene
2512 762 2621 811 Deo
2652 759 2689 810 1
2712 757 2858 812 156
2890 755 3293 826 optare,quasi
3326 754 3403 809 sit
3445 754 3601 809 aliud
3642 754 3687 790 1‘

2033 847 2101 899 de
2124 862 2237 916 quo
2270 847 2332 899 ei‘
2353 846 2538 916 possit
2568 846 2754 916 optari
2787 846 2920 915 (28),
2956 851 3055 897 aut
3088 843 3311 898 laboret
3359 843 3471 899 nisi
3531 848 3687 915 opte-

2032 950 2184 987 mus.
2212 934 2382 987 Plane
2405 934 2648 988 benedici
2680 937 2860 987 Deum
2891 933 3058 1003 (Psal.
3094 948 3211 1001 cm,
3243 932 3332 1002 22)
3358 932 3518 987 omni
3559 932 3685 987 loco

2032 1039 2095 1077 ac
2127 1026 2389 1093 tempore
2419 1023 2714 1089 condecet,
2748 1023 2820 1075 ob
2860 1022 3114 1075 debitam
3174 1035 3407 1091 semper
3462 1037 3686 1077 memo-

2031 1111 2178 1165 riam
2202 1111 2618 1165 beneﬁciorum
2655 1114 2784 1179 ejus
2814 1110 2886 1164 ab
2933 1109 3093 1163 omni
3138 1109 3398 1164 homine.
3460 1109 3569 1164 Sed
3630 1114 3687 1165 et

2030 1199 2137 1253 hoc
2170 1198 2589 1254 benedictionis
2620 1198 2743 1253 vice
2774 1198 3057 1268 fungitur.
3103 1197 3386 1253 Ceterum
3445 1197 3683 1268 quando

2029 1304 2144 1343 non
2178 1292 2446 1342 sanctum
2478 1292 2536 1341 et
2564 1286 2997 1343 sanctiﬁcatum
3030 1286 3141 1357 (29)
3192 1290 3283 1342 est
3330 1302 3434 1357 per
3461 1292 3683 1343 semet-

1656 1386 1863 1447 Variae
1913 1385 2234 1447 lectiones.

335 1485 381 1521 ¹²
410 1483 580 1540 Aliud
613 1484 778 1555 quid,
824 1500 939 1539 non
990 1498 1210 1540 nomen
1267 1486 1391 1543 Jun.
1475 1485 1519 1521 “
1569 1485 1739 1541 Verba
1773 1503 1792 1538 :
1850 1498 1953 1554 ego
2004 1484 2137 1539 veni
2183 1513 2254 1525 —-
2297 1499 2508 1539 nomen
2560 1487 2725 1538 tuum
2778 1484 3001 1555 primus
3054 1481 3265 1538 addidit
3309 1483 3677 1540 Muratorius.

260 1558 305 1596 "
328 1556 495 1612 Alius
526 1558 647 1627 Rig.
694 1556 874 1611 Paris.
916 1560 1105 1613 Venet.

1678 1635 2197 1697 Commentarius.

260 1732 579 1805 Ecclesiam
610 1748 738 1788 esse
769 1734 828 1787 in
863 1733 1047 1801 Patre,
1081 1732 1245 1803 Filio,
1278 1739 1335 1788 et
1383 1733 1601 1805 Spiritu
1662 1737 1910 1805 sancto:
1943 1736 1989 1799 Β
2020 1732 2292 1805 opinione
2312 1737 2401 1789 est
2431 1733 2770 1789 arbitratus.
2804 1733 3017 1805 Contra
3053 1748 3186 1788 cum
3246 1732 3555 1804 hucusque
3615 1734 3677 1789 S.

257 1806 358 1859 sed
394 1804 751 1876 prmcipuein
776 1805 997 1876 Spiritu
1028 1812 1263 1871 sancto;
1300 1803 1453 1859 unde
1478 1805 1777 1860 concludit
1802 1803 1913 1858 hoc

255 1876 381 1931 loco
414 1879 772 1932 mentionem
806 1877 927 1932 ﬁeri
952 1877 1205 1947 Spiritus
1236 1883 1293 1931 et
1344 1878 1614 1933 Ecclesia:
1676 1878 1735 1931 in
1776 1893 1911 1931 ora-

261 1950 418 2002 tione
449 1948 773 2020 Dominica,
808 1949 1042 2020 quando
1074 1949 1328 2003 dicimus
1362 1954 1529 2004 Pater
1570 1958 1778 2017 noster,
1812 1948 1914 2017 qui

258 2021 415 2075 enim
446 2019 674 2075 invocat
705 2019 955 2090 Patrem,
990 2020 1118 2074 Filii
1178 2036 1410 2091 quoque
1457 2026 1513 2074 et
1564 2020 1764 2075 matris
1800 2020 1912 2091 (Ec-

261 2092 451 2146 etesiae
484 2094 603 2147 sive
634 2093 887 2173 Spiritus
934 2093 1119 2173 sancti
1152 2090 1367 2174 numen
1402 2092 1715 2174 implorare
1758 2090 1911 2143 vide-

261 2171 396 2217 tur:
430 2169 604 2234 atque
635 2165 714 2218 ila
745 2181 859 2219 uno
893 2164 1150 2232 nomine,
1210 2165 1398 2219 Patris
1446 2164 1731 2234 videlicet,
1792 2168 1908 2217 tres

262 2252 523 2306 personae
556 2241 951 2291 recensentur.
984 2239 1226 2290 ALBASP.

334 2306 444 2377 (22)
482 2308 593 2363 Uno
623 2308 794 2377 igitur
819 2312 1160 2378 genere,etc.
1192 2306 1521 2361 Orationem
1544 2304 1903 2360 Dominicam

262 2378 345 2431 ita
374 2380 672 2433 exorditur
701 2379 1136 2433 Tertullianus:
1172 2380 1353 2441 Pater,
1386 2380 1480 2447 qui
1505 2380 1565 2432 in
1622 2378 1775 2431 contis
1828 2392 1900 2429 es.

257 2448 380 2503 Vox
409 2453 593 2504 noster
624 2452 1330 2521 praeteritur,quzetamen
1350 2451 1405 2502 in
1439 2448 1901 2518 codicequodam

259 2521 619 2591 ms.legitur.
654 2523 761 2575 Sed
797 2540 829 2576 a
859 2522 1214 2577 Tertulliano
1245 2522 1524 2575 omissam
1560 2521 1743 2575 fuisse
1772 2522 1899 2589 ejus

257 2593 564 2663 explicatio
598 2596 844 2649 suadere
874 2594 1017 2648 satis
1048 2591 1312 2649 videtur:
1344 2593 1558 2647 etenim
1593 2592 1898 2647 indeﬁnito

255 2664 365 2718 hoc
420 2666 652 2719 nomine
696 2682 811 2720 non
838 2682 942 2720 nos
967 2670 1195 2719 tantum
1228 2665 1377 2719 ﬁlios
1429 2665 1529 2719 Dei
1560 2665 1897 2735 designatos

254 2736 533 2805 ostendit,
567 2737 667 2790 sed
717 2742 773 2791 et
819 2736 900 2791 ibi
962 2737 1290 2791 invocatum
1351 2752 1582 2807 quoque
1630 2737 1894 2789 divinum

255 2808 467 2862 Filium
502 2810 775 2869 afﬁrmat.
805 2812 977 2878 cujus
1026 2824 1235 2862 nomen
1295 2808 1471 2863 tacite
1509 2808 1893 2877 signiﬁcatur,

253 2880 489 2950 quando
547 2880 814 2951 generale
867 2879 1213 2934 vocabulum
1268 2880 1451 2934 Patris
1524 2880 1891 2950 exprimitur.

255 2956 540 3007 Praeterea
574 2953 755 3007 Patris
784 2968 851 3006 ac
881 2951 1136 3006 ﬁliorum
1162 2952 1455 3005 mentione
1488 2954 1657 3005 facta.
1707 2951 1895 3005 Eccle-

251 3023 350 3079 siae
382 3039 617 3094 quoque
648 3040 858 3078 nomen
882 3023 1444 3093 subintelligendum
1500 3022 1893 3077 Tertullianus

255 3168 383 3220 sine
414 3172 575 3237 patre
607 3183 673 3221 ac
704 3174 909 3221 matre.
955 3169 1087 3231 Qum
1150 3166 1386 3236 quidem
1446 3166 1897 3236 argumentandi

255 3239 747 3308 ratioquinquam
780 3240 838 3293 in
872 3239 1083 3292 divinis
1139 3240 1229 3308 sit
1286 3237 1478 3301 fallax,
1538 3238 1897 3292 Tertulliano

255 3317 476 3379 tamen,
510 3307 663 3380 quod
695 3316 785 3365 est
814 3311 885 3365 ad
920 3327 1025 3364 nos
1050 3314 1141 3363 Dei
1180 3307 1351 3377 ﬁlios,
1399 3310 1688 3377 placuisse
1746 3309 1900 3362 vide—

254 3388 373 3450 tur,
399 3388 462 3435 ut
493 3383 721 3452 quoties
735 3381 1098 3453 appellamur
1118 3382 1455 3450 ﬁlii,praeter
1477 3387 1653 3435 Deum
1676 3387 1899 3452 patrem

259 3458 527 3508 nostrum
564 3454 881 3509 Ecclesiam
911 3454 1111 3508 itidem
1150 3458 1391 3507 matrem
1436 3459 1721 3522 nostram,
1773 3468 1900 3521 quae

258 3542 486 3596 nosper
523 3525 821 3580 Christum
877 3526 987 3579 Deo
1045 3529 1267 3595 genuit,
1315 3524 1738 3595 intelligamus.
1778 3523 1901 3579 Uno

256 3599 437 3667 igitur
466 3598 748 3652 vocabulo
778 3599 961 3652 Patris
990 3596 1160 3650 Deum
1190 3612 1312 3650 cum
1335 3598 1469 3662 suis,
1506 3597 1561 3650 id
1591 3603 1679 3651 est
1716 3596 1902 3650 Deum

255 3669 508 3736 Patrem,
540 3676 598 3725 et
630 3669 843 3725 Filium
875 3671 1003 3738 ejus
1033 3674 1398 3737 eeternum,et
1429 3674 1674 3722 matrem
1707 3668 1901 3723 Eccle-

253 3742 404 3795 siam
437 3742 818 3797 honoramus.
847 3742 1115 3811 Praecepti
1155 3756 1287 3794 vero
1346 3742 1723 3806 meminimus,
1768 3755 1903 3793 cum

255 3812 544 3878 Christus,
578 3813 848 3868 Matthteo
880 3818 1150 3873 testante,
1186 3810 1431 3866 edixerit
1480 3828 1549 3866 ne
1607 3827 1782 3881 quem
1845 3811 1903 3863 in

255 3885 428 3955 terris
477 3892 701 3955 patrem
762 3900 1067 3955 vocemus,
1110 3881 1219 3938 nisi
1274 3898 1449 3952 quem
1489 3882 1785 3955 habemus
1844 3881 1903 3936 in

257 3953 439 4009 caelis.
479 3953 652 4019 'Quod
712 3957 782 4010 ad
854 3953 1121 4009 Ecclesiae
1208 3970 1422 4008 nomen
1488 3954 1583 4007 hic
1653 3970 1904 4022 usurpa—

258 4032 383 4080 tum
459 4027 900 4081 eruditissimus
975 4025 1381 4094 Albaspinaaus
1453 4024 1668 4091 attulit,
1743 4024 1906 4078 facile

259 4096 531 4166 amplecti
636 4115 752 4152 non
838 4113 1173 4167 possumus.
1264 4096 1472 4151 Censet
1575 4099 1733 4151 enim
1820 4096 1908 4149 vir

261 4168 645 4223 clarissimus.
709 4168 992 4238 Spiritum
1044 4171 1311 4221 sanctum
1372 4184 1472 4237 per
1540 4167 1649 4222 hoc
1695 4183 1904 4238 gvoca-

257 4240 466 4295 bulum
500 4258 530 4294 a
560 4237 918 4296 Tertulliano
950 4239 1288 4309 signiﬁcari,
1324 4255 1455 4294 cum
1489 4239 1539 4292 is
1585 4239 1643 4293 in
1692 4237 1791 4292 lib.
1842 4239 1909 4293 de

261 4315 443 4380 Bapt.,
476 4330 603 4383 cap.
636 4315 689 4380 6,
734 4311 1047 4366 Ecclesiam
1082 4313 1139 4364 in
1170 4315 1361 4383 Patre,
1394 4317 1450 4365 et
1482 4310 1644 4376 Filio,
1679 4316 1734 4383 et
1773 4310 1899 4383 Spi-

264 4385 378 4439 ritu
429 4381 632 4439 sancto
689 4384 1068 4439 constitutam
1118 4382 1407 4447 afﬁrmet;
1456 4389 1512 4436 et
1561 4382 1617 4436 in
1678 4381 1781 4435 lib.
1841 4382 1907 4436 de

2080 1804 2243 1859 ilario
2275 1811 2421 1861 teste
2451 1806 2738 1861 creditum
2770 1805 2963 1870 fuerit,
2985 1804 3201 1859 librum
3229 1804 3295 1860 de
3327 1805 3596 1861 Oratione
3642 1823 3678 1863 a

2025 1877 2382 1933 Tertulliano
2414 1876 2693 1932 catholico
2718 1877 3001 1948 scriptum
3034 1876 3234 1944 fuisse,
3256 1877 3451 1933 nescio
3492 1893 3673 1947 quam

2025 1949 2167 2002 bene
2198 1949 2333 2004 huic
2364 1949 2721 2004 librolucem
2756 1948 2959 2003 afferre
2994 1949 3310 2017 possimus,
3371 1949 3673 2017 productis

2022 2020 2265 2076 alterius
2295 2021 2428 2075 libri
2461 2022 2634 2091 nugis
2666 2037 2731 2075 ac
2762 2021 3027 2075 somniis.
3051 2022 3109 2075 Si
3167 2036 3300 2074 vero
3349 2021 3671 2076 Ecclesiam

2021 2091 2079 2146 in
2112 2092 2301 2159 Patre,
2335 2092 2477 2148 Filio
2508 2100 2564 2147 et
2595 2092 2815 2163 Spiritu
2848 2096 3048 2147 sancto
3080 2092 3457 2147 constitutam
3506 2093 3671 2148 dica-

2018 2166 2332 2235 mus,quod
2366 2171 2519 2219 recte
2549 2164 2661 2218 dici
2695 2163 2955 2235 potuisse
2987 2180 3101 2217 non
3148 2164 3393 2230 inﬁcior,
3456 2180 3527 2219 ne
3584 2165 3669 2220 ita

2018 2237 2256 2306 quidem
2289 2237 2360 2290 ab
2395 2237 2552 2291 hisce
2582 2236 2930 2307 ambagibus
2980 2251 3086 2290 nos
3144 2236 3540 2306 expediemus,
3602 2242 3667 2292 ut

2016 2310 2167 2361 serio
2193 2308 2471 2375 cogitanti
2504 2308 2745 2378 patebit.
2781 2308 3007 2362 MURAT.

2086 2379 2198 2449 (23)
2256 2380 2457 2435 Oblitus
2507 2377 2685 2449 patris
2738 2378 3078 2434 denotamus.
3145 2377 3291 2432 Nam
3367 2377 3656 2433 Dominus

2013 2449 2197 2501 dixit:
2235 2453 2307 2501 Ne
2358 2467 2516 2501 auem
2565 2450 2821 2501 dia-eritis
2877 2455 3092 2501 patrem
3121 2467 3139 2501 :
3193 2466 3337 2501 unus
3391 2459 3473 2501 est
3505 2454 3656 2501 enim

2055 2450 2154 2503 ixit
2186 2468 2197 2504 :
2234 2453 2307 2505 Ne

2358 2467 2516 2522 quem
2565 2450 2821 2505 dia-eritis
2874 2455 3139 2521 patrem;
3193 2466 3337 2504 unus
3391 2459 3473 2505 est
3505 2454 3658 2505 enim

2008 2523 2174 2576 Pater
2202 2527 2374 2577 vester
2402 2527 2459 2577 in
2479 2524 2649 2576 cretis.
2683 2522 2801 2576 Hoc
2848 2527 2937 2576 est
2976 2527 3349 2591 praceptum,
3410 2522 3481 2577 de
3540 2538 3657 2593 quo

2010 2595 2194 2648 sensit
2215 2594 2635 2649 Tertullianus.
2662 2593 3058 2648 G.PANC1ROL.

2076 2696 2146 2705 —
2177 2667 2239 2719 Et
2270 2667 2460 2721 oblitos
2480 2668 2653 2735 patris
2684 2665 3021 2720 denotamus.
3056 2664 3119 2718 In
3168 2661 3381 2717 malam
3427 2666 3655 2734 partem

2006 2752 2110 2790 vox
2141 2738 2417 2791 denotare
2458 2739 2730 2803 sumitur,
2785 2736 2994 2806 hioque
3039 2735 3275 2790 Judaaos
3310 2735 3657 2805 perstringit

2005 2816 2209 2863 auctor
2230 2810 2448 2864 Tertul.
2483 2814 2581 2880 qui
2613 2809 2910 2863 Christum
2945 2824 3047 2879 per
3069 2807 3381 2880 prophetas
3406 2806 3656 2878 promis-

2006 2897 2136 2936 sum
2171 2897 2281 2935 non
2317 2878 2639 2935 modo'non
2675 2886 2737 2934 ut
2767 2878 2957 2935 Deum
2998 2885 3062 2950 et
3111 2878 3381 2933 Messiam
3427 2894 3665 2950 excepe-

2006 2957 2165 3021 runt,
2197 2969 2399 3007 verum
2424 2953 2597 3007 etiam
2634 2952 2837 3006 infami
2872 2949 3161 3021 supplicio
3208 2949 3661 3005 aﬁecerunhLa

251 3029 350 3079 sise
382 3039 617 3094 quoque
648 3040 858 3078 nomen
882 3029 1444 3093 subintelligendum
1500 3029 1893 3077 Tertullianus
2005 3029 2098 3077 Pr.

251 3096 635 3176 inquitinon
655 3097 815 3176 enim
844 3101 933 3150 est
952 3096 1285 3176 pater‘sine‘
1329 3094 1484 3162 ﬁliis,
1543 3110 1747 3176 neque.
1791 3095 1892 3176 ﬁlii
1926 3107 1970 3175 ρ
2012 3166 2021 3176 ⁸
2079 3094 2405 3176 (24)Etium
2431 3096 2527 3165 qui
2555 3094 2619 3149 de
2649 3092 3073 3176 ipso.‘S_ubaudi
3112 3108 3124 3145 :
3181 3090 3381 3176 Etiam
3429 3110 3439 3175 ς

2010 3166 2135 3235 ipso
2167 3165 2282 3219 Deo
2315 3164 2771 3237 interrogaverat
2799 3168 3045 3235 Moyses,
3078 3179 3292 3217 nomen
3342 3164 3442 3219 Dei
3501 3164 3660 3234 quod

2008 3236 2347 3305 esset,aliud
2381 3238 2616 3307 quidem
2654 3252 2865 3290 nomen
2898 3237 3198 3290 audiverat
3227 3236 3486 3307 Rogante
3503 3236 3662 3291 enim

2008 3314 2221 3377 Moyse,
2256 3309 2430 3363 Exodi
2464 3327 2587 3379 cap.
2626 3324 2683 3362 ιιι
2712 3326 2725 3364 :
2759 3308 2819 3362 Si
2867 3307 3115 3362 dixerint
3170 3309 3330 3371 mihi,

2008 3396 2207 3435 nomen
2254 3383 2393 3450 ejus,
2452 3382 2587 3451 quid
2642 3379 2825 3434 dicam
2872 3379 2999 3433 eis?
3056 3379 3208 3432 Dixit
3275 3380 3537 3433 Dominus
3590 3379 3665 3451 (ad

2010 3454 2225 3523 Moysen
2254 3468 2272 3502 :
2308 3456 2424 3521 Ego
2452 3450 2577 3508 sum
2607 3453 2700 3522 qui
2728 3467 2867 3505 sum.
2904 3451 2961 3505 ld
2995 3455 3085 3505 est
3113 3466 3341 3505 summa
3381 3450 3664 3516 essentia,

3181 3090 3371 3147 Etiam
3429 3092 3528 3164 qui
3589 3092 3680 3147 de'

3381 3308 3523 3379 quod
3581 3310 3664 3362 est

2012 3526 2111 3595 qui
2144 3540 2274 3578 sum
2310 3541 2413 3594 per
2442 3541 2534 3579 me
2584 3525 2802 3593 ipsum,
2835 3526 2892 3576 et
2948 3538 2980 3576 a
3038 3524 3398 3595 meipendeo
3432 3541 3448 3592 ;
3506 3523 3665 3595 unde

2012 3594 2168 3649 aliud
2205 3611 2413 3650 nomen
2450 3601 2507 3651 et
2528 3595 2819 3649 diversum
2854 3611 2887 3648 a
2918 3598 3096 3666 Patre
3142 3594 3366 3666 Moyses
3417 3594 3662 3649 audivit.

2009 3668 2117 3721 Sed
2142 3667 2325 3722 Filius
2347 3669 2516 3723 nobis
2546 3667 2653 3721 hos
2676 3682 2887 3720 nomen
2913 3665 3345 3733 manifestavit;
3367 3666 3667 3736 prodendo

2013 3740 2168 3794 enim
2228 3755 2289 3793 se
2346 3757 2475 3795 esse
2524 3738 2759 3802 Filium,
2818 3737 3209 3792 manifestavit
3271 3739 3523 3794 Patrem.
3596 3737 3667 3793 G.

2015 3812 2318 3865 PANCIROL.

2086 3884 2191 3951 (25)
2240 3884 2363 3938 Jam
2407 3882 2554 3936 enim
2603 3880 2783 3935 Pilius
2822 3896 3027 3935 novum
3084 3880 3271 3935 Patris
3324 3895 3523 3934 nomen
3555 3888 3661 3933 est.

2016 3954 2116 4008 Dei
2149 3970 2355 4008 nomen
2394 3953 2576 4023 Moysi
2609 3954 2846 4023 quidem
2892 3951 3277 4023 patefactum:
3332 3956 3392 4006 at
3448 3966 3663 4006 nomen

2014 4026 2114 4080 Dei
2148 4026 2335 4080 Patris
2367 4022 2701 4091 neminifet
2732 4040 2802 4079 ne
2830 4022 2944 4093 ipsi
2970 4023 3225 4095 quidem,
3262 4023 3467 4095 Moysi,
3527 4038 3662 4095 pro-

2016 4098 2204 4151 ditum
2229 4097 2434 4151 fuerat.
2455 4099 2637 4151 Patris
2658 4112 2793 4167 ergo
2840 4110 3056 4167 nomen
3100 4093 3419 4149 novissime
3464 4093 3668 4167 cogni-

2014 4175 2164 4232 tum,
2194 4185 2325 4222 cum
2362 4167 2486 4221 Filii
2522 4165 2738 4222 nomen
2765 4167 2824 4220 in
2860 4166 3089 4220 Christo
3114 4167 3390 4220 innotuit.
3416 4165 3475 4220 Si
3508 4165 3668 4220 enim

2015 4241 2282 4296 Christus
2306 4239 2403 4293 Dei
2436 4238 2637 4303 Filius,
2661 4255 2799 4309 ergo
2832 4243 2889 4292 et
2924 4243 3073 4292 Deus
3103 4237 3291 4292 Pater.
3327 4237 3557 4292 Muna'r.

2086 4312 2199 4381 (26)
2230 4313 2291 4364 Et
2323 4312 2593 4379 apertius.
2630 4307 3019 4365 Manifestavit
3074 4325 3287 4381 nomen
3347 4308 3470 4376 Dei,
3530 4307 3672 4378 quia

2018 4383 2151 4436 fecit
2185 4388 2244 4435 ut
2275 4382 2368 4435 sui
2400 4382 2566 4435 Pater
2585 4385 3017 4451 agnosceretur.
3051 4380 3164 4436 Alii
3212 4381 3673 4451 interpretantur

264 4456 524 4545 rPud‘iciL,
583 4472 734 4537 capt
769 4456 860 4545 21,
912 4454 1032 4536 haec
1066 4453 1345 4545 .halbeatz.
1400 4444 1596 4545 eNam
1625 4458 1719 4545 net.
1762 4453 1905 4545 ipsa
1936 4480 1982 4545 D
2016 4454 2165 4545 quod
2192 4454 2373 4545 Deum
2419 4444 3008 4545 gentihiisnignotum
3069 4444 3557 4545 niaqifestaverit,
3615 4455 3673 4505 et

252 4527 509 4582 Ecclesia
543 4523 773 4597 proprie
805 4532 862 4581 et
895 4524 1299 4597 principaliter
1334 4526 1459 4594 ipse
1490 4531 1579 4580 est
1610 4523 1900 4597 Spiritus,

254 4601 315 4652 in
348 4616 462 4668 quo
487 4596 576 4653 est
630 4596 887 4653 Trinitas
946 4597 1290 4658 divinitatis,
1355 4601 1545 4661 Pater,
1607 4596 1789 4649 Filius
1849 4602 1906 4650 et

256 4671 511 4741 Spiritus
546 4679 804 4725 sanctus.
842 4668 1006 4724 Illam
1041 4668 1355 4722 Ecclesiam
1377 4674 1903 4738 congregat,quam

259 4744 547 4798 Dominus
594 4742 647 4795 in
684 4744 875 4795 tribus
917 4742 1130 4809 posuit.
1178 4762 1204 4787 ››
1247 4741 1395 4794 Tum
1455 4741 1900 4809 Albaspinaaus:

266 4815 538 4881 «Quibus
576 4812 718 4868 locis
764 4812 1059 4867 existimat
1115 4810 1534 4880 Tertullianus,
1596 4809 1908 4865 Ecclesiam

263 4901 391 4940 esse
417 4887 475 4940 in
509 4886 694 4951 Patre,
722 4884 861 4939 Filio
894 4889 949 4937 et
980 4884 1197 4954 Spiritu
1225 4890 1453 4947 sancto,
1488 4884 1586 4937 sed
1626 4884 1913 4954 praecipue

264 4957 326 5010 in
358 4958 574 5028 Spiritu
610 4963 832 5012 sancto.
866 4956 1026 5010 Unde
1050 4956 1368 5028 concludit,
1399 4954 1527 5028 hoc
1577 4954 1700 5009 loco
1749 4971 1912 5028 men-

265 5027 484 5082 tionem
556 5029 677 5083 ﬁeri
740 5028 993 5098 Spiritus
1065 5031 1121 5081 et
1196 5027 1459 5081 Ecclesiae
1520 5027 1577 5080 in
1653 5027 1913 5098 oratione

270 5099 588 5161 Dominica,
648 5097 878 5168 quando
937 5099 1240 5152 dicimus:
1304 5098 1470 5151 Pater
1528 5103 1744 5152 noster.
1806 5097 1913 5161 Qui

267 5172 423 5225 enim
481 5170 713 5224 invocat
783 5172 1032 5236 Patrem,
1098 5168 1217 5223 Filii
1271 5186 1505 5240 quoque
1588 5174 1645 5223 et
1706 5170 1915 5224 matris

266 5243 557 5306 Ecclesiae,
618 5241 736 5296 sive
778 5242 1029 5312 Spiritus
1088 5242 1273 5295 sancti
1333 5257 1548 5295 numen
1600 5240 1915 5312 implorare

264 5315 532 5380 videtur;
568 5311 845 5383 atqueita
904 5330 1020 5367 uno
1078 5314 1334 5379 nomine,
1394 5313 1578 5366 Patris
1627 5311 1914 5380 videlicet,

266 5393 386 5441 tres
419 5402 677 5456 personae
711 5390 1107 5440 recensentur.
1143 5406 1170 5434 ››
1200 5387 1271 5437 At
1320 5383 1498 5438 nolim
1536 5398 1591 5456 _e
1652 5383 1808 5456 libro
1848 5387 1916 5439 de

266 5454 552 5513 Pudicitia
578 5457 687 5511 loci
721 5456 902 5529 hujus
943 5456 1389 5529 explicationem
1409 5528 1415 5529 ί
1437 5454 1571 5529 peti,
1592 5526 1599 5529 _
1624 5455 1913 5525 siquidem

268 5536 491 5585 certum
528 5529 668 5583 mihi
703 5526 955 5591 videtur,
988 5526 1099 5583 non
1129 5527 1307 5581 alium
1343 5527 1417 5580 ibi
1450 5526 1733 5598 Spiritum
1781 5544 1914 5581 san-

269 5610 428 5658 ctum
480 5601 751 5671 intelligi,
812 5616 990 5671 quam
1050 5599 1496 5654 haeresiarcham
1552 5598 1916 5666 Montanum,

272 5678 443 5739 cujus
475 5674 873 5728 debramentis
925 5678 989 5727 ut
1045 5671 1445 5725 rl‘ertullianus
1496 5675 1916 5737 assentaretur,

272 5744 588 5800 Ecclesiam
614 5746 668 5799 in
705 5761 770 5799 eo
788 5745 1007 5814 proprie
1036 5750 1087 5797 et
1116 5742 1505 5813 principaliter
1547 5743 1921 5798 constitutam

278 5817 610 5885 sommavit,
644 5820 763 5873 imo
795 5817 991 5889 ipsum
1025 5831 1155 5871 esse
1202 5816 1502 5894 Ecclesiam
1538 5814 1921 5894 lepidissima

592 5947 857 6009 Paraon.
907 5948 955 6007 Ι.

2013 4525 2318 4596 impletum
2364 4530 2452 4577 est
2504 4524 2647 4579 illud
2699 4523 2917 4596 Psalmi
2969 4539 3060 4577 xxx
3107 4540 3119 4577 ε
3169 4525 3416 4596 Narrabo
3472 4538 3674 4596 nomen

2017 4595 2169 4652 tuum
2196 4598 2435 4665 [ratibus
2465 4598 2620 4661 meis,
2656 4596 2751 4649 ubi
2788 4595 3135 4666 Euthymius
3166 4595 3431 4665 sequitur
3481 4595 3669 4649 inter-

2019 4669 2401 4739 pretationem
2434 4666 2801 4739 Tertulliani.
2838 4665 2994 4721 Idem
3028 4665 3281 4723 habetur
3328 4667 3482 4738 apud
3516 4666 3673 4722 Pau-

2017 4738 2141 4795 lum
2177 4742 2243 4795 ad
2274 4740 2446 4793 Hebr.
2483 4756 2608 4809 cap.
2642 4755 2703 4792 ιι.
2739 4738 2804 4793 G.
2840 4739 3143 4792 PANCIBOL.

2092 4813 2204 4881 (27)
2272 4812 2334 4867 Ut
2392 4808 2767 4879 sanctiﬁeetur
2821 4811 3182 4881 postulamus.
3235 4809 3338 4864 Dei
3394 4808 3682 4865 nimirum

2024 4882 2406 4937 sanctificatio
2438 4888 2526 4937 est
2556 4881 2815 4952 optimus
2872 4882 3098 4935 vivendi
3173 4882 3408 4938 modus.
3468 4881 3562 4952 Sic
3620 4881 3682 4935 in

2024 4973 2150 5037 cap.
2201 4972 2239 5008 ιι
2301 4950 2741 5037 proph.'Amos
2816 4952 3066 5037 Cyrillus
3130 4953 3362 5037 “Alex:
3425 4950 3682 5037 Ayzg'tﬁem

2026 5022 2272 5099 )ié‘towatt
2305 5022 2459 5099 836v
2497 5022 2548 5077 οί
2610 5025 2802 5092 ζῶντες
2857 5022 3056 5099 ῥρθῷς’
3118 5027 3289 5081 Deum
3336 5022 3683 5093 sana-tilica"

2025 5096 2290 5154 dicuntur
2320 5100 2415 5167 qui
2446 5097 2577 5151 bene
2607 5099 2825 5167 vivunt.
2858 5096 2932 5150 LE
2958 5097 3057 5150 Pa.

2095 5172 2204 5241 (28)
2239 5164 2499 5241 Quaszsit
2527 5176 2580 5223 et
2608 5170 2753 5223 alius
2784 5166 2849 5220 de
2874 5184 2976 5238 quo
3007 5170 3059 5221 ei
3084 5168 3256 5241 possit
3297 5166 3500 5241 aptari.
3563 5164 3682 5241 Hoc

2025 5236 2131 5307 est,
2165 5236 2342 5304 Quasi
2377 5240 2496 5294 ulla
2526 5241 2602 5293 sit
2634 5241 2743 5295 alia
2771 5236 3049 5309 maj'estas
3082 5238 3343 5292 numinis
3372 5236 3575 5309 ullius,
3602 5236 3682 5309 de

2025 5305 2138 5382 qua
2167 5314 2213 5368 ei
2243 5313 2428 5383 possit
2459 5312 2645 5383 cptari
2680 5318 2744 5365 ut
2774 5305 3198 5365 sanctiﬁcetur.
3234 5308 3462 5363 Etenim
3519 5305 3683 5383 nulla

2025 5378 2133 5452 est,
2167 5378 2298 5440 cum
2346 5378 2512 5439 unus
2534 5385 2610 5437 sit
2639 5384 2813 5449 Deus,
2873 5386 2931 5436 et
2989 5386 3198 5452 praeter
3254 5396 3388 5435 eum
3458 5378 3680 5434 nullus.

2026 5456 2153 5511 RIG.

2100 5528 2211 5595 (29)
2252 5526 2475 5594 Quando
2496 5543 2606 5582 non
2657 5524 3074 5592 sanctiﬁcatum.
3112 5521 3533 5595 Hieronymus,
3586 5537 3684 5591 ep.

2031 5592 2136 5653 135
2184 5617 2194 5652 :
2253 5592 2282 5650 αἱ
2322 5599 2447 5653 Non
2507 5597 2659 5667 quod
2698 5594 2866 5649 nobis
2933 5594 3240 5648 orantibus
3289 5592 3690 5648 sanotiﬁcetur

2032 5673 2314 5741 quodper
2345 5688 2404 5724 se
2440 5667 2866 5741 sanctumsed,
2931 5667 3027 5721 sed
3080 5667 3234 5734 quod
3299 5669 3569 5741 petamus
3625 5669 3691 5741 ut

2035 5737 2189 5813 quod
2217 5737 2326 5812 per
2350 5747 2619 5796 naturam
2645 5738 2733 5794 sui
2768 5742 3036 5809 sanctum
3066 5744 3174 5804 est,
3206 5737 3602 5793 sanctiﬁcatur
3629 5738 3705 5793 in

2040 5816 2228 5871 nobis.
2259 5837 2284 5863 ››
2315 5813 2438 5869 Rm.

3285 5941 3365 6000 40
