4162 6388
498 361 656 424 1263

1038 354 1560 418 TERTULLIANI
1602 350 1923 415 OPERUM
1966 349 2164 410 PARS
2205 348 2256 409 Ῑ.
2286 344 2663 407 —SERIES
2708 345 2786 418 ll,
2833 343 3320 408 DOGMATICA.

3744 346 3900 408 1964

493 491 648 548 enim
678 489 848 562 panis
878 491 1076 544 noster
1095 491 1202 553 est,
1235 486 1376 558 quia
1401 485 1518 540 vita
1543 483 1839 550 Christus,
1871 485 1928 536 et
1956 480 2125 536 vita”
2158 485 2212 551 Α
2237 479 2324 534 dit
2354 478 2556 550 (Matth,
2581 493 2678 542 vn,
2709 476 2816 548 9)?
2851 476 3121 533 Ostendit
3141 477 3320 548 enim,
3352 478 3501 550 quid
3544 495 3580 534 a
3601 482 3770 550 patre
3799 478 3902 534 ﬁlii

477 580 685 658 .panis.
710 581 814 650 Ego
844 594 986 647 sum,
1010 576 1226 649 inquit,
1255 577 1417 646 panis
1473 575 1602 630 vitae
1647 575 1826 640 (Joan.
1887 588 1961 637 v1,
2023 570 2134 639 35).

495 673 563 724 Et
591 667 764 739 paulo
822 682 1045 737 supra:
1101 671 1267 719 Panis
1326 673 1403 719 est
1449 663 1638 718 Sermo
1704 663 1802 716 Dei
1858 660 1988 724 viri,
2043 659 2140 730 qui

496 755 775 812 descendit
795 754 860 809 de
885 755 1052 809 caelis.
1084 753 1232 807 Tum
1265 753 1416 824 quod
1451 758 1506 804 et
1527 767 1737 820 corpus
1769 749 1892 818 ejus
1921 748 1978 802 in
2001 763 2148 818 pane

498 849 769 900 censetur
817 844 953 915 (46),
1010 842 1205 896 1161
1263 842 1370 895 Hoc
1417 841 1497 894 est
1524 854 1721 904 corpus
1756 853 1936 891 meum
1992 836 2144 905 (Luc.

499 949 638 993 xxii,
671 932 781 998 19).
817 932 1020 1000 Itaque
1056 929 1304 1000 petendo
1339 943 1548 998 panem
1576 927 2146 996 quotidianum,per-

504 1021 845 1094 petuitatem
873 1018 1238 1089 postulamus
1271 1018 1329 1071 in
1361 1013 2144 1079 Christo,etindividuitatem

505 1127 539 1165 a
567 1124 805 1178 corpore
832 1108 981 1177 ejus.
1015 1107 1124 1161 Sed
1157 1110 1214 1160 et
1259 1105 1399 1176 quia
1441 1103 1758 1159 carnaliter
1815 1101 2147 1156 admittitur

503 1199 618 1255 ista
645 1215 774 1264 vox,
808 1213 923 1252 non
955 1197 1080 1252 sine
1095 1195 1370 1267 religione
1391 1198 1580 1266 potest
1603 1193 1724 1248 fieri
1754 1195 1811 1248 et
1861 1190 2146 1263 spiritalis

505 1285 848 1357 disciplinas.
874 1284 1086 1338 Panem
1117 1282 1273 1337 enim
1306 1281 1418 1354 peti
1453 1280 1710 1347 mandat,
1757 1279 1910 1350 quod
1955 1277 2147 1340 solum

505 1373 777 1430 ﬁdelibus
804 1371 1203 1428 necessarium
1242 1375 1332 1425 est
1377 1385 1390 1422 :
1451 1372 1655 1425 cxtera
1707 1370 1856 1424 enim
1899 1373 2149 1422 nationes

501 1464 812 1534 requirunt.
873 1461 1038 1516 Itaet
1079 1458 1360 1530 exemplis
1422 1456 1700 1522 inculcat,
1746 1461 1800 1511 et
1855 1454 2151 1527 parabolis

503 1553 782 1608 retractat
818 1549 954 1618 (47),
987 1564 1122 1603 cum
1149 1546 1326 1601 dicit:
1356 1545 1629 1616 Numquid
1655 1561 1854 1616 panem
1874 1544 2008 1612 ﬁliis
2038 1543 2147 1612 (48)

502 1643 664 1713 pater
691 1639 893 1707 aufert,
925 1641 976 1692 et
1039 1635 1274 1690 canibus
1333 1633 1502 1688 tradit
1558 1634 1765 1704 (Matth.
1815 1645 1947 1698 xxv,
1999 1632 2092 1700 26)
2123 1628 2152 1683 Ἰ

509 1729 690 1784 Item:
723 1724 1000 1797 Numquid
1048 1723 1164 1793 ﬁlio
1201 1738 1403 1794 panem
1447 1723 1690 1792 poscenti
1747 1720 1985 1792 lapidem
2037 1723 2151 1773 tra-

2247 570 2596 639 exspectent.
2632 566 2739 621 Sed
2768 569 2822 620 et
2850 571 3158 621 nocturnus
3187 567 3282 622 ille
3307 568 3564 638 pulsator
3631 569 3744 640 (49)
3805 585 3904 639 pa-

2250 673 2376 712 nem
2401 655 2649 726 poscebat
2678 655 2722 688 ²⁹
2754 655 2903 725 (Luc.
2936 671 3014 709 x1.
3045 656 3122 724 5).
3154 656 3356 711 Merito
3389 662 3592 712 autem
3649 657 3906 727 adjecit:

2255 750 2342 799 Da
2371 745 2524 798 nobis
2575 743 2750 812 hodie,
2807 748 2872 797 ut
2955 743 3056 812 qui
3112 744 3483 814 prmmiserat
3536 763 3553 802 :
3605 746 3794 800 Nolite
3847 745 3909 800 de

2254 835 2490 887 crastino
2546 834 2790 902 cogitare
2843 831 2974 901 quid
3030 831 3221 886 edatis.
3274 833 3377 888 Cui
3427 833 3510 888 rei
3561 833 3908 904 parabolam

2252 937 2481 991 quoque
2511 922 2716 976 1112
2749 921 3212 976 accommodavit
3258 922 3417 976 illius
3477 921 3746 989 hominis,
3817 924 3914 995 qui

2251 1009 2701 1080 provenientibus
2729 1010 2773 1044 ³ο
2791 1008 3058 1078 fructibus
3076 1009 3526 1080 amplicationem
3553 1012 3914 1077 horreorum,

2252 1102 2306 1153 et
2334 1097 2516 1166 longe
2541 1099 2854 1154 securitatis
2882 1098 3065 1169 spatia
3091 1099 3358 1168 cogitavit
3391 1123 3405 1168 ;
3468 1101 3516 1154 is
3573 1101 3702 1171 ipsa
3760 1109 3917 1157 nocte

2255 1189 2490 1242 moritur
2519 1187 2664 1255 (Luc.
2696 1203 2796 1253 xu,
2822 1186 2932 1258 16).

2910 1327 3138 1384 CAPUT
3167 1327 3261 1383 VI.

2328 1451 2696 1523 Consequens
2725 1455 2850 1508 erat
2875 1452 3009 1521 (30),
3041 1455 3106 1508 ut
3134 1452 3440 1509 observata
3487 1453 3585 1510 Dei
3640 1453 3915 1511 liberali-

2255 1545 2394 1606 tate,
2434 1541 2609 1595 etiam
2665 1540 3035 1596 clementiam
3093 1542 3221 1612 ejus
3269 1557 3704 1613 precaremur;
3771 1545 3918 1616 quid

2255 1628 2412 1684 enim
2443 1628 2719 1684 alimenta
2749 1629 3087 1700 proderunt,
3119 1630 3168 1684 si
3198 1629 3283 1684 illi
3311 1629 3354 1665 δι
3390 1631 3746 1702 reputa‘mur
3808 1634 3923 1704 (51)

2258 1733 2452 1772 revera
2492 1717 2660 1787 quasi
2716 1725 2919 1773 taurus
2973 1721 3087 1790 (52)
3116 1718 3188 1774 ad
3249 1717 3545 1774 victimam
3587 1720 3616 1774 ‘t
3681 1720 3926 1777 Sciebat

1941 1824 2143 1888 Variae
2174 1822 2496 1883 lectiones.

587 1930 630 1964 ³⁸
660 1928 866 1984 Semler
894 1925 1042 1980 haud
1069 1924 1318 1996 feliciter
1344 1925 1489 1996 conj.
1520 1924 1646 1979 vitae
1679 1923 1867 1995 panis.
1948 1923 1994 1957 ²⁹
2025 1920 2304 1977 Pulsabat
2346 1919 2572 1996 seinter.
2594 1989 2620 1996 Δ
2647 1919 2692 1954 ⁸ο
2717 1921 2830 1996 _Qui
2858 1935 2974 1996 _pro
3042 1919 3411 1978 venientibus
3469 1921 3741 1979 distincte
3794 1925 3931 1993 tegit

515 2004 664 2067 Jun.,
694 2015 892 2071 parum
921 1989 1078 2053 bene:
1146 1998 1191 2033 ³¹
1225 1997 1284 2052 Si
1313 1997 1374 2052 in
1404 1989 1488 2052 eis
1521 1989 1878 2068 reputemur.
1910 1998 2045 2050 Jun.
2071 1998 2306 2062 Franeq.
2339 1991 2396 2046 Si
2436 1990 2552 2046 illis
2585 1989 2811 2046 Scmler.
2848 1989 3016 2062 Leop.

1952 2097 2469 2161 Commentarius.

517 2202 769 2259 crastino
823 2217 936 2270 non
973 2200 1368 2270 _debereesse
1415 2199 1671 2270 solliciti,
1703 2198 1917 2255 etenim
1947 2197 2007 2252 Ὀ
2054 2194 2153 2270 τᾳὴν
2185 2204 2233 2268 Β

515 2273 740 2346 ἡμέραν⁸
772 2291 855 2325 τοι
889 2267 1092 2346 Δδιδοὺς
1120 2269 1238 2346 (καῖέ
1288 2271 1351 2346 rd:
1403 2271 1508 2346 sic
1532 2272 1630 2338 τήν
1657 2264 2028 2346 ⁷’ἡμέρῳ-σοι
2071 2264 2154 2320 δί-

516 2343 669 2398 amor
709 2344 813 2411 Qui
860 2343 1010 2399 diem
1064 2344 1166 2399 tibi
1206 2344 1350 2398 dedit
1378 2343 1530 2397 dabit
1556 2359 1767 2415 quoque
1810 2343 1922 2397 diei
1976 2356 2156 2395 neces-

515 2420 691 2474 saria.
726 2421 970 2470 ALBASP.

590 2487 702 2558 (46)
733 2490 935 2558 Carpus
960 2485 1173 2558 ejusin
1199 2500 1344 2558 pane
1400 2490 1670 2539 censetur.
1729 2479 2159 2558 T_riarin_telligi

521 2552 694 2630 posse
729 2552 1033 2630 per'verba
1063 2555 1180 2630 illa,
1199 2552 1422 2611 'Pancm
1445 2563 1718 2610 nostrum.
1761 2552 2160 2630 Tertullianus

524 2624 764 2683 monet}
799 2628 1029 2698 scilicet
1054 2627 1332 2681 alimenta
1370 2641 1665 2698 corporea,
1696 2631 1823 2679 tum
1886 2624 2162 2698 alimenta

524 2698 876 2770 spiritualia,
903 2697 1152 2768 denique
1173 2696 1909 2770 viviﬁcum‘sacrmgniensai
1940 2696 2158 2770 cibum,

524 2767 581 2826 et
613 2769 937 2824 realitatem
971 2769 1231 2838 corporis
1260 2769 1637 2839 etsanguinis
1667 2767 1954 2823 Dominici
1987 2767 2045 2819 in
2077 2783 2164 2839 sa-

527 2844 821 2897 cramento
851 2837 1627 2894 altarisfPostremum—hunc
1679 2853 1918 2894 sensum
1969 2837 2161 2892 erudi-

531 2912 799 2968 tissimus
829 2911 1118 2966 Pamelius
1151 2910 1482 2978 illustravit,
1534 2911 1668 2964 inde
1725 2910 1999 2979 probans,
2029 2923 2163 2963 vere

527 3000 739 3054 corpus
763 2988 820 3038 et
843 2983 1187 3052 sanguinem
1221 2981 1432 3036 Christi
1466 2982 1788 3036 secundum
1819 2979 2163 3054 Tertulliani

527 3049 782 3110 mentem
833 3056 890 3108 in
958 3049 1338 3108 Eucharistia:
1414 3059 1776 3108 sacramento
1857 3049 2160 3106 contineri.

529 3131 747 3179 Praeter
775 3123 877 3180 illa
927 3141 1052 3195 qua:
1087 3123 1381 3179 Pamelius
1405 3124 1590 3190 att’ert,
1643 3129 1889 3194 possunt
1915 3194 1920 3195 γ
1943 3128 2022 3195 et_
2051 3121 2166 3195 alia

530 3195 877 3252 Tertulliani
908 3193 1082 3268 verba
1103 3195 1297 3250 referri
1329 3195 1484 3249 idem
1515 3193 1822 3268 probantis.
1850 3193 2165 3268 dilucidius

529 3269 661 3323 Lib.
693 3285 748 3322 ν.
779 3271 972 3322 contra
999 3267 1347 3332 Marcionem,
1378 3263 1584 3334 capf8,
1621 3266 1736 3320 huic
1768 3265 1862 3319 ille
1925 3263 2160 3320 scribit:

529 3360 558 3389 «
595 3340 835 3393 Proinde
859 3337 1027 3409 panis
1052 3344 1109 3392 et
1131 3338 1326 3392 calicis
1356 3338 1849 3409 sacramentojam
1885 3337 1944 3409 iu
1980 3338 2166 3409 Evanf

529 3409 681 3480 gelio
714 3405 1092 3480 probavimus
1151 3409 1409 3480 corporis
1439 3414 1496 3463 et
1517 3405 1824 3480 sanguinis
1879 3405 2165 3480 Dominici

528 3475 831 3535 veritatem
865 3482 1144 3535 adversus
1173 3475 1503 3549 plantasma
1527 3475 1856 3534 Marcionis.
1893 3501 1921 3529 »
1952 3475 2166 3534 Christi

2262 2199 2369 2250 est.
2401 2193 2708 2249 Trifariam
2763 2195 2920 2249 enim
2978 2194 3100 2250 hinc
3151 2195 3361 2251 Christi
3413 2198 3640 2252 verba:
3705 2200 3926 2254 Panem

2265 2271 2509 2340 nostrum
2526 2270 2684 2340 _quot,
2727 2266 2993 2340 explicat,
3025 2267 3282 2340 primum
3315 2268 3385 2323 de
3408 2285 3556 2339 pane
3585 2272 3923 2340 communi,

2266 2337 2475 2392 deinde
2509 2337 2578 2391 de
2608 2336 2836 2413 _Christo
2868 2336 3576 2413 qui_credentium_verus
3597 2346 3691 2396 est
3713 2336 3924 2413 panis;

2267 2413 2560 2481 postremo
2591 2409 2661 2481 de
2690 2424 2928 2481 corpore
2959 2407 3196 2479 Christi,
3230 2411 3384 2481 quod
3415 2415 3506 2466 est
3564 2411 3623 2464 in
3688 2407 3929 2468 E'ucba-

2269 2479 2428 2535 ristia
2460 2497 2473 2544 ;
2509 2479 2607 2533 ubi
2637 2479 3218 2534 animadvertendum
3248 2479 3358 2536 _est
3413 2498 3548 2537 eum
3595 2483 3929 2539 discrimen

2269 2551 2624 2607 constituere
2654 2551 2804 2605 inter
2832 2553 3055 2618 .lesum,
3089 2555 3380 2622 quatenus
3424 2552 3628 2608 fideles
3689 2561 3750 2609 et
3811 2573 3933 2610 cre-

2269 2623 2471 2676 dentes
2504 2622 2706 2693 nutrit,
2768 2627 2824 2676 et
2852 2622 3122 2677 eumdem
3156 2625 3348 2693 ipsum
3368 2623 3573 2679 Jesum
3606 2625 3671 2678 in
3696 2626 3932 2682 Eucha-

2271 2693 2435 2748 ristia
2465 2691 2829 2765 existenlem.
2863 2693 3008 2748 Nam
3043 2693 3143 2765 ubi,
3171 2691 3461 2765 exposuit,
3523 2700 3936 2765 quamobrem

2270 2765 2443 2841 .lesus
2475 2764 2978 2841 panissiteorum
2999 2765 3098 2835 qui
3130 2764 3713 2841 ipsumuconfitentur
3747 2775 3936 2841 atque

2273 2838 2330 2912 in
2362 2834 2495 2889 eum
2529 2835 2793 2912 credunt,
2819 2834 3238 2912 alium’rurs'us
3281 2837 3447 2912 affert
3496 2839 3750 2912 modum
3814 2834 3931 2912 quo

2272 2909 2519 2981 ipsemet
2547 2906 2809 2981 Christus
2839 2913 2927 2981 est
2957 2908 3145 2981 panis.
3169 2909 3369 2981 Itaque
3399 2909 3543 2964 duos
3567 2908 3706 2964 illos
3741 2906 3935 2981 panes

2271 2976 2681 3055 duplicemque
2710 2976 3175 3055 alendi_modum
3236 2976 3344 3034 hoc
3403 2981 3526 3055 |_oco_
3575 2976 3935 3055 distinguit,

2317 3047 2427 3105 uod
2461 3050 2645 3120 facere
2703 3047 2847 3120 nihil
2897 3049 3007 3103 fuit
3062 3065 3319 3120 necesse,
3373 3051 3423 3106 si
3471 3051 3746 3109 Christus
3778 3047 3935 3111 vsola

2317 3069 2427 3105 ιιοα
2461 3069 2645 3103 ΙαῧϐῐἙ
2703 3069 2847 3103 ωωι
2897 3069 3007 3103 run.
3062 3069 3319 3120 11800888,
3373 3069 3423 3106 81
3471 3069 3746 3109 UDI'IBHJB
3806 3069 3934 3111 8018

2273 3069 2386 3176 gde
2411 3121 2466 3174 in
2498 3118 2864 3193 Eucharistia
2922 3122 3200 3193 sumitur,
3234 3122 3736 3193 quemadmodum
3805 3126 3934 3182 sola

2276 3194 2386 3270 fide
2415 3193 2488 3246 ab
2519 3191 2900 3270 iiscumitur,
2932 3191 3029 3270 qui
3065 3193 3123 3247 in
3147 3191 3326 3270 eum“
3348 3195 3595 3264 ejusque
3631 3197 3933 3270 _Evgange-

2274 3266 2425 3336 lium,
2479 3264 2742 3336 credunt.
2803 3266 3084 3336 Praeterea
3147 3263 3410 3334 loquitur
3457 3263 3524 3319 ut
3586 3263 3934 3336 plurimum

2273 3335 2463 3408 verbis
2485 3332 3038 3408 jurisconsultorum
3071 3332 3339 3405 propriis,
3372 3337 3527 3407 apud
3560 3332 3716 3408 quos
3737 3357 3935 3395 cense-

2273 3417 2366 3464 tur
2383 3406 2539 3459 idem
2563 3410 2731 3460 sonat
2769 3421 2834 3460 ac
2854 3413 2950 3459 est.
2981 3407 3215 3462 ALBASP.

2343 3476 2641 3546 —Corpus
2685 3475 2809 3548 ejus
2865 3477 3396 3548 inipanegccnselur.
3451 3476 3582 3548 Ipse
3653 3479 3718 3534 in
3771 3499 3938 3538 eam-

530 3566 765 3632 carnem
797 3567 1152 3632 non-veram,
1173 3546 1286 3632 sed
1317 3551 1954 3632 phantasticamatque
1981 3565 2160 3632 appr}:
2188 3568 2234 3632 ο
2275 3546 3296 3632 ἀρφ.εθῐξρθῐῃίαωηᾳχριίθωξ,Ιοουω
3317 3565 3396 3632 .ex
3450 3546 3734 3632 Jeremiae_
3791 3571 3936 3626 pro-

534 3626 756 3676 rentem
788 3622 1087 3683 duntaxat,
1114 3618 1335 3692 impius
1360 3624 1611 3677 Marcion
1646 3618 2076 3676 arbitra—baturf
2105 3618 2161 3673 Si

535 3708 672 3763 ergo
704 3708 806 3764 per
837 3699 1268 3747 sacramentum
1328 3693 1497 3762 panis
1554 3700 1608 3748 et
1637 3693 1832 3748 calicis
1890 3693 2167 3762 probatur

535 3765 749 3819 veritas
770 3764 1026 3834 corporis
1083 3771 1140 3818 et
1186 3764 1489 3834 sanguinis
1538 3763 1846 3828 Dominici,
1879 3764 2008 3832 quis
2049 3779 2163 3816 non

533 3834 842 3907 intelligat,
873 3851 1072 3889 verum
1103 3841 1160 3890 et
1179 3834 1567 3890 substantiale
1587 3835 1642 3889 in
1676 3840 1921 3907 augusto
1965 3850 2162 3907 sacra-

533 3903 962 3978 mento'haberi
992 3923 1202 3975 corpus
1233 3911 1290 3978 et
1335 3910 1680 3978 sanguinem
1713 3903 1926 3978 Christi
1955 3906 1983 3960 ?
2016 3904 2166 3978 _Alia

529 3977 769 4049 colligas
798 3977 1092 4049 ereliquis
1121 3977 1248 4047 eius
1279 3977 1335 4030 in
1369 3975 1714 4049 Ma'rcionem
1773 3975 1959 4033 iibris.
2013 3976 2160 4049 Tum

529 3994 769 4103 corrigas
798 3994 829 4033 e
849 3994 1092 4049 reliquis
1121 3994 1248 4047 e]us
1279 3994 1335 4030 1n
1369 3994 1714 4032 marcronem
1773 3994 1959 4033 noris.
2025 3994 2045 4030 1
2065 3994 2160 4031 um

527 4049 588 4104 in
621 4050 658 4132 li
709 4089 722 4102 .
750 4049 815 4104 de
844 4049 1136 4132 ldoanap.
1157 4050 1211 4114 7,
1247 4048 1855 4132 haecanimadvertehia
2012 4047 2161 4102 hanc

526 4126 751 4191 partem
777 4120 936 4191 zelus
967 4119 1101 4176 ﬁdei
1125 4119 1742 4190 perorabit,ingemens
1764 4119 2159 4191 Christianum

523 4190 595 4246 ab
632 4190 805 4246 idolis
837 4190 896 4246 in
929 4193 1245 4248 Ecclesium
1268 4192 1560 4255 venire,de
1584 4190 1898 4246 adversarii
1928 4190 2161 4245 ofﬁcina

525 4262 584 4317 in
618 4263 856 4318 domum
886 4263 1001 4331 Dei,
1033 4262 1289 4319 attollere
1314 4263 1382 4316 ad
1419 4263 1600 4317 Deum
1656 4267 1885 4317 Patrem
1948 4278 2158 4316 manus

523 4338 738 4389 matres
779 4332 1065 4390 idolorum
1102 4353 1114 4400 ;
1143 4334 1232 4390 his
1267 4335 1540 4388 munibus
1573 4334 1832 4402 adorare,
1866 4350 1995 4404 qua:
2018 4333 2157 4387 foris

518 4405 799 4460 adversus
845 4404 1025 4460 Deum
1071 4406 1433 4460 adorantur:
1477 4421 1574 4459 eas
1614 4422 1825 4459 manus
1853 4406 2158 4459 admovere

517 4477 744 4546 corpori
799 4477 1050 4545 Domini,
1107 4494 1233 4547 quas
1291 4477 1595 4531 daemoniis
1654 4493 1897 4547 corpora
1956 4483 2153 4530 conte-

519 4551 676 4613 runt,
712 4568 736 4598 α
772 4551 879 4601 etc.
916 4547 1018 4602 Ubi
1056 4546 1499 4603 in’Christianos
1555 4546 1845 4602 idolorum
1903 4548 2154 4601 artiﬁces

514 4617 830 4685 invehitur,
865 4621 962 4688 qui
988 4619 1485 4675 manibusiisdem
1511 4619 1725 4688 quibus
1748 4619 1904 4674 idola
1936 4619 2152 4673 forma-

512 4688 675 4750 bant,
705 4688 919 4760 Christi
953 4706 1185 4760 corpus,
1221 4689 1302 4745 uti
1339 4691 1558 4745 ferebat
1588 4706 1789 4744 eorum
1820 4696 2149 4756 temporum

510 4759 894 4832 consuetudo,
930 4761 1302 4829 recipiebant.
1340 4761 1482 4815 Vide
1513 4761 1709 4828 etiam,
1745 4778 1870 4832 cap.
1909 4761 1993 4825 14,
2049 4761 2149 4815 lib.

507 4838 696 4904 contra
723 4829 964 4886 Judaeos.
1005 4832 1244 4904 Proinde
1271 4848 1464 4904 corpus
1495 4834 1610 4898 eius
1638 4834 1698 4886 in
1726 4829 1878 4904 pm
1904 4837 2153 4887 censetur

512 4902 1234 4990 (verbumc'ensetur‘idem
1267 4902 1560 4990 signiﬁcat
1595 4920 1660 4958 ac
1689 4902 1767 4987 est
1823 4905 2148 4985 secundum
2181 4927 2229 4990 D

496 4971 954 5046 'juriconsultos)
989 4974 1226 5046 indicat,
1264 4971 1368 5030 nos
1414 4976 1522 5030 sub
1557 4976 1790 5030 nomine
1824 4976 1992 5046 panis
2049 4992 2149 5043 pe-

510 5044 633 5100 tere
693 5044 984 5100 viviﬁcum
1040 5045 1253 5100 Christi
1313 5063 1543 5115 corpus,
1605 5047 1683 5100 ita
1717 5044 2148 5116 utfpostulato

512 5131 686 5189 pane,
725 5116 1096 5189 Dominicum
1130 5123 1563 5172 sacramentum
1597 5123 1652 5172 et
1701 5118 2154 5174 individuitatcm

509 5188 544 5244 a
573 5204 798 5258 corpore
829 5188 1034 5244 Christi
1062 5190 1445 5258 postulemus.
1479 5189 1672 5243 Murat.

583 5291 650 5301 —
682 5261 812 5315 Tum
838 5261 979 5332 quod
1006 5264 1058 5332 et
1083 5277 1279 5332 corpus
1315 5263 1432 5332 ejus
1455 5262 1512 5315 in
1549 5277 1693 5330 pane
1746 5269 2013 5314 censetur.
2059 5260 2150 5314 Sic

509 5330 742 5386 videtur
763 5331 1036 5400 explicari
1098 5330 1268 5402 posse
1305 5330 1346 5385 ε’
1376 5336 1481 5387 Per
1524 5332 1691 5400 panis
1722 5336 2150 5385 sacramentum

510 5403 881 5458 commendat
937 5418 1150 5470 corpus
1209 5419 1404 5458 suum.
1480 5402 1984 5465 Quemadmodum
2038 5408 2151 5456 Au-

508 5475 784 5544 gustinus
814 5473 915 5528 lib.
949 5475 1181 5536 IQuaast
1259 5491 1462 5546 evang.
1517 5475 1605 5537 43,
1655 5473 1829 5528 dixit:
1875 5477 1981 5526 Per
2031 5474 2151 5528 vini

505 5549 912 5600 sacramentum
939 5545 1278 5600 commendat
1308 5546 1639 5614 sanguinem
1661 5561 1838 5598 suum.
1866 5547 1990 5598 RIG.

577 5647 646 5654 —
673 5618 801 5670 Tum
831 5617 969 5686 quod
996 5633 1187 5686 corpus
1215 5620 1335 5685 ejus
1360 5613 1429 5670 in?
1468 5613 1628 5685 pane.
1689 5615 1966 5685 Quisquis
2017 5615 2146 5669 dili-

509 5689 709 5763 genter
738 5686 860 5740 haec
889 5687 1068 5763 verba
1099 5688 1430 5763 attenderit.
1493 5704 1796 5763 nunquam
1851 5692 2144 5763 auctorem

511 5754 570 5805 in
613 5754 1076 5810 adversariorum
1135 5759 1486 5813 sententiam
1542 5754 1844 5815 transiisse
1882 5759 2147 5815 dicturus

2273 3619 2489 3693 phetia,
2525 3619 2672 3694 Veni,
2721 3620 3004 3694 mittamus
3061 3619 3275 3694 lignum
3303 3621 3368 3694 in
3417 3637 3620 3690 panem
3677 3619 3937 3694 ejuslib.

2271 3689 2480 3748 advers.
2511 3690 2664 3754 Jud.,
2697 3695 2754 3745 et
2802 3689 2900 3744 lib.
2933 3706 2997 3744 ιιι
3047 3690 3257 3746 advers.
3315 3691 3606 3748 Marcionc.
3662 3689 3724 3751 et
3759 3696 3803 3750 Ι.
3857 3713 3934 3752 rv.

2272 3766 2365 3820 Sic
2397 3763 2571 3817 etiam
2612 3761 2714 3816 lib.
2749 3760 2813 3815 de
2836 3762 3033 3833 iResur.
3055 3764 3261 3827 carnis,
3295 3779 3428 3833 pag.
3460 3763 3569 3818 385
3632 3781 3647 3820 :
3701 3786 3722 3813 ι
3791 3771 3936 3822 Caro

2272 3850 2512 3904 corpore
2555 3836 2611 3886 et
2639 3832 2925 3900 sanguine
2954 3833 3167 3888 Christi
3218 3832 3495 3900 vescitur,
3527 3839 3595 3889 ut
3625 3840 3687 3891 et
3724 3839 3936 3894 anima

2271 3909 2342 3961 de
2379 3912 2487 3960 er
2520 3904 2838 3977 saginptur.
2876 3926 2904 3952 n
2952 3906 3196 3961 ALBASP.
3230 3935 3300 3946 —-
3326 3909 3396 3962 1η
3445 3922 3590 3977 pane
3647 3915 3932 3966 censetur.

2270 3978 2546 4034 Habetur.
2581 3975 2646 4030 G.
2675 3975 2910 4030 PANCIR.

2342 4049 2451 4118 (47)
2485 4045 2772 4104 Parabolis
2842 4051 3128 4100 retractat.
3181 4045 3416 4102 Tractat
3470 4051 3527 4102 et
3583 4051 3932 4109 conﬁrmat.

2269 4122 2333 4176 G.
2366 4124 2604 4174 Panem.

2337 4191 2450 4260 (48)
2473 4189 2606 4244 Cum
2632 4186 2820 4260 dicit:
2877 4189 3158 4260 Numquid
3194 4204 3390 4256 panem
3438 4189 3590 4256 ﬁilis,
3655 4196 3774 4249 etc.
3844 4198 3936 4250 In-

2267 4258 2478 4334 telligit
2508 4261 2661 4330 quod
2699 4258 2915 4334 legitur
2944 4260 3001 4312 in
3033 4258 3335 4334 Matthaeis
3352 4277 3483 4334 cap.
3515 4279 3610 4326 xv,
3644 4269 3707 4319 et
3752 4268 3937 4322 Marci

2267 4329 2539 4405 capfvu,’
2561 4331 2795 4401 quando
2826 4329 3152 4386 Chananiea
3182 4329 3439 4402 rogabatv
3474 4333 3806 4392 Dominum
3874 4348 3938 4393 ut

2265 4405 2445 4459 tiliam
2480 4419 2643 4478 suam
2677 4417 2710 4455 a
2740 4401 3099 4456 daemonibus
3129 4400 3420 4478 liberaret,
3447 4404 3574 4475 ipse
3597 4410 3935 4478 respondit:

2263 4482 2384 4532 Non
2412 4480 2489 4530 est
2521 4475 2718 4528 bonum
2747 4488 3160 4544 sumerepanem
3207 4471 3487 4544 ﬁliorum,
3533 4481 3588 4531 et
3638 4471 3785 4534 dare
3834 4499 3938 4536 ca-

2262 4549 2447 4610 nibus,
2477 4547 2531 4600 id
2565 4550 2654 4599 est
2708 4543 3130 4626 ethnicistubi
3190 4544 3250 4626 in
3302 4547 3579 4626 parabole
3639 4549 3936 4626 intelligit

2264 4635 2475 4689 corpus
2504 4631 2676 4670 suum
2707 4615 2814 4669 sub
2851 4615 3085 4670 nomine
3119 4615 3387 4686 panis,‘et
3416 4635 3591 4675 canes
3621 4615 3931 4680 ethnicos.

2262 4689 2658 4746 Tertullianus
2690 4686 2958 4761 vero_il_la
2989 4687 3162 4761 verba
3193 4687 3557 4758 aliquantum
3593 4699 3931 4761 mutat,sed

2260 4763 2414 4817 idem
2450 4764 2538 4814 est
2569 4774 2798 4836 sensus.
2831 4757 2934 4836 His
2965 4759 3238 4836 omnibus
3267 4761 3391 4814 vult
3419 4757 3928 4836 probare,panem

2261 4851 2365 4906 pro
2395 4846 2632 4906 corpore
2663 4829 2874 4882 Christi
2903 4829 3333 4906 accipit.__PANC.

2329 4907 2440 4975 (49)
2480 4901 2581 4979 Sed
2654 4909 2705 4979 et
2759 4909 3055 4979 nocturnus
3112 4901 3207 4979 ille
3255 4905 3691 4979 pulsatornoui
3755 4912 3934 4979 petiit

2262 4971 2440 5047 panes
2473 4975 2542 5047 ab
2571 4971 2755 5047 amico
2789 4972 2980 5026 media
3009 4977 3198 5041 nocte,
3232 4971 3288 5028 et
3343 4990 3440 5029 eos
3471 4975 3683 5032 habuit
3733 4971 3936 5047 (Lucae

2261 5042 2386 5117 cap.
2417 5046 2516 5115 x1).
2550 5047 2616 5099 G.
2650 5042 2954 5097 PANCIROL.
3740 5042 3747 5047 ‘

2331 5119 2441 5188 (50)
2475 5119 2810 5188 Consequens
2839 5121 2973 5188 erat.
3033 5112 3199 5168 Nune
3272 5116 3507 5186 exponit
3563 5117 3686 5173 alia
3741 5124 3936 5179 verba

2260 5191 2322 5243 Et
2341 5185 2566 5243 dimitte
2593 5186 2746 5258 nobis
2773 5185 2952 5258 debita
3005 5193 3239 5258 nostrat
3271 5185 3580 5258 postquam
3642 5192 3800 5248 dixit
3863 5198 3936 5252 de

2260 5261 2608 5315 liberalitate
2638 5257 2759 5319 Dei,
2792 5257 2889 5326 qui
2921 5272 3028 5310 nos
3055 5255 3176 5310 alit.
3211 5257 3278 5312 G.
3312 5255 3618 5316 PAN'cmoc.

2333 5333 2440 5414 (51)
2599 5329 2687 5412 illi
2740 5334 3086 5414 (epulamur.
3140 5327 3626 5414 Iiochsigniﬁcat,
3690 5335 3740 5388 si
3811 5337 3933 5414 Deo

2261 5399 2543 5467 obstricti,
2574 5402 2692 5455 sive
2722 5399 3219 5474 obnoxiisumus.
3265 5399 3591 5474 Sic’paulo
3655 5414 3800 5474 post
3864 5409 3932 5464 de

2259 5476 2492 5600 ﬁamech
2519 5481 2700 5528 autem
2729 5471 3038 5541 septuagics
3066 5473 3263 5541 septies
3294 5471 3431 5528 ultio
3471 5471 3744 5546 reputata
3807 5485 3928 5535 est.

2309 5564 2479 5600 cura.

2309 5564 2479 5601 OUTH.

2329 5620 2442 5684 (52)
2475 5615 2645 5683 Quasi
2674 5621 2882 5666 taurus.
2919 5611 3021 5676 Qui
3063 5611 3386 5684 saginatur,
3449 5621 3514 5670 ut
3571 5617 3922 5677 occidatur.

2260 5682 2605 5744 Idem'csset
2661 5685 2731 5738 de
2779 5684 2968 5748 nobis,
3018 5685 3131 5739 nisi
3188 5682 3400 5741 delicta
3440 5689 3923 5749 remitterentur.

2257 5760 2323 5816 G.
2347 5765 2652 5815 PANCIROL.
