4050 6346
367 373 538 454 ,1267

933 365 1461 429 TERTULLIANI
1506 363 1827 426 OPERUM
1871 359 2070 422 PARS
2114 360 2160 420 Ι.
2209 393 2279 402 -
2315 357 2585 421 SERIES
2631 357 2710 432 ll,
2755 358 3229 420 DOGMATICA.

3655 356 3822 415 1268

380 511 467 562 ret
497 505 670 560 ﬁdem
705 504 1012 573 cujusque,
1043 506 1143 555 aut
1174 499 1422 570 dejicere
1461 500 1504 532 3‘
1563 497 1822 569 gestiens
1879 496 2013 566 (60).
2049 498 2104 562 Α
2134 493 2501 564 attinguntur
2549 493 2735 548 edicta
2795 493 3236 564 prophetarum,
3303 489 3825 563 Evangeliorum,

381 591 608 649 Diaboli
639 597 724 647 est
755 596 812 646 et
841 589 1154 644 inﬁrmitas
1188 591 1242 642 et
1273 586 1516 641 malitia.
1568 585 1711 638 Nam
1742 591 1799 639 et
1841 584 2024 637 Abra-

385 680 628 736 hamum
660 695 773 733 non
805 678 1098 732 tentanda:
1133 676 1261 729 ﬁdei
1297 676 1508 746 gratia,
1561 673 1888 728 steriﬁcare
1928 672 2029 724 de-

388 768 814 837 ﬁliojusserat,
856 766 953 819 sed
1009 764 1341 836 probandae,
1396 770 1457 816 ut
1502 779 1600 833 per
1639 777 1772 816 eum
1823 761 2034 814 faceret

389 857 726 927 exemplum
759 861 1042 925 praecepto
1075 870 1179 907 suo
1219 853 1354 923 (61),
1385 867 1502 922 quo
1548 866 1677 905 mox
1711 853 2034 921 praeceptu-

389 961 496 1000 rus
547 949 692 1012 erat,
747 958 936 1014 neque
987 941 1229 1013 pignora
1293 940 1407 994 Deo
1459 938 1724 994 chariora
1771 939 1882 1008 (62)
1929 937 2034 991 ha-

389 1034 584 1089 benda
607 1033 672 1084 ³⁸.
710 1033 836 1102 Ipse
866 1047 899 1086 a
929 1030 1162 1084 diabolo
1192 1034 1472 1091 tentatus,
1517 1027 1822 1098 prasidem
1855 1030 1911 1082 et
1941 1041 2038 1080 ar-

393 1121 609 1178 tiﬁcem
679 1119 1018 1174 tentationis
1063 1119 1178 1188 (63)
1253 1116 1697 1172 demonstravit.
1746 1115 1910 1169 Hunc
1959 1113 2041 1169 lo-

395 1226 531 1266 cum
563 1209 676 1280 (64)
709 1207 1134 1280 posterioribus
1195 1207 1504 1260 conﬁrmat
1535 1219 1548 1257 ε
1581 1206 1766 1270 Orate,
1815 1203 2039 1268 dicens,

392 1315 466 1354 ne
497 1298 796 1352 tentemini
823 1298 976 1366 (Luc.
1011 1312 1152 1360 XXII,
1187 1295 1296 1365 46).
1330 1294 1485 1347 Adeo
1516 1291 1719 1346 tentati
1763 1295 1900 1346 sunt
1927 1290 2040 1359 (65)

399 1385 704 1442 Dominum
737 1384 1077 1450 deserendo,
1131 1382 1231 1452 qui
1285 1397 1490 1435 somno
1539 1380 1735 1451 potius
1781 1376 2041 1434 indulse-

398 1479 532 1531 rant
563 1489 743 1546 quam
775 1471 1046 1527 orationi.
1094 1473 1168 1526 Eo
1201 1469 1514 1541 respondet
1559 1467 1824 1522 clausula
1868 1467 2045 1522 inter-

399 1567 638 1634 pretans
686 1560 829 1632 quid
876 1559 952 1615 sit
987 1576 1000 1615 :
1030 1561 1107 1614 Ne
1155 1575 1252 1614 nos
1293 1558 1536 1613 deducas
1578 1557 2040 1612 intentationem.

401 1651 522 1708 Hoc
551 1654 642 1707 est.
692 1649 852 1704 enim
887 1664 901 1703 :
932 1665 1032 1704 εει)
1093 1664 1313 1702 cavsas
1364 1648 1408 1682 ³⁵
1457 1663 1562 1701 nos
1617 1664 1654 1700 Α
1708 1661 1858 1700 MALO
1907 1644 2042 1716 (66).

965 1778 1195 1834 CAPUT
1237 1780 1305 1833 IX
1346 1777 1478 1849 (67).

2137 581 2542 653 apostolorum,
2577 597 2875 635 sermones
2911 580 3493 652 Domini,parabolze,
3529 578 3826 649 exempla

2140 674 2473 741 prmcepta?
2520 672 2669 734 Quot
2701 669 2880 724 simul
2929 674 3351 741 expunguntur
3397 670 3604 723 ofﬁcia
3652 667 3826 737 (69}?

2140 758 2240 814 Dei
2272 760 2471 814 1165
2519 760 2703 813 honor
2752 759 2813 812 in
2861 759 3046 825 Patre,
3101 759 3233 813 ﬁdei
3284 757 3721 814 testimonium
3757 755 3819 810 in

2141 847 2397 912 nomine,
2429 845 2642 901 oblatio
2673 845 2934 914 obsequii
2970 846 3026 899 in
3057 845 3378 914 voluntate,
3431 861 3825 900 commemo-

2143 935 2288 988 ratio
2320 935 2440 1006 spei
2473 933 2528 988 in
2579 950 2777 1005 regno,
2829 935 3029 1005 petitio
3054 934 3182 989 vitae
3234 933 3293 988 in
3329 951 3507 1004 pane,
3562 950 3824 988 exomo-

2143 1021 2357 1093 logesis
2389 1023 2716 1077 debitorum
2752 1022 2808 1076 in
2840 1022 3269 1093 deprecatione,
3291 1021 3649 1077 sollicitudo
3688 1028 3822 1077 ten-

2144 1113 2432 1166 tationum
2480 1113 2536 1164 in
2587 1111 2980 1181 postulatione
3028 1111 3243 1165 tutelae.
3314 1111 3464 1174 Quid
3527 1111 3768 1165 mirum
3798 1109 3827 1163 ἱ)

2149 1203 2297 1254 Deus
2326 1197 2487 1254 solus
2516 1199 2719 1254 docere
2753 1200 2941 1269 potuit
2973 1203 3037 1253 ut
3065 1213 3126 1254 se
3147 1197 3319 1254 vellet
3349 1198 3536 1253 orari.
3573 1199 3664 1253 Ab
3689 1198 3829 1270 ipso

2146 1287 2326 1360 igitur
2354 1288 2468 1358 (70)
2497 1286 2767 1342 ordinata
2797 1286 2996 1355 religio
3035 1287 3340 1354 orationis,
3374 1293 3436 1342 et
3464 1287 3542 1342 de
3588 1287 3820 1358 spiritu

2148 1375 2356 1447 ipsius,
2381 1377 2508 1444 jam
2541 1381 2677 1429 tunc
2709 1392 2840 1430 cum
2873 1393 2942 1430 ex
2970 1392 3066 1431 ore
3100 1376 3295 1430 divino
3354 1376 3643 1442 ferretur,
3682 1379 3820 1430 ani-

2151 1468 2307 1519 mata
2339 1479 2444 1519 suo
2475 1463 2771 1536 privilegio
2802 1464 3066 1519 ascendit
3105 1464 3164 1520 in
3219 1462 3457 1530 caelum,
3497 1480 3819 1521 commen-

2151 1553 2297 1608 dans
2328 1552 2481 1608 Patri
2507 1570 2633 1624 quss
2668 1552 2844 1606 Filius
2872 1553 3090 1607 docuit.

2735 1683 2964 1740 CAPUT
2996 1689 3044 1738 x
3073 1686 3205 1757 (71).

2226 1791 2504 1858 Quoniam
2557 1793 2752 1846 tamen
2801 1791 2913 1862 (72)
2981 1791 3252 1847 Dominus
3299 1795 3654 1864 prospector
3705 1793 3827 1859 ('73)

478 1886 855 1960 Compendiis
884 1885 1269 1957 pauculorum
1301 1885 1344 1921 ⁸⁷
1377 1885 1684 1940 verborum
1739 1884 1874 1956 (68),
1910 1887 2050 1954 quot
2077 1865 2125 1931 B
2156 1881 2547 1936 humanarum
2579 1879 3020 1945 necessitatum,
3056 1895 3318 1935 seorsum
3354 1884 3493 1951 post
3522 1881 3823 1935 traditam

1813 1998 2018 2058 Varias
2048 1996 2369 2058 lectiones.

477 2112 524 2146 ³⁸
550 2112 631 2166 Ita
661 2108 868 2178 Rigalt.
896 2125 924 2165 e
951 2109 1064 2164 cod.
1099 2109 1258 2179 Agob.
1291 2107 1466 2162 Paris.
1506 2109 1684 2162 Venet.
1720 2107 1979 2176 Dejicere
2010 2103 2683 2179 sitconsentiens_Seml.
2742 2104 2896 2179 Le0p.

2973 2105 3018 2137 ³⁵
3049 2103 3129 2175 Ne
3175 2120 3300 2175 qua
3360 2106 3616 2175 pignora
3675 2108 3826 2160 cbo-

407 2182 560 2239 riora
589 2182 703 2238 Deo
730 2173 969 2236 haberet
995 2179 1114 2237 cad.
1141 2173 1313 2249 'Agob.
1391 2180 1435 2215 ³⁸
1463 2180 1551 2235 Ita
1581 2173 2018 2249 Rigalt—Paris.
2057 2177 2234 2234 Venet.
2289 2176 2445 2230 1744.
2497 2175 2683 2230 Evehe
2731 2175 2904 2231 Rhen.
2959 2173 3158 2230 Geten.
3192 2173 3376 2230 'Fran.
3427 2173 3612 2232 Venet.
3654 2178 3823 2232 1701.

409 2255 453 2290 ⁸⁷
483 2255 598 2310 Alii
623 2268 965 2325 paucorum.

1847 2327 2364 2390 Commentaries.

485 2441 594 2511 (60)
626 2440 870 2511 Dejicere
915 2439 1175 2511 gestiens,
1206 2437 1263 2491 h.
1297 2453 1346 2492 ο.
1398 2454 1411 2492 :
1464 2437 2055 2511 Absit‘ut‘Dominus

416 2508 642 2568 tentare
688 2508 955 2566 videatur
1011 2510 1180 2579 quasi
1221 2510 1433 2578 gestiat
1482 2524 1588 2562 nos
1635 2508 1904 2577 dejicere,
1955 2511 2058 2562 aut

415 2582 793 2654 supplantare
825 2599 930 2636 nos
967 2598 1102 2635 cum
1125 2579 1352 2634 diabolo
1385 2579 1887 2645 cousentiat.(Vid.
1922 2595 2047 2634 var.

415 2653 550 2710 lect.
582 2657 722 2707 Eoo.

493 2724 605 2794 (61)
637 2722 956 2792 Exemplum
998 2729 1266 2791 praecepto
1314 2735 1424 2774 suo.
1459 2720 1619 2783 Quod
1668 2723 1870 2794 postea
1900 2717 2060 2772 dedit

421 2791 679 2850 Matthaai
721 2791 846 2863 cap.
900 2809 1018 2860 xxv,
1069 2799 1132 2846 ut
1178 2808 1496 2860 oraremus,
1547 2807 1619 2845 ne
1665 2791 2058 2845 incideremus

425 2867 485 2922 in
516 2867 922 2920 tentationem.
955 2864 1020 2918 G.
1057 2863 1359 2917 PANCIROL.

493 2937 609 3008 (62)
634 2937 818 3006 Neque
843 2937 1074 3008 pignora
1109 2935 1207 2987 Deo
1236 2935 1508 3008 chariora.
1557 2933 1810 3008 Pignora
1845 2930 2058 3008 appel-

422 3004 509 3062 lat
535 3004 884 3078 ﬁliosfquos
913 3004 1178 3059 Christus
1210 3022 1269 3078 se
1300 3005 1593 3078 chariores
1627 3022 1735 3058 non
1762 3004 2060 3078 habendos

417 3081 702 3150 jussurus
732 3075 893 3143 erat;
928 3078 1186 3150 aitgenim
1210 3076 1464 3130 Matthzei
1497 3091 1621 3145 cap.
1656 3093 1691 3130 x
1723 3091 1736 3128 :
1774 3075 2064 3150 Quiamat

422 3147 604 3276 ﬁliai?
631 3152 727 3205 aut
750 3151 935 3219 ﬁliam
962 3147 1090 3220 plus
1119 3164 1285 3218 quam
1312 3164 1422 3213 me,
1471 3164 1583 3203 non
1609 3156 1688 3201 est
1729 3161 1816 3201 me
1843 3147 2059 3215 dignus.

482 3263 496 3276 .
571 3236 766 3276 auem.
1002 3273 1007 3276 Α

428 3223 496 3278 G.
527 3223 766 3284 Panem.
1002 3273 1010 3284 ,

497 3293 618 3363 (63)
654 3289 953 3348 Praesidem
1001 3293 1066 3363 et
1113 3290 1378 3363 artiﬁcem
1437 3290 1776 3363 tentationis.
1829 3286 2062 3341 Scilicet

429 3360 732 3418 diabolum
791 3378 918 3416 esse
984 3361 1405 3416 demonstravit
1463 3360 1736 3427 Matthiei,
1795 3376 1922 3430 cap.
1984 3375 2057 3414 ιν.

431 3435 497 3489 G.
533 3435 836 3489 Pancmon.

505 3505 615 3574 (64)
672 3505 826 3558 Hune
873 3502 1069 3574 locum.
1133 3503 1292 3566 Quod
1341 3500 1609 3556 diabolus
1677 3501 1752 3555 sit
1798 3501 2068 3574 princeps

432 3571 793 3638 tentationis,
842 3571 1259 3643 posterioribus
1311 3573 1533 3628 scilicet
1574 3573 1764 3628 verbis
1815 3573 2068 3642 Evange-

435 3646 501 3700 lii
532 3646 914 3707 demonstrat,
962 3645 1153 3711 Orate,
1203 3644 1403 3699 dicens
1451 3643 1701 3698 Matthaai
1747 3660 1873 3714 cap.
1915 3659 2065 3710 xxvx,

437 3734 506 3773 ne
537 3717 756 3773 intretis
787 3717 844 3769 in
871 3714 1227 3768 tentationem
1281 3719 1344 3770 G.
1383 3715 1675 3769 Pncmoc.

510 3787 624 3858 (65)
653 3787 794 3842 Adeo
830 3786 1033 3838 lentati
1055 3793 1201 3838 sunt.
1256 3787 1310 3858 Id
1361 3790 1448 3840 est
1482 3801 1493 3838 :
1526 3785 1721 3856 itaque
1775 3788 2068 3854 sunt;ten-

436 3857 567 3927 tati,
602 3857 738 3925 quia
763 3872 1148 3927 nonoraveru
1164 3861 1241 3908 nt.
1277 3857 1342 3910 G.
1377 3858 1676 3911 PANCIROL.

505 3925 576 3974 -ὲ
605 3929 710 3984 Ubi
761 3925 956 3998 simila
986 3927 1076 3981 his
1124 3934 1351 3982 exstant
1400 3929 1475 3998 in
1509 3943 1634 3998 cap.
1691 3926 1794 3982 ult.
1842 3926 1973 3981 libri
2003 3925 2068 3980 de

437 4003 735 4071 Baptismo,
784 3999 863 4053 ibi
909 3997 989 4071 ait
1035 4004 1253 4062 auctor,
1315 4000 1377 4053 Et
1424 3997 1798 4071 ideo,’eredo,
1873 3999 2072 4071 tentati

432 4069 576 4141 sunt,
610 4073 881 4141 quoniam
911 4070 1340 4136 obdormierunt,
1376 4078 1432 4125 ut
1453 4069 1848 4141 adprehensum
1883 4070 2068 4124 Domi-

431 4160 566 4199 num
593 4141 965 4198 destituerinl.
1001 4141 1216 4195 Rou'rn.

503 4215 616 4284 (66)
648 4215 747 4269 Sed
777 4213 972 4268 devehe
993 4228 1089 4265 nos
1140 4229 1189 4284 αῖ
1223 4212 1386 4284 malo.
1431 4211 1554 4265 Non
1608 4211 1720 4274 hic,
1781 4210 2065 4284 utvulgo

435 4282 692 4357 soeipere
730 4284 1051 4357 solemnus,
1082 4283 1290 4357 malum
1319 4283 1722 4357 intelligit,seu
1760 4282 2068 4352 mala,quaa

433 4354 654 4414 hom—ini
681 4356 992 4425 contigere,
1024 4354 1388 4425 contingunt,
1422 4361 1523 4408 aut
1569 4355 2067 4425 contingerepos-

433 4427 732 4496 sunt;sed
785 4424 1014 4485 malum,
1064 4424 1171 4479 hoc
1220 4424 1308 4480 est
1358 4425 1684 4496 malignum,
1735 4443 1837 4480 seu
1865 4424 2064 4480 diabo-

429 4499 579 4565 lum,
611 4516 644 4553 a
675 4515 789 4570 quo
820 4513 926 4553 nos
957 4496 1186 4570 liberari
1211 4498 1530 4570 cupimus.
1585 4512 1654 4551 ne
1698 4497 1756 4550 in
1787 4496 2064 4570 tentatio-

429 4587 561 4626 nem
597 4567 851 4640 atquein
886 4568 1097 4640 delicta
1129 4567 1656 4640 inducarnur.Cum
1689 4567 2064 4640 qualectione

429 4639 806 4713 potissimum
829 4639 1204 4713 consentiunt
1226 4639 1421 4713 Graeca
1443 4639 1721 4713 orationis
1752 4639 2063 4694 Dominicai

429 4707 631 4781 verba,
663 4711 761 4766 ubi
795 4707 1138 4782 legiturdno
1161 4712 1256 4782 τῷ
1305 4714 1570 4781 πονηροῦ,
1619 4712 1671 4764 id
1724 4716 1812 4764 est
1842 4728 1872 4764 a
1905 4727 2065 4765 caeo-

433 4780 710 4848 dtemo'ne,
754 4780 1169 4851 seu'maligno.
1201 4780 1650 4852 Chrysostomus
1684 4797 1823 4835 sane
1854 4786 1910 4836 et
1944 4782 2064 4852 plu-

433 4870 527 4909 rer
555 4853 651 4909 alii
678 4853 871 4907 Patres
919 4852 1258 4925 hujusmodi
1287 4853 1845 4925 _interpretatior.em
1891 4852 2060 4906 adhi-

427 4928 701 4982 buerunt.
736 4925 938 4979 Vocem
986 4919 1221 4993 quidem
1275 4919 1678 4994 pilaqu'quam
1731 4941 1836 4978 nos
1885 4925 2060 4979 libera

429 4999 609 5054 latine
641 4995 962 5058 reddimus,
995 4995 1172 5049 crude
1203 5000 1374 5066 atque
1415 4995 2062 5066 aspererTertullianus

429 5087 534 5142 per
562 5084 760 5142 vocem
785 5066 986 5142 devehe
1014 5065 1318 5142 expressit,
1336 5065 1539 5142 revera
1560 5065 1721 5142 enim,
1747 5067 2058 5137 signiﬁcat,

428 5137 667 5215 protege,
700 5138 943 5215 defende,
976 5147 1148 5215 tuere,
1180 5137 1348 5207 eripe,
1375 5139 1676 5215 aclibera.
1710 5141 1932 5215 Moriar.

498 5208 884 5267 ——'Conferas
930 5209 1154 5263 utiliter
1200 5225 1325 5277 quae
1375 5210 1550 5265 habet
1599 5214 1797 5264 auctor
1846 5211 1902 5264 in
1955 5208 2057 5264 lib.

423 5287 499 5343 De
525 5289 657 5354 fuga
689 5284 748 5338 in
769 5285 1157 5354 persecutione,
1185 5296 1308 5354 cap.
1342 5284 1394 5334 2.

495 5350 610 5426 (67)
642 5357 696 5410 ln
731 5350 859 5410 cod.
891 5351 1162 5408 Ambros.
1194 5351 1406 5422 legitur
1461 5350 1614 5406 tituli
1648 5350 1833 5406 instar
1867 5368 1880 5406 :
1912 5352 2059 5405 Ana-

423 5427 793 5499 cephalazosis.

498 5500 624 5623 (6.8)1
654 5495 999 5566 Compendiz’s
1044 5493 1407 5576 pauculorum
1456 5491 1764 5575 verborum,
1797 5495 1871 5547 et.
1905 5491 2057 5547 Editi

498 5589 556 5623 »ιιι
633 5568 806 5622 abent
844 5581 1166 5623 paucorum.
1218 5565 1361 5618 [line
1411 5565 1834 5623 Ambrosianus
1882 5564 2057 5618 codex

423 5564 556 5625 libri
589 5564 806 5623 habent
843 5581 1166 5638 paucorum.
1218 5564 1361 5618 [line
1411 5564 1834 5638 Ambrosianus
1880 5564 2058 5638 codex

427 5657 544 5696 ms.
584 5634 886 5693 exordium
912 5636 1113 5694 sumit.
1147 5641 1318 5691 Recte
1350 5643 1543 5691 autem
1577 5634 2058 5705 A’nacephalwocz's

429 5710 771 5779 inscribitur
798 5707 907 5779 hoc
937 5711 1270 5779 caput,_cum
1291 5707 1700 5779 compendiose
1720 5711 1842 5763 tota
1865 5708 2056 5779 Domi-

433 5781 574 5839 nica
624 5777 903 5833 orationis
949 5776 1229 5846 expositio
1295 5776 1443 5834 ante
1489 5777 1805 5850 legentium
1855 5778 2056 5836 oculos

2163 2433 2481 2490 exibeatur.
2516 2432 2748 2486 MURAT.

2237 2535 2302 2544 —
2331 2503 2676 2573 Compendiis
2699 2503 3201 2628 ganearumNunc
3221 2504 3834 2577 epilogat,quomodo

2237 2575 2364 2628 mia
2395 2575 2668 2628 mandata
2741 2575 3134 2628 crinturarum
3158 2576 3457 2628 contineat
3487 2577 3683 2628 oratio
3718 2577 3834 2628 Do-

2165 2575 2364 2631 omnia
2395 2575 2668 2628 mandata
2699 2575 3134 2646 Scripturarum
3158 2575 3457 2632 contineat
3487 2575 3683 2632 oratio
3718 2577 3837 2632 Do-

2167 2647 2399 2702 minica.
2437 2646 2502 2700 G.
2543 2647 2834 2700 PANCIROL.

2236 2718 2348 2790 (69)
2411 2718 2550 2785 Quot
2613 2718 2780 2772 simul
2838 2721 3231 2790 expunguntur
3274 2717 3545 2790 fol/icio!
3605 2719 3829 2789 Legere

2168 2788 2506 2844 maluissem
2541 2796 2905 2858 exponuntur.
2938 2788 3049 2842 Sed
3085 2788 3243 2842 nulla
3271 2789 3640 2844 Tertulliano
3677 2788 3825 2844 bar-

2170 2861 2360 2916 barice
2391 2860 2662 2932 scribenti
2695 2861 2766 2914 de
2805 2861 3092 2932 sermonis
3143 2860 3396 2932 puritate
3441 2861 3823 2929 sollicitudo,

2168 2931 2311 2987 Aliis
2341 2932 2396 2986 in
2431 2931 2590 2994 locis,
2635 2949 2700 2986 ac
2733 2932 3020 3002 praecipue
3069 2931 3166 2985 lib.
3211 2948 3275 2985 ιιι
3324 2937 3381 2987 et
3424 2949 3479 2986 IV
3509 2940 3568 2987 et
3600 2933 3659 2987 in
3700 2935 3826 2988 ﬁne

2170 3003 2271 3057 lib.
2312 3020 2347 3056 v
2390 3002 2650 3057 adversus
2701 3005 3039 3057 marcionem
3085 3002 3288 3057 eodem
3349 3003 3542 3058 utitur
3592 3006 3824 3072 .verbo,

2171 3081 2229 3130 at
2259 3090 2399 3130 sane
2431 3074 2857 3145 signiﬁcatione
2886 3076 3132 3145 diversa.
3191 3073 3318 3128 Pari
3372 3083 3593 3130 tamem
3627 3093 3825 3131 sensu

2172 3144 2746 3218 usurpasse’vidctur
2774 3144 3050 3218 capttde
3070 3145 3189 3218 cor.
3221 3145 3545 3211 militis,ubi
3581 3147 3824 3218 inquit:

2175 3239 2202 3267 «
2235 3215 2498 3271 PrOxime
2526 3217 2736 3271 factum
2771 3224 2878 3270 est.
2914 3215 3258 3271 Liberalitas
3285 3215 3822 3287 praestantissimo-

2174 3304 2302 3342 rum
2332 3289 2749 3358 imperatorum
2779 3287 3214 3358 expungebatur
3256 3287 3314 3341 in
3363 3291 3594 3344 castris.
3631 3313 3658 3336 n
3688 3292 3828 3345 Sci-

2175 3359 2306 3414 licet
2329 3361 3166 3431 exponebatur,exserebatur,
3201 3375 3267 3414 ac
3296 3359 3658 3431 implebatur
3706 3365 3829 3416 Ce-

2177 3447 2372 3485 sarum
2409 3429 2725 3485 liberalitas
2751 3429 2808 3483 in
2843 3430 3078 3485 milites.
3111 3431 3357 3501 Sumpta
3383 3429 3658 3487 Tortasse
3686 3450 3824 3488 me-

2176 3501 2421 3573 taphora
2467 3519 2496 3556 e
2546 3501 2788 3558 calculis
2830 3507 2886 3574 et
2952 3502 3285 3574 rationibus
3338 3519 3464 3573 quas
3537 3508 3825 3574 expungi!

2176 3571 2472 3647 dicuntur,
2521 3589 2656 3628 cum
2701 3571 2984 3647 absoluta;
3042 3578 3115 3647 et
3157 3571 3427 3647 confectae
3476 3571 3821 3647 emergunt.

2175 3646 2372 3714 Capite
2402 3661 2532 3697 vero
2585 3646 2642 3698 11
2699 3645 2875 3713 hujus
2926 3643 3058 3697 libri
3103 3643 3184 3698 ita
3231 3643 3331 3698 ille
3375 3646 3584 3700 scribit
3617 3643 3695 3701 ελ
3735 3648 3822 3702 Ne

2177 3717 2347 3790 verbo
2379 3715 2614 3790 quidem
2650 3715 2804 3770 malo
2827 3716 2970 3790 iram
2995 3714 3145 3770 Deus
3177 3714 3462 3790 permittit
3491 3719 3817 3790 expungi,-

2177 3787 2284 3841 hoc
2316 3793 2404 3840 est
2434 3787 2693 3861 mandat.
2721 3803 2796 3861 ne
2826 3787 2911 3840 ira
2941 3786 2998 3840 in
3032 3786 3415 3861 contumelias
3437 3786 3727 3861 erumpat
3750 3806 3819 3844 ac

2177 3863 2553 3932 proponatur.
2589 3857 2744 3932 Alibi
2763 3873 3068 3932 expungere
3096 3875 3218 3932 pro
3265 3860 3524 3928 perﬁcere
3568 3857 3630 3915 et
3657 3876 3818 3932 prae-

2174 3941 2332 3985 stare
2361 3929 2648 3984 adhibuit.
2682 3930 2823 3984 Vide
2859 3928 3034 3983 etiam
3093 3928 3262 3995 infra,
3296 3947 3422 4001 cap.
3457 3933 3544 3986 13.
3575 3928 3818 3989 MuaA'r.

2246 4032 2313 4040 —
2363 4003 2501 4069 Quot
2539 4001 2704 4055 simul
2750 4005 3144 4072 expunguntur
3188 4002 3424 4072 ofﬁcia?
3461 4004 3523 4058 ld
3590 4010 3680 4059 est
3727 4011 3820 4058 tot

2173 4072 2368 4127 verbis
2421 4072 2731 4126 Dominicaa
2779 4071 3060 4126 orationis
3125 4071 3446 4142 implentur
3507 4075 3701 4130 ofﬁcia
3756 4076 3817 4129 in

2177 4149 2379 4210 Deum,
2413 4142 2548 4212 quia
2578 4159 2710 4198 cum
2756 4144 3007 4197 dicimus
3041 4159 3054 4196 :
3091 4149 3274 4213 Pater,
3321 4150 3524 4213 noster,
3572 4163 3708 4203 sum
3747 4152 3818 4201 ut

2176 4222 2397 4285 patrem
2429 4215 2910 4287 bonoramussln
2954 4215 3070 4287 illis
3092 4231 3223 4270 vero
3271 4217 3465 4272 verbis
3499 4234 3513 4271 :
3545 4220 3816 4287 Sanctiﬁ-

2171 4291 2328 4342 cetur
2356 4302 2548 4341 nomen
2576 4290 2752 4351 tuum,
2804 4285 2978 4340 ﬁdem
3007 4285 3080 4357 fin
3129 4287 3258 4357 ejus
3309 4290 3547 4344 nomine
3592 4285 3819 4345 habere

2173 4363 2481 4430 testamur.
2521 4357 2748 4430 oblatio
2795 4373 2944 4430 vero,
2968 4356 3232 4430 obsequii
3261 4365 3350 4416 est
3377 4359 3437 4413 in
3485 4361 3816 4427 voluntate,

2173 4445 2305 4483 cum
2356 4429 2627 4496 dicimus,
2692 4429 2808 4483 Fiat
2862 4429 3148 4491 voluntas}
3210 4434 3266 4484 et
3327 4433 3815 4487 commemoratio

2174 4506 2264 4554 est
2293 4499 2412 4568 spei
2446 4501 2502 4554 in
2537 4515 2708 4574 regno
2757 4499 2816 4574 in
2849 4499 2966 4574 illis
3013 4501 3249 4574 verbis,
3279 4503 3543 4574 Adveniet
3575 4521 3816 4574 regnum

2173 4579 2343 4626 tuum.
2381 4575 2503 4625 Mox
2536 4569 2734 4640 petitio
2766 4570 2894 4623 vitae
2926 4571 2984 4624 in
3017 4587 3186 4640 pane,
3216 4573 3528 4639 ibi,Panem
3558 4569 3812 4631 nostrum

2173 4642 2675 4718 quotidianumuda
2723 4643 2879 4696 nobis
2920 4641 3096 4718 hodie,
3126 4644 3585 4718 exomologesis,
3635 4647 3691 4701 id
3717 4651 3815 4701 est

2173 4715 2460 4768 confessio
2491 4712 2829 4785 delictorum
2865 4715 3016 4785 quod
3051 4712 3469 4785 deliquerimus
3508 4712 3809 4782 in'Deum,

2170 4786 2403 4856 quando
2453 4783 2748 4856 dicimus:
2784 4786 2846 4838 E‘.
2890 4784 3102 4840 dimitte
3149 4783 3305 4842 nobis
3352 4790 3530 4845 debita
3572 4795 3762 4845 nostra
3788 4807 3811 4851 ;

2170 4855 2499 4911 sollicitudo
2526 4855 2936 4918 tentationum,
2971 4856 3028 4910 id
3059 4862 3148 4912 est
3176 4858 3407 4914 solliciti
3459 4878 3687 4923 sumus.
3733 4878 3814 4916 ne

2170 4934 2482 5001 tenteniur,
2514 4927 2611 4981 ubi
2646 4931 2898 4995 petimus
2930 4932 2993 4982 ut
3039 4945 3144 4984 nos
3187 4934 3443 5001 tueatur,
3475 4934 3555 4989 ibi
3589 4950 3602 4988 :
3640 4935 3701 4986 Et
3732 4949 3813 4988 ne

2169 5015 2265 5053 nos
2291 4999 2518 5052 inducas
2548 5001 2608 5053 in
2637 5001 3007 5053 tentationem.
3041 5002 3103 5055 G.
3145 4999 3436 5059 Pancmoc.

2241 5070 2353 5146 (70)
2385 5071 2457 5123 Ab
2491 5071 2842 5146 ipsaigitur.
2902 5070 3065 5146 Potes
3104 5073 3401 5146 explicare
3431 5075 3812 5146 simpliciter,

2170 5147 2234 5193 ut
2265 5143 2334 5195 de
2365 5157 2479 5195 uno
2513 5143 2738 5195 tantum
2787 5140 3014 5195 Christo
3066 5144 3144 5198 sit
3171 5140 3382 5201 sermo:
3429 5140 3567 5202 Non'
3604 5152 3809 5202 tamen

2169 5211 2438 5288 displicet
2488 5210 2794 5288 subtilitas
2843 5212 3102 5288 Pamelii,
3145 5217 3244 5286 qui
3296 5217 3354 5272 in
3407 5218 3518 5272 hac
3567 5219 3810 5288 periodo

2169 5285 2508 5360 Trinitatem
2567 5283 2843 5360 agnoscit,
2896 5284 2979 5360 ita
3010 5291 3073 5340 ut
3110 5283 3394 5360 ordinata
3454 5291 3520 5344 ab
3570 5283 3692 5360 ipso
3722 5291 3808 5343 sit

2169 5356 2353 5416 Putre,
2387 5363 2444 5410 et
2475 5357 2546 5428 de
2574 5354 2790 5425 Spiritu
2820 5354 3009 5425 ipsius
3041 5357 3264 5415 scilicet
3283 5365 3506 5428 sancto,
3537 5354 3692 5417 εἴη
3711 5378 3810 5416 ονε

2167 5428 2355 5482 diuino
2387 5427 2615 5482 Christi.
2653 5433 2775 5481 ωε.

2218 5499 2348 5623 [(71)
2378 5497 2609 5553 Titulus
2662 5497 2720 5554 in
2765 5497 2894 5552 cod.
2939 5501 3207 5558 Ambros.
3245 5521 3258 5560 :
3295 5509 3455 5561 Posse
3493 5519 3591 5559 nos
3629 5520 3808 5572 super

2218 5586 2418 5623 ’τισιν-θ.

2165 5586 2418 5626 atmcere.

2227 5588 2642 5719 Ξέῖέῗόιέοηίανη
2674 5647 2874 5695 tamen.
2905 5641 3080 5697 Addit
3108 5661 3279 5717 posse
3318 5663 3425 5703 nos
3467 5651 3524 5703 et
3552 5644 3666 5702 alia
3707 5662 3807 5719 pe-

2162 5714 2302 5768 tere.
2335 5714 2399 5770 G.
2431 5713 2734 5767 Pmcxnon.

2234 5785 2345 5856 (73)
2370 5786 2720 5855 Prospector.
2755 5782 2986 5842 Scilicet
3015 5792 3122 5843 est.
3155 5788 3222 5846 G.
3254 5789 3560 5848 ΡΑκαιιῑοι..
