4050 6328
200 359 358 421 1269

1512 352 1746 415 LIBER
1787 352 1892 415 DE
1933 353 2357 416 ORATIONE.

3470 352 3629 415 1270

190 488 401 545 orandi
459 487 858 561 disciplinam,
919 489 1117 554 Petite,
1168 486 1382 557 inquit,
1432 490 1482 542 et
1560 486 1853 554 accipietis
1881 488 1936 554 Α
1968 486 2095 540 nuit
2124 486 2258 556 (80).
2291 486 2450 541 Alias
2492 486 2647 541 cnim
2680 485 2771 540 via
2801 485 2914 556 (81)
2944 485 3394 556 cognominatur
3444 486 3625 542 disci-

194 579 356 651 (Luc.
390 595 467 645 x1,
506 578 583 649 8),
644 582 701 633 et
750 582 889 633 sunt
938 593 1064 649 quas
1116 580 1393 647 petantur
1447 592 1548 647 pro
1609 574 1853 629 circum-

193 670 415 725 stantia
444 668 755 738 cujusque,
790 665 1099 738 prcemissa
1138 664 1399 737 legitima
1446 668 1503 719 et
1556 663 1857 719 ordinaria

194 758 480 825 oratione,
514 756 679 827 quasi
712 756 1121 818 fundamento,
1155 752 1543 809 accidentium
1571 755 1672 823 jus
1695 758 1785 808 est
1811 752 1855 787 ³⁸

194 845 623 901 desideriorum
682 844 817 915 (74),
872 844 974 913 jus
1032 848 1120 899 est
1175 842 1571 914 superﬂuendi
1646 841 1751 910 (75)
1812 841 1857 875 3’

192 936 561 990 extrinsecus
592 932 923 1005 petitiones,
959 949 1091 987 cum
1126 932 1411 987 memoria
1444 936 1641 985 tamen
1705 947 1857 1002 prte-

196 1027 526 1096 ceptorum,
560 1038 633 1078 ne
664 1025 952 1093 quantum
986 1040 1019 1078 a
1048 1019 1371 1095 praeceptis,
1392 1019 1600 1077 1106
1622 1022 1854 1075 tantum

196 1113 271 1171 ab
303 1112 548 1168 auribus
579 1110 679 1168 Dei
716 1112 885 1184 longe
916 1112 1127 1167 simus.

730 1253 964 1309 CAPUT
1005 1253 1081 1309 x1
1112 1254 1157 1288 ιο
1187 1253 1321 1324 (76).

267 1376 549 1433 Memoria
578 1377 619 1412 ⁴¹
655 1380 1075 1449 praeceptorum
1108 1376 1265 1431 viam
1297 1374 1663 1431 orationibus
1711 1378 1856 1431 ster-

194 1466 289 1523 nit
316 1467 389 1522 ad
423 1465 656 1533 coelum,
688 1468 936 1537 quorum
967 1464 1325 1538 precipuum
1348 1468 1455 1532 est,
1483 1467 1721 1535 ueprius
1742 1465 1856 1536 (77)

193 1556 555 1611 ascendamus
585 1555 655 1611 ad
682 1556 777 1610 Dei
831 1556 1030 1623 altare,
1075 1570 1243 1626 quam
1289 1556 1341 1609 si
1387 1555 1527 1625 quid
1570 1554 1856 1611 discordia!

194 1645 280 1699 vel
303 1646 519 1715 oﬂensae
539 1660 665 1699 cum
692 1644 969 1715 fratribus
999 1645 1459 1713 contraxerimus,
1516 1642 1855 1698 resolvamus

196 1734 406 1805 (Matth.
468 1750 524 1801 v,
583 1734 695 1805 23).
758 1733 905 1799 Quid
966 1738 1055 1787 est
1110 1733 1265 1788 enim
1327 1732 1433 1802 (78)
1493 1732 1565 1787 ad
1650 1747 1852 1803 pacem

198 1824 301 1879 Dei
334 1824 380 1858 "
410 1823 679 1877 recedere
710 1821 838 1877 sine
878 1824 1065 1893 pace?
1111 1822 1181 1876 ad
1233 1820 1639 1876 remissionem
1688 1820 1854 1875 debi-

194 1917 394 1969 torum
426 1928 559 1967 cum
593 1910 966 1967 retentione?
994 1911 1295 1975 Quomodo
1329 1909 1583 1981 placabit
1620 1913 1849 1966 Patrem

194 2000 384 2056 iratus
420 2002 477 2054 in
512 2002 773 2070 fratrem,
806 2016 940 2053 eum
974 2000 1163 2055 omnis
1204 1999 1292 2053 ira
1341 2000 1412 2055 ab
1460 1998 1628 2053 initio
1673 1998 1852 2053 inter-

197 2089 355 2146 dicta
380 2088 458 2144 sit
490 2086 709 2143 nobis?
742 2105 875 2143 nam
918 2092 975 2143 et
1019 2087 1237 2159 Joseph
1291 2087 1596 2142 dimittens
1645 2088 1854 2141 fratres

200 2195 343 2235 suos
375 2179 446 2233 ad
508 2179 944 2249 perducendum
1006 2185 1248 2249 patrem.
1309 2178 1375 2232 Et
1428 2192 1518 2246 ns,
1570 2176 1761 2247 inquit
1787 2176 1852 2243 ω,

194 2268 521 2324 irascimini
550 2268 611 2323 in
650 2268 739 2322 via
774 2264 925 2337 (Gen.
962 2282 1091 2337 XLV,
1123 2266 1255 2337 24):
1312 2282 1419 2321 nos
1468 2264 1693 2320 scilicet
1736 2280 1857 2321 mo-

1881 1865 1930 1930 B

1968 573 2131 646 plina
2166 578 2389 631 nostra.
2426 574 2572 629 Tum
2609 590 2679 629 ne
2714 573 2771 628 in
2804 574 2894 628 via
2929 573 3041 645 (82)
3073 572 3356 629 orationis
3400 575 3623 630 consti-

1966 664 2098 728 tuti,
2133 664 2203 718 ad
2240 663 2466 718 Patrem
2501 680 2633 719 cum
2667 663 2752 718 ira
2780 663 3137 719 inccdamus.
3175 662 3393 719 Exinde
3420 670 3619 735 aperte

1970 751 2250 806 Dominus
2281 752 2573 823 amplians
2607 751 2815 824 legem,
2851 751 3000 807 iram
3035 752 3091 806 in
3145 752 3382 808 fratrem
3426 753 3620 807 homi-

1966 840 2116 895 cidio
2147 841 2488 912 superponit
2519 841 2661 912 (83),
2695 858 2767 896 ne
2796 841 2969 896 verbo
3003 841 3240 911 quidem
3282 842 3436 897 malo
3489 858 3622 912 per-

1967 929 2146 984 mittit
2204 929 2453 1001 expungi
2506 930 2616 1001 (84)
2670 932 2892 985 etiamsi
2945 930 3293 985 irascendum
3342 938 3444 993 est,
3503 946 3619 986 non

1965 1021 2112 1075 ultra
2144 1020 2272 1074 solis
2302 1023 2576 1090 receptum
2598 1019 2707 1090 (85)
2737 1019 2957 1092 (Ephes.
2992 1036 3067 1089 ιν,
3126 1021 3241 1089 26),
3296 1020 3498 1075 1167
3557 1023 3623 1076 ut

1964 1108 2277 1180 Apostolus
2311 1110 2606 1165 admonet.
2641 1110 2825 1175 Quam
2857 1113 3055 1165 autem
3087 1108 3461 1165 temerarium
3506 1114 3617 1178 est,

1965 1203 2064 1253 aut
2095 1198 2249 1253 diem
2280 1197 2407 1253 sine
2437 1198 2699 1254 oratione
2732 1198 3074 1271 transigere,
3108 1199 3251 1255 dum
3276 1215 3472 1255 cessas
3497 1200 3615 1254 fra-

1963 1287 2038 1343 tri
2068 1287 2421 1357 satisfacere,
2455 1291 2554 1344 aut
2586 1287 2909 1345 orationem
2950 1296 3359 1361 perseverante
3390 1288 3621 1345 iracun-

1964 1376 2056 1433 dia
2088 1378 2345 1449 perdere.

2521 1508 2749 1565 CAPUT
2786 1510 2883 1566 xu
2914 1510 3047 1582 (86).

2033 1643 2149 1698 Nec
2180 1643 2251 1699 ab
2282 1642 2368 1698 ira
2399 1642 2514 1713 (87)
2562 1642 2954 1711 solummodo,
3002 1644 3100 1699 sed
3163 1644 3323 1699 omni
3374 1645 3613 1701 omnino

1963 1731 2304 1787 confusione
2336 1733 2450 1803 (88)
2482 1732 2663 1787 animi
2697 1731 2879 1788 libera
2934 1733 3104 1789 debet
3152 1749 3281 1788 esse
3329 1733 3613 1789 orationis

1962 1819 2229 1888 intentio,
2261 1822 2331 1877 de
2376 1820 2476 1877 tali
2537 1820 2747 1893 spiritu
2807 1822 3027 1877 emissa
3082 1823 3218 1893 (89),
3276 1822 3467 1893 qualis
3523 1826 3616 1878 est

1963 1910 2223 1981 spiritus,
2249 1911 2317 1965 ad
2354 1926 2528 1982 quem
2573 1909 2845 1965 mittitur.
2906 1910 3106 1983 Neque
3154 1910 3309 1965 enim
3370 1910 3609 1982 agnosci

1964 1998 2484 2072 poteritaSpiritu
2532 2002 2732 2055 sancto
2788 1998 3034 2071 spiritus
3092 1999 3457 2071 inquinatus,
3508 2002 3612 2055 aut

1964 2088 2150 2143 tristis
2182 2105 2214 2143 a
2244 2087 2395 2155 laato,
2429 2092 2531 2143 aut
2560 2087 2881 2159 impeditus
2906 2107 2937 2141 a
2968 2087 3171 2143 libero.
3207 2088 3388 2143 Nemo
3411 2089 3612 2143 adver-

1965 2176 2190 2231 sarium
2225 2177 2465 2249 recipit;
2506 2191 2677 2232 nemo
2722 2175 2836 2233 nisi
2883 2192 3218 2248 comparem
3276 2192 3449 2233 suum
3501 2176 3608 2231 ad-

1966 2264 2168 2321 mittit.

1628 2390 1833 2453 Variaa
1862 2391 2185 2452 lectiones.

270 2511 315 2545 ³⁸
345 2507 754 2564 Accedentiam
778 2509 951 2577 juxta
1009 2509 1194 2563 Latin.

198 2582 239 2617 “
275 2584 417 2637 Cum
451 2580 731 2636 memoria
761 2582 925 2635 alias.
950 2581 997 2621 ι’
1028 2582 1314 2635 Accedere
1346 2584 1408 2634 ut
1441 2578 1610 2635 voluit
1634 2580 1989 2643 Muratorius,
2025 2581 2105 2634 ita
2144 2584 2198 2634 et
2250 2578 2483 2634 Semlsr.
2533 2596 2597 2633 ac
2639 2582 2796 2649 Le0p.

1300 2510 1345 2549 39
1402 2505 1861 2579 Superstruendi
1911 2508 2030 2577 Rig.
2082 2509 2272 2563 Paris.
2326 2510 2521 2579 Venet.
2579 2506 2745 2562 Seml.
2781 2508 2938 2578 Leop.

3044 2506 3089 2541 ‘0
3132 2506 3270 2577 Cap.
3330 2504 3392 2576 X,
3444 2504 3611 2577 alias.

2895 2580 2941 2614 ‘3
2972 2579 3156 2633 Latin.
3208 2576 3411 2647 parum
3464 2576 3617 2641 bene,

197 2654 493 2721 distinguit
522 2669 535 2707 :
573 2668 663 2722 ne,
695 2652 913 2723 inquit,
946 2651 1285 2709 irascamini
1321 2652 1378 2707 in
1412 2652 1503 2707 via
1535 2668 1641 2708 nos
1675 2650 1899 2707 scilicet
1930 2651 2161 2707 monuit
2190 2650 2356 2723 (alias
2386 2652 2543 2706 enim
2573 2651 2667 2706 via
2697 2648 3149 2723 oOgnominatur
3177 2648 3492 2721 disciplina
3524 2663 3622 2703 no-

200 2726 365 2796 stra).
398 2726 545 2780 Tum
578 2741 649 2779 ne
680 2724 738 2779 in
773 2725 886 2791 via,
923 2728 1037 2780 etc.

1646 2810 2173 2872 Commentarios.

278 2930 391 3002 (74)
424 2928 809 2985 Accidentium
815 2929 910 2999 jus
941 2936 1025 2984 est
1050 2927 1470 3002 desideriorum.
1500 2928 1560 3002 Id
1582 2932 1703 3002 (est,
1726 2945 1863 2999 pos-

207 2999 418 3057 sumus
453 3006 643 3072 petere
701 3017 847 3071 quae,
912 3004 1083 3071 prout
1139 2999 1370 3065 accidit,
1431 2999 1863 3072 desideramus,

210 3071 515 3144 praemissa
546 3072 809 3143 legitima
836 3077 893 3128 et
922 3072 1215 3126 ordinaria
1244 3072 1528 3144 oratione,
1554 3072 1605 3125 id
1640 3076 1730 3125 est
1753 3071 1865 3126 Do-

210 3142 431 3200 ininica
461 3142 722 3215 oratione
754 3160 856 3215 pro
888 3144 1292 3198 fundamento.
1328 3142 1394 3215 G.
1449 3148 1759 3197 PANCIROL.
1795 3173 1865 3181 —

211 3216 510 3288 Corrigere
545 3214 821 3288 voluerat
878 3215 1118 3270 Latinus
1178 3214 1440 3270 Latinius
1494 3215 1865 3288 accedentium

2048 2928 2161 3000 (80)
2190 2934 2298 2986 Nos
2326 2929 2531 2983 scilicet
2558 2929 2795 2984 monuit.
2824 2926 3063 2999 Supple,
3096 2927 3253 2983 idem
3301 2941 3472 2998 agere
3518 2925 3623 2980 de-

1974 3001 2131 3057 bere.
2160 3002 2223 3056 G.
2259 3000 2559 3055 PANCIROL.

2047 3074 2158 3143 (81)
2192 3071 2344 3127 Alias
2366 3073 2511 3127 enim
2546 3071 2656 3143 via,
2680 3072 2787 3125 etc.
2823 3069 2985 3126 Unde
3016 3070 3262 3143 homines
3294 3068 3402 3125 via:
3432 3066 3623 3143 primo

1974 3136 2113 3197 dicti
2142 3136 2291 3198 sunt
2321 3141 2662 3199 Christiani.
2698 3147 2760 3196 ut
2792 3148 2881 3196 est
2912 3143 2968 3196 in
3003 3141 3184 3207 Actis,
3216 3157 3343 3212 cap.
3394 3136 3473 3204 ui,
3524 3136 3621 3192 ubi

1975 3215 2191 3269 Paulus
2223 3220 2526 3286 acceperat
2556 3213 2803 3274 litteras,
2836 3217 2900 3267 ut
2931 3212 3173 3268 homines
3201 3212 3328 3274 vise,
3361 3224 3627 3281 compre-

205 3285 822 3362 juxta’desideriorum,
882 3289 1035 3358 quod
1065 3286 1661 3362 recep_t_um_v_ide_o_a
1691 3285 1863 3341 Dela-
1920 3360 1929 3362 Α
1972 3288 2271 3362 benderet,
2306 3285 2376 3340 id
2413 3292 2504 3341 est
2555 3286 2921 3362 Christianos
2944 3300 3347 3362 ;__quanquam
3394 3288 3627 3362 verten-

212 3352 383 3415 carda
417 3360 473 3413 in
509 3352 827 3413 editionem
861 3352 1028 3413 suam
1064 3352 1412 3413 Tertulliani
1447 3356 1685 3412 Parisiis
1716 3374 1870 3412 anno
1902 3360 1944 3429 (ζ
1983 3360 2123 3413 dum
2157 3377 2270 3413 non
2303 3363 2427 3412 erat
2466 3359 2628 3429 hujus
2674 3362 2795 3421 viae,
2842 3362 2900 3411 et
2945 3352 3145 3429 dictio_
3171 3352 3335 3425 huius
3381 3352 3630 3408 delenda

214 3433 354 3486 1624
384 3431 537 3502 typis
568 3432 942 3501 impressam.
978 3431 1089 3486 Sed
1125 3430 1326 3484 malim
1355 3446 1460 3500 ego
1492 3435 1725 3485 tantum
1789 3446 1872 3484 re.

212 3519 446 3576 ponere,
479 3503 873 3576 accedentium.

285 3576 397 3646 (75)
426 3576 523 3630 Jus
564 3579 650 3646 est
684 3572 1081 3646 superﬂuendi.
1132 3571 1346 3627 Prester
1380 3570 1716 3646 generales
1744 3588 1872 3646 ora-

214 3642 391 3702 tionis
422 3642 1108 3717 Dominicee'petitiones,
1143 3660 1269 3715 quae
1301 3642 1543 3717 cuilibet
1584 3642 1871 3717 Christia-

215 3735 423 3775 norum
457 3722 595 3773 sunt
625 3714 996 3782 communes,
1029 3714 1144 3770 alia
1168 3714 1337 3786 saepe
1373 3732 1405 3768 a
1442 3714 1578 3779 Deo,
1613 3714 1872 3786 singulo-

218 3807 349 3845 rum
385 3791 624 3862 propria
655 3790 985 3862 hominum,
1020 3788 1268 3862 petenda
1301 3803 1361 3841 se
1386 3786 1663 3862 offerunt.
1699 3786 1873 3840 Com-

222 3856 399 3917 muni'
433 3856 633 3933 itaque
697 3860 943 3933 orationi
1005 3856 1274 3933 quaedam
1333 3858 1543 3933 addere
1586 3856 1732 3933 licet
1769 3874 1873 3933 pro

222 3937 510 4003 cujusque
536 3928 888 3988 necessitate
919 3935 977 3985 et
1005 3934 1157 3996 voto,
1192 3930 1535 4003 dummodo
1575 3928 1875 3998 petitioni-

223 3999 332 4059 bu's
387 3999 603 4058 nostris
664 4004 859 4058 divina
910 4005 1205 4073 (praecepta
1259 4016 1375 4073 non
1416 4071 1423 4073 ξ
1468 3999 1871 4056 adversentur.

228 4074 522 4146 Imprimis
555 4078 748 4130 autem
782 4071 954 4129 nobis
985 4090 1017 4127 a
1048 4072 1164 4146 Deo
1195 4071 1550 4146 praecipitur,
1596 4088 1666 4146 ne
1714 4088 1878 4146 roga-

221 4143 339 4203 turi
373 4147 439 4201 ad
475 4145 659 4202 altare
690 4146 1059 4212 accedamus,
1094 4144 1203 4198 nisi
1240 4144 1403 4214 prius
1434 4159 1565 4197 cum
1596 4143 1875 4198 fratribus

224 4218 443 4276 nostris
474 4217 819 4273 iniverimus
851 4232 1075 4288 pacem,
1107 4232 1174 4271 ac
1212 4214 1346 4288 odia
1402 4215 1872 4288 deposuerimus.

226 4293 341 4348 Hoc
368 4289 789 4357 Tertullianus,
823 4286 947 4359 cap.
981 4303 1104 4358 seq.
1139 4287 1423 4343 ostendet.
1466 4286 1695 4359 Musas.

296 4364 409 4435 (76)
441 4360 620 4417 Titul.
652 4361 711 4417 in
744 4358 1151 4417 cod.’Ambr.:
1186 4359 1263 4413 Ne
1300 4372 1463 4414 orans
1493 4358 1722 4413 Patrem
1756 4360 1875 4429 fra-

229 4434 309 4490 tri
332 4434 616 4488 irascaris.

298 4507 406 4575 (77)
441 4506 515 4561 Ne
538 4506 715 4576 prius.
750 4502 946 4558 Monet
976 4500 1139 4573 prius
1172 4499 1335 4554 fratri
1383 4514 1513 4554 esse
1564 4498 1879 4555 concilian-

228 4579 387 4639 dum,
422 4593 600 4647 quam
633 4578 848 4631 oretur.
883 4578 948 4647 G,
970 4578 1287 4647 iPANClBOL.

301 4650 411 4721 (78)
442 4641 589 4718 Quid
617 4651 696 4704 cst
724 4648 889 4704 enim.
924 4646 985 4702 Id
1020 4650 1149 4701 est:
1195 4658 1371 4716 quam
1424 4641 1873 4697 observandum.

230 4722 295 4779 G.
331 4722 640 4776 PANCIROL.

298 4793 410 4865 (79)
447 4792 727 4865 Ilecederc.
753 4793 861 4865 Pro
893 4789 1110 4844 reventi
1132 4786 1522 4865 hanc_vocem_
1555 4801 1875 4865 usurpasse

228 4858 502 4921 videntur
530 4863 845 4920 Sallustius
905 4867 1081 4931 atque
1128 4858 1427 4914 Horatius.
1485 4861 1622 4931 Cum
1677 4860 1875 4911 tamen

232 4936 477 4990 dubium
513 4952 752 4993 sensum
789 4930 1038 4989 habeant
1067 4930 1716 5001 istorumexempla,et
1736 4945 1877 4984 sece-

233 5007 359 5061 dere
417 5008 595 5061 etiam
654 5005 1009 5074 significent,
1072 5003 1280 5058 vellem
1327 4999 1535 5057 liceret
1580 4999 1882 5074 mibi_per

234 5077 664 5133 Tertullianum
697 5072 805 5131 hoc
844 5077 903 5130 in
954 5076 1080 5130 loco
1130 5075 1382 5130 scribere
1434 5088 1549 5128 non
1601 5072 1879 5141 recedere,

234 5150 333 5205 sed
367 5149 646 5205 accedere.
677 5151 903 5202 Muna'r.
938 5146 1207 5216 (Videtur
1235 5148 1468 5212 Auctor,
1503 5142 1709 5216 audaci
1735 5161 1881 5216 non:

233 5221 381 5277 nihil
416 5238 517 5293 pro
552 5235 732 5293 more
772 5235 878 5273 suo
935 5214 1171 5293 syllepsi
1202 5232 1392 5293 ‘usus,
1443 5214 1751 5293 jgupxisse:
1813 5215 1883 5271 ad

232 5286 429 5367 pacem.
452 5293 552 5347 Dei
577 5290 830 5346 accedere
851 5294 875 5342 .9
895 5286 1139 5344 recedere
1162 5288 1279 5341 sine
1302 5301 1437 5357 pace
1454 5291 1478 5339 .9
1504 5286 1669 5356 Eoo.)

305 5397 374 5406 —
406 5365 483 5419 Ad
505 5380 688 5433 pacem
725 5360 824 5416 Dei
852 5360 1119 5417 accedere.
1145 5359 1611 5433 Exstatquidem
1635 5358 1693 5412 in
1742 5359 1861 5433 edit

238 5430 553 5509 posteriore
578 5433 830 5509 Rigaltii,
856 5450 985 5504 quae
1008 5448 1160 5509 anno
1203 5430 1419 5503 prodiit
1451 5430 1608 5509 163/1,
1638 5430 1881 5509 verbum

238 5501 504 5575 recedere,
531 5509 629 5564 sed
649 5501 848 5561 forsan
874 5501 1442 5576 typothetmerrore,
1504 5501 1599 5576 qui
1624 5503 1886 5576 transiit

242 5583 298 5636 in
332 5574 499 5637 editt.
542 5583 876 5651 sequentes.
908 5574 1129 5633 'Habes
1188 5575 1425 5651 quidem
1475 5574 1666 5651 c_.-t8.
1719 5574 1888 5641 Quale

242 5655 581 5724 sacriﬁcium
602 5645 702 5719 est,
725 5668 761 5724 a_
773 5664 883 5724 quo
902 5652 1024 5724 sine
1046 5664 1176 5724 pace
1205 5645 1477 5724 receditur
1495 5646 1522 5699 ?
1540 5645 1647 5700 Sed
1684 5663 1887 5724 omnes

247 5718 532 5782 editiones
563 5718 889 5794 anteillam
922 5718 1313 5794 Rigaltianam
1344 5718 1585 5773 verbum
1638 5719 1889 5777 accedere

248 5796 343 5852 hic
373 5800 672 5870 praestant.
704 5793 925 5851 Rou'ra.

1981 3438 2091 3493 est,
2126 3447 2257 3484 cum
2292 3430 2370 3483 sit
2400 3427 2683 3484 articulus
2714 3430 2964 3483 Graecus.
2999 3429 3063 3483 G.
3116 3427 3423 3482 PANCIROL.

2053 3502 2162 3571 (82)
2198 3503 2329 3556 Tum
2357 3518 2427 3554 ne
2457 3502 2520 3555 in
2550 3502 2660 3555 via.
2694 3500 2955 3571 Subaudi
2984 3516 2996 3554 :
3031 3504 3119 3571 est
3159 3496 3627 3571 _observandum.

1981 3568 2155 3627 PA‘NCL
2189 3604 2256 3612 —-
2286 3573 2446 3643 Saepe
2486 3572 2701 3626 dicitur
2742 3572 2776 3639 ἡ
2829 3568 2953 3631 ὁδὸς
3008 3569 3210 3642 religio
3276 3568 3627 3643 Christiana,

1980 3662 2113 3699 cum
2145 3646 2205 3699 in
2236 3639 2393 3699 Actis
2418 3646 2809 3714 apostolorum,
2866 3650 2991 3698 tum
3038 3644 3097 3697 in
3121 3639 3408 3714 'veterum
3463 3639 3629 3714 Chri-

1982 3717 2306 3772 stianorum
2340 3713 2597 3787 scriptis,
2632 3717 2712 3770 uti
2750 3716 2979 3771 monuit
3007 3713 3435 3787 Pearsoniusin
3456 3713 3631 3782 Expo-

1980 3790 2181 3844 sitione
2211 3785 2476 3858 Symbolii
2509 3788 2677 3843 Artic.
2713 3788 2776 3842 Et
2804 3789 2864 3842 in
2893 3789 3017 3843 Jesu
3062 3786 3295 3842 Christo.
3330 3785 3553 3858 Roma;

2056 3861 2167 3931 (83)
2198 3853 2348 3914 Iram
2396 3861 2455 3913 in
2502 3861 2739 3931 fratrem
2791 3858 3083 3913 homicidio
3137 3858 3475 3931 superponit.
3524 3853 3629 3931 Ex:

1983 3924 2183 4002 presse
2212 3931 2270 3986 in
2302 3930 2477 3985 veteri
2502 3924 2635 4001 lege
2659 3931 2950 4002 prohibita
2981 3947 3095 3984 non
3128 3924 3357 4002 videtur
3387 3926 3492 4002 ira,
3526 3924 3629 3978 sed

1983 3998 2219 4072 quidem
2254 3998 2631 4058 homicidium
2648 3998 2676 4058 .”
2700 4006 2769 4057 At
2801 4002 3068 4057 Christus
3097 4000 3384 4069 amplians
3432 3998 3632 4072 legem,

1985 4067 2092 4130 hoc
2122 4082 2211 4130 est
2259 4077 2564 4146 perliciens
2613 4080 2676 4146 et
2726 4075 2893 4128 novis
2949 4067 3277 4146 disciplina
3331 4067 3633 4146 praeceptis

1983 4140 2373 4225 ampliﬁcans,
2404 4145 2720 4225 homicidio
2752 4146 3049 4225 damnato,
3070 4140 3179 4225 ira:
3212 4140 3447 4225 quoque
3471 4140 3633 4195 dam-

1983 4214 2282 4273 nationem
2316 4233 2380 4271 ac
2413 4217 2880 4289 prohibitionem
2912 4214 3157 4289 addidit,
3179 4214 3322 4289 sive
3349 4225 3631 4289 Asuperpo;

1982 4290 2110 4344 suit.
2160 4289 2364 4344 Omnis
2413 4283 2649 4359 quidem
2693 4289 2781 4342 ira
2832 4287 2905 4342 ab
2952 4287 3119 4341 initio
3175 4283 3489 4359 interdicta
3542 4284 3630 4359 est

1985 4360 2174 4425 nobis,
2207 4366 2273 4415 ut
2303 4354 2484 4431 supra
2512 4360 2910 4414 Tertullianus
2939 4360 3165 4431 dixerat
3184 4354 3636 4431 Genesis_testi-

1985 4433 2219 4498 monio;
2250 4426 2453 4503 veru-ni
2497 4448 2632 4503 cum
2689 4437 3071 4503 apertenon
3106 4430 3399 4503 videretur
3448 4426 3636 4503 inter-

1986 4506 2165 4569 dicta,
2197 4502 2493 4575 expressis
2539 4502 2703 4575 illam
2728 4498 2949 4575 'verbis
2981 4519 3015 4575 a
3046 4501 3309 4575 fidelium
3359 4498 3635 4554 cordibus

1985 4572 2289 4633 removere
2311 4592 2377 4629 ac
2407 4590 2601 4629 arcere
2632 4574 2902 4630 Christus
2932 4572 3132 4629 voluit.
3168 4572 3399 4629 MURA'I‘.

2056 4678 2121 4688 -—
2155 4647 2503 4719 Superponit.
2541 4646 2770 4717 Adjicit,
2816 4651 2881 4701 ut
2927 4650 3016 4702 est
3066 4645 3219 4717 apud
3272 4640 3633 4709 Mattbaaum,

1908 4736 1952 4799 D
1984 4736 2199 4799 caph._v.
2335 4721 2637 4799 Panemo!“

2056 4786 2165 4860 {84)
2212 4792 2486 4863 Expungi.
2540 4787 2776 4861 lmpleri
2824 4789 2973 4844 iram
3025 4786 3306 4844 convicio.
3358 4786 3425 4842 G.
3485 4786 3637 4842 PAN-

1987 4879 2172 5005 ωῗὲξ)
2204 4934 2509 5007 Receptum.
2556 4934 2641 4988 An
2696 4930 3010 4988 recessum?
3055 4931 3167 4988 Sed
3227 4928 3375 4985 nihil
3428 4928 3634 4999 jubeo.

1990 5006 2314 5146 Ηῆξὲῗῖἱι.
2379 5076 2507 5131 cod.
2567 5075 2880 5132 Ambros.:
2931 5095 2959 5123 ‹‹
3008 5074 3196 5130 Etiam
3244 5069 3404 5127 omni
3452 5067 3636 5126 animi

1991 5150 2335 5205 confusione
2366 5165 2615 5204 vacuum
2647 5165 2776 5203 esse
2808 5148 3038 5202 debere.
3076 5167 3103 5195 ι)

2063 5222 2169 5292 (87)
2202 5225 2311 5275 Nec
2341 5221 2406 5275 ab
2439 5223 2546 5275 ira.
2592 5221 2759 5275 Docet
2796 5225 3057 5274 orantem
3095 5212 3481 5292 tranquilium
3510 5227 3641 5268 esse

1992 5288 2286 5363 oportere,
2321 5298 2383 5347 ut
2414 5298 2502 5347 est
2522 5293 2777 5364 Spiritus
2801 5296 3061 5356 sanctus,
3087 5288 3157 5343 ad
3183 5302 3354 5358 quem
3379 5301 3638 5341 oramus.

1995 5365 2062 5421 G.
2096 5365 2401 5419 PANCIROL.

2067 5437 2177 5507 (88)
2212 5437 2562 5506 Con/usione.
2600 5435 2658 5489 In
2695 5450 2805 5488 ms.
2858 5434 3053 5487 codice
3100 5428 3486 5484 Ambrosiano
3535 5426 3639 5483 ha-

1996 5508 2165 5563 betur
2196 5510 2529 5564 contusione.
2568 5508 2791 5561 Muna'r.

2066 5580 2176 5649 (89)
2208 5582 2277 5636 De
2306 5580 2414 5633 tali
2440 5578 2643 5645 spiritu
2670 5578 2892 5649 emissa.
2944 5573 3047 5649 Nil
3068 5570 3251 5649 oratio
3277 5570 3494 5649 prosit,
3510 5567 3632 5649 nisi

1996 5642 2206 5725 appus’o
2239 5656 2295 5707 et
2327 5642 2566 5725 mini-me
2599 5647 2905 5725 inquinato
2960 5646 3172 5725 spiritu
3195 5643 3296 5725 _ad
3344 5642 3631 5725 Spiritum

1996 5715 2282 5786 divinum,
2334 5722 2434 5793 qui
2487 5715 2840 5793 purissimus
2889 5715 3144 5793 est—imo
3191 5715 3321 5793 ipsa
3385 5715 3632 5793 puritas,

1995 5794 2237 5852 feratur.
2269 5785 2654 5865 Neque'enim
2695 5792 2936 5865 Spiritui
2982 5792 3183 5847 sancto
3220 5785 3459 5861 placere
3507 5786 3635 5843 ani-
