4050 6382
360 385 514 446 1271

850 514 1078 569 CAPUT
1116 515 1241 570 xm
1275 515 1385 584 (90)
1433 517 1497 570 ιι.

428 608 709 659 Caeterum
744 618 869 674 quae
919 602 1066 657 ratio
1113 604 1222 673 (91)
1273 609 1381 668 est,
1443 605 1716 658 manibus
1768 603 2007 674 quidem

361 693 600 758 ablutis,
641 691 847 746 1168
909 690 1119 761 spiritu
1178 707 1311 746 vero
1369 693 1638 746 sordente
1686 694 2006 747 orationem

363 781 524 838 obire
553 779 580 834 ?
612 780 842 850 quando
873 784 930 834 et
959 780 1103 850 ipsis
1139 781 1413 834 manibus
1444 780 1739 851 spiritales
1772 779 2009 834 mundi-

364 869 458 925 tiae
490 867 608 924 sint
637 867 997 933 necessariae,
1033 873 1096 922 ut
1129 885 1162 922 a
1194 868 1356 934 falso,
1383 885 1410 922 a
1435 869 1610 934 caede,
1640 885 1672 922 a
1694 868 2008 936 veneﬁciis,

368 959 440 1014 ab
494 955 842 1024 idololatria,
893 957 1233 1026 caeterisque
1293 956 1566 1026 maculis,
1619 975 1745 1028 quae
1795 956 2008 1027 spiritu

369 1050 659 1117 concepta:
690 1060 966 1100 manuum
999 1061 1175 1115 opera
1195 1046 1669 1116 transiguuntur,
1692 1062 1848 1116 purae
1873 1044 2010 1099 alle-

906 385 1431 446 TERTULLIANI
1477 384 1802 446 OPERUM
1837 384 2042 444 PARS
2089 383 2136 443 Ι.
2170 417 2246 428 —
2281 385 2549 446 SERIES
2599 387 2675 457 ΙΙ,
2725 383 3198 446 DOGMATICA.

3607 382 3784 442 1272

2024 515 2401 592 Αάθόὶωιιε.
2462 517 2584 570 Imo
2645 521 2703 571 et
2760 515 3052 571 adversari
3111 515 3398 569 debemus
3472 512 3777 567 deditoris

2115 604 2400 674 exemplo,
2462 621 2566 658 nec
2625 612 2930 675 propterea
3016 620 3226 658 manus
3301 603 3567 669 abluere,
3652 600 3775 654 nisi

2115 692 2269 761 quod
2303 693 2412 762 (94)
2446 691 2904 747 conversationis
2936 692 3206 747 humanae
3233 691 3768 762 inquinamentum

2116 779 2482 836 conscientiae
2513 797 2690 836 causa
2723 781 2835 851 (95)
2862 779 3141 835 lavemus.

2540 923 2742 977 1109
2776 921 2995 978 CAPUT
3033 921 3156 978 XIV
3201 921 3336 994 (96).

2189 1046 2468 1100 Caeterum
2502 1046 2644 1100 satis
2674 1047 2908 1100 mundae
2955 1050 3092 1100 sunt
3135 1061 3366 1108 manus,
3417 1061 3569 1115 quas
3626 1059 3771 1098 cum

367 1139 596 1190 ventur.
623 1133 718 1189 Hie
740 1141 879 1189 sunt
905 1150 1048 1189 veras
1079 1133 1402 1200 munditiae,
1427 1151 1540 1190 non
1575 1134 2013 1205 quas,plerique
2119 1137 2240 1188 tota
2261 1149 2499 1204 corpore
2530 1134 2588 1188 in
2615 1134 2846 1188 Christo
2878 1133 3055 1188 semel
3081 1131 3333 1188 lavimus
3363 1133 3498 1203 (97).
3563 1133 3778 1187 Omni-

369 1221 775 1294 superstitiose
805 1225 1033 1287 curant,
1068 1223 1138 1276 ad
1172 1238 1408 1278 omnem
1469 1224 1789 1278 orationem
1837 1224 2011 1278 etiam

371 1327 505 1366 cum
537 1309 762 1366 lavacro
793 1309 974 1364 totius
1017 1310 1275 1380 corporis
1312 1327 1527 1381 aquam
1577 1317 1896 1367 sumentes.
1953 1310 2014 1366 Id

373 1414 508 1454 cum
540 1397 882 1468 scrupulose
912 1403 1323 1469 percunctarer
1351 1398 1484 1468 (92),
1519 1409 1572 1454 et
1603 1398 1884 1454 rationem
1926 1414 2017 1454 re-

374 1487 664 1558 quirerem
699 1486 832 1556 (93),
863 1485 1118 1557 comperi
1156 1488 1770 1543 commemorationem
1802 1501 1930 1542 esse
1959 1487 2018 1541 in

377 1573 614 1632 Domini
654 1573 1034 1628 deditionem.
1068 1573 1186 1628 Nos
1218 1575 1525 1629 Dominum
1545 1575 1880 1642 adoramus,
1903 1590 2019 1629 non

2123 1220 2236 1276 bus
2265 1221 2399 1275 licet
2428 1222 2709 1276 membris
2739 1221 2889 1276 lavet
2917 1221 3174 1291 quotidie
3227 1219 3426 1289 Israel,
3458 1236 3776 1290 nunquam

2122 1315 2316 1364 tamen
2343 1310 2600 1364 mundus
2629 1313 2736 1364 est.
2779 1309 2942 1364 Certe
2969 1325 3177 1364 manus
3209 1309 3337 1379 ejus
3368 1323 3607 1379 semper
3658 1309 3778 1362 im-

2125 1397 2356 1451 mundae
2396 1399 2680 1466 sanguine
2711 1399 3146 1469 prophetarum,
3179 1402 3236 1452 et
3292 1397 3482 1468 ipsius
3528 1397 3772 1452 Domini

2127 1491 2438 1541 cruentata
2481 1486 2539 1540 in
2597 1491 2898 1541 aeternum.
2959 1487 3026 1541 Et
3084 1487 3214 1541 ideo
3259 1485 3620 1542 conscientia
3679 1501 3785 1556 pa-

2127 1578 2286 1629 trum
2343 1574 2456 1646 (98)
2487 1575 2844 1631 btereditarii
2876 1576 2958 1630 rei
2987 1590 3092 1630 nec
3123 1572 3390 1630 attollere
3417 1591 3514 1630 sas
3545 1575 3617 1629 ad
3667 1573 3792 1629 Do-

1797 1707 2000 1769 Variae
2029 1705 2353 1768 lectiones.

454 1811 503 1847 “
529 1810 666 1884 Cap.
700 1811 771 1868 XI
801 1813 968 1867 alias.

1822 1910 2341 1972 Commentarius.

387 2047 523 2109 mus
553 2031 800 2109 terrenis
833 2034 1079 2109 maculis
1108 2035 1357 2109 intectus
1382 2035 1619 2109 (potest,
1672 2031 1775 2088 Hic
1829 2037 2025 2109 autem
2055 2044 2103 2109 Β

387 2102 784 2178 Tertullianus
831 2106 901 2178 ad
934 2121 1061 2178 cap.
1097 2124 1114 2160 1
1143 2102 1443 2178 Sapientiae
1462 2103 1756 2178 respicere
1798 2104 2024 2178 videtur

385 2174 486 2248 ubi
508 2173 762 2248 legitur;
805 2197 832 2224 «
869 2173 1123 2247 Spiritus
1153 2173 1392 2232 sanctus
1415 2173 1735 2248 disciplima
1786 2176 2024 2246 ell‘ugiet

390 2245 614 2300 ﬁctum.
650 2269 670 2298 ι
711 2245 940 2302 Mummi
1159 2268 1165 2273 '

457 2317 567 2386 (90)
598 2316 711 2371 Tit.
745 2319 870 2371 cod.
903 2319 1171 2373 Ambros.
1199 2333 1212 2370 :
1247 2319 1319 2372 De
1344 2319 1652 2372 Lavatione
1698 2333 1984 2371 manuum.

462 2387 570 2457 (91)
603 2391 870 2460 Caeterum
907 2405 1027 2460 qua?
1068 2391 1240 2444 ratio.
1277 2388 1377 2442 Hic
1408 2391 1593 2453 docet,
1634 2404 1860 2460 manus
1910 2403 2023 2442 non

393 2475 541 2528 aqua
575 2459 923 2526 abluendas,
942 2462 1041 2516 sed
1074 2477 1107 2514 a
1140 2459 1418 2530 nequitiis
1471 2459 1720 2514 mundas
1768 2475 1896 2514 esse
1944 2465 2026 2512 te-

394 2530 638 2602 nendas.
669 2532 937 2602 G.PANc.
973 2563 1037 2572 —
1089 2532 1348 2585 Czeterum
1394 2546 1520 2602 quae
1573 2533 1868 2602 ratioest,
1915 2535 2026 2584 etc.

397 2601 704 2670 Mannum,
737 2601 853 2655 imo
884 2603 1064 2657 totius
1095 2599 1441 2672 quandoque
1464 2601 1721 2672 corporis
1745 2599 1880 2655 lotio
1901 2617 2026 2655 ora-

398 2672 617 2726 tionem
650 2674 965 2741 praacedere
1011 2675 1255 2734 solebat.
1307 2689 1418 2726 non
1469 2674 1620 2742 apud
1671 2673 2029 2726 Christianos

399 2747 654 2805 tantum,
711 2746 812 2796 sed
866 2750 924 2798 et
983 2745 1136 2813 apud
1191 2744 1454 2798 ethnicos
1519 2750 1692 2813 atque
1777 2745 2028 2798 Judaaos.

400 2813 629 2884 Nempe
666 2813 864 2868 abluto
921 2830 1157 2884 corpore
1214 2815 1601 2884 manibusque
1660 2814 2030 2882 potissimum

401 2883 688 3009 purgatis,
723 2901 846 2954 quze
878 2883 1103 2941 facilius
1161 2883 1524 2956 plerumque,
1555 2886 1755 2939 sordes
1802 2891 2032 2940 contra-

445 2961 568 3009 unt.
601 2954 777 3009 lavari
811 2972 1043 3009 auouue
1067 2974 1132 3009 ac
1164 2958 1469 3009 emundari
1502 2973 1533 3009 a
1555 2955 1737 3009 culnae
1761 2957 2032 3009 sordibus

445 2961 568 3020 unt,
601 2954 777 3010 lavari
811 2972 1043 3027 quoque
1067 2974 1132 3011 ac
1163 2954 1469 3011 emundari
1502 2973 1533 3010 a
1555 2955 1737 3026 culpa:
1761 2957 2033 3011 sordibus

403 3027 667 3080 animum
704 3027 967 3083 nonnulli
999 3029 1452 3082 arbitrabantur.
1493 3028 1599 3082 Sed
1635 3029 1830 3082 animo
1889 3044 2032 3098 puro

402 3102 460 3152 et
489 3103 732 3168 purgato
763 3098 1069 3154 hominum
1129 3106 1200 3154 ad
1253 3105 1431 3155 Deum
1484 3100 1754 3154 accedere
1803 3102 2031 3162 debere,

401 3169 722 3251 cumratiq,
739 3174 862 3251 tum
885 3170 1090 3251 religio
1107 3172 1465 3250 suadebant.
1481 3172 1517 3223 Η
1531 3187 1640 3224 unc
1661 3175 1854 3251 autem
1881 3171 2034 3251 apud

401 3239 647 3310 gentiles
679 3239 1279 3307 invaluissewmorem,
1311 3241 1571 3297 omnium
1623 3239 2034 3310 antiquissimo

403 3315 554 3382 teste
574 3312 850 3380 probabo.
880 3315 1160 3368 Homerus
1206 3314 1472 3368 videlicet
1500 3314 1557 3366 in
1591 3313 1825 3382 Odyssea
1860 3319 2033 3368 Pene-

2256 2032 2448 2096 Sancta
2479 2032 2657 2081 nitens
2684 2031 2897 2081 famulis
2927 2031 3168 2081 interluit
3193 2033 3329 2082 atria
3357 2033 3589 2096 lymphis

2255 2093 2572 2155 Cantharus,
2609 2096 3012 2158 intrantumque
3041 2109 3230 2144 manus
3262 2093 3464 2144 lavat...

2129 2172 2576 2245 Chrysostomus
2608 2172 2878 2245 pluribus
2906 2174 2963 2228 in
3008 2173 3173 2241 locis,
3229 2180 3287 2229 et
3337 2175 3664 2245 praesertim
3723 2175 3783 2228 in

2129 2244 2334 2315 homil.
2366 2245 2455 2311 57,
2489 2244 2630 2299 toml
2663 2244 2729 2316 V,
2767 2262 2822 2316 p.
2855 2247 2984 2316 390,
3020 2245 3284 2316 ejusdem
3317 2244 3398 2316 rei
3449 2245 3624 2300 ﬁdem
3681 2245 3782 2300 his

2129 2313 2322 2388 verbis
2355 2316 2530 2388 facit:
2581 2313 2789 2388 Κρήνᾳξ
2835 2315 2966 2368 εἶναι
3121 2320 3240 2388 ταῖς
3286 2314 3479 2388 agitati:
3527 2321 3657 2388 τῶν
3690 2316 3785 2368 εὖ-

2133 2385 2361 2458 κτηρίων
2413 2383 2575 2440 οἷὶων
2623 2383 2952 2460 νενόμιστᾳι,
3012 2383 3103 2438 ἵνα
3149 2387 3205 2442 οἱ
3255 2385 3550 2460 μέλλοντες
3611 2386 3784 2460 r315-

2136 2456 2254 2519 σθαι
2285 2461 2364 2532 τῷ
2547 2457 2819 2532 -πρόαςεαον
2871 2458 3260 2532 ἀπονιψάμενοι
3288 2458 3382 2520 τὰς
3437 2463 3648 2532 χεῖρας,
3679 2456 3784 2510 '63-

2133 2549 2240 2601 “tto:
2300 2527 2461 2587 αὐτὰς
2520 2527 2818 2601 εἰςέὐχήν
2900 2527 3261 2582 ἀνατέίνιυσιν.
3353 2527 3551 2586 ιῖε”ἱθι
3616 2532 3790 2584 atriis

2135 2600 2392 2655 domuum
2421 2601 2482 2653 in
2509 2600 2948 2670 quibus’oratur,
3001 2603 3112 2655 sint
3157 2605 3359 2672 fontes,
3418 2602 3784 2656 constitutum

2135 2675 2238 2738 est,
2265 2676 2326 2726 ut
2357 2672 2451 2741 qui
2502 2687 2661 2726 orare
2710 2674 2917 2741 volunt,
2976 2675 3135 2742 prius
3182 2672 3414 2726 abluunt
3457 2689 3675 2737 manus,
3731 2681 3787 2727 et

2137 2752 2266 2799 tunc
2319 2743 2534 2814 demum
2591 2758 2680 2796 eas
2735 2743 2805 2796 ad
2851 2759 3028 2814 preces
3102 2743 3415 2814 attendant.
3499 2745 3786 2798 Eumdem

2139 2813 2379 2869 consule
2408 2813 2465 2866 in
2498 2814 2699 2867 homil.
2731 2815 2802 2866 82
2831 2813 2888 2868 et
2918 2815 3039 2881 108,
3072 2821 3213 2869 tom.
3249 2813 3344 2882 Vl,
3376 2819 3435 2869 et
3463 2814 3663 2868 homil.
3690 2816 3788 2880 43,

2141 2886 2199 2939 in
2231 2889 2250 2936 Ι
2280 2886 2349 2938 ad
2391 2885 2636 2956 Corinth.
2687 2885 2853 2956 Alibi
2892 2892 3081 2939 tamen
3133 2885 3584 2956 Chrysostomus
3632 2887 3788 2956 ipse,

2139 2955 2407 3010 videlicet
2437 2956 2491 3008 in
2529 2955 2731 3009 homil.
2761 2957 2816 3020 6,
2839 2954 2896 3009 in
2937 2956 2956 3010 Ι
2988 2956 3056 3010 ad
3091 2954 3444 3022 Timotheum,
3475 2954 3786 3012 externum

2142 3028 2299 3081 hunc
2331 3025 2866 3100 ablationis‘ritum,
2901 3026 3131 3082 interna
3160 3029 3351 3083 cordis
3383 3029 3636 3100 puritate
3665 3046 3787 3100 non

2143 3101 2470 3171 accedente,
2528 3097 2749 3171 irridet,
2800 3113 3063 3171 eamque
3114 3097 3646 3171 appellat'ytlwu
3691 3099 3791 3152 καὶ

2144 3167 2339 3242 λῆρον,
2367 3169 2590 3240 παίγνια
2619 3167 2710 3242 καὶ
2739 3165 3270 3242 πᾳίδων“ἀθν5ρμξισξα,
3321 3165 3522 3236 risum,
3579 3189 3787 3239 nugas,

2143 3239 2283 3307 iocos
2311 3245 2363 3296 et
2379 3239 2673 3311 puerorum
2696 3239 3013 3296 ludicra.Ea
3030 3239 3261 3311 quoque
3281 3242 3626 3297 Tertulliani
3649 3259 3792 3297 sen-

2140 3311 2324 3384 tentia
2351 3317 2457 3376 est,
2482 3310 2623 3384 illos
2655 3310 3077 3382 redarguentis,
3111 3310 3211 3383 qui
3243 3313 3516 3369 manibus
3546 3312 3791 3384 quidem

404 3381 1056 3478 lopemnnobis‘exhibet
1087 3402 1238 3478 aqua
1269 3401 1396 3439 sese
1413 3389 1555 3478 Iante
1575 3381 1770 3454 preces
1792 3385 2034 3439 abluen-
2067 3410 2110 3478 Ο
2146 3383 2384 3478 ὶὺὶιιιὶε,
2409 3382 2616 3478 spiritn
2646 3397 2778 3436 vero
2794 3381 3487 3478 Asordrenleipratioqem
3543 3381 3790 3478 o'beu‘nt.

407 3457 551 3509 tem.
583 3453 724 3523 Ejus
753 3454 929 3510 etiam
964 3454 1118 3510 illius
1142 3453 1542 3512 Telemachus.

521 3557 714 3631 Χεῖρας
737 3557 1028 3630 νιψάμενος
1059 3558 1260 3627 πολιῆς
1289 3557 1419 3619 ἁλὸς
1449 3556 1623 3677 ὤλετ’
1653 3560 1870 3632 Ἀθήνῃ.

589 3629 730 3677 Lotis
757 3631 812 3677 in
843 3636 1007 3677 nonto
1038 3632 1300 3677 manibus.
1331 3633 1407 3677 sic
1436 3633 1505 3677 Pa
1526 3633 1646 3677 lada
1675 3632 1870 3677 adorat.

589 3629 730 3677 Lotis
757 3629 814 3678 in
843 3636 1007 3693 ponto
1038 3632 1300 3687 manibus,
1331 3633 1407 3680 sic
1436 3629 1646 3680 Pallada
1675 3629 1877 3680 adorat.

419 3732 749 3805 Macrobius
780 3749 930 3804 vere,
964 3735 1243 3790 Saturnat.
1279 3735 1378 3790 lib.
1430 3752 1514 3803 ιιι,
1564 3751 1687 3805 cap.
1723 3737 1748 3788 1
1779 3753 1790 3790 :
1843 3757 1872 3786 ‹‹
1901 3735 2049 3790 Con-

418 3811 556 3877 stat,
585 3803 796 3877 inquit,
829 3803 940 3860 diis
971 3809 1199 3876 superis
1230 3825 1394 3861 sacra
1451 3803 1740 3860 iacturum
1792 3809 2048 3877 corporis

417 3875 716 3948 ablutione
747 3877 1002 3948 purgari.
1025 3875 1061 3925 »ί
1085 3878 1208 3931 Alia
1241 3879 1486 3938 hujusce
1517 3879 1663 3932 ritus
1720 3875 1982 3948 exempla
2019 3895 2048 3933 e

415 3945 658 4018 Virgilio
689 3945 902 4018 profert
933 3964 998 4003 eo
1029 3949 1088 4002 in
1130 3949 1252 4004 loco
1301 3948 1651 4003 Macrobius.
1713 3945 2048 4005 Lactantius

415 4033 648 4088 quoque
673 4019 1013 4091 Firmianus
1043 4021 1274 4075 eosdem
1307 4021 1570 4074 ethnicos
1601 4020 1768 4081 ridet,
1803 4023 1898 4091 qui
1942 4041 1963 4067 α
1987 4037 2048 4076 se

415 4090 508 4158 pie
538 4089 897 4162 sacrificasse
926 4091 1261 4162 opinantur,
1295 4092 1342 4144 si
1373 4099 1565 4145 cutem
1606 4089 1869 4154 laverint,
1916 4098 2050 4146 tan-

416 4176 596 4232 quam
652 4160 925 4216 libidines
965 4160 1119 4216 intra
1167 4169 1366 4232 pectus
1415 4162 1674 4218 inclusas
1716 4162 1798 4215 illi
1849 4180 2050 4218 amnes

417 4231 677 4305 abluant,
705 4239 806 4305 aut
836 4233 953 4287 ulla
985 4231 1180 4288 maria,
1199 4234 1526 4304 puriticent.
1547 4255 1574 4282 »
1600 4233 1816 4288 Judaeis
1840 4235 2052 4305 pariter

415 4301 474 4376 i_d
510 4303 689 4358 moris
720 4303 916 4372 fuisse,
949 4310 1154 4359 auctor
1190 4301 1277 4359 est
1308 4301 1925 4376 pseudo-Aristeasfin
1947 4306 2046 4359 lib.

417 4373 489 4447 de
519 4390 624 4428 Lxx
656 4376 957 4447 interpret.
989 4393 1000 4428 :
1040 4397 1068 4425 υ
1098 4377 1247 4447 Rege
1286 4373 1630 4441 c‘onsnltalo,
1683 4377 1763 4430 ait
1808 4376 1925 4444 ille,
1977 4377 2047 4430 ad

418 4445 649 4500 diversa
679 4445 804 4501 loca
833 4447 1148 4512 divertunt,
1182 4445 1375 4516 atque.
1411 4454 1473 4500 ut
1527 4464 1649 4501 mos
1696 4452 1783 4501 est
1835 4449 2050 4502 Judaeis

417 4517 714 4589 omnibus,
748 4517 1018 4573 manibus
1049 4518 1210 4588 prius
1238 4519 1295 4572 in
1331 4520 1474 4572 mari
1509 4518 1660 4584 lotis,
1695 4519 1808 4573 Deo
1855 4535 2051 4589 preces

417 4585 743 4660 effundunt.
769 4610 798 4638 »
828 4589 970 4643 Vide
990 4585 1366 4660 spencerum,
1412 4590 1475 4643 de
1497 4593 1619 4659 Leg.
1663 4585 1915 4655 chr.,'l.
1965 4606 2048 4658 ιιι,

417 4659 560 4731 diss.
595 4659 730 4731 3._c.
763 4660 814 4713 3.
847 4659 1102 4715 Transiit
1136 4673 1332 4731 postea
1364 4662 1430 4714 ad
1467 4660 1676 4715 Christi
1715 4660 1912 4715 fideles
1943 4661 2049 4714 hu-

410 4728 674 4802 jusmodi
705 4733 1083 4802 consuetudo,
1118 4728 1174 4786 et
1226 4733 1473 4786 fortasse
1517 4733 1754 4801 quidam
1804 4732 1875 4785 ab
1921 4731 2049 4802 ipso

414 4799 689 4872 {\postolo
721 4800 777 4854 in
813 4802 830 4855 l
861 4803 929 4856 ad
961 4799 1236 4871 Timoth.,
1283 4819 1408 4872 cap.
1470 4799 1550 4862 n.—
1591 4803 1648 4856 id
1698 4799 2050 4872 praeceptum

414 4870 597 4926 fuisse
626 4875 1101 4939 censuerunt,ubi
1138 4870 1240 4928 nos
1267 4870 1437 4941 jubet
1467 4877 1656 4944 χεῖρας
1689 4870 1868 4934 ὁσίους
1906 4871 2054 4926 ἐπαί-

409 4959 547 5013 ρειν,
577 4958 776 4998 manus
805 4960 972 5012 puras
1025 4945 1096 5000 ad
1147 4944 1351 5000 caelum
1402 4946 1606 5009 tollere,
1660 4946 1825 5015 quasi
1878 4950 1935 4999 et
1980 4945 2052 5000 de

416 5018 651 5069 externa
682 5031 960 5086 manuum
996 5015 1248 5086 puritate
1277 5033 1341 5072 ac
1372 5015 1686 5082 ablutione,
1747 5016 1906 5070 velut
1957 5016 2052 5069 in-

417 5089 598 5140 ternae
631 5085 902 5157 puritatis
935 5085 1166 5155 indicio,
1200 5087 1509 5153 Apostolus
1559 5086 1913 5157 loqueretur.
1963 5087 2053 5140 Id-

417 5157 570 5212 circo
591 5158 1050 5228 Apostolicarum
1077 5159 1561 5214 Constitutionem
1577 5165 1795 5228 auctor,
1822 5159 2048 5228 lib.vm,

418 5243 546 5299 cap.
605 5224 705 5299 3'2;
767 5233 878 5299 Ηᾶς
926 5231 1135 5295 πιστὸς,
1179 5231 1389 5299 inquit,
1441 5227 1475 5295 ἢ
1520 5229 1682 5299 πιστὴ
1729 5224 1890 5281 ἕωθεν
1926 5227 2049 5280 ἀνα-

421 5297 635 5360 στᾶντες
683 5297 732 5368 ἐξ
781 5298 968 5368 ὕπνου,
1021 5303 1124 5375 πρὸ
1172 5297 1274 5353 τοῦ
1310 5297 1470 5371 ἔργον)
1519 5297 1838 5365 ἐπιτελέσαι,
1896 5301 2048 5375 val/ct-

420 5391 572 5446 μενοι
603 5371 1102 5446 προσευχέσθωσαν.
1131 5374 1322 5430 Omnis
1355 5372 1718 5436 Christianus,
1750 5373 1833 5426 vet
1891 5371 2048 5424 Chri-

413 5445 599 5499 stiana
651 5445 842 5498 mane
873 5461 899 5497 ρ
956 5459 1142 5501 somno
1193 5449 1498 5511 surgentes,
1550 5447 1843 5512 antequam
1911 5458 2050 5512 opus

413 5459 599 5499 mana
651 5461 816 5498 mane
873 5461 899 5497 ρ
956 5459 1142 5501 somno
1193 5459 1498 5511 surgentes,
1550 5459 1843 5512 antequam
1911 5459 2047 5567 opus

413 5517 630 5585 faciant
686 5516 939 5570 manibus
994 5518 1136 5580 totis,
1189 5518 1355 5572 Deum
1419 5519 1590 5571 orent.
1673 5515 1882 5570 Verum
1933 5584 1937 5585 ί
1982 5530 2047 5569 oc

419 5587 680 5658 apertius
735 5588 956 5658 patebit
1007 5586 1420 5650 consideranti,
1471 5586 1661 5657 posita
1718 5584 2046 5655 antiquitus

417 5657 603 5712 fuisse
632 5658 689 5711 in
721 5659 1070 5729 templorum
1105 5660 1268 5714 atriis
1294 5658 1478 5729 labra,
1538 5658 1728 5712 tontes
1773 5672 1838 5710 ac
1881 5671 2042 5727 vasa,

418 5732 487 5781 ut
506 5733 817 5796 antequam
840 5727 911 5783 ad
934 5731 1217 5784 orandum
1243 5727 1440 5784 fideles
1453 5729 1809 5792 accederent,
1833 5742 2043 5786 manus

424 5796 744 5858 abluerent.
774 5800 832 5854 S.
871 5799 1146 5856 Paulinus
1185 5801 1246 5855 in
1275 5799 1524 5871 epistola
1551 5800 1622 5856 ad
1655 5799 1967 5858 Severum:

2156 3456 2433 3526 Caeterum
2459 3455 2609 3526 apud
2628 3454 2924 3526 quosdam
2947 3454 3200 3510 Orientis
3223 3456 3490 3526 populos,
3515 3471 3581 3511 ac
3607 3457 3796 3526 potis-

2158 3525 2376 3581 simum
2404 3526 2554 3594 apud
2591 3524 2910 3580 Mahumeti
2957 3524 3317 3594 sectatores,_
3341 3526 3559 3581 nostris
3610 3524 3795 3582 etiam

2155 3596 2518 3670 temporibus
2550 3595 2889 3670 hujusmodi
2919 3599 3278 3652 consuetudo
3309 3599 3481 3670 viget.
3528 3599 3757 3653 Mum'r.

2229 3668 2338 3737 (9‘2)
2375 3666 2429 3720 Id
2459 3683 2579 3720 cum
2617 3667 2937 3737 scrupulose
2976 3666 3394 3737 ρει-(ξιιηείανηθνῖ
3423 3671 3611 3734 Quare
3665 3687 3796 3725 ma-

2159 3755 2272 3793 nus
2302 3745 2435 3792 ante
2468 3753 2663 3807 preces
2693 3738 3017 3801 abluerent,
3077 3739 3344 3795 nonnulli
3375 3757 3408 3794 a
3436 3741 3795 3796 'l‘ertulliano

2160 3810 2518 3880 interrogati,
2551 3825 2612 3862 se
2643 3809 2697 3862 id
2733 3812 2917 3865 facere
2948 3813 3377 3880 respondebant
3431 3812 3490 3865 in
3536 3829 3794 3868 comme-

2158 3879 2540 3953 moratiOnem
2574 3880 2886 3936 Dominicis
2940 3879 3275 3948 deditionis,
3324 3883 3477 3953 quod
3526 3884 3800 3939 videlicet

2158 3953 2403 4016 Pilatus,
2434 3951 2774 4022 priusquam
2807 3953 3101 4008 Christum
3134 3951 3369 4009 dederet
3394 3955 3631 4020 Judaeis,
3667 3973 3793 4010 ma-

2157 4040 2271 4078 nus
2304 4023 2451 4076 lavit.
2491 4022 2646 4077 Hanc
2702 4024 2983 4078 rationem
3035 4024 3202 4079 facile
3248 4025 3642 4081 Tertullianus
3702 4044 3795 4082 re-

2156 4093 2447 4166 tunditzru
2483 4098 2599 4148 Nos
2637 4095 2812 4162 enim,
2845 4095 3057 4166 inquit,
3094 4097 3403 4152 Dominum
3450 4098 3795 4166 adoramus,

2157 4183 2271 4222 non
2305 4165 2596 4219 dedimus.
2633 4187 2658 4214 ››
2695 4166 2922 4220 Μυιυιτ.

2231 4238 2339 4306 (93)
2397 4240 2459 4291 Et
2506 4238 2776 4309 rationem
2834 4239 3188 4308 requirerem.
3239 4240 3426 4303 Quare
3480 4239 3660 4309 aliqui
3733 4257 3800 4295 se

2159 4308 2352 4362 lavent
2381 4308 2622 4371 oraturi,
2654 4309 2904 4376 comperi
2940 4309 2994 4361 id
3027 4325 3124 4363 eos
3157 4309 3419 4364 facerein
3446 4308 3796 4366 memoriam

2159 4379 2390 4434 Domini
2423 4395 2456 4432 a
2481 4379 2634 4432 Juda
2665 4379 2900 4449 proditi,
2927 4385 2990 4433 ut
3015 4381 3229 4434 factum
3255 4380 3398 4435 illud
3423 4389 3800 4437 exsecrentur

2159 4457 2216 4505 et
2246 4449 2403 4504 velut
2432 4450 2502 4503 ab
2531 4450 2658 4521 ipso
2690 4466 2751 4505 se
2782 4452 3082 4506 mundent.
3109 4454 3173 4505 G.
3209 4452 3513 4508 PANCIROL.

2229 4522 2341 4591 (94)
2396 4521 2522 4596 lest'
2571 4522 2727 4596 quod.
2787 4521 2910 4596 Nisi
2969 4521 3201 4593 aliquod
3278 4523 3795 4596 inquinamentum

2159 4591 2550 4647 conversionis
2584 4593 2850 4647 humanis
2881 4591 3139 4648 lavemus
3171 4591 3378 4649 causa'
3402 4597 3795 4663 conscientia,

2159 4668 2467 4736 postquam
2501 4663 2719 4718 idolum
2750 4663 3136 4736 tetigerimus.
3170 4669 3234 4720 G.
3269 4669 3575 4723 PANCIROL.

2232 4735 2342 4809 (95)
2376 4734 2727 4790 Conscientia
2751 4734 2940 4809 causa.
2987 4736 3152 4791 Hunc
3207 4753 3337 4809 esse
3384 4743 3523 4809 puto
3571 4736 3796 4792 Tertul-

2082 4781 2128 4844 D
2161 4781 2297 4858 lia\ni
2324 4781 2583 4868 sensum,
2613 4822 2820 4860 manus
2840 4807 2967 4862 ideo
2988 4812 3217 4862 tantum
3240 4781 3505 4864 lavamus
3531 4814 3594 4863 ut
3613 4810 3795 4864 animi

2162 4877 2474 4951 puritatem
2507 4879 2996 4932 demonstremus.
3046 4884 3235 4949 Atque
3284 4880 3343 4934 in
3392 4897 3458 4936 eo
3507 4881 3798 4951 supersti-

2161 4948 2378 5020 tionem
2410 4949 2671 5014 damnat,
2703 4965 2828 5020 qms
2859 4948 3154 5005 externam
3180 4954 3408 5007 tantum
3442 4948 3795 5007 munditiam

2162 5019 2387 5088 quaerit.
2422 5023 2494 5073 La
2521 5023 2620 5074 Pa.

2235 5090 2345 5159 (96)
2375 5091 2485 5144 Tit.
2520 5091 2646 5145 cod.
2679 5090 2925 5146 Ambros
2955 5107 2966 5144 ε
2999 5091 3350 5162 Apostrophe.

2234 5163 2352 5234 (97)
2375 5165 2434 5215 In
2467 5162 2683 5217 Christo
2710 5162 2874 5217 semel
2904 5163 3160 5217 lauimus.
3209 5161 3325 5217 IIoc
3355 5167 3445 5219 est
3489 5163 3549 5218 in
3597 5164 3795 5234 bapti-

2160 5248 2309 5300 smo,
2341 5233 2396 5285 in
2428 5250 2542 5304 quo
2569 5249 2776 5287 manus
2805 5250 2927 5288 cum
2957 5236 3066 5288 toto
3093 5249 3320 5303 corpore
3348 5235 3620 5290 lavimus.
3653 5233 3797 5300 Qui-

2161 5303 2268 5377 bus
2299 5305 2489 5358 verbis
2519 5304 2785 5358 innuitur
2816 5305 3151 5375 baptizandi
3184 5305 3351 5370 ritus,
3387 5308 3621 5377 quando
3652 5308 3794 5362 nudi

2160 5374 2424 5430 homines
2447 5381 2534 5429 ter
2564 5377 2619 5430 in
2653 5392 2863 5446 aquam
2895 5374 3332 5446 mergebantur.
3365 5374 3436 5432 At
3465 5379 3520 5432 in
3571 5378 3672 5433 lib.
3724 5379 3788 5433 de

2157 5449 2430 5514 Baptismo
2459 5446 2579 5501 haec
2628 5446 2993 5518 apertissime
3039 5447 3433 5505 Tertullianus
3491 5449 3689 5518 tradit,
3741 5455 3798 5505 et

2157 5522 2287 5586 post
2316 5519 2480 5572 illum
2509 5519 2835 5588 complures
2865 5519 2985 5573 alii.
3021 5519 3246 5574 Mum'r.

2223 5588 2710 5661 (98)Conscientin
2740 5597 2979 5661 patrum,
3013 5595 3121 5646 etc.
3147 5590 3437 5661 Heredes
3491 5607 3600 5645 rem
3652 5607 3790 5645 con-

2152 5659 2406 5733 scientiae
2438 5665 2666 5728 patrum
2699 5659 2939 5733 suorum
2967 5659 3224 5733 "appellat
3251 5661 3504 5725 Judteos,
3526 5679 3559 5718 a
3579 5663 3792 5732 quibus

2151 5729 2579 5805 cunelamatum
2599 5737 2736 5805 _e_st:
2773 5729 3152 5804 Sanguis'éius
3181 5748 3346 5805 super
3372 5749 3491 5801 nos,
3533 5729 3608 5789 eti
3637 5749 3798 5805 super

2149 5800 2294 5872 ﬁlios
2320 5810 2552 5860 nostros.
2598 5802 2824 5862 ΜυιιΑτ.
