4050 6328
296 375 449 436 12⁸17

1576 376 1807 437 LIBER
1852 376 1952 437 DE
1997 378 2422 439 ORATIONE.

3546 383 3702 442 1278

292 507 454 562 ribus
513 506 638 561 suis
669 507 782 578 (22)
837 507 1168 574 residendo,
1229 507 1313 562 vel
1373 516 1677 580 propterea
1735 510 1848 580 (23)
1882 510 1937 563 in
1970 518 2024 582 Α
2057 510 2233 566 tionis
2266 512 2377 582 (25)
2409 515 2657 581 astante,
2692 512 2907 566 factum
2942 512 3101 566 istud
3131 511 3700 583 irreligiosissimum

293 597 462 652 nobis
495 597 838 668 reprehendi
876 604 1150 664 meretur,
1201 599 1355 669 quod
1399 599 1551 669 apud
1609 598 1760 653 idola
1795 598 1946 653 cele-

291 683 516 739 bratur.
552 685 664 756 (24)
698 689 772 740 Eo
827 686 1146 756 apponitur
1175 691 1231 741 et
1281 686 1668 742 irreverentia:
1702 687 1943 754 crimen,

291 773 465 828 etiam
500 773 646 843 ipsis
699 774 1063 838 nationibus.
1115 776 1162 830 si
1213 776 1353 846 quid
1406 781 1697 848 saperent,
1729 775 1945 830 intelli-

290 863 566 934 gendum.
630 863 925 935 Siquidem
987 865 1308 921 irreverens
1366 871 1456 921 est
1521 865 1777 921 assidere
1836 865 1945 920 sub

289 957 628 1023 conspectu,
649 959 968 1026 contraque
992 960 1371 1026 conspectum
1395 957 1544 1027 ejus,
1573 972 1745 1026 quem
1769 971 1945 1026 quam

291 1039 542 1098 maxime
595 1043 913 1098 reverearis
973 1060 1038 1099 ac
1099 1045 1429 1112 venereris;
1490 1049 1707 1114 quanto
1739 1045 1946 1098 1174

289 1129 480 1202 magis
511 1131 623 1186 sub
654 1135 971 1204 conspectu
1004 1131 1105 1188 Dei
1149 1131 1283 1202 vivi,
1328 1129 1536 1203 angelo
1588 1131 1780 1187 adhuc
1811 1147 1942 1186 ora-

2057 605 2164 663 est,
2200 600 2312 656 nisi
2344 600 2764 673 exprobramus
2797 601 2931 668 Deo,
2968 602 3121 672 quod
3149 619 3252 656 nos
3285 601 3470 656 oratio
3503 601 3701 674 fatiga-

2054 689 2204 743 verit
2232 687 2245 742 ι

2557 822 2788 879 CAPUT
2825 822 2976 878 xvu
3000 824 3042 858 ιο
3067 824 3203 895 (26).

2126 954 2300 1026 Atqui
2349 972 2483 1011 cum
2563 956 2851 1013 modestia
2925 961 2980 1011 et
3048 955 3383 1013 humilitate
3449 956 3701 1012 adoran-

2056 1045 2166 1111 tes,
2202 1045 2388 1116 magis
2419 1046 2965 1101 commendabimus
2996 1044 3111 1101 Deo
3135 1061 3333 1118 preces
3365 1049 3703 1112 nostras,ne

2057 1131 2204 1204 ipsis
2237 1133 2475 1205 quidem
2507 1135 2782 1191 manibus
2811 1133 3126 1190 sublimius
3173 1133 3340 1191 elatis
3363 1135 3402 1169 ⁵¹
3430 1135 3564 1206 (27),
3596 1134 3698 1190 sed

1713 1228 1921 1293 Variae
1968 1227 2292 1294 lectiones.

361 1327 406 1362 ⁵ο
433 1326 573 1398 Cap.
609 1327 736 1384 XIII
766 1328 927 1384 alias.
1005 1330 1047 1366 ⁵¹
1084 1328 1261 1386 Elatia
1290 1328 1579 1386 delendum
1606 1331 1789 1386 censet
1816 1329 1946 1384 Jun.

1742 1426 2264 1488 Commentarius.

293 1523 515 1598 dictum
547 1528 656 1593 est,
684 1523 814 1598 (lib.
849 1523 914 1579 de
969 1526 1185 1596 Anima,
1247 1542 1374 1598 cap.
1425 1526 1480 1595 7,
1545 1540 1788 1598 numero
1823 1524 1944 1586 144,

293 1598 352 1650 et
378 1593 591 1668 advers.
658 1597 1118 1668 Valentin.wcap.
1173 1593 1266 1665 '12,
1319 1593 1382 1652 et
1437 1593 1564 1668 cap.
1628 1597 1714 1665 18,
1773 1600 1829 1651 et
1859 1599 1948 1651 est

295 1666 451 1738 apud
514 1667 896 1738 Macrobium,
945 1666 1116 1724 libﬁi
1175 1669 1461 1724 Saturnal.
1509 1666 1587 1724 _G.
1635 1673 1942 1724 PANCIROL.

367 1737 482 1809 (22)
525 1737 898 1812 (Sigillaribus
954 1742 1071 1796 suis
1101 1781 1116 1795 .
1172 1741 1504 1812 Sigillaria,
1537 1755 1667 1812 seu
1729 1738 1944 1812 sigilla,

292 1815 459 1882 erant
489 1809 657 1882 signa
690 1828 885 1882 parva,
932 1827 1035 1868 seu
1087 1809 1392 1881 icunculee,
1443 1815 1501 1867 et
1532 1809 1942 1882 imagunculae,

297 1881 714 1957 ac__simulacra
744 1885 986 1957 deorum
1021 1886 1191 1957 modo
1232 1884 1537 1957 palmaria,
1572 1881 1744 1939 mo’do
1777 1883 1943 1957 cubi-

2054 1530 2342 1600 orasseut.
2375 1525 2662 1600 Pindarus
2692 1527 2872 1600 enim,
2904 1527 3012 1584 ode
3056 1528 3092 1582 6
3120 1527 3341 1600 isthm.,
3384 1527 3702 1600 descriptis

2055 1597 2346 1724 ἓὲἷιὲξυε,
2403 1616 2551 1672 quas
2609 1598 2880 1655 Hercules
2939 1601 3010 1656 ad
3069 1601 3209 1656 deos
3267 1599 3527 1670 miserat,
3576 1597 3697 1659 hac

2213 1687 2227 1724 ι
2282 1687 2295 1725 :

2406 1764 2499 1819 Ὣς
2531 1759 2634 1832 ἆρα
2660 1757 2848 1830 εἰπὼν,
2882 1757 3074 1813 αὐτίκα

2406 1832 2617 1899 ”Εζετο.
2654 1873 2667 1886 .
2704 1874 2716 1886 .
2755 1873 2768 1887 .
2806 1872 2820 1886 .
2857 1873 2869 1886 .

297 1952 458 2018 talia,
494 1953 576 2010 ita
609 1955 889 2028 membris
928 1952 1251 2012 artificiose
1285 1952 1711 2028 compacta,ut
1751 1954 1944 2009 nervis
1975 1954 2022 2020 B
2052 1953 2142 2028 Sic
2173 1954 2401 2028 locutus,
2433 1958 2622 2011 statim
2650 1956 2913 2012 concedit.
2967 1955 3314 2012 Plutarchus
3345 1971 3478 2011 vero
3499 1955 3696 2028 legem

298 2029 504 2097 tracta,
554 2027 638 2082 vel
693 2027 908 2082 tidibus
960 2033 1114 2082 mota
1174 2032 1382 2097 vivere,
1421 2026 1841 2093 'obambulare,
1891 2033 1948 2080 et

305 2095 561 2171 reliquos
621 2098 863 2152 humani
945 2100 1206 2171 corporis
1285 2095 1480 2154 metus
1536 2114 1801 2171 exercere
1859 2102 1947 2171 at-

307 2166 668 2241 qusimitari
698 2175 958 2241 possent.
1011 2166 1218 2227 Nostro
1277 2188 1509 2241 quoque
1568 2187 1683 2224 aevo
1733 2169 1951 2224 similia

308 2239 640 2308 habemus,
699 2239 915 2310 quibus
972 2247 1164 2297 Romae
1235 2239 1445 2297 nomen
1521 2251 1612 2297 est
1665 2241 1948 2313 pappacci,

305 2317 362 2366 et
392 2313 449 2366 in
484 2313 672 2368 Gallia
716 2319 1126 2378 marionnelles,
1173 2314 1362 2383 iisque
1409 2313 1727 2368 conicedias
1769 2313 1952 2366 inter-

305 2383 443 2458 dum
490 2392 650 2458 actas
705 2385 981 2458 vidimus.
1034 2384 1653 2458 Ns'decnae‘m‘Gt‘thl
1682 2384 1944 2458 appella-

304 2455 578 2581 ba%t.tAd
632 2456 968 2527 hujusmodi
1019 2455 1337 2512 simulacra
1383 2455 1650 2512 alludene
1680 2455 1952 2512 Horatius

304 2542 390 2580 sie
435 2543 468 2581 a
521 2544 534 2581 :

303 2527 492 2582 aiebat
521 2544 534 2586 :

457 2643 532 2690 Tu
566 2643 697 2691 mihi
729 2645 818 2706 qui
850 2643 1138 2706 imperitas,
1172 2643 1286 2693 aliis
1315 2644 1485 2692 servis
1515 2644 1690 2702 miser,
1723 2647 1881 2706 atque

455 2706 690 2761 Ducsris,
722 2712 780 2755 ut
812 2709 988 2755 nervis
1018 2708 1204 2755 alienis
1238 2708 1432 2756 mobile
1463 2707 1689 2769 lignum.

302 2811 526 2892 Prister‘
569 2811 988 2892 Aristotelem,_
1022 2813 1118 2892 qui
1157 2813 1224 2892 in
1272 2812 1372 2866 lib.
1401 2812 1490 2892 de
1547 2811 1740 2892 Mundo
1791 2810 1950 2892 sigil-

305 2883 450 2937 laria
479 2882 775 2952 eleganter
805 2882 1135 2954 descripSit,
1171 2891 1235 2938 ut
1265 2885 1418 2954 apud
1450 2884 1760 2953 Apuleium
1794 2882 1952 2938 illius

305 2954 678 3024 interpretem
711 2957 905 3009 videre
935 2966 1042 3020 est,
1075 2960 1144 3011 de
1185 2957 1256 3010 iis
1310 2972 1542 3026 quoque
1590 2957 1951 3010 mentionem

309 3028 565 3081 fecerant
621 3029 982 3092 Herodotus,
1042 3029 1099 3082 in
1161 3029 1427 3095 Euterpe,
1486 3027 1830 3096 Xenophon,
1890 3027 1950 3080 in

305 3097 610 3169 Symposio,
646 3099 954 3167 Lucianus,
986 3098 1050 3153 de
1081 3101 1191 3154 Dea
1232 3099 1394 3170 Syra,
1428 3097 1667 3170 Gellius,
1701 3098 1801 3152 lib.
1834 3114 1948 3170 xxv,

303 3185 428 3242 cap.
466 3169 518 3237 1,
547 3174 599 3224 et
633 3170 709 3225 M.
746 3171 1074 3226 Antoninus
1126 3169 1460 3242 imperator,
1505 3170 1562 3224 in
1614 3169 1714 3225 lib.
1750 3185 1850 3224 νιιι
1880 3169 1951 3224 de

304 3241 536 3315 seipse;
570 3246 743 3315 atque
790 3243 880 3298 hic
932 3242 1304 3315 potissimum
1357 3242 1636 3312 sigillaria
1678 3256 1950 3315 expresse

2056 2025 2207 2080 hanc
2239 2043 2271 2081 a
2311 2027 2502 2082 Numa
2549 2028 2977 2100 promulgatam
3031 2034 3226 2084 narrat
3251 2045 3277 2100 :7
3328 2029 3388 2084 Ut
3419 2025 3696 2100 sedeatur,

2055 2102 2336 2171 postquam
2377 2101 2680 2154 adoratum
2709 2099 2898 2169 fuerit.
2957 2104 3083 2155 Haec
3116 2101 3220 2156 ille
3266 2099 3324 2153 in
3359 2100 3548 2170 ipsius
3581 2099 3696 2155 Nu-

2059 2169 2362 2242 mseVVita:
2399 2188 2648 2241 quorum
2692 2172 2869 2226 etiam
2913 2171 3203 2242 triplicem
3252 2169 3699 2241 explicationem

2063 2242 2295 2311 profert.
2331 2241 2392 2296 In
2425 2244 2852 2307 Qumstionibus
2885 2241 3015 2297 vero
3058 2245 3333 2298 Romanis
3366 2244 3560 2306 tradit,
3591 2259 3697 2297 suo

2060 2329 2290 2386 quoque
2323 2321 2581 2385 tempore
2633 2315 2936 2380 usitatum,
2986 2321 3047 2369 ut
3096 2315 3194 2385 qui
3246 2313 3459 2386 precati
3493 2317 3702 2386 essent

2060 2401 2125 2437 ac
2156 2385 2518 2458 adorasseni,
2554 2388 2610 2439 in
2644 2386 2875 2458 templis
2918 2385 3255 2458 perstarent
3297 2385 3697 2458 ac‘sederent.

2061 2457 2444 2521 Quamobrem
2479 2455 2873 2513 Tertullianus
2915 2455 3023 2512 hac
3053 2459 3251 2513 itidem
3285 2455 3507 2512 ratione
3536 2456 3698 2511 Chri-

2061 2530 2284 2583 stianos
2335 2536 2466 2598 post
2516 2531 2833 2584 orationem
2895 2531 3094 2584 sedere
3144 2529 3346 2584 solitos
3404 2530 3696 2599 objurgat,

2060 2601 2214 2726 1qauod
2248 2601 2551 2669 gentilium
2587 2603 3071 2656 consuetudinem
3104 2600 3320 2657 imitari
3343 2602 3700 2656 viderentur.

2124 2688 2288 2726 URAT.

2124 2688 2156 2726 U
2165 2688 2288 2725 RAT.

2133 2745 2245 2808 (25)
2275 2743 2472 2811 Angela
2502 2742 2684 2797 adhuc
2725 2743 3008 2798 orationis.
3065 2743 3276 2812 Sentit,
3329 2743 3495 2798 nobis
3526 2759 3702 2814 ange-

2059 2813 2182 2940 lPum
2225 2815 2506 2868 orationis
2561 2817 2786 2880 adesse,
2813 2831 2984 2884 cuius
3019 2815 3163 2869 ratio
3195 2825 3282 2870 est
3313 2816 3600 2870 habenda.
3635 2815 3701 2870 G.

2103 2902 2365 2940 memon.

2103 2902 2365 2940 ANCIROL.

2131 2988 2200 2996 —
2227 2957 2428 3026 Angela
2473 2957 2661 3011 adhuc
2707 2958 2979 3010 orationis
3024 2956 3292 3011 adstante.
3341 2959 3588 3027 August.
3631 2956 3704 3010 ad

2062 3031 2330 3091 Probum,
2364 3029 2534 3099 epist.
2570 3029 2690 3091 121,
2739 3035 3030 3082 orationes
3080 3035 3309 3082 nostrae
3342 3030 3706 3099 innotescere

2061 3100 2140 3154 ait
2173 3098 2524 3170 angelis’qni
2562 3103 2700 3153 sunt
2729 3103 2880 3170 apud
2932 3099 3136 3163 Deum,
3171 3104 3235 3153 ut
3273 3098 3704 3170 quodammodo

2059 3188 2157 3226 eas
2190 3175 2436 3226 otl'erant
2468 3171 2603 3237 Deo,
2638 3181 2694 3225 et
2723 3173 2794 3225 de
2840 3171 2931 3225 his
2976 3171 3332 3237 consultant,
3363 3177 3419 3225 et
3449 3171 3605 3241 quod
3637 3187 3705 3225 eo

2053 3244 2300 3313 jubente
2334 3243 2698 3314 implendum
2759 3257 2888 3297 esse
2945 3245 3340 3312 cognoverint,
3397 3244 3507 3298 hoc
3539 3242 3706 3298 nobis

300 3314 574 3398 appellat.
609 3313 957 3384 Sigillarium
1005 3324 1198 3396 autem
1246 3315 1326 3398 in_
1357 3315 1727 3395 ethnicorum
1760 3313 1944 3368 sacris
1976 3323 2021 3394 α
2059 3314 2144 3398 vel
2178 3315 2472 3398 evidenter
2525 3313 2611 3398 vel
2669 3315 3303 3398 latentermapportent.
3363 3315 3514 3398 Dixit
3545 3316 3701 3398 enim

302 3388 524 3440 multus
553 3400 679 3440 erat
736 3403 900 3454 usus,
963 3387 1242 3440 nimirum
1296 3387 1436 3440 deos
1491 3385 1699 3440 insana
1741 3401 1944 3439 eorum

299 3456 639 3525 superstitio
671 3459 780 3512 sub
814 3458 974 3512 hisce
1023 3456 1325 3528 icunculisi
1368 3457 1706 3528 plerumque
1737 3456 1946 3527 ligneis

299 3530 628 3592 exhibebat,
682 3532 966 3596 movebat,
1018 3531 1221 3583 rudem
1278 3527 1637 3599 plebeculam
1701 3530 1948 3582 advene-

301 3601 582 3655 rationem
617 3600 792 3655 simul
825 3602 1126 3657 concitans
1151 3605 1325 3670 atque
1355 3601 1775 3656 adorationem.
1804 3600 1948 3655 Hinc

304 3673 616 3739 Arnobius,
655 3674 746 3726 lib.
785 3689 838 3727 Vl
867 3685 1055 3729 contra.
1093 3675 1302 3740 Gentes,
1350 3673 1691 3742 hujusmodi
1725 3687 1946 3726 morem

301 3747 552 3800 irridens
584 3745 816 3800 aiebat:
869 3769 898 3796 ‹‹
951 3746 1016 3800 Et
1063 3745 1372 3800 abstinetis
1412 3761 1446 3798 a
1497 3746 1615 3798 risu
1675 3761 1808 3798 cum
1845 3761 1946 3814 pro

300 3815 413 3870 diis
472 3816 937 3882 immortalibus,
998 3817 1288 3885 sigilliolis
1337 3817 1684 3882 hominum,
1745 3817 1947 3871 formis

301 3888 647 3958 supplicatis
680 3888 956 3943 humanis
979 3888 1004 3940 ‘?
1033 3889 1304 3950 Ouinimo
1338 3889 1474 3941 deos
1504 3903 1632 3942 esse
1663 3886 1949 3957 sigillaria

301 3959 429 4028 ipsa
458 3961 730 4024 censetis,
765 3977 870 4013 nec
894 3965 1100 4031 praeter
1125 3959 1244 4014 haec
1264 3959 1586 4030 quidquam
1610 3959 1729 4012 vim
1760 3961 1946 4013 credi-

300 4034 375 4084 tis
392 4032 602 4086 habere
624 4032 901 4085 divinam.
927 4054 953 4080 »
973 4033 1266 4086 intravero
1282 4031 1471 4084 addit:
1490 4053 1518 4081 «
1537 4036 1944 4100 Saepenumero

299 4105 568 4158 videmus
597 4104 669 4158 ab
700 4102 1023 4157 artificibus
1055 4102 1175 4157 haec
1224 4103 1390 4171 signa
1417 4101 1552 4172 (hoc
1579 4108 1668 4156 est
1700 4102 1944 4158 deorum

299 4174 638 4246 simulacra)
697 4175 869 4228 modo
929 4174 1166 4245 parvula
1224 4175 1370 4240 fieri,
1417 4179 1474 4227 et
1530 4175 1852 4246 palmarem
1886 4175 1943 4228 in

302 4247 610 4301 minutiem
645 4246 930 4313 contrahi,
985 4247 1156 4301 modo
1205 4245 1260 4300 in
1321 4246 1674 4300 immensum
1709 4245 1854 4315 tolli,
1888 4251 1946 4300 et

301 4317 710 4372 admirabilem
743 4318 800 4371 in
846 4317 1292 4387 amplitudinem
1339 4316 1652 4371 sublevari.
1704 4317 1944 4372 Ratione

296 4390 406 4444 hac
437 4407 573 4459 ergo
604 4389 890 4459 sequitur,
924 4395 988 4443 ut
1038 4390 1361 4460 intelligere
1408 4389 1728 4460 debeamus
1768 4388 1832 4460 in
1860 4389 1946 4443 si-

297 4461 534 4530 gilliolis
570 4460 822 4532 parvulis
875 4459 1516 4532 contrahere'sedeos,
1568 4469 1622 4515 et
1665 4459 1846 4532 alieni,
1871 4461 1943 4515 ad

296 4531 1035 4602 corporis’similitudinem
1069 4531 1370 4595 coarctari,
1408 4553 1434 4580 ››
1481 4536 1590 4585 etc.
1633 4531 1942 4586 Tertullia-

297 4622 407 4657 nus
443 4604 621 4675 igitur
653 4609 716 4658 ut
747 4603 892 4660 falsa
915 4604 1154 4658 numina
1176 4620 1493 4674 eorumque
1515 4602 1684 4674 signa
1713 4604 1942 4658 decenti

299 4678 534 4730 nomine
567 4677 866 4747 insigniat,
911 4677 1196 4744 sigillaria
1243 4683 1430 4740 vocat,
1479 4675 1630 4746 quod
1683 4692 1814 4729 vera
1845 4692 1943 4730 ca-

298 4755 487 4804 rerent
517 4749 733 4813 anima,
769 4755 944 4819 atque
977 4747 1166 4803 aliena
1205 4753 1434 4802 tantum
1476 4763 1583 4817 ope
1641 4763 1940 4802 moveren-

292 4827 408 4874 tur.
437 4822 519 4875 Ab
576 4821 778 4876 eodem
837 4824 1092 4886 auctore,
1126 4819 1184 4874 in
1240 4819 1340 4874 lib.
1400 4819 1612 4874 advers.
1671 4820 1939 4874 Valentia.

297 4909 422 4961 cap.
463 4893 549 4956 18,
594 4894 904 4962 sigillaria:
950 4892 1142 4946 ductus
1193 4889 1649 4962 nominaturrhis
1709 4892 1935 4947 verbis:

297 4986 324 5012 ‹‹
360 4967 400 5017 Α
433 4981 545 5033 qua
577 4961 806 5019 occulto
855 4963 993 5017 nihil
1045 4963 1326 5025 sentiens,
1356 4968 1412 5016 et
1466 4961 1620 5017 velut
1652 4963 1938 5034 sigillaria

293 5034 653 5089 extrinsecus
674 5037 878 5096 ductu,
903 5035 958 5089 in
985 5051 1216 5090 omnem
1239 5034 1637 5106 operationem
1668 5036 1937 5090 moveba-

295 5111 410 5160 tur.
443 5127 470 5155 «
507 5108 563 5178 ln
597 5107 744 5178 libro
778 5109 950 5162 etiam
983 5107 1046 5161 de
1092 5109 1309 5174 Ani-ma,
1344 5123 1470 5178 cap.
1530 5107 1584 5176 6,
1615 5107 1941 5178 sigillaria:

292 5185 467 5232 motus
499 5177 677 5232 simili
720 5178 942 5233 ratione
991 5179 1339 5250 appellatur,
1390 5177 1490 5250 qui
1522 5178 1585 5232 ﬁt
1614 5177 1851 5234 externa
1881 5194 1939 5232 v1

292 5256 349 5306 et
380 5250 713 5319 Operatione
743 5251 1096 5320 impellente.
1133 5251 1359 5304 MURA'I‘.

364 5323 474 5393 ('23)
513 5323 598 5376 Vel
622 5327 925 5392 propterea.
979 5323 1063 5376 ()b
1117 5325 1172 5377 id
1221 5323 1410 5376 solum
1447 5338 1480 5375 a
1532 5320 1698 5393 nobis
1731 5325 1818 5376 est
1850 5337 1935 5393 re-

290 5391 737 5465 prehendendus
763 5411 884 5449 mos
909 5394 1170 5458 sedendi,
1189 5394 1324 5465 quia
1343 5393 1493 5464 apud
1522 5391 1934 5465 idololatrasid

289 5464 618 5521 Celebratur
671 5483 772 5521 seu
835 5464 1258 5537 frequentatur.
1318 5465 1422 5518 His
1481 5464 1723 5531 accedit,
1779 5464 1933 5537 quod

291 5540 491 5594 sedere
522 5543 611 5594 est
640 5535 1024 5594 irreverentia:
1075 5541 1320 5605 crimen,
1361 5537 1538 5593 etiam
1588 5537 1741 5607 apud
1773 5535 1934 5591 Chri-

292 5611 534 5676 stianos,
569 5611 614 5666 si
648 5620 934 5681 saperent.
969 5611 1035 5667 G.
1069 5611 1378 5665 PANCIROL.

363 5684 474 5752 (24)
533 5684 689 5754 Apud
719 5677 903 5739 'idola
958 5683 1288 5739 celebratur.
1334 5680 1467 5754 (Non
1522 5695 1556 5754 _e
1611 5677 1934 5754 Tertullino

290 5751 543 5824 tantum,
571 5751 672 5811 sed
703 5759 762 5811 et
809 5770 840 5810 e
888 5755 1138 5811 Pindaro
1170 5771 1236 5810 ac
1283 5751 1596 5809 Plutarcho
1627 5751 1932 5824 discimus,

292 5825 538 5898 gentiles
596 5826 970 5885 consuevisse
1025 5827 1306 5897 assidere,
1356 5829 1670 5898 postquam
1713 5827 1933 5881 stantes

2060 3387 2270 3457 inquit,
2306 3385 2548 3457 angelus
2594 3385 2854 3440 homini:
2912 3385 2974 3438 Et
3007 3403 3160 3440 nunc
3211 3386 3446 3457 quando
3494 3387 3705 3441 orabas

2054 3465 2116 3512 tu
2151 3464 2206 3512 et
2234 3459 2396 3524 Sara,
2429 3473 2533 3526 ego
2565 3459 2748 3511 obtuli
2799 3460 3120 3512 orationem
3165 3464 3415 3512 vestram
3469 3457 3530 3512 in
3559 3474 3703 3512 con-

2057 3537 2259 3601 spectu
2294 3530 2597 3584 charitatis
2626 3529 2746 3584 Dei.
2782 3529 2906 3582 Bis.

2128 3602 2240 3672 (26)
2271 3601 2384 3656 Tit.
2444 3602 2584 3657 Cod.
2641 3601 2952 3656 Ambros.:
3014 3600 3086 3656 De
3138 3601 3392 3655 manibus
3442 3600 3602 3655 elatis
3651 3602 3704 3654 ei

2057 3673 2122 3728 de
2153 3673 2333 3727 vultu.

2130 3746 2239 3814 (27)
2281 3744 2353 3798 Ne
2413 3743 2546 3814 ipsis
2590 3740 2811 3813 quidem
2869 3743 3127 3797 manibus
3181 3742 3368 3797 elatis.
3432 3739 3705 3814 Attollere

2059 3812 2269 3870 manus
2301 3816 2368 3868 ad
2408 3812 2616 3869 c'celum
2668 3818 2725 3868 et
2777 3814 2846 3867 ad
2899 3814 3101 3878 Deum,
3151 3829 3284 3868 cum
3341 3828 3539 3878 preces
3573 3812 3704 3867 fun-

2057 3889 2298 3950 duntur,
2329 3888 2768 3940 vetustissimus
2802 3885 2912 3938 fuit
2945 3902 3092 3952 mos,
3127 3902 3239 3939 non
3274 3902 3306 3939 a
3335 3885 3704 3939 Judaeistan-

2059 3965 2205 4022 tum,
2231 3960 2329 4013 sed
2354 3966 2410 4012 et
2438 3961 2508 4014 ab
2533 3958 2783 4012 ethnicis
2805 3966 3145 4028 usurpatus.
3171 3958 3379 4028 Furius
3395 3955 3701 4020 Camillus,

2058 4031 2212 4102 apud
2253 4031 2512 4102 Livium,
2546 4030 2644 4084 lib.
2679 4045 2731 4087 v,
2782 4045 2912 4098 cap.
2955 4027 3097 4094 ’21,:
3153 4049 3178 4079 α
3228 4027 3450 4102 Dicitur
3489 4042 3703 4102 manus

2056 4099 2126 4157 ad
2161 4101 2368 4156 coelum
2417 4101 2628 4155 tollens
2677 4108 2947 4170 precatus
3001 4115 3148 4154 esse.
3188 4120 3213 4145 υ
3272 4099 3486 4170 Marius
3524 4099 3703 4170 etiam

2057 4176 2208 4245 apud
2248 4173 2619 4245 Plutarchum
2653 4170 2766 4245 diis
2804 4176 2952 4245 vota
2993 4169 3552 4245 faciens,_vtqaqipevoe
3605 4169 3705 4245 τᾲς

2055 4240 2270 4318 χὲῖρας,
2303 4243 2394 4296 καὶ
2438 4243 2574 4318 πρὸς
2622 4240 2715 4294 τὸν
2746 4240 3336 4318 ’ρῦρᾳνὸιίμάνασχῴνί
3359 4243 3484 4297 lotis
3511 4243 3702 4296 mani-

2057 4313 2174 4377 b'us'.
2209 4333 2270 4370 ac
2329 4319 2386 4370 in
2420 4313 2617 4370 caelum
2671 4313 2922 4368 sublatis.
2986 4313 3149 4368 Mitto
3199 4313 3345 4368 alios
3404 4319 3602 4380 testes,
3636 4329 3703 4368 ac

2055 4387 2744 4467 praeseriimlatiporum
2778 4390 3102 4467 poetarum.
3126 4385 3468 4467 principem,
3495 4384 3623 4467 "lib.
3659 4400 3703 4467 ιι

2055 4455 2109 4515 et
2138 4477 2216 4514 xn
2249 4457 2490 4528 Eneid.,
2525 4457 2829 4528 Aristotele
2877 4461 3204 4528 contentus,
3240 4455 3337 4528 qui
3364 4455 3457 4528 _in
3495 4455 3597 4528 lib.
3637 4455 3704 4511 de

2052 4531 2268 4594 Mundo,
2331 4523 2580 4599 Univt'eq,
2619 4527 2855 4599 inquit,
2887 4526 2939 4580 οἱ
2995 4523 3287 4599 Δὀῖνιθρωέιτοί
3325 4525 3702 4599 Δἀνοιτιὶνομεν

2049 4602 2146 4662 τὰς
2177 4607 2365 4676 χεῖρας
2415 4601 2489 4662 εἰς
2535 4595 2626 4653 xcv
2676 4595 2923 4668 οἶόρανὸν,
2959 4595 3519 4676 εὐχὴ-’ποιούμενον
3569 4595 3701 4656 0m-

2050 4692 2146 4730 nes
2177 4672 2426 4729 homines
2474 4674 2548 4728 ad
2603 4674 2801 4726 caelum
2846 4688 3043 4726 manus
3067 4672 3312 4726 tollimus
3365 4687 3552 4743 preces
3580 4675 3704 4743 fac-

2054 4749 2186 4802 turi.
2214 4746 2386 4801 Porro
2418 4744 2999 4816 antiquissimusiste
3023 4743 3170 4816 ritus
3199 4742 3471 4799 aJudaais
3505 4742 3702 4816 potius

2051 4820 2106 4873 in
2143 4817 2410 4891 gentiles,
2445 4814 2621 4891 quam
2654 4832 2689 4891 a_
2716 4814 3048 4891 gentilibus
3099 4815 3168 4891 ad
3214 4816 3449 4872 Judaeos
3478 4814 3696 4891 transi-

2049 4887 2171 4946 isse
2215 4887 2480 4952 videtur-3
2539 4887 2854 4959 siquidem,
2915 4892 2980 4941 ut
3036 4887 3286 4943 habetur
3340 4889 3518 4944 Exodi
3567 4903 3694 4958 cap.

2049 4980 2186 5025 xvn,
2219 4979 2269 5017 v.
2309 4963 2394 5025 11,
2428 4961 2652 5029 Moyses
2677 4959 2798 5029 ipse
2820 4959 3070 5014 sublatis
3092 4960 3150 5014 in
3180 4960 3388 5015 caelum
3422 4960 3695 5015 manibus

2048 5035 2252 5090 orabat
2294 5049 2306 5087 :
2369 5033 2607 5101 Cumque
2653 5032 2857 5085 levaret
2915 5032 3118 5102 Moyses
3170 5049 3386 5099 manus,
3445 5031 3695 5087 vincebat

2050 5107 2259 5186 Israel;
2314 5105 2401 5186 sin
2440 5114 2627 5186 autem
2665 5103 2970 5186 paululum
3029 5105 3346 5186 remisisset,
3399 5103 3696 5186 Stipe‘rtt'bl‘tt

2046 5179 2282 5234 Amalec.
2320 5175 2594 5248 Legimus
2626 5173 2799 5229 etiam
2850 5173 2909 5228 in
2956 5173 3100 5248 psal.
3162 5191 3390 5248 cxxxiii,
3426 5173 3695 5248 Extollite

2044 5267 2242 5305 manus
2272 5243 2478 5303 vestras
2509 5250 2564 5302 in
2596 5252 2806 5309 sancta,
2855 5243 2973 5299 etcf
2999 5247 3156 5300 Idem
3207 5245 3448 5315 colligas
3480 5261 3508 5299 e
3541 5243 3689 5315 psal.

2046 5339 2168 5387 ch,
2202 5327 2258 5377 et
2289 5338 2356 5375 ex
2391 5321 2651 5374 Lament.
2687 5319 2901 5377 Jerem,
2933 5333 3063 5389 cap.
3099 5333 3159 5370 ιιι
3191 5335 3250 5372 n.
3284 5318 3369 5371 41.
3405 5321 3688 5372 Caeterum

2045 5395 2410 5449 Christianos
2449 5391 2718 5445 manibus
2754 5391 2806 5442 in
2842 5388 3050 5443 caelum
3085 5389 3332 5444 sublatis
3364 5405 3528 5444 orare
3559 5404 3692 5443 con-

2045 5467 2324 5532 suevisse,
2359 5465 2472 5519 imo
2518 5463 2812 5528 debuisse,
2866 5460 3134 5530 Apostolo
3184 5461 3553 5532 praecipiente
3584 5476 3686 5514 seu

2045 5543 2318 5592 monente
2350 5536 2406 5590 in
2442 5552 2564 5606 cap.
2601 5549 2662 5587 ιιι
2712 5533 2891 5602 Epist.
2934 5532 3003 5586 ad
3051 5532 3224 5606 T_im.,
3258 5538 3454 5606 Apatet.
3490 5532 3690 5602 Inquit

2042 5612 2199 5665 enim
2225 5627 2238 5664 :
2271 5608 2408 5662 Volo
2439 5604 2581 5662 viros
2610 5619 2771 5676 orare
2800 5605 2859 5676 in
2887 5605 3042 5658 omni
3087 5604 3217 5674 loco,
3251 5604 3491 5660 levantes
3519 5619 3686 5676 paras

2041 5698 2259 5736 manus.
2294 5680 2562 5734 Clemens
2594 5675 2774 5745 Alex.,
2826 5674 2926 5729 lib.
2961 5692 3037 5731 νιι
3077 5679 3303 5744 Sirom.,
3354 5674 3528 5732 istius
3559 5691 3682 5731 mo-

2043 5754 2124 5809 ris
2155 5754 2327 5808 ﬁdem
2359 5751 2515 5817 facit,
2565 5747 2868 5805 scribens:
2901 5748 3040 5803 Dum
3095 5764 3337 5814 oramus,
3395 5764 3593 5817 manus
3625 5749 3686 5804 in

2040 5825 2234 5881 caelum
2291 5823 2538 5879 tollimus
2571 5839 2586 5875 :
2617 5819 2714 5881 τὰς
2769 5822 2958 5894 χεῖρας
3019 5817 3094 5882 εἰς
3152 5817 3376 5896 οὐρανὸν
3436 5816 3684 5895 α’ἱρομεν,
