4050 6360
296 313 452 375 1293

1576 306 1807 369 LIBER
1854 304 1954 366 DE
1999 302 2427 369 ORATIONE.

3555 321 3711 389 1294

294 444 407 499 nisi
467 444 515 500 εί
576 460 689 499 non
744 442 880 498 licet
936 446 993 498 et
1048 439 1304 513 virgines
1364 438 1557 511 specie
1638 442 1937 510 praeters,
1971 440 2022 505 Α
2054 435 2315 507 perinde.
2341 439 2402 490 In
2426 434 2643 507 quibus
2673 453 2810 510 ergo
2841 455 2960 497 una
2989 442 3224 501 condito
3274 446 3486 519 capitis
3524 450 3717 524 depu-

293 539 349 589 et
370 538 663 589 amatores
696 531 955 587 invenire
982 535 1004 586 P
1036 531 1157 585 [mu
1188 530 1454 584 videmus
1490 528 1597 599 (73)
1631 528 1782 599 quod
1831 543 1946 581 non

293 622 550 692 virgines
583 621 739 677 solas
771 619 1206 691 concupierint,
1254 634 1387 673 cum
1442 618 1600 672 dicat
1646 616 1949 687 Scriptura

293 713 441 783 ﬁlias
470 712 759 767 hominum
798 710 925 767 Gen.
949 727 1027 775 vx,
1058 710 1137 780 ‘3),
1198 707 1336 780 quia
1368 706 1561 778 potuit
1590 722 1797 761 uxores
1844 705 1947 759 ho-

294 801 522 857 minum
552 801 912 870 nominasse,
937 798 1023 854 vel
1052 797 1299 853 feminas
1322 795 1735 850 indifferenter.
1762 794 1945 848 Etiam

294 890 451 962 quod
484 890 584 960 ait,
617 893 683 945 Et
732 896 1060 960 acceperunt
1087 886 1195 941 sibi
1226 888 1283 940 in
1314 900 1508 939 uxores
1545 884 1737 952 (Ibid)
1769 882 1825 936 in
1881 898 1946 937 eo

294 979 432 1035 facit
472 979 626 1051 quod
660 976 1030 1049 accipiuntur
1064 976 1120 1030 in
1154 992 1385 1041 uxores,
1417 991 1541 1044 quae
1572 976 1780 1027 vacant
1836 971 1947 1026 sci-

294 1068 451 1123 licet.
489 1072 563 1121 De
591 1083 704 1121 non
738 1066 1088 1120 vacantibus
1121 1069 1321 1119 autem
1352 1062 1522 1118 aliter
1561 1062 1944 1117 enuntiasset.

296 1159 501 1229 Itaque
530 1160 740 1210 vacant
770 1155 883 1225 (74)
916 1158 1034 1209 tam
1064 1153 1349 1208 viduitate
1381 1167 1554 1223 quam
1597 1158 1650 1205 et
1704 1149 1946 1222 virgini-

293 1250 451 1301 tate:
507 1246 649 1300 adeo
705 1260 909 1299 sexum
963 1242 1346 1310 nominando,
1398 1239 1747 1312 generaliter
1794 1238 1944 1293 ﬁlias

293 1338 349 1389 et
379 1334 604 1404 species
638 1333 694 1386 in
718 1348 926 1402 genere
947 1330 1491 1387 commiscuit.ltem
1513 1345 1645 1384 cum
1669 1328 1809 1383 dicit
1834 1328 1946 1399 (75)

294 1427 564 1475 naturam
598 1421 789 1491 ipsam
819 1421 1049 1486 docere,
1074 1420 1325 1474 feminas
1348 1417 1621 1473 velandae
1642 1433 1790 1487 esse,
1815 1433 1944 1487 quas

291 1511 573 1580 capillum
610 1526 711 1581 pro
744 1512 1086 1581 tegumento
1120 1514 1177 1562 et
1209 1512 1555 1562 ornamento
1602 1505 1946 1561 mulieribus

289 1599 611 1670 assignarit
636 1616 649 1665 ;
682 1614 874 1654 nonne
903 1598 1055 1652 idem
1088 1600 1490 1668 tegumentum
1516 1600 1572 1650 et
1593 1595 1747 1649 idem
1768 1596 1953 1650 honor

297 1687 506 1758 capitis
536 1686 865 1757 virginibus
898 1702 1131 1757 quoque
1156 1685 1491 1755 adscriptus
1513 1684 1651 1738 est?
1672 1684 1948 1738 Simulie—

2058 530 2235 588 tatur,
2272 542 2389 579 una
2418 532 2474 580 et
2503 525 2819 597 disciplina
2852 530 3057 601 capitis
3088 534 3361 605 exigitur,
3423 540 3601 597 etiam
3644 543 3717 597 ad

2060 630 2159 669 eas
2189 614 2467 685 virgines.
2501 631 2645 683 quas
2679 617 2886 687 peritia
2917 619 3181 677 defendit
3210 639 3221 677 :
3257 640 3289 678 a
3321 627 3512 696 primo
3554 631 3713 686 enim

2055 704 2266 773 femina
2299 703 2607 757 nominata
2639 709 2744 759 est.
2783 706 2877 760 Sic
2910 707 3162 780 denique
3192 717 3250 766 et
3283 714 3459 770 Israel
3508 717 3709 774 obser-

2057 797 2151 846 vat
2175 791 2307 861 (76).
2331 793 2438 847 Sed
2461 791 2507 847 si
2535 809 2648 848 non
2676 795 3013 853 observaret
3042 799 3177 870 (77),
3230 806 3435 859 nostra
3466 803 3555 860 lex
3586 823 3717 863 am-

2058 880 2238 952 pliata
2273 885 2451 952 atque
2482 882 2752 953 suppleta
2783 884 3117 943 defenderet
3150 889 3263 944 sibi
3321 893 3710 963 adjectionem

2058 969 2398 1040 Virginibus
2430 986 2664 1041 quoque
2714 971 2985 1042 injiciens
3025 975 3419 1037 velamentum
3469 998 3712 1041 excuse-

2057 1062 2171 1113 tur.
2208 1058 2372 1114 Nunc
2403 1064 2542 1113 aetas
2572 1061 2636 1129 ⁸⁵,
2670 1077 2798 1131 quae
2830 1078 3032 1119 sexum
3068 1082 3242 1121 suum
3296 1070 3527 1141 ignorat
3575 1074 3710 1145 (78),

2057 1145 2454 1219 simplicitatis
2496 1148 2868 1221 privilegium
2924 1156 3138 1209 teneat.
3195 1156 3341 1212 Nam
3388 1165 3445 1214 et
3492 1161 3607 1217 Eva
3656 1167 3715 1217 et

2057 1238 2265 1303 Adam,
2302 1236 2399 1291 ubi
2431 1238 2516 1292 eis
2548 1239 2795 1310 contigit
2825 1258 3049 1312 sapere,
3085 1251 3396 1302 texuerunt
3426 1249 3540 1320 (79)
3587 1256 3711 1306 sta-

2055 1328 2158 1381 tim
2190 1326 2344 1396 quod
2372 1334 2748 1397 agnoverant.
2774 1330 2936 1384 Certe
2967 1331 3024 1384 in
3058 1334 3274 1402 quibus
3298 1338 3547 1407 pueritia
3577 1356 3715 1394 mu-

2059 1416 2221 1480 tavit,
2255 1416 2410 1469 sicut
2433 1421 2679 1482 natursa,
2698 1421 2779 1471 ita
2795 1422 2852 1471 et
2872 1418 3195 1490 disciplinis
3222 1428 3393 1479 debet
3418 1433 3560 1482 tetas
3584 1444 3716 1484 esse

2061 1505 2342 1558 muniﬁca
2365 1503 2647 1573 (80).Nam
2675 1510 2730 1559 et
2753 1507 3035 1563 membris
3058 1515 3117 1564 et
3145 1512 3356 1568 ofﬁciis
3370 1516 3717 1574 mulieribus

2064 1592 2457 1664 resignantur.
2485 1592 2656 1647 Nulla
2683 1594 2843 1665 virgo
2870 1602 2974 1662 est,
3003 1613 3070 1652 ex
3094 1614 3209 1669 quo
3235 1608 3426 1672 potest
3471 1606 3712 1676 nubere,

2062 1683 2340 1752 quoniam
2363 1686 2503 1736 aetas
2519 1683 2645 1751 jam
2678 1684 2735 1737 in
2754 1699 2822 1737 ea
2845 1687 3048 1756 nupsit
3076 1704 3183 1743 suo
3206 1693 3348 1759 viro,
3369 1693 3425 1747 id
3451 1700 3542 1749 est
3577 1702 3717 1752 tem-

290 1778 345 1829 ri
375 1784 534 1847 turpe
572 1784 649 1831 est
700 1775 827 1831 radi
878 1776 925 1847 (I
956 1776 1076 1830 Cor.
1124 1790 1203 1841 x1,
1252 1774 1332 1844 6),
1383 1772 1588 1827 1188
1637 1777 1694 1826 et
1741 1772 1954 1843 virgini
1985 1760 2031 1822 Β
2062 1772 2185 1843 pori
2219 1770 2370 1841 (81);
2404 1772 2505 1826 sed
2550 1771 2751 1842 aliqua
2800 1789 2862 1829 se
2911 1774 3027 1830 Deo
3076 1779 3232 1832 vovit
3290 1782 3423 1853 (82).
3475 1783 3611 1841 Jam
3662 1802 3720 1857 et

1727 1889 1928 1948 Varia:
1970 1890 2293 1948 lectiones.

365 1999 408 2032 ⁸⁸
436 1999 544 2052 Sed
566 1996 776 2077 _si__non
808 1998 1165 2077 observaret,
1201 1998 1404 2077 nostra
1437 1994 1526 2048 lex
1547 1993 1836 2077 ampliata
1866 1997 2040 2077 atque
2082 1994 2354 2077 suppleta
2381 1995 2719 2052 defenderet
2762 1996 2875 2053 sibi
2924 1997 3334 2072 adiectionem,
3385 2004 3713 2077 virginibus

297 2086 532 2141 quoque
562 2070 837 2141 injiciens
865 2069 1283 2125 velamentum.
1319 2069 1637 2123 Excusetur
1667 2082 1822 2121 nunc
1851 2071 2016 2136 mtas,
2046 2071 2155 2121 etc.
2195 2066 2389 2121 Itouth.

1745 2193 2268 2254 Commentarius.

294 2301 342 2355 ri
374 2302 699 2372 cujusmodi
735 2306 891 2356 esset
923 2303 1076 2371 ignes
1104 2300 1367 2369 excitare,
1401 2304 1500 2355 aut
1532 2301 1671 2372 quid
1734 2299 1947 2355 simile.

293 2373 404 2428 Sed
437 2372 1038 2445 fortasselegendum,
1067 2382 1120 2429 et
1143 2372 1473 2445 virginitate
1488 2372 1797 2443 defunctus,
1820 2388 1946 2427 con-

290 2446 641 2515 cupiscentia:
674 2444 875 2500 fuisse.
908 2445 1105 2514 Magna
1133 2444 1401 2500 desiderio
1448 2446 1580 2516 fuit,
1629 2445 1686 2499 id
1736 2448 1947 2500 Teren-

294 2516 520 2571 tianum
562 2521 671 2571 est.
705 2516 929 2571 Ron'rn.

362 2587 479 2712 (73)
512 2589 620 2642 Imo
655 2588 916 2644 videmus.
954 2589 1097 2656 imo,
1135 2587 1331 2658 inquit
1360 2585 1779 2656 Tertullianus,
1837 2589 1945 2641 An~

393 2659 693 2712 ivirizines
727 2660 922 2712 notius
954 2676 1130 2712 uuam
1177 2664 1393 2712 nuntas
1445 2658 1814 2712 concuniisse
1862 2659 1945 2712 vi-

293 2658 407 2729 geli
438 2659 693 2731 virgines
718 2660 922 2786 potius
954 2676 1130 2730 quam
1177 2664 1393 2731 nuptas
1445 2658 1814 2731 concupiisse
1862 2659 1945 2713 vi-

294 2733 525 2786 dentur.
558 2732 709 2786 sicui
758 2748 849 2786 em
881 2733 1185 2786 Scrintura
1216 2735 1490 2786 testante.
1523 2747 1641 2786 can
1681 2748 1736 2785 v1
1779 2734 1944 2786 Gen..

294 2733 525 2800 dentur,
558 2732 849 2801 siquidem
881 2733 1185 2802 Scriptura
1216 2735 1490 2795 testante,
1523 2747 1641 2801 cap.
1681 2748 1736 2785 v1
1779 2734 1944 2796 Gen.,

294 2818 348 2856 v.
382 2804 453 2857 2:
496 2804 742 2859 Videntes
772 2804 883 2874 ﬁlii
919 2805 1019 2857 Dei
1056 2803 1206 2873 ﬁlias
1252 2803 1535 2859 hominum
1582 2802 1723 2874 quod
1772 2810 1946 2857 essent

290 2874 561 2943 pulchra},
586 2877 913 2945 acceperunt
934 2874 1044 2928 sibi
1068 2890 1269 2929 uxores
1298 2891 1367 2929 ea:
1395 2875 1647 2931 omnibus
1671 2890 1806 2946 quas
1836 2875 1943 2928 ele-

294 2950 509 3015 gerant.
542 2946 727 3017 Igitur
757 2964 871 3002 non
906 2963 1112 3001 uxores
1164 2946 1491 3015 hominum,
1548 2963 1661 3001 non
1716 2948 1943 3001 feminae

298 3017 696 3089 inditi'erenter
727 3035 759 3072 a
791 3018 927 3072 ﬁliis
954 3017 1076 3083 Dei,
1109 3017 1229 3072 sive
1256 3020 1327 3072 ab
1360 3017 1605 3089 angelis,
1633 3023 1695 3071 ut
1716 3017 1942 3073 Tertul-

298 3088 492 3143 liauus
521 3088 939 3160 interpretatur
968 3091 1168 3159 (quam
1200 3089 1382 3143 solide
1407 3088 1519 3144 nun
1541 3092 1758 3159 quaero)
1779 3105 1944 3160 expe-

298 3161 415 3215 titas
447 3161 704 3231 fuerunt,
739 3162 839 3215 sed
871 3160 1147 3232 virgines.
1206 3165 1263 3215 et
1315 3178 1439 3232 quas
1487 3162 1772 3226 vacabant,
1834 3162 1942 3215 hoc

299 3238 393 3304 est
420 3233 678 3286 nondum
713 3234 1059 3303 conjugatas.
1095 3233 1485 3295 Quamobrem
1519 3232 1599 3287 ita
1659 3234 1941 3304 legendus

300 3303 442 3358 mihi
477 3304 705 3358 videtur
734 3303 1078 3359 Tertulliani
1110 3305 1311 3359 locus:
1354 3306 1467 3358 Imo
1511 3303 1754 3359 videmus
1800 3303 1941 3375 quod

2059 2300 2240 2381 tenuis
2265 2298 2628 2381 _mentionem
2660 2301 2815 2368 facit,
2850 2318 2954 2373 quo
2979 2305 3326 2374 [eminarum
3352 2312 3535 2381 capita
3559 2314 3712 2371 oble-

2057 2373 2117 2441 gi
2143 2371 2410 2426 solebant.
2438 2371 2665 2425 Muaa'r.

2128 2443 2241 2525 (77)
2274 2442 2385 2525 Sed
2407 2446 2452 2495 si
2482 2458 2590 2525 non
2619 2444 2929 2525 observaret
2983 2447 3331 2525 Quanquam
3375 2452 3709 2525 virginibus

2054 2518 2086 2568 J
2092 2513 2547 2595 udasisyeiandi
2556 2514 2770 2595 capitis
2794 2513 3293 2595 consuetudo—non
3316 2513 3711 2595 essetjnihilo-

2056 2585 2341 2668 minus‘in
2378 2585 2501 2668 lege
2532 2586 3000 2668 Christianorum
3034 2593 3356 2668 sgrvandus
3402 2585 3547 2653 foret
3600 2600 3709 2656 hu-

2046 2658 2310 2784 ~iusmodi
2343 2658 2494 2714 ritus
2525 2675 2538 2724 ;
2571 2675 2706 2713 nam
2740 2659 2799 2713 in
2855 2664 3009 2715 Novo
3060 2662 3437 2722 Testamento
3485 2675 3710 2729 veteres

2078 2747 2213 2784 eges
2245 2734 2303 2784 et
2335 2731 2623 2784 amnliataa
2655 2736 2713 2784 et
2741 2734 3024 2784 sunnletaa
3055 2740 3217 2784 sunt-
3255 2737 3481 2784 MHRA'I'-

2078 2747 2213 2801 eges
2245 2734 2311 2803 et
2335 2731 2623 2801 ampliata
2655 2736 2713 2785 et
2741 2734 3024 2803 suppletas
3055 2740 3217 2791 sunt.
3254 2737 3483 2795 Muaa'r.

2124 2802 2235 2873 (78)
2270 2802 2581 2878 Nuncatas
2618 2816 2744 2872 quae
2797 2802 2988 2858 sexum
3043 2821 3207 2861 suum
3254 2810 3491 2878 ignorat.
3551 2811 3697 2869 Hinc

2053 2872 2239 2956 patet,
2268 2872 2499 2956 puellis,
2530 2890 2658 2956 quis
2693 2878 2952 2956 nondum
2990 2878 3233 2956 rationis
3266 2872 3441 2956 usum
3479 2886 3701 2956 attigs-

2053 2946 2983 3025 rant,_intecto-gapitelprocedere
3015 2947 3271 3025 licuisse.
3313 2946 3703 3024 Simplicitdtis

2048 3018 2420 3098 privilegium.
2446 3016 2842 3098 Tertullianus
2862 3020 3133 3098 appellat.
3162 3025 3377 3079 Verum
3402 3016 3548 3081 iniis
3573 3042 3706 3098 qua

2051 3090 2123 3144 ad
2155 3088 2609 3143 adolescentiam
2644 3088 2963 3156 creverant,
2998 3107 3132 3147 cum
3179 3100 3385 3150 natura
3440 3088 3701 3154 mutare-

2050 3165 2165 3227 tur,
2196 3159 2431 3242 mutarii
2455 3175 2686 3242 quoque
2708 3161 3085 3242 disciplinam
3115 3165 3390 3242 _decebat.
3436 3168 3578 3224 Vide
3612 3171 3700 3242 ip-

2050 3249 2203 3297 sum,
2238 3232 2413 3286 citato
2443 3247 2570 3301 cap.
2607 3232 2665 3285 11
2702 3231 2766 3287 de
2796 3231 2894 3287 vel.
2936 3234 3077 3302 Virg.
3114 3236 3341 3292 Μυκη.

2119 3304 2589 3382 (39)_Texuerunt.
2638 3304 2786 3374 Lego
2822 3310 3098 3361 texerunt.
3134 3314 3197 3362 ut
3227 3308 3369 3365 Gen.
3425 3327 3554 3382 cap.
3607 3328 3697 3379 in.

294 3377 535 3445 virgines
555 3377 703 3450 _solas
741 3378 1135 3450 concupierint.
1181 3376 1335 3430 Infra
1359 3376 1534 3450 etiam
1592 3392 1791 3430 uxores
1836 3393 1938 3447 pro
1970 3383 2011 3450 ρ
2047 3393 2102 3430 v.
2134 3378 2424 3450 7min”.

295 3463 526 3502 uxorem
555 3446 867 3519 legendum
901 3446 1048 3512 esse,
1066 3464 1244 3519 nemo
1268 3452 1454 3519 neget.
1476 3448 1640 3502 Hunc
1666 3446 1937 3503 eumdem

292 3519 533 3574 Genesis
572 3518 765 3574 locum
797 3536 827 3574 a
859 3518 1216 3574 Tertulliano
1266 3518 1580 3574 tractatum
1631 3520 1829 3574 videas
1877 3520 1938 3574 in

295 3595 619 3662 memorato
659 3591 806 3646 libro
839 3592 903 3646 de
932 3594 1032 3647 vel.
1074 3593 1307 3660 Virgin.,
1340 3608 1467 3662 cap.
1497 3594 1552 3645 7.
1606 3592 1834 3646 Mean.
1872 3623 1939 3632 —

295 3661 583 3717 Particula
614 3679 744 3729 non,
777 3668 840 3717 ut
872 3670 1024 3718 recte
1054 3666 1265 3717 statuit
1296 3661 1670 3728 Muratorius,
1693 3664 1940 3718 delenda

295 3734 388 3789 hic
414 3739 523 3789 est.
563 3740 826 3790 Attamen
862 3738 969 3790 sub
1001 3736 1246 3805 ﬁliarum
1270 3734 1557 3789 hominum
1587 3736 1754 3789 titulc
1778 3752 1934 3789 com-

298 3806 573 3877 prehendi
609 3823 642 3861 a
669 3806 1028 3861 Tertulliano
1060 3808 1286 3873 viduas,
1319 3809 1492 3862 verba
1525 3823 1658 3861 mox
1688 3824 1939 3877 sequen-

295 3878 742 3950 tia_ostendunt.
780 3878 959 3932 Aliter
988 3884 1183 3933 autem
1211 3894 1327 3950 rem
1357 3877 1562 3932 statuit
1592 3883 1796 3933 auctor
1818 3880 1942 3950 ipse

296 3951 368 4035 in.
388 3948 537 4004 libro
567 3948 632 4003 ds
668 3950 977 4035 Virginibus
1008 3949 1255 4031 ve_landis
1277 3950 1403 4035 iam
1435 3950 1810 4035 smpeallato,
1842 3948 1943 4033 ubi

296 4022 398 4089 ait,
428 4037 552 4076 cum
582 4035 707 4090 ergo
740 4020 889 4075 ﬁlias
922 4022 1225 4075 hominum
1258 4020 1413 4085 dicit,
1445 4023 1800 4091 mani/estate
1830 4024 1940 4076 vir-

296 4094 450 4160 gines
470 4091 765 4165 portendit,
799 4108 918 4162 quae
945 4093 1123 4147 adhuc
1153 4091 1301 4163 apud
1327 4096 1596 4163 parentes
1616 4093 1944 4165 deputaren-

298 4168 413 4218 tur.
441 4165 578 4234 Cap.
609 4164 663 4216 7.
700 4163 921 4217 Rou'rn.

370 4236 481 4306 (74)
515 4236 704 4304 Itaque
731 4245 946 4290 vacant.
982 4235 1041 4289 Id
1074 4239 1194 4289 est:
1227 4234 1335 4289 illae
1390 4234 1669 4289 dicuntur
1714 4252 1941 4301 vacare,

296 4323 423 4378 quae
455 4310 556 4362 aut
586 4306 862 4377 virgines,
907 4312 1008 4360 aut
1058 4308 1242 4361 viduis
1291 4310 1448 4361 sunt.
1502 4306 1729 4361 MURAT.
1768 4338 1832 4347 —-
1862 4309 1947 4362 Ita

296 4379 427 4449 quia
458 4382 674 4445 vacant,
710 4379 1117 4449 corrigendum
1149 4382 1258 4448 est,
1291 4382 1352 4433 ut
1385 4394 1584 4449 supra,
1632 4378 1801 4434 initio
1850 4396 1944 4433 ca-

298 4448 459 4520 pitis.
502 4452 725 4503 Rou'rn.

370 4521 482 4591 (75)
516 4522 643 4574 Item
674 4536 794 4575 cum
826 4519 979 4585 dicit,
1027 4523 1138 4574 etc.
1190 4520 1253 4573 In
1301 4520 1505 4573 eodem
1556 4536 1681 4591 cap.
1734 4536 1790 4573 χι
1832 4520 1942 4591 Ερ.

298 4592 419 4646 Iad
452 4590 604 4661 Cor.,
649 4607 696 4646 ν.
751 4592 856 4645 14:
914 4593 1037 4661 Ipsa
1090 4599 1319 4656 natura,
1372 4591 1565 4661 inquit
1617 4590 1942 4662 Apostolus,

294 4664 443 4719 docet
470 4681 581 4729 vos,
617 4663 758 4733 quod
790 4664 876 4717 vir
901 4663 1121 4733 quidem
1145 4665 1197 4717 si
1216 4679 1429 4718 comam
1449 4665 1682 4725 nutriat,
1708 4665 1944 4732 ignomi-

2117 3448 2231 3517 (80)
2261 3447 2420 3503 Sicut
2452 3452 2685 3520 naturis,
2719 3448 2797 3520 ita
2820 3449 2868 3500 et
2897 3446 3207 3520 disciplinae
3237 3452 3400 3506 debet
3427 3460 3558 3507 atas
3587 3469 3698 3509 esse

2046 3520 2334 3598 muniﬁca.
2379 3527 2462 3598 an
2496 3518 2870 3598 scribendﬁum
2895 3518 3107 3598 natura
3145 3526 3201 3576 et
3247 3523 3541 3598 disciplina
3591 3543 3696 3598 pro

2045 3596 2264 3667 natura;
2283 3590 2683 3667 et‘disciplintr
2703 3589 2730 3643 ?
2752 3590 2913 3667 Quod
2944 3594 3245 3667 ad_vocem
3300 3589 3564 3667 muniﬁca
3591 3589 3700 3652 -at-

2050 3665 2213 3727 tinet,
2248 3662 2505 3716 Isidorus
2559 3661 2659 3715 lih.
2696 3678 2729 3714 x
2762 3660 2910 3732 Orig.
2946 3680 2979 3718 a
3012 3664 3333 3722 Forcellino
3378 3669 3436 3721 in
3460 3660 3707 3723 'Latini-

2047 3737 2182 3789 tatis
2209 3735 2401 3806 Lexico
2433 3733 2719 3787 adductus
2752 3734 2808 3786 in
2842 3751 2895 3787 v.
2953 3738 3268 3806 Muniﬁcus,
3323 3740 3431 3795 hoc
3482 3741 3657 3795 habet
3689 3757 3701 3794 :

2050 3807 2347 3876 Muniﬁcus
2370 3803 2557 3883 dictus.
2583 3808 2680 3883 est.
2704 3807 2839 3883 quia
2860 3822 3094 3863 munera
3111 3803 3292 3883 multa
3324 3810 3441 3877 dat,
3470 3812 3549 3883 vel
3571 3814 3709 3883 quia

2049 3874 2251 3951 munus
2288 3892 2467 3941 suum,
2496 3874 2557 3951 id
2587 3877 2958 3951 estcf/icium,
3019 3880 3159 3950 quod
3198 3881 3370 3949 debet,
3422 3874 3704 3951 adimplet.

2050 3950 2296 4004 Videtur
2326 3946 2836 4022 ergoi'l‘ertulliani
2872 3946 3038 4005 locus
3069 3952 3177 4005 hoc
3235 3946 3591 4022 signiﬁcare,
3646 3962 3712 4009 ut

2052 4022 2177 4093 lege
2202 4027 2442 4093 naturai,
2471 4020 2549 4072 ita
2571 4025 2625 4073 et
2650 4018 2923 4093 instituto
2965 4018 3470 4093 disciplinis-astas
3511 4018 3711 4080 adulta

2054 4091 2224 4148 debet
2248 4091 2448 4147 munia
2468 4107 2575 4145 sua
2598 4091 2860 4163 exsequi.
2897 4091 3193 4163 Sequitur,
3224 4111 3356 4149 nam
3377 4105 3426 4150 et
3450 4098 3710 4152 membris

2053 4174 2105 4219 et
2133 4165 2332 4235 ofﬁciis
2362 4162 2690 4235 mulieribus
2720 4164 3094 4232 resignantur,
3128 4165 3237 4219 hoc
3268 4171 3377 4233 est,
3441 4168 3706 4223 mulieri-

2056 4233 2169 4291 bus
2196 4249 2400 4289 omnes
2432 4233 2832 4304 assignantur,
2866 4235 2951 4288 vel
2985 4239 3466 4292 adnumerantur.
3504 4240 3707 4295 Porro-

2056 4312 2259 4383 auctor
2290 4306 2473 4383 habet
2493 4306 2548 4357 in
2579 4304 2683 4383 .Iibi
2736 4322 2781 4383 1,
2808 4306 2884 4383 (id
2932 4306 3183 4383 _Uxorem.
3222 4310 3417 4383 Cannis
3448 4312 3708 4383 concupi-

2055 4380 2282 4435 scientia
2311 4378 2499 4433 aetatis
2531 4375 2720 4446 ofﬁcia
2749 4375 3013 4445 defendit.
3047 4395 3173 4448 cap.
3208 4381 3260 4434 4.
3310 4381 3527 4436 ROUTH.

2129 4449 2240 4521 (81)
2274 4449 2473 4521 Nupsit
2502 4463 2613 4521 suo
2634 4450 2773 4511 viro,
2806 4450 2866 4502 id
2896 4453 2975 4521 est
2996 4454 3254 4521 tempori.
3312 4452 3710 4508 Tertullianus

2054 4520 2115 4575 in
2138 4518 2248 4575 lib.
2282 4518 2693 4585 de'Virginibu:
2724 4520 2966 4575 vetandis
3009 4518 3134 4591 cap.
3172 4539 3213 4575 ii
3245 4539 3257 4576 :
3290 4542 3312 4569 ι
3344 4526 3471 4579 Alia
3501 4526 3558 4579 in
3614 4540 3713 4579 oc-

2056 4592 2212 4665 culte
2227 4596 2413 4646 mater
2434 4595 2569 4665 natu
2583 4607 2662 4665 ra,
2683 4597 2740 4645 et
2761 4592 2912 4646 alius
2936 4593 2994 4645 in
3014 4594 3228 4648 latente
3255 4596 3710 4665 paterltempus,

2058 4664 2262 4733 ﬁliam]
2298 4679 2463 4717 suam
2499 4662 2728 4731 legibus
2763 4665 2887 4717 suis
2917 4662 3295 4721 maritarunt.
3343 4688 3363 4716 ι
3412 4662 3635 4723 Rou'rn.

296 4737 392 4819 nia
421 4741 499 4790 est
532 4737 640 4818 illi.
665 4734 1019 4819 Mulier-vero
1042 4736 1092 4789 si
1111 4750 1340 4819 cpmam,
1372 4737 1605 4819 nutriat,
1638 4735 1949 4819 gloriancst
1983 4756 2025 4819 Ι)
2061 4806 2073 4819 ο
2130 4737 2238 4805 (82)
2270 4734 2595 4819 Sed-aliqua.
2624 4749 2679 4787 se
2710 4735 2813 4819 [ξαρ
2842 4738 3004 4789 vovit.
3043 4737 3109 4792 Et
3140 4739 3211 4791 ab
3255 4739 3401 4819 ipsis
3447 4739 3712 4819 Ecclesiae

296 4809 406 4874 illi,
438 4809 699 4879 quoniam
720 4806 913 4877 capilli
938 4823 1035 4877 pro
1065 4807 1338 4879 velamine
1366 4808 1418 4861 ei
1447 4806 1562 4879 dati
1590 4818 1733 4879 sunt.
1766 4806 1949 4877 Igitur

297 4877 1056 4950 cumivirginibusquoque
1088 4878 1283 4950 capilli
1331 4895 1432 4949 pro
1482 4877 1765 4933 velamine
1817 4895 1885 4932 ne
1919 4895 1950 4933 a

298 4953 510 5022 natura
529 4952 660 5022 (sint
688 4949 831 5018 dati,
864 4949 992 5004 velo
1023 4955 1079 5005 et
1110 4949 1248 5022 ipsis
1282 4951 1365 5005 uti
1401 4950 1632 5005 debent.
1684 4949 1911 5004 Muax'r.

371 5020 477 5092 (76)
511 5021 598 5075 Sic
626 5020 858 5092 denique
888 5026 940 5076 et
972 5020 1150 5077 Israel
1172 5023 1440 5077 observat.
1499 5022 1722 5076 Judzeis
1773 5021 1948 5075 etiam

298 5089 531 5164 feminis
562 5093 621 5145 in
651 5089 778 5164 _usu‘
800 5093 1000 5159 fuisse,
1038 5098 1102 5147 ut
1132 5093 1320 5148 velato
1352 5094 1540 5164 capite
1592 5093 1947 5159 incederent,

298 5162 451 5217 idem
473 5161 866 5217 Tertullianus
898 5164 1034 5218 alibi
1056 5169 1324 5231 testatur,
1356 5161 1566 5234 nempe
1590 5181 1718 5234 cap.
1741 5165 1795 5223 4,
1821 5165 1950 5219 libri

297 5233 365 5288 de
395 5234 523 5288 Cor.
560 5234 783 5299 militis,
817 5236 986 5303 cujus
1019 5235 1139 5288 haec
1188 5242 1327 5289 sunt
1381 5233 1595 5290 verba:
1650 5233 1803 5306 Apud
1855 5238 1950 5291 Ju~

294 5305 437 5360 daos
468 5315 576 5360 tam
598 5306 844 5359 solemne
861 5311 940 5361 est
959 5308 1187 5377 feminis
1215 5323 1401 5361 eorum
1442 5305 1702 5361 velamen
1727 5308 1948 5377 capitis,

296 5382 355 5431 ut
384 5378 514 5434 inde
544 5382 862 5432 noscantur.
895 5378 1042 5433 Tum
1089 5378 1252 5433 addit
1309 5379 1641 5448 exemplum
1684 5379 1949 5433 Rebeccae

296 5449 486 5505 adhuc
519 5450 786 5521 virginis,
822 5466 951 5519 quae
999 5451 1188 5505 velata
1234 5451 1303 5504 ad
1358 5467 1642 5521 sponsum
1697 5452 1953 5521 prol'ecta

296 5526 406 5588 est,
430 5526 483 5576 et
510 5522 809 5586 Susanna,
843 5539 969 5593 quae
993 5540 1124 5577 cum
1152 5522 1369 5591 judicio
1397 5522 1722 5589 sisteretur,
1750 5527 1953 5593 operta

296 5600 423 5676 erat
453 5593 740 5676 velamine
772 5610 875 5676 pro
911 5599 1444 5676 morecaaterarum
1480 5595 1793 5676 mulierum
1839 5594 1949 5649 He-

299 5664 613 5739 infeceruinf
646 5664 873 5739 Similia
905 5667 1116 5739 repetit
1146 5666 1202 5721 in
1236 5666 1337 5721 lib.
1371 5666 1437 5739 de
1462 5665 1572 5739 vel.
1623 5667 1788 5737 Virg.,
1819 5682 1947 5739 cap.

308 5684 613 5720 erasurum.
646 5684 873 5721 Simius
905 5684 964 5721 re
1012 5684 1116 5722 em
1146 5684 1202 5721 in
1236 5684 1337 5721 nn.
1371 5684 1437 5722 ae
1462 5684 1572 5721 vet.
1624 5684 1788 5737 Virg.,
1819 5684 1947 5739 cap.

308 5736 395 5792 11.
429 5737 612 5794 Rabbi
647 5738 826 5793 etiam
860 5684 1113 5811 Natban,
1155 5740 1213 5794 in
1246 5738 1460 5809 Aruch,
1492 5738 1599 5795 veli
1640 5737 1947 5810 cujusdam

2058 4806 2429 4881 incunabuiis
2454 4805 2709 4875 virgines
2734 4806 2932 4871 fuisse,
2956 4824 3084 4876 quae
3111 4805 3297 4881 suam“
3312 4811 3711 4881 virginitatem

2059 4879 2286 4933 Christo
2320 4878 2601 4941 dicarant,
2628 4894 2759 4931 cum
2794 4896 2823 4933 e
2858 4880 3156 4934 nonnullis
3189 4878 3535 4938 Tertulliani
3569 4884 3711 4937 locis

2060 4950 2116 5004 in
2154 4955 2474 5024 memorato
2509 4948 2609 5002 lib.
2642 4949 2709 5003 de
2742 4948 2868 5005 Vel.
2900 4952 3059 5021 virg.,
3093 4958 3219 5006 tum
3253 4970 3323 5007 ex
3350 4958 3457 5009 hoc
3515 4955 3704 5024 capite

2061 5022 2289 5078 ostendi
2315 5021 2609 5075 evidenter
2640 5025 2849 5091 potest,
2884 5027 2949 5077 ut
2977 5024 3182 5078 subrat
3203 5025 3401 5080 mirari
3426 5021 3706 5095 quorum-

2062 5095 2195 5148 dam
2221 5098 2322 5147 aut
2354 5095 2409 5146 in
2428 5108 2505 5168 _re
2537 5097 2737 5162 aperta
2758 5095 3095 5168 cacitatem,
3122 5100 3223 5168 aut
3245 5096 3299 5168 in
3327 5098 3707 5168 improbande

2062 5184 2122 5220 re
2152 5163 2617 5238 totszsculorum
2654 5181 2761 5218 usu
2798 5167 3041 5237 probata
3092 5163 3439 5238 audaciam}
3486 5173 3707 5238 negant

2063 5239 2218 5292 enim
2252 5237 2409 5290 hunc
2442 5252 2659 5289 morem
2694 5242 2795 5289 aut
2833 5239 2888 5290 in
2938 5239 3195 5307 antiquis
3238 5237 3706 5294 Christianorum

2061 5307 2336 5363 Ecclesiis
2364 5307 2647 5378 viguisse,
2671 5313 2769 5361 aut
2794 5308 2849 5361 in
2874 5309 3296 5364 recentioribus
3320 5326 3448 5365 esse
3470 5310 3707 5366 laudan-

2062 5382 2225 5436 dum.
2261 5381 2330 5433 At
2363 5380 2453 5433 hic
2489 5378 2756 5450 legimus,
2790 5381 3016 5450 aliqua:
3063 5395 3120 5433 se
3165 5381 3265 5436 Deo
3311 5398 3519 5450 vovere,
3571 5400 3708 5437 sau-

2062 5458 2345 5521 ctumque
2378 5452 2487 5505 hoc
2520 5450 2853 5505 institutum
2892 5453 2992 5506 Dei
3019 5453 3204 5516 gratia
3232 5458 3501 5509 exerceri.
3554 5454 3711 5510 Infra

2064 5526 2144 5580 ait
2171 5540 2183 5580 :
2213 5547 2232 5573 η
2260 5522 2535 5595 Nupsisti
2553 5521 2920 5595 Christoi.__illi
2953 5539 3185 5595 carnem
3209 5526 3372 5579 tuam
3389 5526 3709 5581 tradidisti.

2061 5598 2176 5667 Age
2211 5613 2313 5667 pro
2347 5593 2537 5668 mariti
2576 5593 2938 5668 tui_(sc_ilicet
2968 5594 3204 5668 Christi)
3235 5598 3570 5668 disciplina.
3598 5620 3625 5647 ››
3644 5598 3703 5654 Si

2068 5665 2336 5740 «nuptas
2360 5665 2960 5740 alienasjelarijuhet
2984 5665 3324 5740 (Christus),
3346 5665 3485 5725 suas
3507 5670 3710 5740 utique

2064 5735 2254 5796 multo
2296 5736 2509 5809 magis.
2538 5757 2558 5781 ι
2582 5735 2683 5791 His
2707 5738 2853 5792 adde
2876 5754 3001 5809 quis
3022 5735 3400 5798 doctissimus
3420 5735 3711 5801 Pamelius
