4050 6364
1482 360 1715 422 LIBER
1760 362 1863 422 DE
1905 358 2329 420 BAPTISMO.
3459 344 3615 408 1306

384 668 570 867 Ο.
707 669 1261 835 SEPT.
1388 670 1970 838 FLOR.
2098 660 3444 832 TERTULLIANI

1529 962 1673 1044 DE
1732 958 2286 1047 BAPTISMO

857 1170 1737 1275 anvnnsus
1850 1166 2969 1308 QUINTILLAM

1802 1397 2034 1459 LIBER

206 357 360 418 1305

276 1741 316 1793 1
336 1739 478 1793 197
514 1742 944 1795 ARGUMENTUM.
974 1770 1045 1780 ——
1077 1740 1352 1808 Quintilla
1378 1739 1714 1810 Carthagine
1745 1740 2009 1797 hazresim
2039 1739 2426 1795 Caianitarum
2448 1738 2906 1797 disseminaverat
2936 1744 2986 1792 et
3015 1738 3377 1792 necessariam
3425 1736 3483 1791 in
3517 1736 3616 1792 ba-

204 1830 402 1900 ptismo
432 1845 635 1902 aquam
666 1846 773 1884 non
804 1846 914 1885 esse
944 1830 1227 1885 docuerat.
1261 1832 1415 1885 Hunc
1461 1847 1709 1885 errorem
1740 1832 1795 1885 in
1832 1832 1929 1885 hoc
1959 1834 2197 1885 tractatu
2230 1830 2600 1884 Tertullianus
2629 1826 2943 1882 adhucdum
2968 1825 3277 1881 catholicus
3305 1828 3618 1897 impugnat,

203 1920 301 1991 qui
331 1919 592 1990 bifariam
625 1918 836 1974 divisus
867 1927 977 1974 est:
1007 1937 1143 1991 pars
1171 1920 1356 1990 prima
1402 1919 1473 1974 ad
1520 1920 1718 1990 dogma
1762 1920 1827 1975 de
1868 1920 2197 1975 necessitate
2241 1924 2297 1974 et
2324 1918 2578 1989 efﬁcacia
2610 1918 2872 1976 baptismi
2899 1919 3129 1987 spectat,
3158 1916 3220 1969 in
3247 1916 3421 1971 altera
3463 1924 3622 1987 parte

204 2008 387 2079 plures
416 2010 739 2078 quastiones
768 2008 831 2063 de
863 2008 1139 2079 baptismo
1170 2009 1238 2063 ad
1269 2009 1628 2077 disciplinam
1656 2015 1959 2080 spectantes
1988 2013 2414 2079 pertractantur.
2448 2009 2490 2063 ι.
2523 2007 2866 2062 Excellentia
2895 2022 3053 2077 aquae
3086 2006 3374 2076 Baptismi,
3406 2021 3527 2077 cap.
3566 2003 3621 2075 4,

207 2098 272 2161 2,
306 2097 358 2151 3.
392 2098 631 2153 Materia
664 2099 932 2168 Baptismi
968 2101 1020 2153 et
1075 2100 1268 2166 virtus,
1330 2100 1381 2153 4.
1430 2100 1661 2170 Effectus
1718 2100 2011 2170 Baptismi,
2055 2101 2110 2163 5,
2155 2100 2210 2152 6.
2265 2099 2453 2154 Unctio
2499 2105 2617 2168 post
2662 2097 2994 2167 baptismum
3054 2094 3304 2149 adhiberi
3348 2099 3623 2150 consueta-

216 2189 584 2259 7.1mpositio
633 2204 900 2243 manuum
944 2192 1069 2259 post
1115 2189 1446 2259 baptismum
1493 2190 1718 2261 ejusque
1770 2188 2123 2260 significatio,
2175 2189 2229 2243 8.
2278 2187 2547 2258 Baptismi
2592 2186 2807 2255 ﬁgurae.
2854 2185 2906 2239 9.
2945 2185 3255 2254 Baptismus
3274 2184 3501 2241 Joannis
3550 2201 3630 2240 an

217 2275 475 2345 caelestis,
506 2293 579 2331 an
610 2285 880 2333 terrenus.
918 2278 999 2331 10.
1036 2280 1342 2334 Necessitas
1372 2278 1641 2349 Baptismi
1672 2278 1741 2332 ad
1768 2279 2026 2346 salutem,
2064 2279 2149 2332 11.
2182 2308 2250 2316 ——
2282 2277 2353 2331 Il.
2397 2277 2480 2331 An
2524 2276 2765 2346 Apostoli
2813 2273 3093 2345 baptizati,
3123 2272 3211 2325 12.
3248 2271 3359 2340 Quo
3390 2282 3631 2344 tempore

217 2367 309 2421 lex
340 2367 610 2437 Baptismi
638 2368 884 2435 obligare
911 2369 1157 2437 cmperit,
1193 2368 1276 2421 13.
1307 2370 1368 2423 S.
1405 2368 1614 2424 Paulus
1645 2384 1716 2421 an
1749 2368 2135 2439 baptizaverit,
2165 2367 2251 2421 14.
2289 2366 2477 2422 Unitas
2510 2366 2801 2436 Baptismi,
2832 2364 2919 2418 15.
2948 2364 3262 2431 Baptismus
3307 2364 3625 2435 sanguinis,

216 2456 302 2509 16.
328 2456 605 2527 Baptismi
633 2456 875 2511 minister
900 2474 921 2518 ;
952 2474 1024 2511 an
1052 2457 1387 2512 mulieribus
1418 2457 1699 2529 baptizare
1731 2458 1911 2524 liceat,
1946 2458 2032 2511 17.
2061 2457 2377 2526 Baptismus
2408 2456 2465 2509 in
2498 2472 2605 2527 qua
2634 2455 2759 2511 vita
2788 2456 2953 2512 aetate
2978 2452 3452 2526 conferendus.18.
3478 2454 3628 2520 Bap-

212 2544 367 2599 tismi
392 2544 708 2615 conferendi
737 2553 970 2617 tempus,
1006 2546 1092 2602 19.
1126 2546 1521 2619 Dispositiones
1548 2547 1623 2603 ad
1648 2548 2018 2620 Baptismum,
2047 2548 2138 2602 20.
2169 2549 2425 2603 Scaeam.

754 2895 979 2951 CAPUT
1017 2896 1307 2953 PRIMUM
1896 2897 1952 2964 Α
1985 2900 2218 2969 portant
2259 2898 2335 2970 (4)
2384 2916 2397 2953 :
2450 2901 2627 2970 atque
2678 2898 2821 2953 adeo
2881 2913 3059 2969 nuper
3105 2898 3444 2951 conversata
3500 2893 3635 2950 istic

292 2982 452 3038 Felix
481 2989 916 3040 sacramentum
947 2986 1024 3058 (1)
1058 3003 1219 3057 aquai
1266 2992 1477 3042 nostra:
1518 2987 1591 3059 (2)
1625 3002 1744 3058 qua
1773 2986 1874 3042 ab-

226 3072 334 3126 luti
370 3075 386 3107 ¹
435 3072 666 3128 delictis
715 3074 974 3146 pristinae
1026 3076 1328 3143 caecitatis,
1378 3076 1439 3130 in
1489 3076 1668 3131 vitam
1709 3081 1875 3131 aeter-

226 3178 358 3215 nam
406 3162 483 3233 (3)
526 3161 869 3219 liberamur.
936 3163 1059 3218 Non
1111 3164 1221 3219 erit
1273 3164 1528 3220 otiosum
1583 3164 1875 3235 digestum

224 3250 403 3320 istud,
435 3250 736 3307 instruens
766 3256 885 3307 tam
918 3269 1016 3308 eos
1047 3254 1143 3323 qui
1176 3270 1309 3308 cum
1341 3253 1593 3308 maxime
1619 3254 1875 3307 forman-

222 3342 337 3408 tur,
366 3356 544 3411 quam
596 3344 654 3395 et
699 3339 829 3396 illos
875 3341 975 3412 qui
1010 3341 1355 3413 simpliciter
1386 3342 1706 3398 credidisse
1738 3358 1874 3397 con-

222 3429 387 3496 tenti,
441 3445 557 3484 non
607 3428 920 3500 exploratis
982 3431 1308 3487 rationibus
1348 3430 1756 3498 traditionum,
1786 3430 1876 3485 in-

221 3521 505 3573 tentatam
532 3519 737 3574 1198
771 3518 1133 3591 probabilem
1166 3520 1339 3575 ﬁdem
1378 3536 1482 3591 per
1520 3519 1875 3591 imperitiam

1984 2987 2252 3058 quaedam
2285 2988 2357 3042 de
2404 2986 2581 3042 Caina
2608 2987 2814 3042 haeresi
2844 2987 3039 3056 vipera
3068 2986 3143 3056 (5)
3174 2984 3631 3039 venenatissima

1985 3076 2250 3130 doctrina
2274 3093 2380 3131 sua
2403 3076 2710 3147 plerosque
2734 3074 3247 3147 rapuit,imprimis
3270 3072 3630 3144 baptismum

1986 3165 2314 3220 destruens.
2350 3164 2523 3219 Plane
2571 3165 2899 3219 secundum
2944 3167 3213 3217 naturam
3252 3178 3264 3216 :
3300 3177 3433 3215 nam
3466 3160 3583 3216 fere
3612 3161 3635 3195 ³

1984 3252 2216 3323 viperae,
2250 3256 2307 3308 et
2336 3252 2591 3325 aspidas,
2625 3252 2856 3324 ipsique
2906 3249 3090 3322 reguli
3141 3254 3441 3320 serpentes
3472 3250 3635 3305 arida

1986 3345 2043 3397 et
2071 3343 2358 3413 inaquosa
2386 3346 2700 3397 sectantur.
2727 3341 2835 3395 Sed
2869 3357 2975 3395 nos
3004 3338 3279 3412 discipuli
3310 3338 3635 3394 secundum

1985 3434 2194 3486 ΙΧΘΥΝ
2225 3434 2492 3487 nostrum
2521 3434 2725 3486 Jesum
2757 3429 3057 3485 Christum
3097 3428 3171 3498 l6)
3202 3428 3262 3482 in
3295 3443 3412 3498 qua
3442 3426 3638 3482 nasci-

1987 3536 2121 3575 mur
2151 3521 2192 3586 ³,
2228 3536 2331 3575 nec
2364 3519 2534 3575 aliter
2583 3535 2760 3591 quam
2813 3519 2871 3573 in
2930 3517 3135 3573 1199
3195 3532 3352 3589 aqua
3403 3532 3638 3588 perma-

1638 3654 1842 3716 Varioe
1870 3654 2193 3716 lectiones.

303 3762 318 3796 ¹
352 3761 460 3827 Qui
491 3761 713 3819 ablutis
746 3763 912 3819 Fran.
988 3764 1011 3798 ²
1038 3764 1179 3819 Fere
1209 3763 1333 3818 alii.
1409 3762 1431 3796 ³
1460 3765 1784 3818 Nascamur
1813 3763 1997 3817 Paris.

1666 3878 2195 3940 Commentarius.

300 3984 343 4053 (l
358 3985 371 4051 )
389 3983 1308 4055 Felixsacramentum.Caputboc
1320 3982 1579 4055 primum
1597 3999 1707 4038 non
1724 3983 1884 4040 aliud

228 4071 400 4125 quam
429 4058 689 4127 praefatio
737 4061 828 4111 est
872 4055 1054 4110 totius
1084 4054 1307 4126 ’operis.
1335 4054 1747 4111 Sacramentum
1780 4073 1882 4111 au-

226 4131 342 4181 tem
374 4143 501 4182 esse
535 4129 883 4197 Baptismum
914 4144 1047 4183 cum
1083 4144 1252 4182 nemo
1284 4144 1548 4197 unquam
1582 4128 1883 4183 dubitave-

228 4200 303 4271 rit
335 4215 547 4271 paucos
604 4198 890 4271 duntaxat
942 4198 1100 4254 locos
1143 4198 1488 4254 Tertulliani
1522 4199 1833 4254 aﬂ‘eremus
1867 4218 1880 4255 :

228 4269 405 4341 idque
422 4287 539 4326 non
558 4269 749 4325 solum
773 4288 839 4327 ea
866 4270 1290 4342 signiﬁcatione
1314 4288 1430 4342 qua
1451 4275 1881 4327 sacramentum

2066 3987 2143 4057 (3)
2201 3989 2257 4042 In
2311 3988 2477 4043 vitam
2553 3996 2840 4045 aeternam.
2900 3985 3184 4058 Baptismi
3256 3984 3482 4058 fructus
3552 3986 3641 4039 est

1992 4055 2365 4131 peccatorum
2417 4059 2707 4125 remissio,
2738 4077 2855 4131 qua
2910 4055 3018 4131 Deo
3051 4057 3269 4128 accepti
3318 4055 3638 4123 reddimur,

1992 4133 2049 4184 et
2075 4129 2210 4202 _vita3
2242 4137 2472 4187 aeternae
2502 4129 2835 4202 participes.
2869 4131 2947 4185 LE
2975 4130 3074 4202 Pa.

2065 4198 2519 4270 (4)1ntentatani
2565 4198 2907 4274 probabilem
2956 4201 3116 4272 ﬁdem
3163 4216 3260 4271 per
3307 4198 3644 4274 imperitiam.

1989 4269 2234 4345 portant.
2294 4269 2859 4345 Frustra’Septimii
2935 4269 3100 4328 mens
3164 4269 3467 4345 quaeritur,
3526 4269 3640 4324 nisi

228 4343 761 4416 proijgurejuran‘do
805 4343 1114 4416 accipitur,
1166 4343 1660 4416 quemadmodum
1712 4344 1884 4398 debet
1918 4414 1949 4416 Ψ
1992 4343 2170 4416 verba
2199 4346 2523 4410 reddimus,
2558 4342 2709 4416 quod
2765 4346 2947 4401 facere
2978 4342 3258 4416 videmur
3286 4342 3394 4397 bac
3445 4357 3643 4416 emen-

227 4414 476 4485 intelligi
508 4414 653 4469 illud
688 4413 818 4469 libri
850 4414 916 4469 de
944 4413 1141 4469 Coron.
1188 4413 1354 4470 milit.
1386 4430 1515 4485 cap.
1548 4414 1604 4469 ll
1649 4432 1661 4470 :
1698 4436 1726 4463 «
1754 4417 1885 4469 Cre-
1916 4414 1964 4478 B
1996 4415 2230 4469 datioue
2261 4433 2273 4470 :
2312 4436 2338 4467 οι
2369 4422 2433 4471 1n
2465 4413 2753 4473 tentatum

2802 4416 3155 4488 probabilem
3190 4414 3361 4469 ﬁdem
3397 4430 3498 4488 per
3524 4413 3641 4467 im-

226 4487 502 4560 dimusne
523 4486 849 4560 humanum
874 4491 1305 4560 sacramentum
1339 4486 1534 4541 divino
1565 4486 1885 4560 superduci
1996 4487 2264 4560 peritiam
2291 4493 2564 4560 portant.
2600 4511 2628 4539 »
2659 4486 2969 4544 Tentatum
3025 4487 3187 4560 dicit,
3240 4486 3639 4560 tentationem.

230 4557 453 4631 licere?
486 4574 745 4631 »_verum
778 4558 949 4614 etiam
984 4558 1214 4631 proprie
1248 4575 1351 4628 pro
1371 4557 1657 4631 mysterio
1688 4557 1882 4631 divino

228 4634 284 4684 et
317 4629 581 4684 Ecclesiaz
615 4628 1003 4697 sacramento,
1027 4628 1195 4701 quale
1225 4633 1316 4685 est
1348 4628 1514 4693 illud,
1538 4629 1641 4685 lib.
1674 4646 1729 4683 1v
1757 4630 1880 4685 adv.

231 4703 488 4757 Marcion.
520 4721 542 4756 .·
576 4723 601 4754 ε
628 4702 741 4757 Nec
772 4702 909 4757 alibi
959 4704 1307 4773 conjunctos
1346 4702 1415 4756 ad
1449 4706 1878 4757 sacramentum

231 4774 604 4843 baptismatis
637 4775 945 4830 admittere
973 4793 986 4842 ;
1024 4797 1051 4824 »
1103 4778 1159 4829 et
1188 4773 1331 4829 illud
1376 4773 1508 4829 libr.
1541 4774 1606 4828 de
1636 4774 1831 4828 Anima
1864 4792 1882 4827 :

231 4869 257 4895 «
291 4846 659 4902 Securissimi
692 4850 866 4918 atque
895 4845 1181 4903 tutissimi
1214 4845 1586 4901 sacramenti.
1622 4868 1648 4918 ξ)
1680 4845 1753 4900 Ut
1777 4844 1879 4899 lib.

231 4917 294 4971 de
341 4919 589 4973 vetandis
623 4917 783 4989 Virg.
815 4936 939 4991 cap.
984 4923 1039 4974 2.
1089 4941 1117 4969 «
1164 4919 1376 4973 Eadem
1430 4917 1641 4973 lavacri
1692 4933 1881 4972 sacra-

234 4994 517 5062 menta,_»
549 4994 605 5045 et
626 4991 787 5062 infra
818 4990 1073 5061 de’Bapt.
1107 4990 1165 5045 in
1200 5007 1326 5062 cap.
1354 4991 1389 5043 5
1422 5007 1435 5045 :
1491 5012 1518 5040 ‹‹
1566 4991 1773 5062 Annon
1824 4991 1881 5062 et

234 5059 381 5133 alias
428 5060 553 5115 sine
583 5060 701 5116 ullo
733 5059 1098 5118 sacramento
1129 5059 1422 5117 immundi
1462 5061 1684 5133 spritus
1711 5059 1879 5133 aquis

229 5131 559 5204 incubant?
609 5155 636 5181 »
693 5133 800 5204 Cf.
834 5133 936 5187 lib.
999 5135 1068 5188 de
1127 5133 1401 5189 ldololatr.
1462 5131 1590 5204 cap.
1639 5135 1694 5199 6,
1753 5131 1876 5187 adv.

228 5203 391 5258 Marc.
426 5202 525 5257 lib.
559 5219 598 5270 ι,
632 5207 688 5258 et
718 5203 869 5259 infra
897 5205 963 5259 de
994 5207 1266 5274 Baptism.
1315 5221 1363 5259 c.
1398 5205 1449 5272 4,
1487 5202 1571 5271 12,
1617 5205 1702 5258 13.
1735 5204 1875 5258 Eon.

230 5294 301 5330 ea:
336 5276 602 5329 Pamelio.

298 5348 374 5419 (‘2)
408 5348 583 5419 Aqua;
616 5350 840 5403 nostrae.
874 5347 1171 5402 Adversus
1203 5345 1543 5419 Quintillam
1575 5346 1878 5419 necessita-

228 5417 541 5489 tem'aquae
574 5417 631 5472 in
664 5419 961 5490 Baptismo
1012 5423 1320 5490 negantem
1370 5418 1478 5473 hac
1527 5418 1715 5490 prima
1739 5434 1878 5474 voce

231 5495 447 5547 Auctor
488 5489 764 5562 erumpit,
805 5490 1185 5562 haeresimque
1230 5489 1761 5562 proﬂigat,’postea
1815 5490 1876 5545 in

226 5563 588 5618 Seleucianis
620 5568 674 5617 et
706 5563 1101 5619 Herminianis
1151 5562 1461 5618 redivivam
1497 5566 1553 5617 et
1582 5580 1615 5617 a
1648 5568 1708 5617 Β.
1743 5562 1877 5617 Phi-

228 5636 452 5707 lastrio,
490 5635 568 5707 7D.
617 5637 943 5707 Augustino
998 5652 1100 5692 sus
1152 5637 1341 5706 deque
1383 5652 1631 5699 versam,
1662 5634 1873 5691 iterum

233 5706 618 5761 nihilominus
649 5706 1040 5777 quorumdam
1065 5707 1286 5764 Calvini
1318 5706 1671 5763 asseclarum
1701 5707 1875 5762 cervi-

1995 4555 2101 4623 Qui
2133 4555 2478 4630 simpliciter
2507 4561 2826 4616 credidisse
2851 4559 3109 4615 contenti
3133 4561 3413 4630 sunt,non
3448 4555 3641 4628 explo-

1994 4630 2140 4685 ratis
2171 4629 2497 4687 rationibus
2548 4633 2953 4699 traditionem,
2987 4648 3087 4701 per
3118 4629 3473 4701 imperitiam
3508 4644 3641 4701 por-

1993 4705 2119 4773 tant
2142 4702 2197 4757 in
2216 4705 2571 4759 tentationes
2600 4705 2771 4759 fidem
2796 4721 2909 4759 non
2942 4700 3067 4758 sine
3083 4700 3340 4773 periculo
3367 4700 3640 4771 probabi-

1992 4772 2131 4847 lem,
2163 4774 2273 4829 hoc
2304 4781 2410 4841 est,
2445 4774 2623 4830 dubio
2655 4781 2860 4831 eventu
2894 4772 3279 4847 probandam.
3316 4772 3440 4827 RIG.

2062 4845 2139 4917 (5)
2170 4847 2243 4900 De
2281 4849 2490 4903 Gaiana
2542 4849 2745 4904 hazresi
2786 4843 2993 4918 vipera.
3027 4847 3433 4918 Hieronymus,
3456 4843 3637 4918 epist.

1990 4914 2078 4991 43,
2112 4914 2181 4972 ad
2210 4921 2520 4976 Oceanum:
2555 4939 2574 4967 σι
2601 4924 2673 4974 Et
2703 4914 3005 4991 consurgit
3036 4916 3180 4973 mihi
3210 4914 3425 4974 Gaiana
3456 4914 3637 4991 haeref

1991 4988 2095 5061 sis,
2128 4994 2301 5060 atque
2332 4991 2468 5046 olim
2522 4996 2790 5047 emortua
2835 4988 3034 5061 vipera
3090 4990 3407 5061 contritum
3462 4990 3639 5061 caput

1988 5057 2161 5115 levat.
2195 5057 2239 5132 ᾇ)
2308 5062 2428 5117 Rm.
2476 5094 2544 5103 —-
2603 5063 2865 5132 Qumdam
2897 5057 2972 5118 de
3019 5062 3235 5117 Gaiana
3281 5060 3498 5132 haeresi.
3560 5062 3636 5132 De

1989 5130 2274 5206 Quintilis
2296 5133 2575 5205 loquitur,
2620 5128 2659 5189 ᾖ
2688 5152 2805 5206 qua
2834 5133 3085 5190 haaretici
3116 5128 3498 5206 Quintilliaui,
3534 5128 3634 5199 qui

1988 5208 2043 5258 et
2072 5204 2389 5280 Repuziani
2437 5207 2597 5269 dicti,
2632 5204 2911 5280 quoniam
2959 5206 3117 5280 virus
3167 5220 3341 5280 suum
3394 5204 3632 5280 {Deponas

1986 5272 2361 5346 potissimum
2436 5272 2740 5349 sparserit.
2800 5277 3058 5349 Negabat
3113 5274 3353 5329 omnino
3409 5272 3633 5349 baptis-

1987 5344 2527 5423 mum__antequain
2568 5350 2658 5423 ad
2710 5344 2965 5423 Montani
3026 5352 3219 5418 partes
3276 5344 3630 5423 accederet;

1987 5435 2122 5473 nam
2154 5414 2429 5477 Montano
2470 5422 2703 5476 addicta
2743 5420 2909 5475 illum
2942 5423 3006 5475 ut
3029 5414 3340 5474 Montanus
3369 5414 3630 5473 admisit.

1985 5494 2059 5545 LE
2092 5495 2192 5545 PR.

2056 5562 2132 5632 (6)
2163 5563 2266 5618 Sed
2319 5580 2428 5618 non
2485 5564 2746 5635 pisciculi
2788 5559 3088 5617 secundum
3129 5563 3343 5635 IXG)‘N_
3385 5564 3633 5615 nostrum

1983 5631 2166 5688 Jesum
2194 5631 2495 5689 Christum;
2526 5634 2732 5689 Confer
2763 5650 2830 5688 ea
2874 5650 3001 5703 quia
3034 5636 3202 5687 antea
3231 5632 3310 5703 de,
3331 5631 3438 5686 hoc
3468 5646 3631 5702 sym-

1982 5705 2117 5761 bolo
2158 5706 2593 5777 praelibavimus
2625 5707 2682 5761 in
2717 5702 2926 5776 praevia
2957 5706 3016 5758 D.
3048 5702 3317 5777 bumperi
3349 5703 3629 5777 disserta-

230 5794 293 5854 o_e
322 5779 483 5854 gravi
514 5782 571 5833 et
599 5772 767 5835 tardo
787 5782 968 5854 corde
998 5780 1136 5841 trita
1155 5780 1540 5837 deliramenta
1559 5795 1873 5852 recoquen-
1904 5785 1947 5854 (ζ
1984 5772 2174 5854 tione;
2198 5797 2252 5850 p.
2288 5780 2409 5854 150.
2450 5778 2635 5854 Nunc,
2661 5772 2801 5854 cum
2846 5776 3022 5849 paulo
3047 5772 3309 5854 liberius
3349 5774 3409 5830 in
3448 5772 3632 5854 altum

230 5850 402 5906 tium.
431 5850 573 5906 Enn.
604 5865 674 5907 ea:
698 5852 819 5910 eod.

1984 5845 2210 5906 ducere'
2223 5866 2291 5906 ac
2321 5849 2515 5907 laxare
2557 5852 2680 5909 rete
2709 5845 2944 5907 animus
2974 5851 3085 5919 est,
3115 5849 3264 5904 duos
3307 5845 3632 5920 pracipuos
