4050 6394
458 338 607 401 1311

1003 345 1520 410 TERTULLIANI
1565 352 1888 416 OPERUM
1928 355 2130 418 PARS
2174 356 2224 417 Ι.
2252 389 2328 400 -
2373 356 2648 418 SERIES
2694 357 2768 428 ll,
2815 355 3302 419 DOGMATICA.

3722 357 3880 418 1312

459 489 623 544 aquae
646 473 860 546 potius,
893 491 1065 547 quam
1099 478 1377 550 baptismi
1417 482 1672 539 rationes
1704 466 1921 556 videar,
1955 503 2098 543 con-
2125 489 2182 555 Α
2210 488 2380 555 dane,
2413 493 2471 544 et
2499 505 2645 560 quos
2673 489 2882 545 Petrus
2910 488 2970 544 in
3003 489 3196 544 Tiberi
3225 488 3423 545 tinxit.
3484 487 3615 560 Nisi
3675 493 3739 545 et
3770 489 3877 545 ille

458 577 750 633 gregasse.
789 563 940 620 Licet
961 581 1025 620 eo
1051 566 1274 638 plenius
1307 569 1576 626 docerem
1605 590 1718 628 non
1750 590 1879 630 esse
1923 576 2093 630 dubi-

459 651 728 719 tandum,
763 652 809 707 si
845 656 1172 725 materiam,
1206 673 1382 729 quam
1409 660 1464 714 in
1510 663 1786 718 omnibus
1835 665 2008 720 rebus
2039 675 2099 720 et

464 740 668 795 I203
720 742 994 813 operibus
1047 745 1171 800 suis
1248 751 1395 802 Deus
1451 749 1758 822 disposuit,
1807 753 1981 809 etiam
2035 751 2097 809 in

459 830 842 885 sacramentis
884 834 1134 904 propriis
1176 852 1378 906 parere
1427 838 1596 908 fecit;
1641 841 1689 895 si
1741 858 1870 914 quin
1917 843 2096 898 vitam

461 919 753 973 terrenam
792 919 835 955 1⁸
863 921 1170 993 gubernat,
1198 928 1254 978 et
1276 925 1334 979 in
1365 927 1578 983 caelesti
1609 935 1900 1000 procurat.

1119 1041 1351 1098 CAPUT
1385 1044 1475 1098 IV.

529 1142 638 1198 Sed
662 1158 727 1197 ea
759 1142 904 1200 satis
929 1146 1038 1200 erit
1069 1149 1501 1221 praecerpsisse,
1531 1151 1590 1206 in
1646 1152 1858 1222 quibus
1915 1157 1972 1208 et
2001 1171 2096 1208 ra-

463 1230 539 1285 tio
566 1230 843 1302 baptismi
875 1237 1311 1306 recognoscitur
1333 1239 1520 1310 prima
1542 1239 1920 1312 illa,quajam
1957 1247 2098 1298 tunc

459 1319 634 1374 etiam
667 1319 793 1391 ipso
824 1320 1024 1378 habitu
1050 1327 1482 1395 praenotabatur
1511 1329 1582 1384 ad
1630 1330 1908 1402 baptismi
1950 1331 2096 1403 figu-

464 1423 611 1479 ram,
643 1408 741 1464 Dei
771 1408 1065 1481 spiritum.
1103 1415 1204 1485 qui
1235 1415 1306 1470 ab
1355 1416 1523 1472 initio
1580 1419 2100 1491 supervectabatur

462 1512 639 1569 super
668 1514 873 1570 aquas,
903 1499 1180 1558 intinctos
1233 1504 1682 1562 reformaturum
1717 1508 1780 1562 ιο.
1818 1508 2098 1563 Sanctum

462 1587 658 1640 autem
695 1586 892 1657 utique
921 1606 1098 1661 super
1126 1596 1394 1648 sanctum
1423 1595 1745 1665 ferebatur;
1769 1601 1871 1652 aut
1905 1597 1975 1652 ab
2035 1612 2101 1652 eo

463 1676 616 1746 quod
649 1678 1147 1750 superferebatur,
1181 1681 1234 1736 id
1269 1683 1422 1754 quod
1455 1684 1693 1751 ferebat,
1727 1686 2098 1741 sanctitatem

465 1767 868 1822 mutuabatur.
901 1771 1186 1832 Quoniam
1238 1773 1503 1844 subjecta
1559 1791 1804 1848 quaeque
1837 1774 2098 1843 materia,

466 1853 594 1923 ejus
615 1870 742 1925 qua:
775 1856 1024 1928 desuper
1053 1859 1337 1931 imminet,
1390 1863 1736 1932 qualitatem
1779 1864 1970 1935 rapiat
1998 1880 2097 1919 ne-

467 1957 630 1996 cesse
661 1945 768 2012 est,
785 1943 1036 2000 maxime
1057 1947 1368 2018 corporalis
1381 1950 1702 2022 spiritalem
1715 1956 1790 2018 ,et
1803 1955 2104 2022 penetrare

471 2032 529 2084 et
555 2028 811 2086 insidere
834 2031 1061 2089 facilem
1083 2052 1183 2106 per
1197 2038 1546 2096 substantia:
1562 2057 1678 2094 sum
1693 2041 2099 2097 subtilitatem.

467 2116 552 2172 Ita
585 2118 655 2172 de
683 2123 891 2176 Sancto
922 2123 1247 2181 sacriﬁcate
1297 2132 1508 2183 natura
1549 2145 1859 2201 aquarum,
1899 2135 1956 2186 et
1977 2131 2106 2202 ipsa

469 2207 832 2264 sanctificare
888 2214 1168 2284 concepit.
1205 2219 1384 2272 Nemo
1423 2218 1616 2273 dicat:
1652 2219 1926 2290 Nunquid
1957 2219 2105 2290 ipsis

470 2293 627 2350 enim
659 2297 824 2367 aquis
856 2300 1182 2372 tinguimus
1225 2321 1352 2376 quas
1395 2310 1536 2361 tunc
1585 2308 1626 2342 ¹⁷
1677 2307 1736 2362 in
1787 2307 2105 2379 primordio

468 2382 716 2440 fuerunt
741 2385 769 2440 ?
789 2403 904 2443 non
938 2390 1141 2461 utique
1166 2392 1311 2464 ipsis
1335 2395 1448 2450 nisi
1482 2412 1550 2451 ex
1579 2412 1646 2452 ea
1667 2401 1828 2467 parte
1861 2413 1976 2468 qua
2004 2412 2107 2469 ge-

477 2489 589 2528 nus
612 2474 844 2545 quidem
889 2494 1071 2533 unum
1130 2481 1264 2553 (43),
1325 2483 1547 2553 species
1605 2502 1736 2540 vero
1759 2485 2105 2556 complures.

477 2561 639 2626 Quod
671 2568 865 2619 autem
897 2567 1092 2638 generi
1123 2570 1470 2626 attributum
1505 2577 1612 2642 est,
1645 2574 1822 2629 etiam
1844 2573 2111 2645 inspeeie

477 2649 786 2706 redundat.
820 2653 1070 2728 Ideoque
1099 2657 1264 2714 nulla
1303 2659 1598 2717 distinctio
1631 2667 1737 2733 est,
1799 2663 1945 2719 mari
1976 2663 2110 2734 quis

477 2752 550 2791 an
581 2741 810 2811 stagno,
835 2742 1076 2801 ﬂumine
1105 2761 1176 2801 an
1210 2747 1520 2816 fonte,lacu
1553 2767 1626 2806 an
1656 2750 1812 2807 alveo
1853 2751 2114 2808 diluatur

475 2839 582 2880 nec
612 2828 932 2901 quidquam
966 2834 1140 2890 refert
1160 2835 1314 2892 inter
1343 2853 1441 2895 eos
1458 2855 1607 2911 quos
1633 2841 1968 2897 Joannesin
1988 2841 2113 2897 Jor-

2212 578 2416 649 spado,
2449 559 2622 650 quem
2672 578 2878 634 1204
2936 577 3242 651 Philippus
3272 578 3431 633 inter
3462 559 3880 634 vias'fortuita

2208 682 2359 737 aqua
2388 665 2562 721 tinxit
2591 667 2725 738 (14),
2759 666 2890 738 plus
2908 665 3118 722 salutis
3149 671 3252 722 aut
3281 668 3486 723 minus
3518 667 3876 740 retulit.Igi-

2207 758 2303 810 tur
2331 771 2535 810 omnes
2566 771 2727 826 aquae
2759 757 2828 810 de
2857 754 3110 828 pristina
3166 756 3415 827 originis
3477 757 3877 828 praerogativa

2207 848 2642 899 sacramentum
2669 843 3149 900 sanctificationis
3194 850 3669 916 consequuntur,
3707 845 3875 900 invo-

2206 936 2332 988 cato
2388 937 2523 988 Deo.
2573 933 2915 1004 Supervenit
2983 933 3138 988 enim
3197 932 3398 988 statim
3478 934 3743 1007 spiritus
3804 935 3881 990 de

2207 1021 2388 1088 ccelis,
2421 1027 2479 1077 et
2505 1022 2669 1093 aquis
2699 1025 2985 1094 superest,
3040 1023 3416 1078 sanctiﬁcans
3478 1039 3582 1078 eas
3635 1025 3716 1078 de
3780 1040 3878 1079 se-

2206 1110 2479 1182 metipso,
2511 1115 2569 1166 et
2598 1110 2681 1165 ita
2711 1111 3087 1166 sanctificata}
3101 1111 3217 1166 vim
3246 1112 3877 1168 sacriﬁcandicombi-

2205 1199 2355 1254 bunt
2387 1198 2447 1252 ¹⁸.
2483 1199 2829 1270 Quanquam
2861 1200 2932 1254 ad
2973 1199 3302 1272 simplicem
3333 1209 3529 1255 actum
3565 1206 3879 1273 competat

2207 1287 2555 1357 similitudo,
2615 1291 2680 1342 ut
2737 1287 3016 1360 quoniam
3074 1287 3197 1343 vice
3271 1289 3536 1344 sordium
3627 1288 3877 1345 delictis

2206 1375 2785 1448 inquinamur,aquis
2817 1375 3267 1432 abluamur.Sed
3299 1377 3532 1448 delicta,
3556 1378 3725 1433 sicut
3754 1396 3874 1434 non

2206 1464 2266 1518 in
2301 1480 2472 1520 carne
2502 1468 2859 1537 comparent,
2903 1465 3040 1537 quia
3070 1481 3241 1521 nemo
3272 1482 3451 1538 super
3481 1470 3687 1522 cutem
3727 1484 3874 1539 por-

2207 1557 2292 1608 tat
2313 1553 2602 1609 maculam
2635 1553 3108 1624 idololatrim,aut
3127 1555 3450 1626 stupri,aut
3466 1555 3706 1611 fraudis
3728 1556 3874 1629 (45);

2207 1641 2290 1696 ita
2319 1642 2610 1714 ejusmodi
2639 1641 2698 1697 in
2730 1642 2938 1714 spiritu
2972 1644 3231 1708 sordent,
3263 1643 3364 1715 qui
3393 1648 3484 1699 est
3515 1648 3740 1700 auctor
3773 1647 3874 1701 de-

2209 1730 2352 1786 licti.
2384 1731 2638 1803 Spiritus
2667 1731 2822 1787 enim
2881 1732 3240 1801 dominatur,
3299 1749 3432 1788 caro
3491 1733 3877 1802 famulatur;

2208 1823 2403 1876 tamen
2437 1825 2750 1892 utrumque
2783 1819 2936 1876 inter
2985 1835 3046 1876 se
3105 1820 3546 1876 communicant
3606 1827 3876 1891 reatum,

2211 1909 2453 1981 spiritus
2482 1909 2555 1964 ob
2587 1908 2917 1981 imperium,
2950 1924 3083 1964 caro
3113 1909 3184 1964 ob
3217 1909 3643 1966 ministerium.
3679 1911 3880 1983 Igitur

2213 1997 2518 2053 medicatis
2548 1997 2979 2069 quodammodo
3011 1997 3179 2068 aquis
3210 2014 3314 2069 per
3333 1998 3528 2070 angeli
3560 1999 3878 2055 interven-

2215 2091 2365 2155 tum,
2398 2091 2453 2142 et
2483 2086 2726 2158 spiritus
2758 2087 2814 2141 in
2849 2087 3019 2158 aquis
3050 2086 3427 2158 corporaliter
3483 2087 3774 2157 diluitur,
3825 2094 3880 2146 et

2215 2192 2346 2231 caro
2376 2174 2436 2230 in
2467 2175 2686 2231 eisdem
2721 2173 3068 2246 spiritaliter
3097 2175 3434 2230 mandatur.

2921 2289 3157 2346 CAPUT
3181 2290 3250 2345 V.

2285 2397 2396 2453 Sed
2427 2395 2582 2453 enim
2622 2396 2891 2452 nationes
2921 2401 3207 2452 extranea;
3239 2396 3311 2452 ab
3350 2398 3511 2453 omni
3559 2397 3879 2455 intellectu

2220 2485 2577 2557 spiritalium
2608 2487 2953 2556 potestatem
2989 2485 3191 2540 eadem
3225 2486 3484 2542 efﬁcacia
3512 2486 3700 2543 idolis
3751 2488 3882 2543 suis

2220 2573 2694 2642 subministrant,
2727 2573 2852 2638 sed,
2908 2573 3101 2629 viduis
3146 2574 3340 2646 aquis,
3399 2575 3515 2629 sibi
3559 2576 3878 2631 mentiun-

2219 2666 2315 2719 tur
2343 2662 2477 2733 (16).
2510 2663 2655 2718 Nam
2688 2666 2747 2718 et
2801 2661 2985 2718 sacris
3041 2661 3397 2733 quibusdam
3429 2679 3534 2735 per
3559 2663 3880 2721 lavacrum

2218 2751 2549 2818 initiantur,
2582 2750 2754 2807 Isidis
2812 2749 3084 2822 alicujus,
3115 2755 3218 2808 aut
3245 2752 3490 2822 Mithrm,
3523 2752 3657 2823 ipso
3688 2756 3880 2810 etiam

2221 2841 2360 2896 deos
2391 2855 2530 2896 suos
2558 2838 2948 2896 lavationibus
2979 2839 3229 2895 eﬂ'erunt
3277 2840 3410 2913 (17).
3441 2844 3738 2897 Caeterum
3771 2843 3879 2899 vil-

1901 2956 2106 3020 Variae
2150 2956 2467 3017 lectiones.

552 3051 595 3085 ¹⁸
623 3055 917 3136 Eternam
943 3057 1107 3136 Fran.
1139 3059 1182 3094 ⁸⁸
1202 3059 1334 3123 Quae
1359 3061 1482 3132 jam
1508 3065 1648 3118 tunc
1678 3094 1747 3104 ——
1769 3080 1948 3136 super
1977 3080 2163 3135 aquas
2191 3061 2468 3136 intincth
2481 3062 2950 3136 irefoirmaturum
2983 3063 3148 3136 Ij‘ran.
3173 3061 3740 3136 Supervectabatur,
3779 3081 3884 3120 su-

484 3137 586 3207 per
607 3139 787 3205 aquas
813 3127 1190 3207 intinctorum
1226 3127 1610 3207 moraturum.
1643 3136 1760 3207 Rig.
1797 3127 2296 3207 "‘Nunc'r'raneq.
2322 3134 2440 3205 Ipsi
2473 3134 2672 3207 Rigalt.
2707 3133 2749 3168 ⁸⁸
2777 3134 2884 3188 νει.
2915 3132 3035 3207 eod,
3070 3127 3286 3207 Wouzu.
3323 3136 3410 3189 his
3437 3134 3620 3207 verbis
3648 3127 3884 3191 subnec-

608 3195 729 3279 vice
757 3199 1019 3255 sordium
1051 3203 1220 3274 aquis
1249 3204 1584 3274 abluantur,
1624 3195 1893 3264 Wouwer.
1921 3211 2081 3279 putat
2112 3195 2394 3278 legeﬁdum
2423 3195 2784 3276 comvbihunt,
2819 3209 2885 3260 ut
2905 3208 2962 3260 et
2992 3195 3202 3260 delicta
3227 3205 3348 3260 vice
3385 3205 3657 3262 sordium
3694 3209 3875 3278 aquis

475 3265 810 3328 abluantur.

1899 3376 2418 3439 Commentarius.

551 3475 597 3549 (1
700 3475 873 3560 Genus
901 3480 1119 3560 quidem
1150 3497 1342 3560 unum.
1375 3482 1600 3560 Stylum
1617 3483 1794 3560 juris,
1828 3499 1941 3539 non
1972 3487 2110 3538 Por-
2142 3487 2185 3554 α
2222 3479 3078 3560 εαὶυῐίε-οοη-ιυιίεεθ,Τίὺθῑνίφ,
3137 3477 3198 3534 in
3231 3494 3345 3551 quo
3366 3479 3878 3560 Petrushtinxito,

480 3547 671 3626 phyrii
715 3547 1048 3626 rudimenta
1097 3558 1331 3623 servat;
1390 3547 1524 3611 nam
1576 3547 1731 3624 juris
1767 3547 2111 3626 interpretes

479 3619 733 3690 speciem
759 3621 1056 3693 appellant
1075 3619 1732 3695 genus,etindivid'uum
1767 3645 1794 3684 ο
1838 3619 2116 3696 eciam,ut

482 3690 780 3746 hominem
821 3698 877 3748 et
905 3709 1122 3752 equum
1152 3713 1384 3752 genera.
1424 3697 1641 3752 Titium
1701 3702 1758 3752 et
1800 3644 2114 3752 giucenha-

485 3699 780 3746 hominem
821 3699 877 3748 et
905 3709 1122 3764 equum
1190 3713 1384 3768 onera,
1424 3699 1641 3754 Titium
1701 3702 1758 3752 et
1812 3699 2113 3769 Bucepha-

485 3762 610 3838 l_u_r_1i
648 3763 1027 3838 species_:_sic
1073 3713 1364 3835 Juﬁanus,
1424 3769 1461 3823 l.
1519 3785 1626 3838 LIV,
1678 3768 1736 3823 tt.
1789 3769 1858 3824 de
1901 3771 2113 3825 verbor.

485 3833 693 3911 9“ti
735 3839 812 3911 et_
856 3835 1155 3911 Uipianus,
1207 3839 1244 3911 l.
1284 3833 1415 3910 xxix,
1477 3840 1533 3894 11⁵.
1593 3833 1658 3894 de
1713 3841 1941 3911 Legatis.
1975 3840 2117 3894 Vide

484 3906 856 3983 lioeriumtin
881 3906 1094 3979 Tepico
1141 3906 1408 3983 'militar.’
1438 3911 1546 3966 for.
1599 3915 1656 3967 et
1703 3906 1870 3981 legal.
1904 3912 2113 3983 discip.

485 3977 875 4035 Gothofredus
928 3977 1144 4044 tamen,
1190 3982 1250 4036 in
1289 3983 1329 4036 l.
1383 3998 1488 4047 LIV,
1549 3977 1850 4038 contendit
1887 3977 2118 4038 trahere

484 4049 850 4105 Aristotelem
878 4051 936 4105 in
972 4069 1208 4107 sensum
1233 4053 1448 4110 Juliani
1507 4058 1563 4107 et
1600 4054 1970 4122 juristarum.
2028 4055 2118 4108 Sic

490 4125 654 4199 potat
673 4137 918 4199 vocasse
974 4125 1626 4199 Aristotelemuspecies
1659 4122 1940 4199 rdeo-roga
1991 4124 2116 4199 γένη

490 4189 577 4244 ἐπὶ
607 4195 734 4269 τοῖς-
755 4190 1008 4269 arduom,
1036 4202 1211 4266 atque
1257 4189 1577 4269 individua,
1602 4191 1806 4269 ἔσχατα
1844 4194 1984 4266 εἷ’δη.
2007 4189 2122 4253 'Ve;

494 4279 622 4338 rum
657 4265 854 4338 miuus
901 4266 1083 4338 logiee
1113 4265 1403 4322 assertum
1434 4265 1724 4324 videbitur
1778 4265 2120 4338 dialeeticis,

494 4335 593 4413 qui
620 4351 720 4413 per
747 4333 948 4413 ξσχατα
962 4333 1093 4407 ἐἷ’δη
1117 4340 1356 4413 ullimas
1409 4342 1630 4413 species,
1661 4343 1813 4413 quod
1845 4341 1958 4413 ipsi
2001 4333 2125 4413 red;

495 4409 642 4482 dunt
669 4408 906 4482 inﬁmas,
942 4425 1054 4464 non
1101 4408 1447 4482 intelligunt
1492 4408 1817 4481 individua,
1869 4408 1970 4468 sed
2021 4412 2126 4467 illa

494 4478 865 4555 universalia,
898 4481 1253 4555 essentiaiia,
1286 4478 1412 4553 quae
1459 4487 1698 4555 tantum,
1739 4478 2126 4555 praedicantur

494 4551 565 4604 de
598 4548 1580 4621 pluribusditl‘erentibusnumero,
1605 4560 1670 4609 ut
1689 4548 1884 4621 homo,
1928 4556 2009 4610 ita
2060 4559 2126 4610 ut

493 4621 610 4696 sub
635 4637 706 4696 se
729 4639 843 4677 non
877 4624 1216 4680 contineant
1236 4625 1410 4680 aliam
1443 4625 1719 4696 speciem.
1744 4627 1845 4682 sed
1894 4631 2126 4682 tantum

492 4693 814 4763 individua,
830 4703 890 4769 et
920 4712 1090 4764 genus
1119 4697 1373 4767 inﬁmum
1405 4693 1619 4769 vocant,
1679 4699 1833 4769 quod
1880 4715 2013 4754 vere
2039 4701 2127 4754 est

495 4779 700 4838 genus,
748 4766 846 4820 sed
881 4766 1227 4838 praedicatur
1284 4769 1353 4824 de
1409 4766 2127 4838 pluribus'differentibus

496 4837 688 4906 specie
708 4837 960 4908 tantum,
1018 4839 1098 4893 ita
1149 4844 1213 4894 ut
1262 4839 1378 4895 aliu

408 4931 411 4935 ·
501 4907 671 4983 modo
703 4907 1033 4983 o_api_at,_9ed
1065 4911 1286 4967 caateris
1316 4907 1508 4983 potius
1535 4913 1899 4982 subjiciatur.
1927 4913 2055 4969 an.

565 4980 672 5055 (14)
695 4979 866 5035 Nulla
893 4981 1150 5055 distincto
1176 4987 1256 5037 est
1288 4979 1436 5038 mari
1463 4984 1583 5055 quis
1613 4979 1687 5038 ah
1735 4990 1954 5054 stagno,
2011 5001 2122 5040 non

496 5051 792 5126 quidquam
815 5053 982 5122 refert
1005 5055 1149 5110 inter
1177 5070 1264 5110 eos
1305 5070 1436 5126 quos
1471 5051 1710 5110 Joannes
1768 5051 1841 5111 ὑπ’
1866 5056 2120 5122 Jordane,

495 5127 704 5198 etquo;
731 5125 928 5198 Petrus
974 5126 1034 5180 in
1076 5126 1268 5198 Tiberi
1311 5125 1503 5181 tinxit.
1535 5127 1651 5181 Nec
1706 5127 1774 5182 de
1830 5127 2124 5198 baptismo

392 5239 396 5242 .
493 5193 709 5269 Christi
742 5197 1281 5269 majoraiquispiam
1314 5198 1524 5252 dixerit
1545 5198 1616 5252 iis
1641 5215 1766 5268 qua:
1799 5193 2123 5254 derannis

499 5268 796 5338 Baptismo
821 5267 1209 5335 Paulinum—in
1243 5270 1508 5325 Carmine
1532 5269 1601 5325 de
1635 5267 1802 5325 J’oan.
1836 5271 2000 5342 Bapt.
2039 5287 2052 5326 :

580 5375 740 5439 Perge
771 5373 932 5438 igitur
964 5380 1176 5426 sanctas
1205 5377 1321 5440 puri
1351 5376 1600 5426 Jordanis
1631 5377 1696 5425 ad
1724 5377 1911 5433 undas,
1947 5380 2046 5427 etc.

497 5484 567 5555 Et
598 5485 788 5536 tamen
822 5483 913 5538 his
945 5483 1291 5538 Tertulliani
1322 5484 1514 5540 verbis
1543 5484 1651 5539 hoc
1681 5487 1908 5538 tantum
1945 5483 2126 5555 signi-

499 5553 724 5626 ficatur,
759 5555 814 5626 in
848 5571 1024 5610 causa
1053 5556 1328 5626 baptismi
1364 5555 1585 5611 nullam
1609 5572 1738 5611 esse
1763 5557 1914 5610 inter
1944 5553 2129 5626 aquas

502 5623 907 5699 differentiam,
943 5623 1145 5699 neque
1165 5627 1314 5699 hanc
1344 5643 1471 5683 esse
1501 5627 1962 5699 praestantiorem
1997 5623 2127 5682 alia.

503 5695 710 5772 Itaque
732 5713 841 5772 non
869 5695 1285 5772 referre,_mari
1305 5699 1445 5772 quis
1485 5695 1558 5755 an
1610 5703 1837 5772 stagno,
1888 5699 2130 5772 ﬂumine

503 5779 573 5816 an
601 5767 773 5834 fonte,
807 5767 934 5824 lacu
965 5786 1036 5824 an
1069 5769 1228 5826 alveo
1259 5767 1535 5827 diluatur.
1565 5767 1762 5844 Neque
1809 5767 1964 5830 enim
1996 5771 2130 5843 plus

1471 4856 1687 4922 genus”
1714 4843 1824 4922 sub
1855 4841 2126 4922 se-nullo
2159 4857 2205 4922 ι)
2237 4841 2353 4922 sit),
2378 4838 2515 4922 quia
2535 4837 2879 4921 plerumque
2909 4837 3082 4920 caedis
3114 4841 3350 4922 patratae
3380 4851 3547 4922 macti

2224 3569 2400 3624 quam
2430 3553 2744 3608 Jordanem
2773 3551 2833 3607 in
2866 3569 2981 3624 quo
3009 3550 3286 3624 Joannes,
3321 3550 3401 3624 uti
3426 3567 3540 3624 nec
3571 3550 3743 3624 illam
3780 3555 3877 3609 ob-

2222 3622 2376 3680 viam
2406 3628 2462 3679 et
2491 3624 2792 3695 fortuitam
2825 3622 2942 3694 qua
2994 3622 3326 3695 Philippus,
3383 3623 3514 3678 ideo
3578 3623 3718 3695 plus
3772 3629 3877 3680 aut

2224 3696 2421 3752 minus
2451 3694 2769 3751 salutarem
2801 3693 2982 3750 fuisse
3010 3693 3307 3766 spadoni.
3364 3695 3526 3757 Quod
3580 3693 3684 3750 est
3730 3713 3876 3752 sane

2223 3767 2608 3823 verissimum.
2635 3768 2858 3822 Etenim
2891 3765 3326 3838 qualescunque
3356 3766 3477 3820 sint
3523 3783 3715 3838 aquae,
3754 3785 3874 3823 non

2226 3839 2628 3896 sanctificant:
2657 3839 2756 3894 sed
2784 3854 2986 3893 omnes
3017 3854 3175 3909 aqua;
3234 3841 3496 3892 invocato
3546 3838 3745 3893 tribus
3809 3840 3868 3895 in

2225 3910 2457 3982 personi
2488 3911 2623 3980 Deo,
2673 3913 3106 3982 sacramentum
3135 3909 3619 3982 sanctificationis
3652 3927 3873 3965 conse-

2227 3981 2509 4053 quuntur,
2559 3997 2625 4036 ac
2668 3999 2780 4054 per
2807 3981 2936 4054 ipsa
2966 3981 3135 4054 Deus
3175 3981 3474 4036 hominem
3507 3982 3872 4037 sanctificat.

2226 4057 2343 4111 Hoc
2364 4058 2593 4108 tantum
2625 4053 2708 4107 ait
2733 4053 3075 4122 Septimius.
3100 4053 3225 4107 RIG.

2296 4157 2365 4166 ——
2393 4126 2587 4180 Petrus
2617 4125 2673 4177 in
2708 4121 2886 4179 Tiberi
2913 4124 3318 4196 tinxit.Petrus
3348 4121 3528 4196 igitur
3545 4123 3746 4196 Romae
3767 4124 3879 4179 fuit

2229 4197 2564 4268 aliquando,
2597 4197 2751 4267 quod
2785 4211 2994 4266 negare
3024 4200 3139 4268 aut
3163 4193 3581 4268 salteui'veluti
3620 4195 3876 4268 dubium

2230 4265 2548 4342 pro—ponere
2609 4265 2790 4342 ausus
2845 4265 2949 4342 est,
2989 4265 3288 4342 Calvinus._
3341 4265 3878 4342 Tertullianusuiis

2229 4337 2590 4411 temporibus
2622 4339 2872 4411 vicinus,
2903 4341 2960 4392 et
2989 4354 3181 4411 rerum
3231 4337 3706 4411 (Ebristianarum
3737 4338 3877 4411 dili-

2231 4408 2371 4480 gens
2401 4411 2755 4482 observator,
2787 4409 2880 4482 hic
2904 4413 2967 4482 et
3003 4409 3105 4482 iib.
3137 4409 3208 4463 de
3238 4408 3537 4482 Prescrip.
3573 4426 3698 4464 rem
3750 4408 3882 4466 du-

2233 4485 2388 4540 biam
2423 4499 2534 4537 non
2570 4481 2868 4552 relinquit.
2902 4480 2980 4535 LE
3005 4480 3100 4536 PR.

2304 4555 2415 4636 (15).
2454 4549 2911 4636 ιίέριοιςιιῖῑίὲτξθαυε
2938 4553 3250 4636 “uertant
3280 4549 3517 4636 fraudat.-
3549 4554 3683 4636 Ηειῖο
3731 4558 3880 4636 seu}

2235 4619 2576 4698 principalia
2607 4624 2817 4698 delicta
2846 4640 2973 4698 quae
3004 4619 3202 4678 statim
3233 4619 3400 4698 initio
3445 4619 3558 4698 lib.
3617 4623 3684 4678 de
3708 4624 3872 4698 ΔῘάςή.

2237 4693 2483 4753 crimina
2511 4711 2639 4751 esse
2670 4696 2813 4751 dicit
2842 4693 3083 4751 exitiosa
3113 4698 3170 4749 et
3227 4694 3586 4748 devoratoria
3632 4693 3876 4751 salutis.

2237 4769 2456 4826 Ibidem
2485 4769 2754 4840 adjungit
2782 4765 3162 4821 homicidium
3196 4765 3372 4836 (quod
3410 4764 3506 4819 hic
3549 4769 3878 4890 praetermi-

2237 4841 2353 4892 siti.
2378 4838 2515 4892 quia
2535 4839 2879 4892 nlerumoue
2909 4837 3082 4892 caedis
3114 4841 3350 4892 patratae
3380 4851 3547 4890 macu
3578 4854 3641 4892 as
3680 4837 3878 4892 homi-

3578 4854 3641 4892 as
3682 4854 3878 4894 nomi-

2237 4908 2376 4969 cidaa
2395 4908 2604 4982 aliqua
2624 4911 2715 4982 sui
2747 4908 3004 4982 corporis
3034 4914 3192 4980 parte
3214 4908 3660 4982 _referun_t_._R_Ie.

2305 4984 2414 5055 (16)
2441 4978 2544 5038 Sed
2569 4980 2748 5055 viduis
2764 4978 3630 5055 aquissibi'meutiunturﬂiduis
3647 4979 3884 5036 scilicet

2232 5050 2450 5127 Augeio
2481 5071 2546 5110 ac
2575 5052 2792 5127 Spiritu
2811 5050 3073 5127 'sanctoL
3090 5051 3352 5127 ideoque
3397 5050 3725 5127 sterilibus.
3800 5059 3882 5127 At

2233 5121 2450 5182 nostris
2481 5121 2647 5197 aquis
2678 5122 3013 5198 supervenit
3041 5121 3293 5198 Spiritus
3322 5122 3393 5176 de
3435 5121 3619 5198 cmiis,
3650 5126 3880 5198 sancti-

2237 5199 2417 5254 ﬁcans
2447 5193 2550 5253 eas
2575 5199 2645 5252 de
2675 5193 3009 5266 semetipso,
3071 5193 3127 5250 et
3193 5194 3275 5249 ita
3323 5193 3726 5261 sanctiﬁcata,
3755 5197 3881 5250 vim

2235 5269 2639 5326 sanctiﬁcandi
2662 5267 3014 5339 concipiunt,
3049 5281 3229 5336 quare
3259 5269 3318 5322 et
3359 5266 3615 5339 pariunt,
3660 5283 3883 5339 nempe

2236 5341 2616 5408 Christianos,
2654 5340 2782 5395 vitze
2814 5336 3084 5396 homines
3113 5342 3357 5394 aeternas.
3384 5336 3881 5411 Paulinus,epist.

2237 5414 2306 5469 ad
2339 5414 2614 5468 Severum
2635 5429 2714 5468 xu
2747 5428 2760 5466 :

2329 5527 2554 5577 Sanctus
2582 5499 2642 5574 in
2668 5525 2814 5575 hunc
2841 5523 2980 5574 caelo
3012 5521 3291 5573 descendit
3314 5522 3543 5585 Spiritus
3574 5536 3817 5582 amnem,

2391 5590 2707 5653 leestique
2733 5601 2907 5637 sacras
2933 5587 3077 5636 fonte
3104 5585 3314 5635 maritat
3343 5598 3528 5647 aquas,
3581 5589 3684 5636 etc.
3766 5588 3886 5638 RIG.‘

2310 5696 2422 5769 (l7)
2455 5698 2596 5767 Ipsos
2647 5697 2817 5769 etiam
2856 5693 2978 5769 deos
3009 5707 3151 5769 _suos
3201 5690 3569 5769 lavationibus
3621 5692 3884 5769 eﬁferunt.

2239 5762 2410 5824 Istud
2433 5762 2505 5824 de
2535 5767 2720 5824 sacris
2755 5765 2961 5823 Matris
2995 5764 3236 5822 deorum
3269 5762 3505 5819 disertis
3531 5762 3730 5822 verbis
3759 5769 3882 5823 tra-
