4050 6336
197 367 345 429 1313

1470 362 1700 427 LIBER
1744 366 1845 427 DE
1888 362 2305 427 BAPTISMO.

3444 372 3600 435 1314

192 501 297 569 las,
332 501 560 567 domos,
589 495 791 556 1205
844 493 1066 568 templa
1114 500 1389 569 totaeque
1420 499 1594 554 urbes
1645 514 1837 570 asper-
1865 501 1920 567 Α
1949 501 2031 553 tet
2057 498 2122 552 ’⁸.
2154 496 2441 568 Angelum
2492 496 2661 570 aquis
2707 498 3051 557 intervenire
3098 500 3146 555 si
3180 518 3394 559 novum
3434 505 3597 562 vide-

192 591 323 663 gine
353 588 710 645 circumlatae
759 605 922 660 aqua:
952 587 1189 660 expiant
1227 587 1471 659 passim,
1505 593 1656 643 certe
1687 587 1841 643 ludis

193 679 626 752 Apollinaribus
656 683 714 733 et
743 677 1054 735 Eleusiniis
1087 679 1131 714 ιθ
1160 678 1267 749 (18]
1311 678 1634 749 tinguntur.
1661 678 1842 748 quue

1952 590 2070 655 tur,
2137 586 2468 659 exemplum
2554 589 2736 645 futuri
2820 590 3219 662 przecucurrit.
3306 594 3593 654 Piscinam

1953 676 2327 732 Bethsaidam
2357 677 2601 750 angelus
2633 678 2815 751 (Joan.
2838 682 2889 749 ν)
2923 680 3313 738 interveniens
3340 701 3597 744 commo-

194 768 339 825 sein
371 767 867 841 regenerationem
916 770 974 823 et
1001 766 1413 839 impunitatem
1452 766 1843 838 perjuriorum
1952 766 2121 821 vebat
2195 766 2580 822 observabant
2610 768 2709 839 qui
2757 768 3146 825 valetudinem
3181 774 3596 843 querebantur.

196 874 435 915 suorum
498 874 668 929 agere
728 861 1111 929 praesumunt.
1172 861 1315 911 Item
1388 872 1567 928 penes
1626 860 1845 911 veteres

197 945 469 1020 quisquis
507 963 569 1002 se
617 946 933 1002 homicidio
975 946 1276 1013 infecerat,
1325 946 1653 1017 purgatrice
1695 961 1848 1015 aqua

200 1054 259 1093 se
288 1036 559 1108 expiabat
583 1036 716 1106 (19).
753 1034 940 1107 Igitur
970 1035 1019 1090 si
1067 1036 1138 1090 de
1168 1034 1293 1091 sola
1342 1041 1554 1090 natura
1577 1034 1747 1106 aquis
1778 1035 1844 1105 ’0,

200 1127 353 1198 quod
412 1124 649 1197 propria
706 1124 954 1180 materia
1009 1124 1085 1180 sit
1140 1124 1417 1180 abluendi
1473 1123 1532 1178 in
1590 1122 1851 1195 auspicia

200 1212 652 1278 emundationis,
684 1210 1089 1279 blandiuntur,
1124 1216 1340 1283 quanto
1370 1211 1427 1265 id
1470 1210 1657 1266 verius
1686 1226 1849 1281 aqua

202 1303 561 1375 praestabunt
619 1318 720 1373 per
776 1300 879 1357 Dei
933 1302 1427 1369 auctoritatem,a
1486 1317 1602 1372 quo
1658 1298 1852 1355 omnis

202 1398 411 1448 natura
459 1407 661 1447 earum
708 1389 1031 1446 constituta
1059 1394 1148 1445 est
1172 1394 1194 1445 Ρ
1221 1391 1277 1444 Si
1327 1389 1606 1462 religione
1636 1405 1850 1460 aquam

203 1481 481 1538 medicari
538 1483 770 1553 putant,
803 1496 929 1551 quae
989 1480 1182 1551 potior
1238 1479 1461 1551 religio,
1523 1495 1699 1549 quam
1756 1476 1851 1531 Dei

201 1570 361 1628 vivi?
394 1586 510 1641 quo
556 1569 775 1643 agnito,
809 1568 904 1624 hic
953 1585 1185 1641 quoque
1211 1568 1476 1624 studium
1508 1566 1726 1622 diaboli
1760 1581 1852 1621 re-

203 1660 611 1732 cognoscimus
635 1659 677 1693 ²¹
724 1674 818 1714 res
874 1657 975 1714 Dei
1036 1658 1394 1726 simulantis,
1429 1673 1563 1713 cum
1615 1661 1673 1711 et
1730 1656 1855 1727 ipse

204 1749 564 1821 baptismum
593 1747 653 1803 in
702 1748 826 1803 suis
855 1753 1100 1803 exercet.
1136 1746 1284 1812 Quid
1326 1745 1563 1802 simile?
1594 1750 1851 1801 Immun-

1953 854 2099 909 Nam
2158 854 2206 909 si
2266 855 2398 926 quis
2455 863 2813 928 praevenerat
2863 859 3212 917 descendere
3243 861 3403 931 illuc,
3436 868 3602 937 queri

1957 947 2087 1016 post
2143 942 2438 999 lavacrum
2497 946 2815 1002 desinebat.
2859 946 3073 1020 Figura
3130 948 3245 1006 ista
3301 954 3604 1012 medicinas

1956 1032 2275 1103 corporalis
2316 1034 2521 1089 I206
2565 1034 2885 1106 spiritalem
2938 1037 3289 1095 medicinam
3338 1045 3603 1116 canebat,

1957 1138 2025 1177 ea
2054 1121 2260 1189 forma,
2296 1138 2415 1193 qua
2462 1139 2693 1194 semper
2739 1124 2997 1180 carnalia
3027 1127 3087 1182 in
3126 1128 3315 1199 figura
3364 1132 3606 1203 spirita-

1958 1210 2101 1265 lium
2137 1213 2509 1267 antecedunt.
2538 1212 2881 1269 Proficiente
2931 1213 3127 1287 itaque
3158 1216 3215 1272 in
3266 1218 3607 1280 hominibus

1959 1300 2148 1371 gratia
2204 1299 2327 1370 Dei,
2385 1302 2520 1372 plus
2567 1303 2738 1373 aquis
2799 1308 2855 1357 et
2913 1304 3121 1376 angelo
3179 1310 3608 1384 accessitzqui

1959 1388 2101 1443 vitia
2176 1389 2437 1461 corporis
2510 1391 2939 1463 remediabant,
3002 1411 3158 1449 nunc
3230 1397 3504 1468 spiritum
3564 1402 3611 1435 ²⁶

1964 1478 2272 1532 medentur
2325 1495 2339 1535 :
2401 1479 2504 1551 qui
2560 1480 2941 1551 temporalem
3002 1484 3396 1554 operabantur
3452 1489 3611 1547 salu-

1961 1571 2103 1635 tem,
2136 1584 2292 1623 nunc
2332 1573 2609 1624 aeternam
2659 1569 2978 1626 reformant
3010 1588 3022 1626 :
3058 1573 3158 1644 qui
3211 1592 3398 1633 unum
3429 1579 3611 1637 semel

1963 1672 2116 1711 anno
2165 1655 2515 1725 liberabant,
2564 1675 2721 1714 nunc
2769 1660 3027 1730 quotidie
3084 1664 3327 1735 populos
3373 1684 3613 1725 conser-

1962 1750 2122 1815 vant,
2171 1744 2362 1801 deleta
2412 1751 2601 1802 morte
2658 1763 2760 1819 per
2818 1748 3181 1805 ablutionem
3242 1753 3610 1814 delictorum.

207 1839 317 1895 dus
347 1838 649 1904 smundat,
682 1836 941 1908 perditor
970 1836 1198 1902 liberat,
1234 1837 1551 1891 damnatus
1583 1832 1851 1924 absolvit.
1888 1860 1936 1924 Β
1966 1837 2241 1924 Exempto
2273 1833 2498 1890 scilicet
2547 1839 2736 1904 reatu,
2766 1836 3045 1893 eximitur
3074 1843 3129 1894 et
3160 1857 3331 1912 poena
3361 1844 3492 1916 (20).
3527 1847 3616 1903 Ita

205 1933 383 1983 Suam
414 1926 681 1982 videlicet
711 1940 948 1998 operam
980 1925 1261 1990 destruet,
1306 1925 1538 1980 diluens
1571 1925 1615 1958 ³³
1645 1922 1859 1979 delicta

209 2034 337 2089 quis
387 2014 640 2087 inspirat
685 2014 831 2086 ipse.
866 2019 995 2068 Hec
1052 2014 1283 2084 quidem
1333 2013 1392 2069 in
1452 2013 1857 2068 testimonium

210 2104 402 2175 posita
433 2105 575 2157 sunt
603 2100 1028 2172 repellentibus
1060 2101 1312 2171 ﬁdem,si
1346 2100 1589 2155 minime
1620 2101 1859 2155 credant

211 2193 384 2248 rebus
413 2191 535 2261 Dei,
569 2206 819 2262 quarum
861 2190 1329 2245 affectationibus
1373 2190 1528 2261 apud
1578 2188 1856 2244 aemulum

211 2281 311 2341 Dei
343 2281 608 2337 credunt.
640 2283 845 2334 Annon
892 2284 948 2334 et
977 2279 1122 2334 alias
1154 2279 1280 2334 sine
1323 2278 1443 2333 ullo
1492 2283 1858 2335 sacramento

212 2370 503 2426 immundi
538 2368 784 2441 spiritus
815 2368 984 2439 aquis
1015 2367 1666 2433 incubant,afi‘ectantes
1693 2367 1857 2423 illam

213 2461 269 2515 in
304 2458 623 2532 primordio
655 2457 836 2513 divini
889 2456 1133 2529 spiritus
1164 2457 1552 2529 gestationem
1585 2458 1737 2527 (Gen.
1771 2456 1860 2529 1)?

212 2549 416 2605 Sciunt
436 2549 481 2581 ³³
504 2546 670 2619 opaci
701 2545 917 2617 quique
941 2547 1152 2613 fontes,
1179 2550 1234 2601 et
1256 2545 1367 2600 avii
1394 2546 1613 2617 quique
1644 2546 1771 2616 rivi,
1805 2549 1862 2600 et

212 2639 271 2695 in
304 2635 532 2693 balneis
555 2636 814 2707 piscinis,
846 2639 903 2691 et
936 2634 1123 2706 euripi
1151 2635 1210 2689 in
1233 2635 1507 2691 domibus
1538 2634 1625 2691 vel
1656 2634 1859 2690 cister-

215 2746 320 2795 nae,
354 2731 410 2783 et
441 2725 621 2798 putei,
651 2724 752 2795 qui
786 2740 987 2795 rapere
1033 2724 1330 2788 dicuntur,
1363 2723 1584 2779 scilicet
1616 2741 1716 2795 per
1741 2723 1859 2779 vim

216 2816 458 2890 spiritus
508 2814 792 2869 nocentis.
825 2812 970 2867 Nam
1018 2817 1075 2869 et
1099 2818 1335 2868 enectos
1363 2813 1409 2847 ²⁴
1443 2818 1499 2868 et
1529 2811 1861 2885 lymphatos

218 2912 273 2963 et
298 2903 713 2977 hydrOphobos
744 2906 974 2969 vocant,
1006 2918 1154 2972 quos
1186 2918 1350 2973 aqua:
1382 2906 1866 2972 necaverunt,aut

218 2994 478 3052 amentia
504 2992 593 3047 vel
646 2992 957 3047 formidine
996 2996 1397 3046 exercuerunt.
1432 2993 1719 3056 Quorsum
1754 2993 1868 3048 ista

218 3081 691 3141 retulimus?Ne
738 3081 872 3152 quis
928 3080 1135 3135 durius
1195 3080 1392 3135 credat
1440 3080 1709 3150 angelum
1768 3081 1867 3137 Dei

217 3177 488 3231 sanctum
539 3171 705 3243 aquis
756 3172 815 3225 in
867 3169 1115 3226 salutem
1161 3169 1419 3225 hominis
1467 3171 1866 3241 temperandis

217 3264 584 3327 adesse,cum
618 3259 862 3331 angelus
896 3258 1085 3314 malus
1109 3259 1417 3330 profanum
1449 3259 1865 3315 commercium

215 3353 480 3422 ejusdem
529 3349 800 3406 elementi
836 3349 894 3403 in
949 3346 1267 3420 perniciem
1299 3346 1556 3404 hominis
1596 3347 1867 3419 frequen-

1966 1922 2297 1978 restituitur
2342 1924 2386 1958 ²⁷
2445 1923 2620 1980 homo
2684 1926 2794 1980 Deo
2853 1926 2924 1980 ad
2985 1926 3432 1988 similitudinem
3490 1936 3617 2006 ejus

1966 2010 2119 2083 (Gen.
2155 2013 2212 2081 ι),
2255 2013 2357 2083 qui
2388 2017 2542 2068 retro
2570 2015 2643 2068 ad
2675 2014 2985 2084 imaginem
3018 2015 3119 2072 Dei
3160 2021 3385 2089 fuerat;
3423 2023 3618 2096 imago

1967 2101 2029 2155 in
2104 2101 2315 2173 effigie,
2376 2102 2706 2158 similitudo
2785 2103 2842 2157 in
2921 2105 3246 2163 aeternitate
3325 2118 3617 2170 censetur.

1967 2189 2194 2261 Recipit
2238 2190 2393 2245 enim
2454 2190 2620 2245 illum
2672 2190 2772 2246 Dei
2824 2192 3120 2265 spiritum,
3151 2214 3326 2267 quem
3378 2204 3517 2257 tunc
3547 2203 3620 2257 de

1966 2279 2165 2333 afﬂatu
2200 2280 2328 2349 ejus
2376 2289 2697 2352 acceperat,
2732 2281 2833 2336 sed
2883 2287 3015 2353 post
3044 2286 3324 2343 amiserat
3376 2305 3479 2360 per
3518 2291 3618 2346 de-

1967 2367 2195 2423 lictum.

2610 2503 2843 2561 CAPUT
2880 2505 2979 2562 VI.

2042 2634 2167 2690 Non
2199 2634 2353 2706 quod
2386 2634 2445 2690 in
2475 2635 2645 2707 aquis
2673 2636 2955 2709 Spiritum
2997 2647 3269 2701 sanctum
3302 2662 3627 2723 consequa-

1974 2741 2143 2792 mur;
2178 2724 2277 2779 sed
2308 2723 2368 2778 in
2408 2742 2561 2796 aqua
2608 2727 2913 2782 emundati
2962 2730 3073 2786 sub
3118 2735 3347 2806 angelo,
3378 2740 3625 2810 Spiritui

1974 2816 2178 2868 sancto
2228 2830 2627 2884 praeparamur
2656 2815 2786 2886 (21).
2821 2815 2923 2872 Hic
2972 2836 3208 2893 quoque
3239 2824 3430 2896 figura
3480 2846 3626 2900 prae-

1975 2902 2149 2958 cessit
2177 2902 2380 2972 (Matth.
2413 2903 2519 2973 In).
2554 2902 2648 2957 Sic
2673 2904 2824 2959 enim
2848 2909 3105 2965 Joannes
3136 2918 3271 2968 ante
3301 2931 3625 2986 praecursor

1978 2990 2205 3046 Domini
2240 2990 2369 3061 fuit,
2403 3008 2736 3063 praeparans
2782 2994 2907 3049 vias
2957 2998 3085 3068 ejus
3122 3014 3134 3053 :
3168 2999 3250 3056 ita
3278 3007 3336 3057 et
3381 3007 3626 3077 angelus

1978 3079 2255 3151 baptismi
2288 3080 2506 3135 arbiter
2535 3080 2642 3151 (22)
2674 3090 3099 3153 superventuro
3151 3088 3392 3160 Spiritui
3424 3103 3626 3151 sancto

1977 3169 2101 3225 vias
2133 3168 2331 3239 dirigit
2382 3169 2679 3225 ablutione
2725 3171 3090 3241 delictorum,
3124 3195 3300 3247 quam
3340 3182 3484 3238 ﬁdes
3514 3183 3628 3239 im-

1978 3262 2191 3329 petrat,
2224 3257 2532 3329 obsignata
2581 3258 2595 3330 ζ
2603 3260 2800 3316 Matth.
2833 3264 3029 3334 xxvm)
3064 3264 3122 3319 in
3154 3265 3342 3337 Patre,
3376 3275 3434 3326 et
3462 3271 3627 3342 Filio,

1977 3353 2033 3403 et
2062 3346 2284 3418 Spiritu
2334 3352 2535 3403 sancto
2585 3347 2791 3419 (Matth.
2825 3355 3007 3422 xvm).
3040 3354 3185 3411 Nam
3232 3357 3282 3413 si
3331 3358 3392 3415 in
3440 3361 3630 3418 tribus

1662 3510 1868 3573 Varia:
1897 3510 2215 3571 lectiones.

294 3650 338 3686 ¹⁹
370 3646 616 3704 Pelusiis
647 3647 811 3702 Fran.
850 3644 1170 3700 Corbinian.

223 3723 269 3757 ²³
297 3723 446 3779 Sunt
473 3723 599 3777 Jun.
680 3720 725 3753 9‘
756 3718 1114 3789 Apopnictos
1160 3717 1360 3774 Wouw.

1261 3644 1306 3681 ²⁰
1337 3644 1566 3701 Natura
1593 3661 1747 3716 aqua
1775 3646 1941 3701 Fran.
1978 3644 2297 3700 Corbinian.

1456 3717 1500 3750 ²⁶
1532 3717 1820 3772 Profanus
1852 3748 1917 3758 —
1949 3717 2067 3788 freq
2081 3724 2281 3773 uentat
2306 3718 2471 3772 Fran.
2508 3718 2825 3774 Corbinz’an.

222 3811 271 3849 c.
306 3812 353 3850 r.
386 3811 443 3849 n.
475 3790 707 3865 spiritu,
741 3788 852 3847 etc.
890 3788 1111 3845 IVouw.
1187 3789 1231 3823 ³⁷
1261 3788 1624 3845 Restituetur
1653 3790 1820 3845 Fran.
1857 3789 2177 3846 Corbiuian.

2395 3644 2437 3679 ²¹
2469 3645 2891 3719 cognoscimus
2924 3650 3045 3719 Rig.
3145 3652 3191 3687 ²²
3218 3653 3472 3713 Deluens
3499 3660 3630 3715 Jun.

2922 3722 2965 3757 ²⁶
2994 3724 3178 3794 Aquis
3209 3729 3455 3786 accessit
3484 3747 3540 3804 q.
3572 3748 3630 3790 v.

1664 3933 2187 3995 Commentarius.

219 4072 305 4126 dit
354 4071 408 4125 Β.
460 4070 708 4139 August.
760 4065 879 4137 (lib.
925 4081 967 4139 Il
1014 4065 1083 4139 tte
1120 4064 1707 4139 CivitatehDeiLcap.
1759 4065 1862 4136 4):

225 4166 251 4193 ‹‹
288 4140 486 4205 Ludis,
535 4137 753 4210 inquit,
780 4137 1186 4210 turpissimis,
1217 4137 1314 4210 qui
1364 4137 1489 4210 diis
1525 4138 1866 4210 deabusque

220 4208 666 4281 exhibebantur,
697 4209 1156 4264 oblectabamur.
1204 4208 1433 4264 leesti
1462 4209 1583 4281 dea:
1611 4215 1669 4264 et
1700 4209 1868 4264 Bere-

220 4285 467 4357 cyntbia:
503 4280 673 4357 Matri
696 4282 937 4357 deorum
966 4281 1397 4357 omnium,ante
1427 4283 1556 4357 ejus
1574 4280 1864 4348 lecticam,

218 4352 308 4412 die
337 4356 575 4412 solemni
609 4353 910 4409 lavationi:
935 4354 1073 4421 ejus,
1095 4352 1233 4407 talia
1262 4369 1365 4423 per
1396 4352 1697 4420 publicum
1729 4370 1868 4407 can-

218 4429 542 4483 titabantur
573 4443 607 4480 a
637 4424 1019 4495 nequissimis
1063 4424 1334 4490 scenicis,
1366 4424 1563 4495 qualia
1592 4442 1707 4480 non
1741 4425 1869 4479 dico

224 4502 467 4556 Matrem
500 4500 764 4565 deorum,
798 4496 894 4549 sed
946 4512 1048 4551 nec
1082 4501 1328 4551 matrem
1374 4498 1638 4567 ipsorum
1680 4498 1869 4552 sceni-

220 4588 423 4626 corum
479 4572 708 4624 deceret
759 4567 982 4622 audire.
1021 4588 1048 4615 »
1092 4570 1171 4622 Ac
1232 4566 1413 4639 paulo
1470 4574 1643 4638 post:
1681 4589 1709 4618 «
1736 4568 1871 4631 Quae

221 4649 362 4698 sunt
392 4642 717 4712 sacrilegia,
757 4640 805 4693 si
836 4639 935 4693 illa
968 4645 1135 4693 erant
1164 4639 1375 4694 sacra?
1403 4645 1499 4694 aut
1529 4655 1653 4710 quw
1682 4640 1871 4712 inqui-

222 4719 398 4783 natio,
444 4716 500 4769 si
558 4714 661 4767 illa
710 4713 1011 4766 lavatio?»
1069 4712 1413 4783 Superquo
1471 4715 1591 4766 loco
1654 4712 1868 4766 Ludov.

223 4788 392 4842 Vives
444 4784 625 4840 tradit
672 4784 861 4853 pridie
911 4784 1043 4837 ldus
1093 4782 1331 4853 Aprilis
1357 4788 1600 4838 Matrem
1630 4783 1871 4838 deorum

228 4876 440 4930 magna
490 4831 703 4930 pompa
731 4875 773 4930 ᾖ
796 4853 992 4930 Gallis
1009 4855 1083 4930 ad
1107 4831 1441 4930 annonem
1476 4856 1741 4930 fluvium,
1768 4853 1875 4930 qui
1909 4831 1951 4894 D

226 4924 358 4982 non'
377 4924 575 4998 procul
627 4924 697 4981 ab
731 4925 881 4981 Urbe
910 4924 1123 4998 Tiberi
1164 4927 1462 4994 miscetur,
1498 4927 1731 4993 deferri,
1766 4924 1877 4980 ibi-

227 5014 339 5069 que
371 4997 441 5053 ad
473 5003 861 5069 conﬂuentem
892 4997 1142 5052 duorum
1176 5001 1440 5054 amnium
1486 4999 1644 5054 ablui
1693 4998 1877 5053 solere

226 5068 355 5139 ejus
387 5068 795 5139 simulacrum,
827 5068 1007 5139 inque
1038 5084 1105 5122 ex
1160 5070 1376 5125 Lucan.
1410 5071 1511 5124 lib.
1547 5088 1566 5125 ι
1594 5070 1877 5133 Pharsal.,

229 5138 845 5211 Ovid.Fa.stor.il_ib.A1v,
873 5138 929 5193 et
948 5140 1219 5211 Prudent.
1244 5142 1302 5194 in
1330 5145 1575 5198 Romano
1606 5145 1876 5211 martyre.

229 5215 379 5269 Gitat
400 5213 573 5268 etiam
606 5209 919 5283 Girald.,de
946 5210 1053 5264 diis
1081 5214 1651 5283 gentium,syntagm.
1686 5215 1718 5266 4
1743 5209 1882 5279 {Vi-

230 5287 393 5341 bium
438 5284 815 5353 Sequestrum
840 5281 910 5353 ad
960 5283 1342 5353 Virgilianum
1362 5281 1583 5353 ﬁlium}
1614 5284 1883 5339 Ammia-

231 5375 397 5425 num,
432 5351 544 5411 lib.‘
567 5370 746 5427 xxxii;
780 5351 1079 5427 Valerium
1114 5351 1404 5421 Flaccum,
1438 5355 1539 5411 lib.
1580 5373 1682 5411 VIII
1708 5357 1884 5427 Argo-

234 5424 391 5485 naut.
425 5434 481 5483 et
509 5425 919 5482 Claudianum.
956 5424 1094 5478 Eoo.
1126 5442 1196 5481 ea;
1218 5428 1430 5483 Pamel.

304 5501 416 5575 (18)
450 5499 609 5575 Ludis
638 5496 1052 5575 A_p0[linar{btt$
1084 5506 1154 5575 el_
1183 5501 1511 5575 Ιίιςιιείηίίδ.
1548 5500 1640 5554 Sic
1670 5498 1889 5569 legitur

1975 4066 2281 4138 pitolinus.
2321 4066 2448 4123 RIG.

2046 4139 2161 4206 (19)
2193 4139 2450 4219 Quisquis
2503 4138 2907 4219 se__homicidio
2965 4143 3261 4219 infecerat,
3311 4151 3632 4219 purgatrics

1975 4224 2119 4285 aqua
2139 4224 2207 4285 _s_e
2254 4211 2712 4285 expiabatﬂota
2742 4216 2832 4266 est
2878 4211 3050 4284 (teste
3097 4211 3363 4285 Geraldo,
3400 4211 3497 4275 ubi
3530 4239 3634 4277 su-

1981 4281 2401 4363 pra)‘bist_oria,_
2434 4281 2577 4363 nihil
2608 4281 3098 4363 .o_m_nino_’notius
3148 4290 3302 4363 apud
3338 4281 3638 4363 auctores,

1979 4353 2133 4422 quod
2167 4353 2439 4434 quisquis
2462 4352 2776 4434 homicidio
2796 4372 2856 4408 se
2882 4352 3297 4434 infeceratfbis
3319 4364 3536 4434 septies
3573 4352 3639 4420 se

1982 4425 2312 4500 purgatrice
2360 4441 2513 4494 aqua
2559 4431 2865 4500 vestesque
2916 4446 3070 4500 aqua
3113 4425 3403 4490 abluebat.
3431 4441 3489 4491 et
3540 4451 3641 4490 ex-

1985 4496 2179 4570 piabat
2219 4496 2590 4570 ‘plerumque
2635 4498 2920 4570 ﬂumina.
2974 4496 3162 4570 Loqui
3220 4511 3420 4561 autem
3482 4506 3645 4563 addit

1983 4566 2353 4646 Pausaniam,
2386 4567 2704 4646 in_At_t_icis,
2738 4569 3019 4646 de‘simili
3055 4566 3401 4646 purgatione
3432 4578 3645 4635 Thesei

1982 4640 2054 4718 ob
2083 4639 2425 4718 interfectos
2459 4638 2751 4718 Pallantis
2772 4640 2923 4718 filios
2952 4661 2966 4711 ;
2998 4638 3073 4709 et,
3106 4638 3541 4718 in'Corinthiis,
3573 4652 3645 4706 de

1982 4710 2271 4794 apollinis
2301 4711 2629 4794 expiatione
2645 4720 2701 4767 et
2720 4712 2914 4794 Dianas
2931 4722 3081 4794 post
3100 4720 3317 4777 caedem
3341 4710 3641 4794 Pythonis.

1983 4784 2125 4838 Item
2160 4784 2538 4852 Herodotum,
2572 4782 2671 4837 lib.
2712 4801 2775 4847 11,
2810 4786 2879 4838 de
2914 4782 3184 4844 Adrasto.

2056 4856 2167 4937 (29)
2228 4857 2495 4937 Exempto
2549 4853 2760 4937 scilicet
2793 4862 2980 4937 _rea_tu
3028 4864 3313 4937 eximitur
3368 4873 3422 4937 et
3474 4881 3637 4937 paena

1987 4926 2290 4992 Paulinus,
2325 4926 2449 4981 loco
2503 4928 2867 4998 supradicto,
2901 4930 2971 4984 de
3028 4933 3327 5004 baptismo
3357 4926 3609 4992 Joannis

2081 5042 2243 5113 Diluit
2273 5042 2465 5113 infusis
2492 5046 2810 5113 credentum
2838 5045 3068 5095 crimina
3098 5049 3353 5112 lymphis,

2088 5105 2434 5175 Absolvitque
2467 5111 2638 5175 metus
2669 5106 2965 5175 hominum,
3000 5105 3290 5175 pten'asq'ue
3320 5105 3557 5163 remittit.

2083 5169 2252 5230 Atque
2284 5169 2461 5230 ignem
2494 5168 2781 5231 restinguit
2814 5168 3011 5232 aquisf
3041 5172 3155 5223 lino.

2064 5282 2176 5353 (21)
2207 5283 2310 5338 Sed
2342 5286 2400 5337 in
2433 5300 2577 5355 aqua
2606 5283 2883 5361 emeirdali
2909 5287 3012 5361 sub
3042 5290 3234 5361 angelo
3264 5290 3500 5361 Spiritui
3523 5307 3654 5361 san-

1994 5363 2073 5435 cto
2102 5354 2521 5435 prwparamai'.
2567 5354 2875 5435 angelum,
2909 5354 3189 5435 baptismi
3239 5354 3401 5434 dicit,
3435 5368 3499 5418 ut
3549 5360 3653 5417 lib.

1996 5428 2066 5481 de
2095 5426 2387 5497 Oratione,
2423 5427 2698 5498 Angrtam
2728 5426 3015 5482 orationis}
3047 5431 3171 5487 RIG.

2069 5498 2181 5581 (22)
2214 5499 2467 5588 Innuere
2495 5498 2749 5582 'videtur
2798 5499 3123 5588 ministrum
3183 5504 3538 5588 baptismatis
3594 5504 3653 5559 in

235 5566 532 5629 in'Ursini
585 5570 781 5643 codice
809 5589 823 5636 ;
857 5566 1091 5643 vulgata
1144 5568 1334 5638 lectio,
1387 5573 1627 5627 Pelusii:
1658 5588 1675 5624 :
1709 5566 1888 5641 atque
1998 5566 2171 5643 cujus
2197 5571 2352 5627 velut
2379 5571 2714 5643 arbitrioac
2744 5573 3007 5637 potestate
3037 5566 3471 5632 administratio
3501 5581 3658 5643 Bap-

236 5644 334 5699 bic
364 5650 516 5699 certe
566 5641 885 5713 significari
932 5641 1207 5695 videntur
1237 5661 1405 5698 sacra
1454 5644 1615 5713 solis,
1650 5660 1753 5699 seu
1788 5644 1888 5697 Mi-

235 5716 383 5797 thrae
414 5721 472 5770 et
499 5712 1889 5798 Serapidis,‘qu'as‘qu.idem‘ScrapidislM._§nfto~

237 5788 447 5844 ninum
477 5803 511 5843 a
538 5783 880 5859 vulgaritate
913 5783 1142 5843 Pelusia
1172 5783 1545 5847 submovisse
1571 5787 1753 5846 tradit
1781 5788 1891 5845 Ca-

2000 5641 2165 5725 tismi
2198 5643 2389 5725 posita
2410 5648 2522 5725 est,
2559 5640 2827 5725 alludens
2855 5644 2926 5697 ad
2954 5647 3230 5725 angelum
3258 5648 3438 5725 illum
3471 5649 3529 5705 in
3561 5640 3658 5723 pi-

2000 5714 2165 5771 scina
2195 5715 2528 5784 Bet/isaidaz,
2563 5713 2634 5769 de
2664 5727 2779 5784 quo
2812 5728 2939 5787 cap.
2975 5713 3219 5789 prisoed.
3255 5724 3395 5779 Enn.
