4050 6360
195 342 347 404 1321

1502 338 1738 401 LIBER
1776 338 1880 402 DE
1920 340 2021 400 BA
2030 339 2341 402 PTISMO.

3018 0 3319 13 Αμ-μρμ-ι-ει-υη-
3346 4 3361 11 ο
3388 6 3425 11 -.

3462 337 3621 401 1312

200 474 426 530 mutata
452 482 647 529 autem
700 476 759 527 et
804 472 1061 539 inﬁrma,
1094 469 1217 542 igni
1262 469 1562 543 tinguitur
1606 471 1666 526 in
1690 471 1854 541 Judl-
1881 475 1937 543 Α
1966 472 2126 528 habet
2177 474 2351 528 vitam
2406 476 2585 543 (Joan.
2648 476 2753 544 ιιι),
2811 473 3200 533 suboriuntur
3259 467 3617 541 scrupulosi,

196 564 353 619 cium
385 564 518 636 (45).

832 711 1065 767 CAPUT
1112 711 1210 766 XI.

264 870 377 925 Sed
410 884 561 936 ecce,
598 864 791 936 inquit
820 864 885 932 ‘°,
911 863 1069 917 venit
1100 862 1407 931 Dominus,
1426 865 1482 917 et
1511 878 1625 917 non
1658 860 1848 917 tinxit.

200 961 470 1025 Legimus
522 955 677 1010 enim
717 955 825 1009 :Et
852 956 1037 1007 tamen
1083 954 1129 1005 is
1175 967 1281 1006 non
1331 950 1629 1021 tinguebat,
1660 968 1852 1006 verum

194 1048 463 1115 discipuli
521 1046 636 1115 ejus
693 1046 871 1114 (Joan.
934 1047 1029 1110 iv),
1092 1040 1231 1111 quia
1260 1042 1323 1109 “,
1374 1056 1591 1104 revera,
1654 1042 1848 1111 ipsum

197 1138 324 1193 suis
360 1134 633 1190 manibus
670 1132 992 1187 tincturum
1019 1128 1849 1200 Joannes,predicassrt(Luc.

194 1231 299 1293 ιιι).
338 1230 460 1279 Non
496 1222 699 1293 utique
730 1220 814 1275 sic
868 1218 1314 1289 intelligendum
1346 1221 1455 1286 est,
1488 1218 1587 1272 ssd
1620 1216 1850 1289 simpli-

193 1315 338 1370 citer
367 1315 587 1367 dictum
624 1327 779 1365 more
810 1307 1129 1363 communi.
1152 1306 1311 1361 Sicut
1341 1306 1614 1373 est,verbi
1642 1306 1845 1374 gratia,

198 1407 523 1475 Imperator
573 1398 879 1471 proposuit
908 1398 1187 1464 edictum,
1213 1400 1311 1451 aut
1346 1396 1652 1467 praefectus
1684 1395 1849 1449 fusti-

191 1494 305 1547 bus
337 1492 603 1553 caacidlt;
637 1488 904 1557 nunquid
954 1488 1078 1557 ipse
1122 1484 1413 1556 proponit,
1446 1489 1549 1538 aut
1579 1484 1846 1554 nunquid

187 1583 314 1653 ipse
345 1579 562 1634 caedit?
598 1593 831 1648 semper
876 1576 926 1629 is
977 1574 1192 1628 dicitur
1241 1574 1451 1638 facere,
1484 1573 1581 1629 cui
1617 1573 1846 1644 praemi-

189 1671 497 1725 nistratur.
536 1669 622 1722 Ita
671 1666 781 1719 erit
831 1664 1262 1735 accipiendum.
1295 1661 1424 1732 lpse
1472 1678 1574 1716 vos
1620 1661 1848 1728 tinguet

190 1776 293 1833 pro
324 1775 390 1814 eo
427 1758 579 1829 quod
615 1760 836 1824 est,per
855 1755 1040 1823 ipsum
1056 1750 1527 1821 tinguemini,vel
1560 1750 1616 1803 in
1640 1750 1843 1820 ipsum.

186 1849 296 1903 Sed
332 1863 403 1901 ne
435 1850 660 1900 moveat
711 1842 1022 1914 quosdam,
1056 1840 1209 1910 quod
1266 1856 1381 1893 non
1435 1840 1562 1909 ipse
1613 1840 1846 1908 tingue-
1880 1857 1926 1921 Β

186 1936 378 1992 bat.ln
407 1950 581 2005 quem
614 1932 769 1987 enim
802 1928 1143 2001 tingueret?
1166 1928 1223 1982 in
1251 1926 1651 1998 pmnitentiam
1679 1927 1707 1981 ?
1732 1943 1846 1997 quo

186 2040 324 2095 ergo
344 2023 427 2077 illi
453 2034 870 2093 praecursorem
884 2018 912 2071 ‘?
934 2019 992 2071 in
1020 2021 1392 2089 peccatorum
1418 2016 1844 2080 remissionem,

187 2128 364 2184 quam
418 2110 591 2164 verbo
639 2108 862 2162 dabat?
895 2106 952 2159 in
986 2104 1394 2175 semetipsum,
1427 2120 1599 2174 quem
1649 2103 1845 2157 humi-

183 2200 346 2255 litate
396 2196 667 2253 celabat?
699 2196 756 2249 in
797 2194 1081 2263 Spiritum
1130 2197 1421 2258 sanctum,
1454 2192 1548 2261 qui
1583 2192 1846 2245 nondum

188 2307 221 2344 a
252 2288 418 2343 Patre
449 2286 827 2341 descenderat
845 2287 871 2337 ‘I
904 2284 960 2336 in
997 2281 1336 2346 Ecclesiam,
1372 2296 1547 2351 quam
1582 2280 1843 2333 nondum

191 2375 441 2448 apostoli
489 2371 873 2429 struxerant?
910 2372 1111 2439 itaque
1167 2369 1521 2439 tinguebant
1570 2367 1845 2438 discipuli

193 2468 343 2536 ejus,
380 2470 442 2518 ut
490 2461 767 2523 ministri,
802 2466 864 2514 ut
890 2460 1147 2515 Joannes
1192 2466 1325 2512 ante
1376 2474 1716 2528 prmcursor,
1748 2474 1847 2513 eo-

191 2555 322 2609 dem
386 2552 678 2623 baptismo
735 2548 998 2611 Joannis,
1034 2563 1105 2601 ne
1165 2547 1261 2615 qui
1323 2546 1435 2601 alio
1494 2551 1678 2617 putet,
1710 2546 1848 2617 quia

197 2658 301 2696 nec
335 2644 523 2696 exstat
576 2638 727 2692 alius
758 2638 869 2691 nisi
927 2642 1130 2706 postea
1160 2636 1397 2703 Christi,
1431 2634 1531 2705 qui
1563 2641 1703 2688 tunc
1734 2633 1846 2688 uti-

192 2747 306 2803 que
337 2748 371 2785 a
410 2728 774 2783 discentibus
825 2726 951 2779 dari
1009 2740 1123 2779 non
1174 2730 1419 2796 poterat,
1451 2728 1646 2794 utpote
1694 2738 1845 2777 non-

188 2820 328 2874 dum
378 2816 696 2887 adimpleta
725 2814 909 2884 gloria
965 2812 1215 2876 Domini,
1250 2828 1353 2866 nec
1404 2811 1690 2867 instructa
1719 2811 1846 2865 efﬁ-

190 2909 346 2963 cacia
402 2904 615 2961 lavacri
675 2918 778 2975 per
825 2902 1157 2973 passionem
1210 2908 1262 2955 et
1307 2901 1795 2955 resurrectionem
1829 2950 1841 2962 ,

189 2998 326 3068 quia
357 3012 461 3050 nec
492 3010 652 3049 mors
702 2998 903 3046 nostra
933 2989 1173 3045 dissolvi
1225 2995 1423 3060 posset
1465 2988 1577 3045 nisi
1608 2977 1843 3061 Domini

186 3087 458 3158 passione
489 3086 663 3151 (Rom.
696 3086 796 3151 v1),
831 3097 935 3135 nec
966 3080 1084 3133 vita
1115 3080 1344 3133 restitui
1378 3078 1503 3135 sine
1548 3095 1842 3135 resurrec-

185 3175 342 3231 tione
374 3172 562 3245 ipsius
594 3172 660 3225 ⁴².

696 3339 903 3395 1218
934 3336 1159 3393 CAPUT
1197 3338 1311 3393 XII.

252 3496 397 3551 Cum
455 3509 591 3549 vero
645 3489 1041 3563 praescribitur
1090 3488 1311 3545 nemini
1367 3490 1495 3547 sine
1540 3491 1835 3564 baptismo

180 3588 511 3656 competere
539 3579 815 3647 salutem,
848 3596 917 3635 ex
945 3578 1047 3634 illa
1078 3578 1330 3635 maxime
1360 3580 1837 3652 pronuntiatione

183 3673 437 3741 Domini,
472 3670 574 3744 qui
605 3670 689 3726 ait
721 3685 733 3726 :
764 3669 886 3725 Nisi
912 3672 1077 3724 natus
1123 3684 1196 3725 ex
1240 3685 1389 3743 aqua
1416 3672 1537 3743 quis
1566 3673 1694 3738 erit,
1725 3686 1838 3726 non

1961 561 2080 617 imo
2128 562 2421 617 temerarii
2478 568 2829 620 rstractatus
2872 563 3284 635 quorumdam,
3317 560 3613 631 quomodo

1960 667 2029 707 ex
2085 651 2197 706 ista
2246 653 2683 723 praescriptione
2738 651 3021 724 apostolis
3079 650 3241 707 salus
3299 652 3613 720 competat,

1962 756 2111 811 quos
2166 741 2372 796 tinctos
2429 759 2544 796 non
2604 742 2936 797 invenimus
2985 741 3044 795 in
3098 738 3361 807 Domino,
3408 742 3617 807 preter

1966 828 2361 884 Paulum.lmo
2394 846 2525 883 cum
2562 830 2781 885 Paulus
2812 830 2974 884 solus
3004 846 3070 882 ex
3100 827 3217 882 illis
3249 826 3611 897 baptismum

1961 918 2173 972 Christi
2207 918 2482 987 induerit,
2508 924 2607 973 aut
2639 918 3079 989 praejudicatum
3114 933 3242 972 esse
3274 916 3345 970 de
3375 920 3611 970 cmtero-

1962 1023 2091 1061 rum
2126 1006 2403 1077 periculo,
2436 1007 2531 1077 qui
2581 1014 2815 1062 careant
2864 1024 3017 1078 aqua
3063 1005 3296 1073 Christi,
3331 1010 3395 1059 ut
3433 1021 3610 1075 prais-

1961 1095 2138 1165 ciptio
2191 1094 2353 1151 salva
2406 1096 2503 1160 sit,
2553 1101 2655 1151 aut
2704 1097 2955 1151 rescindi
3011 1094 3526 1167 prsescriptionem,
3562 1092 3607 1147 si

1960 1186 2133 1240 etiam
2168 1201 2279 1238 non
2314 1185 2517 1239 tinctis
2548 1185 2707 1240 salus
2739 1191 2960 1240 statuta
2988 1183 3329 1247 est.Audivi,
3364 1182 3611 1237 Domino

1959 1279 2129 1335 teste.
2158 1274 2470 1343 ejusmodi,
2507 1290 2576 1328 ne
2625 1274 2754 1343 quis
2788 1290 2878 1328 me
2909 1282 3030 1328 tam
3080 1272 3376 1342 perditum
3408 1271 3610 1325 existi-

1961 1370 2098 1432 met,
2134 1369 2197 1416 ut
2237 1362 2387 1416 ultro
2431 1363 2715 1433 exagitem
2766 1362 3009 1417 libidine
3042 1362 3085 1395 ’⁸⁸
3117 1360 3272 1432 styli,
3306 1376 3432 1431 quas
3481 1358 3612 1413 aliis

1959 1450 2304 1522 scrupulum
2352 1451 2735 1505 incutiant“.
2767 1452 2835 1505 Et
2882 1467 3039 1505 nunc
3089 1450 3227 1513 illis,
3272 1453 3337 1503 ut
3388 1452 3608 1517 potero,

1959 1540 2345 1611 respondebo.
2376 1540 2475 1609 qui
2508 1544 2723 1609 negant
2774 1540 3069 1610 apostolos
3116 1538 3352 1592 tinctos.
3383 1538 3524 1592 Nam
3558 1536 3608 1591 si

1958 1628 2283 1683 humanum
2316 1628 2563 1683 Joannis
2589 1629 2944 1700 baptismum
2978 1628 3249 1693 inierant,
3276 1632 3332 1682 et
3352 1625 3607 1680 Domini-

1956 1734 2087 1772 cum
2124 1717 2535 1772 desiderabant
2566 1718 2675 1788 (46)
2708 1723 2998 1788 quatenus
3028 1733 3209 1771 unum
3244 1715 3607 1786 baptismum

1957 1806 2262 1861 deﬁnierat
2290 1805 2485 1876 “ipse
2533 1806 2840 1871 Dominus,
2873 1806 3073 1859 dicens
3123 1808 3292 1859 Petro
3334 1802 3608 1873 perfundi

1959 1893 2253 1949 nolenti“
2286 1910 2299 1949 :
2334 1896 2441 1962 Qui
2486 1895 2652 1948 semet
2695 1894 2829 1949 tavit
2860 1894 2995 1964 (47),
3039 1908 3146 1949 non
3194 1892 3357 1947 habet
3398 1907 3608 1947 necesse

1957 2000 2183 2037 rursum
2234 1984 2414 2049 (Joan.
2474 2000 2598 2049 xm,
2638 1983 2693 2047 6)
2729 2000 2741 2039 :
2773 1984 2929 2053 quod
2991 1982 3193 2053 utique
3249 1997 3365 2036 non
3424 1980 3606 2035 tincto

1957 2089 2071 2126 non
2101 2072 2340 2126 omnino
2384 2071 2667 2137 dixisset;
2700 2076 2757 2125 et
2787 2071 2937 2125 hanc
2967 2075 3056 2125 est
3086 2068 3347 2140 probatio
3379 2074 3610 2125 exserta

1957 2163 2238 2215 adversus
2272 2160 2426 2227 illos,
2458 2160 2556 2229 qui
2587 2159 2858 2214 adimunt
2904 2158 3185 2229 apostolis
3216 2157 3391 2213 etiam
3430 2156 3608 2213 Joan-

1957 2248 2048 2302 nis
2082 2250 2461 2320 baptismum,
2496 2252 2562 2303 ut
2590 2249 2897 2304 destruant
2937 2264 3100 2320 aquis
3149 2250 3610 2304 sacramentum.

1956 2341 2037 2393 An
2088 2337 2367 2393 credibile
2413 2338 2596 2392 videri
2646 2342 2858 2408 potest,
2891 2338 2949 2392 in
3005 2337 3097 2392 his
3148 2335 3414 2408 personis
3461 2334 3611 2390 viam

1956 2429 2097 2480 tunc
2134 2425 2360 2481 Domini
2392 2430 2794 2498 praeparatam,
2830 2426 2887 2481 id
2920 2430 3009 2481 est
3040 2426 3401 2498 baptismum
3430 2424 3611 2480 Joan-

1956 2517 2069 2582 nis,
2102 2532 2231 2586 quaa
2278 2516 2350 2571 ad
2380 2516 2533 2570 viam
2583 2515 2812 2571 Domini
2843 2532 2945 2587 per
2995 2520 3185 2571 totum
3236 2514 3435 2570 orbem
3468 2530 3611 2584 aps-

1956 2604 2222 2659 riendam
2278 2604 2779 2660 destinabantur?
2834 2606 2965 2676 Ipse
3016 2601 3325 2674 Dominus,
3388 2602 3608 2659 nullius

1955 2692 2307 2765 poenitentiae
2355 2694 2603 2761 debitor,
2635 2695 2855 2749 tinctus
2908 2698 3017 2759 est,
3052 2693 3459 2764 peccatoribus
3490 2708 3607 2747 non

1955 2781 2067 2837 fuit
2114 2781 2395 2839 necesse?
2423 2782 2570 2848 Quid
2620 2797 2757 2853 ergo
2779 2782 2806 2835 ?
2836 2781 2934 2837 alii
2978 2782 3145 2837 tincti
3179 2798 3294 2837 non
3344 2786 3484 2838 sunt
3514 2781 3559 2816 ‘7
3582 2781 3609 2836 ?

1954 2887 2070 2926 non
2102 2876 2297 2927 tamen
2345 2870 2586 2927 comites
2634 2870 2870 2937 Christi,
2903 2871 3005 2927 sed
3046 2870 3241 2926 aemuli
3274 2870 3431 2941 ﬁdei,
3461 2869 3605 2941 legis

1953 2961 2218 3016 doctores
2275 2965 2331 3016 et
2387 2960 2686 3016 Pharismi.
2722 2959 2882 3015 Unde
2940 2964 2996 3014 et
3052 2959 3407 3031 suggeritur,
3472 2974 3605 3013 cum

1952 3049 2326 3104 adversantes
2357 3050 2599 3103 Domino
2645 3049 2839 3119 tingui
2886 3047 3200 3115 noluerint,
3230 3063 3330 3103 eos
3360 3046 3461 3119 qui
3489 3047 3607 3102 Do-

1954 3138 2182 3192 minum
2215 3137 2636 3209 sequebantur,
2668 3136 2881 3193 tinctos
2912 3137 3225 3203 fuisse,nec
3256 3153 3388 3192 cum
3420 3152 3607 3192 samu-

1866 3227 1907 3293 C
1950 3225 2022 3281 lis
2077 3227 2202 3282 suis
2262 3226 2555 3298 sapuisse,
2596 3226 2848 3282 maxime
2899 3227 3133 3298 quando
3179 3226 3467 3282 Dominus
3514 3224 3609 3279 cui

1946 3314 2561 3383 adhmrebant,‘l214
2592 3315 2931 3371 testimonio
2960 3316 3245 3371 Joannem
3278 3313 3604 3380 extulisset,

1944 3404 2130 3474 Nemo,
2171 3404 2370 3460 dicens
2421 3405 2631 3474 (Matth.
2666 3422 2729 3469 ιι,
2763 3406 2871 3477 11),
2904 3407 3086 3475 major
3132 3407 3279 3460 inter
3318 3407 3475 3459 natos
3520 3406 3603 3473 fe-

1944 3494 2229 3549 minarum
2255 3495 2467 3550 Joanne
2497 3494 2850 3565 baptizatore.
2882 3494 2992 3548 Alii
3028 3493 3200 3565 plane
3232 3492 3377 3549 satis
3406 3498 3605 3549 coacto

1944 3580 2218 3652 injiciunt
2248 3587 2388 3637 tunc
2419 3581 2715 3653 apostolos
2763 3581 3043 3654 baptismi
3086 3581 3273 3637 vicem
3321 3580 3604 3654 implesse

1946 3686 2082 3727 cum
2140 3672 2200 3727 in
2259 3671 2532 3728 navicula
2588 3672 2863 3729 ﬂuctibus
2934 3671 3161 3743 aspersi
3217 3672 3406 3744 operti
3462 3677 3604 3728 sunt

1598 3814 1801 3875 Variae
1839 3814 2161 3875 lectiones.

247 3948 291 3982 ⁸ο
321 3946 596 4016 Inquiunt
624 3947 805 3999 Paris.
882 3944 923 3979 ⁴¹
957 3944 1134 4016 Quasi
1164 3944 1349 4016 Paris.
1381 3945 1509 3999 Jun.
1545 3944 1862 3999 Corbinian.

1967 3946 2012 3979 ⁴²
2045 3946 2417 4001 Surrectione
2448 3944 2635 4012 ipsius
2675 3946 2859 3999 Paris.
2954 3945 3000 3979 “
3033 3943 3357 3999 Libidinem
3390 3945 3595 4016 Rigalt.

175 4021 340 4074 Fran.
416 4018 461 4051 “
492 4016 744 4071 Incutiat
789 4017 954 4087 Fran.
1033 4015 1076 4049 ‘5
1107 4015 1452 4071 Deliniebat.
1484 4033 1535 4072 υ.
1568 4033 1615 4073 c.
1657 4016 1856 4073 Wouw.
1936 4016 1980 4052 ιδ
2008 4016 2238 4073 Volenti
2280 4019 2411 4073 Iun.
2449 4017 2768 4073 Corbinian.
2845 4017 2889 4049 ‘7
2919 4018 3083 4080 Quod
3135 4032 3266 4087 ergo
3317 4015 3469 4086 Jun.,
3502 4017 3603 4073 alii

174 4092 343 4147 tincti
375 4106 488 4143 non
519 4088 640 4143 sint
672 4104 722 4142 υ.
756 4103 804 4141 c.
849 4086 1048 4142 Wouw.

1623 4184 2142 4245 Commentarius.

252 4312 363 4382 (45)
398 4312 515 4379 lgni
560 4309 841 4382 tinguitur
890 4310 951 4382 in
980 4306 1271 4382 iudicium.
1304 4307 1417 4382 _Sic_
1449 4307 1676 4382 adsolet
1704 4311 1843 4382 Ter-

183 4378 469 4437 tullianus
530 4396 542 4434 :
602 4380 831 4449 quoties
890 4381 956 4433 lit
1008 4379 1224 4434 mentio
1300 4378 1476 4449 ignis,
1536 4380 1842 4434 confestim

182 4453 755 4522 occasionemrrapit,
790 4450 1158 4522 intenditque
1206 4450 1263 4504 in
1316 4466 1661 4522 supremum
1700 4450 1843 4505 illud

1956 4307 2446 4381 resurrectionem
2479 4306 2705 4381 Christi
2727 4307 2959 4381 negavit
2988 4307 3429 4381 apostolisgcap.
3465 4327 3608 4381 pra-

1954 4380 2220 4451 cedenti;
2255 4395 2390 4433 nam
2442 4395 2547 4434 nec
2578 4379 2846 4435 Christus
2890 4380 3207 4449 baptizavit
3256 4379 3409 4447 illos,
3439 4379 3610 4451 juxta

1954 4450 2405 4518 Tertullianum,
2436 4466 2619 4521 neque
2653 4452 2989 4505 institutum
3025 4458 3147 4506 erat
3173 4450 3608 4508 sacramentum

183 4524 415 4582 Domini
440 4521 756 4594 judicium.
792 4521 922 4594 Alii
953 4538 1085 4576 vero
1136 4522 1357 4594 dictum
1393 4521 1539 4594 illud
1570 4523 1837 4591 Joannis,
1871 4530 1916 4594 Ι)
1949 4522 2251 4593 baptismi,
2285 4524 2438 4593 quod
2475 4528 2715 4593 possent
2746 4522 3081 4577 ministrare
3110 4523 3246 4594 ipsi,
3282 4524 3437 4578 idem
3470 4529 3609 4580 Ter-

181 4592 494 4675 ventu‘rum
525 4593 825 4675 ‘mox_qui
884 4593 1180 4674 tingueret
1226 4593 1286 4646 in
1337 4592 1655 4675 spiritunet
1697 4594 1839 4675 igni,

184 4669 479 4739 accipiunt
509 4665 578 4719 de
608 4664 861 4739 Spiritus
887 4666 1073 4719 sancti
1105 4665 1163 4718 in
1194 4666 1492 4735 apostolos
1524 4664 1743 4735 illapsu
1770 4669 1841 4721 ad

185 4736 337 4797 diem
377 4740 762 4791 Pentecostes.
800 4736 927 4790 Rm.

257 4813 370 4883 (46)
412 4812 485 4883 Et
535 4809 879 4883 Dominicum
935 4806 1481 4883 desidera.bant.‘Ut
1538 4807 1721 4861 renati
1781 4822 1850 4861 ex

191 4878 435 4953 aq'ua'et
462 4880 684 4951 Spiritu
738 4884 963 4953 sancto,
1000 4879 1279 4953 haberent
1326 4878 1507 4953 vitam
1550 4884 1846 4953 aeternam.

190 4949 335 5009 Nam
371 4949 691 5008 necessitas
741 4950 845 5003 illa
872 4950 1039 5004 Joan.
1075 4967 1137 5004 ιιι
1169 4949 1359 5004 edicta
1394 4966 1405 5002 :
1441 4951 1559 5005 Nisi
1606 4952 1727 5020 quis
1766 4967 1848 5004 re-

190 5036 366 5104 natus.
399 5027 577 5104 fuerit
625 5040 698 5077 ea:
746 5022 1235 5104 aquaet‘Spiritu
1284 5030 1491 5104 sancto,
1526 5039 1637 5104 non
1680 5026 1853 5104 potest

192 5093 427 5152 introire
460 5097 522 5149 in
552 5109 783 5163 regnum
813 5095 934 5157 Dei,
966 5094 1036 5147 de
1069 5094 1363 5163 baptismo
1412 5093 1627 5147 Christi
1678 5093 1850 5149 intel-

196 5168 432 5239 ligenda
462 5165 1335 5239 est.Respondetigiturauctor
1368 5164 1438 5219 iis
1471 5165 1569 5234 qui
1600 5166 1849 5239 ecquod

196 5236 491 5313 apostolos
526 5237 996 5313 non_baptizato_s
1047 5237 1326 5313 dicerent,
1362 5251 1561 5313 eorum
1597 5236 1847 5313 salutem

195 5306 255 5369 in
307 5308 766 5367 controversiam
817 5310 1121 5374 vocabant,
1162 5308 1249 5362 vel
1299 5306 1538 5361 omnino
1593 5308 1853 5379 ambige-

199 5388 362 5449 bant,
394 5388 452 5437 et
500 5381 758 5452 primum
810 5396 981 5451 agere
1034 5383 1209 5450 carpit
1256 5381 1539 5452 adversus
1588 5395 1708 5445 eos,
1754 5380 1853 5449 qui

198 5458 449 5529 sigmate
478 5450 774 5525 negabant
805 5450 1086 5529 apostolis
1117 5452 1477 5529 bapti_smum_
1510 5450 1745 5529 Christi,
1768 5452 1855 5529 id-

200 5522 403 5601 quein
437 5522 723 5601 hoc'cap.
754 5522 868 5580 non
918 5524 1215 5601 inliciatur
1258 5522 1500 5601 Tertull.
1533 5524 1639 5577 Sed
1674 5524 1854 5579 absti-

202 5594 302 5655 net
333 5599 441 5653 bac
498 5594 843 5667 quaestione,
877 5600 931 5650 et
980 5600 1209 5650 tantum
1260 5594 1529 5667 intendit.
1566 5612 1678 5648 non
1729 5612 1858 5651 esse

207 5666 599 5727 dubitandum
630 5670 719 5740 de;
755 5667 989 5724 illorum
1024 5668 1213 5724 salute
1249 5684 1261 5722 :
1295 5667 1426 5740 licet
1473 5666 1687 5740 Christi
1718 5669 1857 5740 bap-

210 5745 389 5802 tismo
420 5757 536 5799 non
581 5738 795 5796 fuerint
843 5740 1080 5814 initiati,
1112 5756 1287 5813 quem
1331 5739 1693 5813 baptismum
1724 5738 1860 5799 ante

532 5871 796 5933 ΡΑτιιοι..
844 5869 891 5928 Ι.

1954 4594 2339 4664 tull.probat;
2375 4596 2665 4649 t'uerintne
2695 4600 2827 4665 post
2876 4594 3361 4649 resurrectionem
3394 4596 3611 4651 Christi

1956 4667 2256 4736 baptizati,
2290 4682 2401 4719 non
2434 4666 2716 4737 disputat,
2750 4683 2852 4721 nec
2898 4666 3145 4720 inclinat
3175 4668 3474 4734 alterutro,
3510 4671 3611 4723 sed

1956 4738 2117 4792 illius
2174 4743 2405 4791 tantum
2463 4738 2788 4811 SCOpUSJn
2847 4738 2955 4793 hoc
3008 4754 3134 4811 cap.
3170 4744 3613 4811 estpapostolis

1958 4814 2287 4883 competere
2340 4811 2579 4883 omnino
2637 4809 2911 4874 salutem,
2972 4810 3092 4883 sive
3150 4809 3317 4864 tincti
3371 4809 3613 4883 iuerint,

1959 4882 2079 4936 sive
2111 4880 2280 4953 illoti,
2316 4881 2411 4933 ubi
2446 4888 2675 4953 arrepta
2708 4883 3016 4936 occasione
3046 4882 3340 4951 baptisma
3370 4880 3615 4940 Joannis

1960 4952 2254 5022 accepisse
2311 4954 2520 5022 probat
2554 4952 2675 5010 :at
2735 4955 2805 5008 de
2866 4954 3161 5008 Dominico
3221 4960 3389 5010 caute
3445 4956 3614 5021 silet;

1961 5041 2142 5096 quare
2172 5023 2401 5088 titulus,
2435 5041 2609 5095 quem
2641 5026 2815 5095 capiti
2850 5024 2983 5079 huic
3018 5025 3262 5096 praefixit
3293 5027 3608 5091 Pamelius,

1962 5097 2115 5167 quod
2181 5097 2411 5165 apostoli
2469 5098 2738 5167 baptizuti
2806 5099 2978 5167 fuisse
3028 5098 3348 5161 uideantur,
3398 5097 3617 5153 indicat

1961 5168 2134 5250 plane
2166 5167 2790 5250 minimehcolli'masse
2827 5167 3090 5250 auctoris
3140 5173 3415 5250 mentem.
3453 5170 3616 5226 Unde

1963 5238 2369 5294 illustrissimo
2402 5239 2669 5305 Baronio,
2704 5258 2796 5294 an.
2826 5240 2914 5305 31,
2948 5255 3112 5294 num.
3146 5239 3196 5302 4,
3230 5238 3363 5293 licet
3406 5258 3520 5297 non
3555 5260 3617 5298 se

1962 5311 2209 5385 explicet
2265 5312 2526 5385 omnino,
2588 5317 2644 5365 et
2700 5310 3066 5385 Bellarmino,
3129 5309 3280 5385 lib.1
3332 5310 3396 5385 de
3453 5319 3611 5385 Bapt.

1964 5380 2092 5454 cap.
2124 5383 2194 5435 25
2226 5383 2425 5436 minus
2459 5383 2650 5438 illuxit
2677 5384 2798 5437 Afri
2846 5384 3029 5436 nostri
3073 5380 3474 5454 testimonium
3509 5380 3617 5441 hoc

1965 5453 2094 5525 cap.
2130 5462 2192 5509 ut
2222 5455 2537 5525 probarent
2569 5454 2866 5525 apostolos
2900 5454 3082 5509 fuisse
3120 5453 3415 5524 baptismo
3447 5457 3616 5513 Chri-

1967 5528 2040 5582 sti
2076 5526 2305 5581 tinctos.
2345 5526 2475 5581 Lac.

2039 5599 2151 5669 (47)
2186 5599 2291 5665 Qui
2322 5598 2506 5669 semel
2538 5597 2689 5650 lavit.
2724 5597 2803 5650 De
2836 5595 3145 5669 baptismo
3186 5612 3301 5651 non
3349 5597 3614 5654 iterando

1962 5667 2086 5727 haec
2116 5667 2289 5727 verba
2319 5668 2475 5741 loqui
2510 5669 2795 5723 videntur.
2832 5668 2909 5724 LE
2938 5667 3038 5721 Pa.

3220 5868 3298 5928 42
