  <div class='ocr_page' id='page_1' title='image "/cluster/home/n/w/nwhite01/storage/ocr_20150623/1/umn.31951002477295j/665.png"; bbox 0 0 4050 6342; ppageno 0'>
   <div class='ocr_carea' id='block_1_1' title="bbox 482 353 640 414">
    <p class='ocr_par' dir='ltr' id='par_1_1' title="bbox 482 353 640 414">
     <span class='ocr_line' id='line_1_1' title="bbox 482 353 640 414; baseline -0.019 0"><span class='ocrx_word' id='word_1_1' title='bbox 482 353 640 414; x_wconf 75' lang='lat' dir='ltr'>I323</span> 
     </span>
    </p>
   </div>
   <div class='ocr_carea' id='block_1_2' title="bbox 1043 339 3323 418">
    <p class='ocr_par' dir='ltr' id='par_1_2' title="bbox 1043 339 3323 418">
     <span class='ocr_line' id='line_1_2' title="bbox 1043 339 3323 418; baseline -0.001 -10"><span class='ocrx_word' id='word_1_2' title='bbox 1043 343 1566 408; x_wconf 81' lang='lat' dir='ltr'>TERTULLIANI</span> <span class='ocrx_word' id='word_1_3' title='bbox 1609 341 1928 404; x_wconf 81' lang='lat' dir='ltr'>OPERUM</span> <span class='ocrx_word' id='word_1_4' title='bbox 1975 339 2174 400; x_wconf 80' lang='lat' dir='ltr'>PARS</span> <span class='ocrx_word' id='word_1_5' title='bbox 2216 341 2262 399; x_wconf 90' lang='grc' dir='ltr'><strong>Ι.</strong></span> <span class='ocrx_word' id='word_1_6' title='bbox 2305 374 2376 385; x_wconf 90' lang='grc'><strong>-</strong></span> <span class='ocrx_word' id='word_1_7' title='bbox 2407 340 2679 405; x_wconf 78' lang='lat' dir='ltr'>SERIES</span> <span class='ocrx_word' id='word_1_8' title='bbox 2722 345 2802 418; x_wconf 88' lang='lat' dir='ltr'><strong>II,</strong></span> <span class='ocrx_word' id='word_1_9' title='bbox 2846 345 3323 408; x_wconf 79' lang='lat' dir='ltr'>DOGMATICA.</span> 
     </span>
    </p>
   </div>
   <div class='ocr_carea' id='block_1_3' title="bbox 3735 346 3894 407">
    <p class='ocr_par' dir='ltr' id='par_1_3' title="bbox 3735 346 3894 407">
     <span class='ocr_line' id='line_1_3' title="bbox 3735 346 3894 407; baseline 0.006 -1"><span class='ocrx_word' id='word_1_10' title='bbox 3735 346 3894 407; x_wconf 65' lang='lat' dir='ltr'>I334</span> 
     </span>
    </p>
   </div>
   <div class='ocr_carea' id='block_1_4' title="bbox 481 474 3896 558">
    <p class='ocr_par' dir='ltr' id='par_1_4' title="bbox 481 474 3896 558">
     <span class='ocr_line' id='line_1_4' title="bbox 481 474 3896 558; baseline -0.003 -18"><span class='ocrx_word' id='word_1_11' title='bbox 481 485 691 558; x_wconf 84' lang='lat' dir='ltr'>(Matth.</span> <span class='ocrx_word' id='word_1_12' title='bbox 720 484 884 555; x_wconf 79' lang='lat' dir='ltr'>vni);</span> <span class='ocrx_word' id='word_1_13' title='bbox 918 483 1112 554; x_wconf 89' lang='lat' dir='ltr'>ipsum</span> <span class='ocrx_word' id='word_1_14' title='bbox 1159 494 1388 550; x_wconf 88' lang='lat' dir='ltr'>quoque</span> <span class='ocrx_word' id='word_1_15' title='bbox 1417 478 1650 532; x_wconf 88' lang='lat' dir='ltr'>Petrum</span> <span class='ocrx_word' id='word_1_16' title='bbox 1698 491 1801 547; x_wconf 90' lang='lat' dir='ltr'>per</span> <span class='ocrx_word' id='word_1_17' title='bbox 1838 490 1998 529; x_wconf 90' lang='lat' dir='ltr'>mare</span> <span class='ocrx_word' id='word_1_18' title='bbox 2026 474 2114 528; x_wconf 92' lang='lat' dir='ltr'>in-</span> <span class='ocrx_word' id='word_1_19' title='bbox 2144 474 2199 540; x_wconf 77' lang='grc' dir='ltr'><strong>Α</strong></span> <span class='ocrx_word' id='word_1_20' title='bbox 2231 476 2568 548; x_wconf 59' lang='lat' dir='ltr'>praescripta</span> <span class='ocrx_word' id='word_1_21' title='bbox 2633 480 2726 548; x_wconf 79' lang='lat' dir='ltr'>Ite,</span> <span class='ocrx_word' id='word_1_22' title='bbox 2767 478 2990 550; x_wconf 84' lang='lat' dir='ltr'>inquit,</span> <span class='ocrx_word' id='word_1_23' title='bbox 3037 478 3215 536; x_wconf 85' lang='lat' dir='ltr'>docete</span> <span class='ocrx_word' id='word_1_24' title='bbox 3259 481 3530 551; x_wconf 79' lang='lat' dir='ltr'>nationes,</span> <span class='ocrx_word' id='word_1_25' title='bbox 3580 482 3896 550; x_wconf 70' lang='lat' dir='ltr'>tinguentes</span> 
     </span>
    </p>
   </div>
   <div class='ocr_carea' id='block_1_5' title="bbox 482 565 2128 648">
    <p class='ocr_par' dir='ltr' id='par_1_5' title="bbox 482 565 2128 648">
     <span class='ocr_line' id='line_1_5' title="bbox 482 565 2128 648; baseline -0.009 -18"><span class='ocrx_word' id='word_1_26' title='bbox 482 575 840 648; x_wconf 81' lang='lat' dir='ltr'>gradientem</span> <span class='ocrx_word' id='word_1_27' title='bbox 890 571 1034 626; x_wconf 82' lang='lat' dir='ltr'>satis</span> <span class='ocrx_word' id='word_1_28' title='bbox 1084 585 1338 624; x_wconf 88' lang='lat' dir='ltr'>mersum</span> <span class='ocrx_word' id='word_1_29' title='bbox 1389 567 1585 637; x_wconf 85' lang='lat' dir='ltr'>(Matth</span> <span class='ocrx_word' id='word_1_30' title='bbox 1643 566 1782 637; x_wconf 81' lang='lat' dir='ltr'>xiv).</span> <span class='ocrx_word' id='word_1_31' title='bbox 1820 565 1888 620; x_wconf 90' lang='lat' dir='ltr'>Ut</span> <span class='ocrx_word' id='word_1_32' title='bbox 1918 565 2128 635; x_wconf 84' lang='lat' dir='ltr'>opinor</span> 
     </span>
    </p>
   </div>
   <div class='ocr_carea' id='block_1_6' title="bbox 483 651 2128 730">
    <p class='ocr_par' dir='ltr' id='par_1_6' title="bbox 483 651 2128 730">
     <span class='ocr_line' id='line_1_6' title="bbox 483 651 2128 730; baseline -0.008 -12"><span class='ocrx_word' id='word_1_33' title='bbox 483 668 699 729; x_wconf 88' lang='lat' dir='ltr'>autem,</span> <span class='ocrx_word' id='word_1_34' title='bbox 729 659 886 715; x_wconf 85' lang='lat' dir='ltr'>aliud</span> <span class='ocrx_word' id='word_1_35' title='bbox 919 658 1149 730; x_wconf 81' lang='lat' dir='ltr'>aspergi</span> <span class='ocrx_word' id='word_1_36' title='bbox 1197 656 1286 710; x_wconf 87' lang='lat' dir='ltr'>vel</span> <span class='ocrx_word' id='word_1_37' title='bbox 1320 654 1586 724; x_wconf 82' lang='lat' dir='ltr'>intercipi</span> <span class='ocrx_word' id='word_1_38' title='bbox 1617 653 1891 708; x_wconf 82' lang='lat' dir='ltr'>violentia</span> <span class='ocrx_word' id='word_1_39' title='bbox 1926 651 2128 730; x_wconf 51' lang='lat' dir='ltr'>maris.</span> 
     </span>
    </p>
   </div>
   <div class='ocr_carea' id='block_1_7' title="bbox 484 741 2124 821">
    <p class='ocr_par' dir='ltr' id='par_1_7' title="bbox 484 741 2124 821">
     <span class='ocr_line' id='line_1_7' title="bbox 484 741 2124 821; baseline -0.009 -14"><span class='ocrx_word' id='word_1_40' title='bbox 484 751 642 808; x_wconf 88' lang='lat' dir='ltr'>aliud</span> <span class='ocrx_word' id='word_1_41' title='bbox 674 749 882 821; x_wconf 87' lang='lat' dir='ltr'>itingui</span> <span class='ocrx_word' id='word_1_42' title='bbox 931 745 1241 816; x_wconf 83' lang='lat' dir='ltr'>disciplina</span> <span class='ocrx_word' id='word_1_43' title='bbox 1292 743 1610 813; x_wconf 91' lang='lat' dir='ltr'>religionis.</span> <span class='ocrx_word' id='word_1_44' title='bbox 1644 743 1924 797; x_wconf 67' lang='lat' dir='ltr'>Caeterum</span> <span class='ocrx_word' id='word_1_45' title='bbox 1968 741 2124 795; x_wconf 85' lang='lat' dir='ltr'>navi-</span> 
     </span>
    </p>
   </div>
   <div class='ocr_carea' id='block_1_8' title="bbox 485 829 2124 908">
    <p class='ocr_par' dir='ltr' id='par_1_8' title="bbox 485 829 2124 908">
     <span class='ocr_line' id='line_1_8' title="bbox 485 829 2124 908; baseline -0.008 -13"><span class='ocrx_word' id='word_1_46' title='bbox 485 839 616 896; x_wconf 91' lang='lat' dir='ltr'>cula</span> <span class='ocrx_word' id='word_1_47' title='bbox 653 837 754 892; x_wconf 91' lang='lat' dir='ltr'>illa</span> <span class='ocrx_word' id='word_1_48' title='bbox 809 838 1056 908; x_wconf 85' lang='lat' dir='ltr'>ﬁguram</span> <span class='ocrx_word' id='word_1_49' title='bbox 1119 832 1380 888; x_wconf 71' lang='lat' dir='ltr'>Ecclesiae</span> <span class='ocrx_word' id='word_1_50' title='bbox 1440 831 1800 901; x_wconf 67' lang='lat' dir='ltr'>praeferebat,</span> <span class='ocrx_word' id='word_1_51' title='bbox 1853 831 2006 900; x_wconf 92' lang='lat' dir='ltr'>quod</span> <span class='ocrx_word' id='word_1_52' title='bbox 2067 829 2124 882; x_wconf 91' lang='lat' dir='ltr'>in</span> 
     </span>
    </p>
   </div>
   <div class='ocr_carea' id='block_1_9' title="bbox 484 917 2123 992">
    <p class='ocr_par' dir='ltr' id='par_1_9' title="bbox 484 917 2123 992">
     <span class='ocr_line' id='line_1_9' title="bbox 484 917 2123 992; baseline -0.007 -10"><span class='ocrx_word' id='word_1_53' title='bbox 484 927 655 992; x_wconf 88' lang='lat' dir='ltr'>mari,</span> <span class='ocrx_word' id='word_1_54' title='bbox 687 926 746 980; x_wconf 90' lang='lat' dir='ltr'>id</span> <span class='ocrx_word' id='word_1_55' title='bbox 776 929 866 980; x_wconf 87' lang='lat' dir='ltr'>est</span> <span class='ocrx_word' id='word_1_56' title='bbox 891 922 1122 989; x_wconf 62' lang='lat' dir='ltr'>seculo,</span> <span class='ocrx_word' id='word_1_57' title='bbox 1162 920 1459 983; x_wconf 87' lang='lat' dir='ltr'>ﬂuctibus,</span> <span class='ocrx_word' id='word_1_58' title='bbox 1497 919 1551 972; x_wconf 90' lang='lat' dir='ltr'>id</span> <span class='ocrx_word' id='word_1_59' title='bbox 1587 923 1673 974; x_wconf 91' lang='lat' dir='ltr'>est</span> <span class='ocrx_word' id='word_1_60' title='bbox 1706 917 2123 989; x_wconf 82' lang='lat' dir='ltr'>persecutioni-</span> 
     </span>
    </p>
   </div>
   <div class='ocr_carea' id='block_1_10' title="bbox 484 1006 2122 1078">
    <p class='ocr_par' dir='ltr' id='par_1_10' title="bbox 484 1006 2122 1078">
     <span class='ocr_line' id='line_1_10' title="bbox 484 1006 2122 1078; baseline -0.008 -7"><span class='ocrx_word' id='word_1_61' title='bbox 484 1018 592 1071; x_wconf 90' lang='lat' dir='ltr'>bus</span> <span class='ocrx_word' id='word_1_62' title='bbox 624 1019 682 1069; x_wconf 92' lang='lat' dir='ltr'>et</span> <span class='ocrx_word' id='word_1_63' title='bbox 710 1011 1136 1068; x_wconf 88' lang='lat' dir='ltr'>tentationibus</span> <span class='ocrx_word' id='word_1_64' title='bbox 1186 1008 1565 1078; x_wconf 89' lang='lat' dir='ltr'>inquietatur,</span> <span class='ocrx_word' id='word_1_65' title='bbox 1598 1006 1866 1076; x_wconf 30' lang='lat' dir='ltr'>Dominov</span> <span class='ocrx_word' id='word_1_66' title='bbox 1892 1022 1993 1076; x_wconf 87' lang='lat' dir='ltr'>per</span> <span class='ocrx_word' id='word_1_67' title='bbox 2024 1023 2122 1076; x_wconf 83' lang='lat' dir='ltr'>pa-</span> 
     </span>
    </p>
   </div>
   <div class='ocr_carea' id='block_1_11' title="bbox 481 1094 2122 1169">
    <p class='ocr_par' dir='ltr' id='par_1_11' title="bbox 481 1094 2122 1169">
     <span class='ocr_line' id='line_1_11' title="bbox 481 1094 2122 1169; baseline -0.007 -10"><span class='ocrx_word' id='word_1_68' title='bbox 481 1104 628 1159; x_wconf 88' lang='lat' dir='ltr'>tiam</span> <span class='ocrx_word' id='word_1_69' title='bbox 661 1101 818 1158; x_wconf 90' lang='lat' dir='ltr'>velut</span> <span class='ocrx_word' id='word_1_70' title='bbox 848 1099 1171 1155; x_wconf 83' lang='lat' dir='ltr'>dormiente</span> <span class='ocrx_word' id='word_1_71' title='bbox 1211 1096 1420 1169; x_wconf 92' lang='lat' dir='ltr'>(Matth.</span> <span class='ocrx_word' id='word_1_72' title='bbox 1456 1095 1600 1166; x_wconf 81' lang='lat' dir='ltr'><strong>VIII),</strong></span> <span class='ocrx_word' id='word_1_73' title='bbox 1633 1095 1813 1150; x_wconf 87' lang='lat' dir='ltr'>donec</span> <span class='ocrx_word' id='word_1_74' title='bbox 1843 1094 2122 1149; x_wconf 89' lang='lat' dir='ltr'>orationi-</span> 
     </span>
    </p>
   </div>
   <div class='ocr_carea' id='block_1_12' title="bbox 481 1185 2125 1249">
    <p class='ocr_par' dir='ltr' id='par_1_12' title="bbox 481 1185 2125 1249">
     <span class='ocr_line' id='line_1_12' title="bbox 481 1185 2125 1249; baseline -0.007 -2"><span class='ocrx_word' id='word_1_75' title='bbox 481 1193 594 1247; x_wconf 88' lang='lat' dir='ltr'>bus</span> <span class='ocrx_word' id='word_1_76' title='bbox 651 1195 988 1245; x_wconf 88' lang='lat' dir='ltr'>sanctorum</span> <span class='ocrx_word' id='word_1_77' title='bbox 1039 1187 1094 1241; x_wconf 88' lang='lat' dir='ltr'>in</span> <span class='ocrx_word' id='word_1_78' title='bbox 1147 1185 1369 1240; x_wconf 82' lang='lat' dir='ltr'>ultimis</span> <span class='ocrx_word' id='word_1_79' title='bbox 1419 1185 1758 1249; x_wconf 85' lang='lat' dir='ltr'>suscitatus,</span> <span class='ocrx_word' id='word_1_80' title='bbox 1791 1187 2125 1249; x_wconf 85' lang='lat' dir='ltr'>compescat</span> 
     </span>
    </p>
   </div>
   <div class='ocr_carea' id='block_1_13' title="bbox 481 1271 2123 1348">
    <p class='ocr_par' dir='ltr' id='par_1_13' title="bbox 481 1271 2123 1348">
     <span class='ocr_line' id='line_1_13' title="bbox 481 1271 2123 1348; baseline -0.006 -13"><span class='ocrx_word' id='word_1_81' title='bbox 481 1279 762 1336; x_wconf 66' lang='lat' dir='ltr'>saeculum</span> <span class='ocrx_word' id='word_1_82' title='bbox 791 1277 903 1348; x_wconf 78' lang='grc'>(48)</span> <span class='ocrx_word' id='word_1_83' title='bbox 933 1283 989 1331; x_wconf 86' lang='lat' dir='ltr'>et</span> <span class='ocrx_word' id='word_1_84' title='bbox 1018 1273 1506 1345; x_wconf 80' lang='lat' dir='ltr'>tranquillitatem</span> <span class='ocrx_word' id='word_1_85' title='bbox 1547 1273 1672 1327; x_wconf 86' lang='lat' dir='ltr'>suis</span> <span class='ocrx_word' id='word_1_86' title='bbox 1704 1271 1925 1326; x_wconf 85' lang='lat' dir='ltr'>reddat.</span> <span class='ocrx_word' id='word_1_87' title='bbox 1959 1271 2123 1325; x_wconf 89' lang='lat' dir='ltr'>Nunc</span> 
     </span>
    </p>
   </div>
   <div class='ocr_carea' id='block_1_14' title="bbox 481 1359 2121 1436">
    <p class='ocr_par' dir='ltr' id='par_1_14' title="bbox 481 1359 2121 1436">
     <span class='ocr_line' id='line_1_14' title="bbox 481 1359 2121 1436; baseline -0.007 -12"><span class='ocrx_word' id='word_1_88' title='bbox 481 1368 600 1424; x_wconf 90' lang='lat' dir='ltr'>sive</span> <span class='ocrx_word' id='word_1_89' title='bbox 630 1365 797 1421; x_wconf 90' lang='lat' dir='ltr'>tincti</span> <span class='ocrx_word' id='word_1_90' title='bbox 829 1379 1061 1436; x_wconf 92' lang='lat' dir='ltr'>quoquo</span> <span class='ocrx_word' id='word_1_91' title='bbox 1095 1363 1263 1416; x_wconf 90' lang='lat' dir='ltr'>modo</span> <span class='ocrx_word' id='word_1_92' title='bbox 1296 1362 1550 1428; x_wconf 85' lang='lat' dir='ltr'>fuerunt,</span> <span class='ocrx_word' id='word_1_93' title='bbox 1583 1359 1704 1414; x_wconf 90' lang='lat' dir='ltr'>sive</span> <span class='ocrx_word' id='word_1_94' title='bbox 1734 1359 1880 1413; x_wconf 90' lang='lat' dir='ltr'>illoti</span> <span class='ocrx_word' id='word_1_95' title='bbox 1929 1374 2121 1429; x_wconf 87' lang='lat' dir='ltr'>perse-</span> 
     </span>
    </p>
   </div>
   <div class='ocr_carea' id='block_1_15' title="bbox 481 1447 2120 1518">
    <p class='ocr_par' dir='ltr' id='par_1_15' title="bbox 481 1447 2120 1518">
     <span class='ocr_line' id='line_1_15' title="bbox 481 1447 2120 1518; baseline -0.007 -7"><span class='ocrx_word' id='word_1_96' title='bbox 481 1457 847 1518; x_wconf 88' lang='lat' dir='ltr'>veraverunt,</span> <span class='ocrx_word' id='word_1_97' title='bbox 881 1458 946 1507; x_wconf 92' lang='lat' dir='ltr'>ut</span> <span class='ocrx_word' id='word_1_98' title='bbox 979 1457 1034 1506; x_wconf 90' lang='lat' dir='ltr'>et</span> <span class='ocrx_word' id='word_1_99' title='bbox 1063 1450 1207 1504; x_wconf 89' lang='lat' dir='ltr'>illud</span> <span class='ocrx_word' id='word_1_100' title='bbox 1239 1449 1459 1503; x_wconf 89' lang='lat' dir='ltr'>dictum</span> <span class='ocrx_word' id='word_1_101' title='bbox 1500 1447 1722 1502; x_wconf 88' lang='lat' dir='ltr'>Domini</span> <span class='ocrx_word' id='word_1_102' title='bbox 1762 1449 1939 1515; x_wconf 83' lang='lat' dir='ltr'>(Joan.</span> <span class='ocrx_word' id='word_1_103' title='bbox 1971 1447 2120 1516; x_wconf 73' lang='grc' dir='ltr'>χιιι),</span> 
     </span>
    </p>
   </div>
   <div class='ocr_carea' id='block_1_16' title="bbox 484 1536 2122 1608">
    <p class='ocr_par' dir='ltr' id='par_1_16' title="bbox 484 1536 2122 1608">
     <span class='ocr_line' id='line_1_16' title="bbox 484 1536 2122 1608; baseline -0.007 -8"><span class='ocrx_word' id='word_1_104' title='bbox 484 1545 555 1600; x_wconf 89' lang='lat' dir='ltr'>de</span> <span class='ocrx_word' id='word_1_105' title='bbox 586 1559 700 1598; x_wconf 91' lang='lat' dir='ltr'>uno</span> <span class='ocrx_word' id='word_1_106' title='bbox 732 1543 958 1597; x_wconf 86' lang='lat' dir='ltr'>lavacro</span> <span class='ocrx_word' id='word_1_107' title='bbox 1011 1539 1119 1594; x_wconf 90' lang='lat' dir='ltr'>sub</span> <span class='ocrx_word' id='word_1_108' title='bbox 1153 1537 1302 1593; x_wconf 92' lang='lat' dir='ltr'>Petri</span> <span class='ocrx_word' id='word_1_109' title='bbox 1335 1553 1584 1608; x_wconf 88' lang='lat' dir='ltr'>persona</span> <span class='ocrx_word' id='word_1_110' title='bbox 1615 1536 1726 1606; x_wconf 81' lang='grc'>(49)</span> <span class='ocrx_word' id='word_1_111' title='bbox 1758 1537 1828 1591; x_wconf 89' lang='lat' dir='ltr'>ad</span> <span class='ocrx_word' id='word_1_112' title='bbox 1859 1552 1964 1590; x_wconf 89' lang='lat' dir='ltr'>nos</span> <span class='ocrx_word' id='word_1_113' title='bbox 1993 1542 2122 1590; x_wconf 89' lang='lat' dir='ltr'>tan-</span> 
     </span>
    </p>
   </div>
   <div class='ocr_carea' id='block_1_17' title="bbox 483 1624 2121 1700">
    <p class='ocr_par' dir='ltr' id='par_1_17' title="bbox 483 1624 2121 1700">
     <span class='ocr_line' id='line_1_17' title="bbox 483 1624 2121 1700; baseline -0.007 -12"><span class='ocrx_word' id='word_1_114' title='bbox 483 1631 791 1688; x_wconf 88' lang='lat' dir='ltr'>tummodo</span> <span class='ocrx_word' id='word_1_115' title='bbox 847 1632 1090 1700; x_wconf 87' lang='lat' dir='ltr'>spectet,</span> <span class='ocrx_word' id='word_1_116' title='bbox 1131 1627 1201 1682; x_wconf 91' lang='lat' dir='ltr'>de</span> <span class='ocrx_word' id='word_1_117' title='bbox 1247 1625 1436 1681; x_wconf 91' lang='lat' dir='ltr'>salute</span> <span class='ocrx_word' id='word_1_118' title='bbox 1482 1629 1676 1680; x_wconf 90' lang='lat' dir='ltr'>tamen</span> <span class='ocrx_word' id='word_1_119' title='bbox 1725 1624 2121 1695; x_wconf 84' lang='lat' dir='ltr'>apostolorum</span> 
     </span>
    </p>
   </div>
   <div class='ocr_carea' id='block_1_18' title="bbox 485 1711 2123 1784">
    <p class='ocr_par' dir='ltr' id='par_1_18' title="bbox 485 1711 2123 1784">
     <span class='ocr_line' id='line_1_18' title="bbox 485 1711 2123 1784; baseline -0.007 -8"><span class='ocrx_word' id='word_1_120' title='bbox 485 1723 628 1777; x_wconf 81' lang='lat' dir='ltr'>satis</span> <span class='ocrx_word' id='word_1_121' title='bbox 685 1718 1066 1774; x_wconf 89' lang='lat' dir='ltr'>temerarium</span> <span class='ocrx_word' id='word_1_122' title='bbox 1113 1719 1171 1770; x_wconf 89' lang='lat' dir='ltr'>et</span> <span class='ocrx_word' id='word_1_123' title='bbox 1227 1713 1534 1780; x_wconf 66' lang='lat' dir='ltr'>aestimare,</span> <span class='ocrx_word' id='word_1_124' title='bbox 1569 1712 1710 1784; x_wconf 87' lang='lat' dir='ltr'>quia</span> <span class='ocrx_word' id='word_1_125' title='bbox 1765 1713 1808 1746; x_wconf 73' lang='grc'>⁸⁸</span> <span class='ocrx_word' id='word_1_126' title='bbox 1857 1711 1977 1767; x_wconf 91' lang='lat' dir='ltr'>illis</span> <span class='ocrx_word' id='word_1_127' title='bbox 2033 1711 2123 1766; x_wconf 86' lang='lat' dir='ltr'>vel</span> 
     </span>
    </p>
   </div>
   <div class='ocr_carea' id='block_1_19' title="bbox 487 1799 2126 1881">
    <p class='ocr_par' dir='ltr' id='par_1_19' title="bbox 487 1799 2126 1881">
     <span class='ocr_line' id='line_1_19' title="bbox 487 1799 2126 1881; baseline -0.005 -18"><span class='ocrx_word' id='word_1_128' title='bbox 487 1808 686 1881; x_wconf 64' lang='lat' dir='ltr'>prima</span> <span class='ocrx_word' id='word_1_129' title='bbox 718 1805 1060 1871; x_wconf 90' lang='lat' dir='ltr'>allectionis,</span> <span class='ocrx_word' id='word_1_130' title='bbox 1094 1807 1151 1858; x_wconf 89' lang='lat' dir='ltr'>et</span> <span class='ocrx_word' id='word_1_131' title='bbox 1179 1802 1384 1856; x_wconf 86' lang='lat' dir='ltr'>exinde</span> <span class='ocrx_word' id='word_1_132' title='bbox 1413 1800 1723 1855; x_wconf 63' lang='lat' dir='ltr'>individua;</span> <span class='ocrx_word' id='word_1_133' title='bbox 1770 1799 2126 1855; x_wconf 84' lang='lat' dir='ltr'>familiarita-</span> 
     </span>
    </p>
   </div>
   <div class='ocr_carea' id='block_1_20' title="bbox 483 1888 2125 1967">
    <p class='ocr_par' dir='ltr' id='par_1_20' title="bbox 483 1888 2125 1967">
     <span class='ocr_line' id='line_1_20' title="bbox 483 1888 2125 1967; baseline -0.005 -16"><span class='ocrx_word' id='word_1_134' title='bbox 483 1897 562 1952; x_wconf 88' lang='lat' dir='ltr'>tis</span> <span class='ocrx_word' id='word_1_135' title='bbox 588 1896 699 1967; x_wconf 89' lang='grc'>(50)</span> <span class='ocrx_word' id='word_1_136' title='bbox 733 1892 1104 1966; x_wconf 64' lang='lat' dir='ltr'>prarogativa</span> <span class='ocrx_word' id='word_1_137' title='bbox 1129 1888 1537 1961; x_wconf 89' lang='lat' dir='ltr'>compendium</span> <span class='ocrx_word' id='word_1_138' title='bbox 1560 1888 1836 1959; x_wconf 80' lang='lat' dir='ltr'>baptismi</span> <span class='ocrx_word' id='word_1_139' title='bbox 1867 1890 2125 1943; x_wconf 87' lang='lat' dir='ltr'>conferre</span> 
     </span>
    </p>
   </div>
   <div class='ocr_carea' id='block_1_21' title="bbox 487 1977 2125 2055">
    <p class='ocr_par' dir='ltr' id='par_1_21' title="bbox 487 1977 2125 2055">
     <span class='ocr_line' id='line_1_21' title="bbox 487 1977 2125 2055; baseline -0.006 -15"><span class='ocrx_word' id='word_1_140' title='bbox 487 1988 685 2055; x_wconf 86' lang='lat' dir='ltr'>posset</span> <span class='ocrx_word' id='word_1_141' title='bbox 745 1983 878 2050; x_wconf 85' lang='grc'><strong>(51).</strong></span> <span class='ocrx_word' id='word_1_142' title='bbox 938 1981 1080 2036; x_wconf 88' lang='lat' dir='ltr'>Cum</span> <span class='ocrx_word' id='word_1_143' title='bbox 1151 1978 1272 2046; x_wconf 91' lang='lat' dir='ltr'>illo,</span> <span class='ocrx_word' id='word_1_144' title='bbox 1343 1977 1551 2049; x_wconf 85' lang='lat' dir='ltr'>Opinor</span> <span class='ocrx_word' id='word_1_145' title='bbox 1604 1977 1668 2041; x_wconf 68' lang='lat'>‘9,</span> <span class='ocrx_word' id='word_1_146' title='bbox 1728 1977 2125 2046; x_wconf 86' lang='lat' dir='ltr'>sequebantur</span> 
     </span>
    </p>
   </div>
   <div class='ocr_carea' id='block_1_22' title="bbox 484 2064 2121 2142">
    <p class='ocr_par' dir='ltr' id='par_1_22' title="bbox 484 2064 2121 2142">
     <span class='ocr_line' id='line_1_22' title="bbox 484 2064 2121 2142; baseline -0.004 -15"><span class='ocrx_word' id='word_1_147' title='bbox 484 2072 669 2139; x_wconf 90' lang='lat' dir='ltr'>illum,</span> <span class='ocrx_word' id='word_1_148' title='bbox 704 2071 802 2142; x_wconf 89' lang='lat' dir='ltr'>qui</span> <span class='ocrx_word' id='word_1_149' title='bbox 851 2069 1101 2124; x_wconf 85' lang='lat' dir='ltr'>credenti</span> <span class='ocrx_word' id='word_1_150' title='bbox 1136 2067 1342 2135; x_wconf 89' lang='lat' dir='ltr'>cuique</span> <span class='ocrx_word' id='word_1_151' title='bbox 1392 2067 1642 2120; x_wconf 89' lang='lat' dir='ltr'>salutem</span> <span class='ocrx_word' id='word_1_152' title='bbox 1694 2064 2121 2136; x_wconf 85' lang='lat' dir='ltr'>pollicebatur:</span> 
     </span>
    </p>
   </div>
   <div class='ocr_carea' id='block_1_23' title="bbox 485 2153 2128 2226">
    <p class='ocr_par' dir='ltr' id='par_1_23' title="bbox 485 2153 2128 2226">
     <span class='ocr_line' id='line_1_23' title="bbox 485 2153 2128 2226; baseline -0.006 -10"><span class='ocrx_word' id='word_1_153' title='bbox 485 2160 643 2217; x_wconf 82' lang='lat' dir='ltr'>Fides</span> <span class='ocrx_word' id='word_1_154' title='bbox 673 2164 770 2214; x_wconf 85' lang='lat' dir='ltr'>tua</span> <span class='ocrx_word' id='word_1_155' title='bbox 798 2163 867 2226; x_wconf 85' lang='lat' dir='ltr'>te,</span> <span class='ocrx_word' id='word_1_156' title='bbox 917 2157 1126 2225; x_wconf 86' lang='lat' dir='ltr'>aiebat,</span> <span class='ocrx_word' id='word_1_157' title='bbox 1177 2155 1389 2210; x_wconf 79' lang='lat' dir='ltr'>salvum</span> <span class='ocrx_word' id='word_1_158' title='bbox 1432 2155 1585 2224; x_wconf 77' lang='lat' dir='ltr'>fecit,</span> <span class='ocrx_word' id='word_1_159' title='bbox 1613 2156 1672 2207; x_wconf 90' lang='lat' dir='ltr'>et</span> <span class='ocrx_word' id='word_1_160' title='bbox 1704 2168 1716 2206; x_wconf 93' lang='lat'>:</span> <span class='ocrx_word' id='word_1_161' title='bbox 1753 2153 2128 2207; x_wconf 82' lang='lat' dir='ltr'>Remittuntur</span> 
     </span>
    </p>
   </div>
   <div class='ocr_carea' id='block_1_24' title="bbox 485 2241 2124 2320">
    <p class='ocr_par' dir='ltr' id='par_1_24' title="bbox 485 2241 2124 2320">
     <span class='ocr_line' id='line_1_24' title="bbox 485 2241 2124 2320; baseline -0.005 -15"><span class='ocrx_word' id='word_1_162' title='bbox 485 2251 589 2305; x_wconf 97' lang='lat' dir='ltr'>tibi</span> <span class='ocrx_word' id='word_1_163' title='bbox 609 2257 835 2320; x_wconf 82' lang='lat' dir='ltr'>peccata</span> <span class='ocrx_word' id='word_1_164' title='bbox 882 2247 1065 2317; x_wconf 86' lang='lat' dir='ltr'>(Marc.</span> <span class='ocrx_word' id='word_1_165' title='bbox 1098 2245 1178 2314; x_wconf 92' lang='lat' dir='ltr'>x),</span> <span class='ocrx_word' id='word_1_166' title='bbox 1212 2241 1467 2298; x_wconf 88' lang='lat' dir='ltr'>credenti</span> <span class='ocrx_word' id='word_1_167' title='bbox 1519 2241 1740 2312; x_wconf 88' lang='lat' dir='ltr'>utique,</span> <span class='ocrx_word' id='word_1_168' title='bbox 1773 2257 1878 2295; x_wconf 90' lang='lat' dir='ltr'>nec</span> <span class='ocrx_word' id='word_1_169' title='bbox 1926 2246 2124 2296; x_wconf 89' lang='lat' dir='ltr'>tamen</span> 
     </span>
    </p>
   </div>
   <div class='ocr_carea' id='block_1_25' title="bbox 483 2329 2121 2406">
    <p class='ocr_par' dir='ltr' id='par_1_25' title="bbox 483 2329 2121 2406">
     <span class='ocr_line' id='line_1_25' title="bbox 483 2329 2121 2406; baseline -0.004 -14"><span class='ocrx_word' id='word_1_170' title='bbox 483 2337 754 2392; x_wconf 88' lang='lat' dir='ltr'>tincto.Id</span> <span class='ocrx_word' id='word_1_171' title='bbox 788 2335 836 2391; x_wconf 88' lang='lat' dir='ltr'>si</span> <span class='ocrx_word' id='word_1_172' title='bbox 868 2332 1147 2406; x_wconf 87' lang='lat' dir='ltr'>apostolis</span> <span class='ocrx_word' id='word_1_173' title='bbox 1177 2331 1384 2396; x_wconf 83' lang='lat' dir='ltr'>defuit,</span> <span class='ocrx_word' id='word_1_174' title='bbox 1417 2329 1613 2385; x_wconf 90' lang='lat' dir='ltr'>nescio</span> <span class='ocrx_word' id='word_1_175' title='bbox 1644 2345 1895 2400; x_wconf 89' lang='lat' dir='ltr'>quorum</span> <span class='ocrx_word' id='word_1_176' title='bbox 1929 2329 2075 2384; x_wconf 87' lang='lat' dir='ltr'>ﬁdes</span> <span class='ocrx_word' id='word_1_177' title='bbox 2108 2347 2121 2385; x_wconf 90' lang='lat'><strong>:</strong></span> 
     </span>
    </p>
   </div>
   <div class='ocr_carea' id='block_1_26' title="bbox 485 2417 2127 2482">
    <p class='ocr_par' dir='ltr' id='par_1_26' title="bbox 485 2417 2127 2482">
     <span class='ocr_line' id='line_1_26' title="bbox 485 2417 2127 2482; baseline -0.007 0"><span class='ocrx_word' id='word_1_178' title='bbox 485 2443 602 2482; x_wconf 94' lang='lat' dir='ltr'>uno</span> <span class='ocrx_word' id='word_1_179' title='bbox 651 2425 824 2480; x_wconf 91' lang='lat' dir='ltr'>verbo</span> <span class='ocrx_word' id='word_1_180' title='bbox 874 2423 1097 2478; x_wconf 89' lang='lat' dir='ltr'>Domini</span> <span class='ocrx_word' id='word_1_181' title='bbox 1153 2419 1474 2476; x_wconf 89' lang='lat' dir='ltr'>suscitatus</span> <span class='ocrx_word' id='word_1_182' title='bbox 1502 2419 1546 2453; x_wconf 80' lang='grc' dir='ltr'>⁸ο</span> <span class='ocrx_word' id='word_1_183' title='bbox 1579 2417 1866 2473; x_wconf 90' lang='lat' dir='ltr'>teloneum</span> <span class='ocrx_word' id='word_1_184' title='bbox 1922 2417 2127 2472; x_wconf 86' lang='lat' dir='ltr'>dereli-</span> 
     </span>
    </p>
   </div>
   <div class='ocr_carea' id='block_1_27' title="bbox 488 2511 2127 2586">
    <p class='ocr_par' dir='ltr' id='par_1_27' title="bbox 488 2511 2127 2586">
     <span class='ocr_line' id='line_1_27' title="bbox 488 2511 2127 2586; baseline -0.005 -17"><span class='ocrx_word' id='word_1_185' title='bbox 488 2515 617 2586; x_wconf 92' lang='lat' dir='ltr'>quit</span> <span class='ocrx_word' id='word_1_186' title='bbox 644 2513 850 2582; x_wconf 89' lang='lat' dir='ltr'>(Matth.</span> <span class='ocrx_word' id='word_1_187' title='bbox 885 2512 998 2582; x_wconf 84' lang='lat' dir='ltr'>Ix):</span> <span class='ocrx_word' id='word_1_188' title='bbox 1037 2513 1282 2582; x_wconf 86' lang='lat' dir='ltr'>patrem,</span> <span class='ocrx_word' id='word_1_189' title='bbox 1315 2513 1372 2563; x_wconf 89' lang='lat' dir='ltr'>et</span> <span class='ocrx_word' id='word_1_190' title='bbox 1419 2522 1647 2573; x_wconf 90' lang='lat' dir='ltr'>navem,</span> <span class='ocrx_word' id='word_1_191' title='bbox 1676 2511 1733 2562; x_wconf 93' lang='lat' dir='ltr'>et</span> <span class='ocrx_word' id='word_1_192' title='bbox 1780 2511 1960 2561; x_wconf 87' lang='lat' dir='ltr'>artem</span> <span class='ocrx_word' id='word_1_193' title='bbox 2011 2522 2127 2577; x_wconf 91' lang='lat' dir='ltr'>qua</span> 
     </span>
    </p>
   </div>
   <div class='ocr_carea' id='block_1_28' title="bbox 486 2593 2129 2666">
    <p class='ocr_par' dir='ltr' id='par_1_28' title="bbox 486 2593 2129 2666">
     <span class='ocr_line' id='line_1_28' title="bbox 486 2593 2129 2666; baseline -0.004 -11"><span class='ocrx_word' id='word_1_194' title='bbox 486 2603 669 2657; x_wconf 87' lang='lat' dir='ltr'>vitam</span> <span class='ocrx_word' id='word_1_195' title='bbox 697 2599 1086 2664; x_wconf 86' lang='lat' dir='ltr'>sustentabat,</span> <span class='ocrx_word' id='word_1_196' title='bbox 1120 2596 1380 2652; x_wconf 87' lang='lat' dir='ltr'>deseruit</span> <span class='ocrx_word' id='word_1_197' title='bbox 1400 2596 1467 2662; x_wconf 69' lang='grc' dir='ltr'>δίς</span> <span class='ocrx_word' id='word_1_198' title='bbox 1496 2595 1678 2666; x_wconf 87' lang='lat' dir='ltr'>patris</span> <span class='ocrx_word' id='word_1_199' title='bbox 1706 2593 2011 2664; x_wconf 83' lang='lat' dir='ltr'>exsequias</span> <span class='ocrx_word' id='word_1_200' title='bbox 2033 2595 2129 2649; x_wconf 87' lang='lat' dir='ltr'>de-</span> 
     </span>
    </p>
   </div>
   <div class='ocr_carea' id='block_1_29' title="bbox 489 2681 2130 2762">
    <p class='ocr_par' dir='ltr' id='par_1_29' title="bbox 489 2681 2130 2762">
     <span class='ocr_line' id='line_1_29' title="bbox 489 2681 2130 2762; baseline -0.007 -15"><span class='ocrx_word' id='word_1_201' title='bbox 489 2690 718 2762; x_wconf 85' lang='lat' dir='ltr'>spexit:</span> <span class='ocrx_word' id='word_1_202' title='bbox 751 2701 1049 2743; x_wconf 88' lang='lat' dir='ltr'>summum</span> <span class='ocrx_word' id='word_1_203' title='bbox 1080 2684 1226 2738; x_wconf 90' lang='lat' dir='ltr'>illud</span> <span class='ocrx_word' id='word_1_204' title='bbox 1256 2683 1301 2717; x_wconf 78' lang='grc'>⁵²</span> <span class='ocrx_word' id='word_1_205' title='bbox 1330 2681 1556 2738; x_wconf 90' lang='lat' dir='ltr'>Domini</span> <span class='ocrx_word' id='word_1_206' title='bbox 1589 2685 1942 2752; x_wconf 75' lang='lat' dir='ltr'>praaceptum</span> <span class='ocrx_word' id='word_1_207' title='bbox 1975 2698 1988 2734; x_wconf 90' lang='lat'><strong>:</strong></span> <span class='ocrx_word' id='word_1_208' title='bbox 2023 2681 2130 2750; x_wconf 84' lang='lat' dir='ltr'>Qui</span> 
     </span>
    </p>
   </div>
   <div class='ocr_carea' id='block_1_30' title="bbox 485 2768 2127 2851">
    <p class='ocr_par' dir='ltr' id='par_1_30' title="bbox 485 2768 2127 2851">
     <span class='ocr_line' id='line_1_30' title="bbox 485 2768 2127 2851; baseline -0.005 -18"><span class='ocrx_word' id='word_1_209' title='bbox 485 2782 698 2851; x_wconf 79' lang='lat' dir='ltr'>patrem</span> <span class='ocrx_word' id='word_1_210' title='bbox 727 2777 828 2831; x_wconf 83' lang='lat' dir='ltr'>aut</span> <span class='ocrx_word' id='word_1_211' title='bbox 846 2777 1074 2829; x_wconf 84' lang='lat' dir='ltr'>matrem</span> <span class='ocrx_word' id='word_1_212' title='bbox 1102 2771 1243 2826; x_wconf 85' lang='lat' dir='ltr'>mihi</span> <span class='ocrx_word' id='word_1_213' title='bbox 1254 2768 1699 2842; x_wconf 69' lang='lat' dir='ltr'>praetulerith</span> <span class='ocrx_word' id='word_1_214' title='bbox 1723 2777 1802 2824; x_wconf 89' lang='lat' dir='ltr'>est</span> <span class='ocrx_word' id='word_1_215' title='bbox 1825 2785 1912 2825; x_wconf 84' lang='lat' dir='ltr'>me</span> <span class='ocrx_word' id='word_1_216' title='bbox 1929 2769 2127 2840; x_wconf 86' lang='lat' dir='ltr'>dignus</span> 
     </span>
    </p>
   </div>
   <div class='ocr_carea' id='block_1_31' title="bbox 487 2855 1838 2940">
    <p class='ocr_par' dir='ltr' id='par_1_31' title="bbox 487 2855 1838 2940">
     <span class='ocr_line' id='line_1_31' title="bbox 487 2855 1838 2940; baseline -0.006 -20"><span class='ocrx_word' id='word_1_217' title='bbox 487 2865 698 2940; x_wconf 83' lang='lat' dir='ltr'>(Matth.</span> <span class='ocrx_word' id='word_1_218' title='bbox 729 2881 786 2931; x_wconf 88' lang='lat' dir='ltr'>x,</span> <span class='ocrx_word' id='word_1_219' title='bbox 815 2863 929 2935; x_wconf 86' lang='lat'>37),</span> <span class='ocrx_word' id='word_1_220' title='bbox 962 2865 1094 2918; x_wconf 88' lang='lat' dir='ltr'>ante</span> <span class='ocrx_word' id='word_1_221' title='bbox 1127 2859 1366 2932; x_wconf 84' lang='lat' dir='ltr'>perfecit</span> <span class='ocrx_word' id='word_1_222' title='bbox 1395 2874 1570 2930; x_wconf 90' lang='lat' dir='ltr'>quam</span> <span class='ocrx_word' id='word_1_223' title='bbox 1600 2855 1838 2913; x_wconf 73' lang='lat' dir='ltr'>audivit.</span> 
     </span>
    </p>
   </div>
   <div class='ocr_carea' id='block_1_32' title="bbox 1097 2999 1511 3059">
    <p class='ocr_par' dir='ltr' id='par_1_32' title="bbox 1097 2999 1511 3059">
     <span class='ocr_line' id='line_1_32' title="bbox 1097 2999 1511 3059; baseline -0.01 -1"><span class='ocrx_word' id='word_1_224' title='bbox 1097 3001 1325 3059; x_wconf 87' lang='lat' dir='ltr'><strong>CAPUT</strong></span> <span class='ocrx_word' id='word_1_225' title='bbox 1363 2999 1511 3056; x_wconf 86' lang='lat' dir='ltr'>XIII.</span> 
     </span>
    </p>
   </div>
   <div class='ocr_carea' id='block_1_33' title="bbox 554 3121 2120 3202">
    <p class='ocr_par' dir='ltr' id='par_1_33' title="bbox 554 3121 2120 3202">
     <span class='ocr_line' id='line_1_33' title="bbox 554 3121 2120 3202; baseline -0.006 -15"><span class='ocrx_word' id='word_1_226' title='bbox 554 3132 657 3187; x_wconf 89' lang='lat' dir='ltr'>Hie</span> <span class='ocrx_word' id='word_1_227' title='bbox 686 3145 824 3202; x_wconf 87' lang='lat' dir='ltr'>ergo</span> <span class='ocrx_word' id='word_1_228' title='bbox 853 3125 1256 3183; x_wconf 85' lang='lat' dir='ltr'>scelestissimi</span> <span class='ocrx_word' id='word_1_229' title='bbox 1288 3123 1372 3178; x_wconf 88' lang='lat' dir='ltr'>illi</span> <span class='ocrx_word' id='word_1_230' title='bbox 1404 3125 1721 3194; x_wconf 78' lang='lat' dir='ltr'>provocant</span> <span class='ocrx_word' id='word_1_231' title='bbox 1751 3121 2120 3193; x_wconf 64' lang='lat' dir='ltr'>quastiones.</span> 
     </span>
    </p>
   </div>
   <div class='ocr_carea' id='block_1_34' title="bbox 482 3210 2122 3286">
    <p class='ocr_par' dir='ltr' id='par_1_34' title="bbox 482 3210 2122 3286">
     <span class='ocr_line' id='line_1_34' title="bbox 482 3210 2122 3286; baseline -0.007 -10"><span class='ocrx_word' id='word_1_232' title='bbox 482 3222 662 3284; x_wconf 81' lang='lat' dir='ltr'>Adeo,</span> <span class='ocrx_word' id='word_1_233' title='bbox 693 3219 918 3284; x_wconf 91' lang='lat' dir='ltr'>dicunt,</span> <span class='ocrx_word' id='word_1_234' title='bbox 953 3214 1284 3286; x_wconf 86' lang='lat' dir='ltr'>baptismus</span> <span class='ocrx_word' id='word_1_235' title='bbox 1314 3227 1430 3267; x_wconf 91' lang='lat' dir='ltr'>non</span> <span class='ocrx_word' id='word_1_236' title='bbox 1461 3216 1550 3266; x_wconf 88' lang='lat' dir='ltr'>est</span> <span class='ocrx_word' id='word_1_237' title='bbox 1580 3210 1964 3279; x_wconf 88' lang='lat' dir='ltr'>necessarius,</span> <span class='ocrx_word' id='word_1_238' title='bbox 1987 3210 2122 3282; x_wconf 90' lang='lat' dir='ltr'>qui-</span> 
     </span>
    </p>
   </div>
   <div class='ocr_carea' id='block_1_35' title="bbox 481 3298 2123 3366">
    <p class='ocr_par' dir='ltr' id='par_1_35' title="bbox 481 3298 2123 3366">
     <span class='ocr_line' id='line_1_35' title="bbox 481 3298 2123 3366; baseline -0.006 0"><span class='ocrx_word' id='word_1_239' title='bbox 481 3311 595 3366; x_wconf 87' lang='lat' dir='ltr'>bus</span> <span class='ocrx_word' id='word_1_240' title='bbox 624 3307 825 3363; x_wconf 73' lang='lat'><strong>1215</strong></span> <span class='ocrx_word' id='word_1_241' title='bbox 854 3305 997 3360; x_wconf 86' lang='lat' dir='ltr'>ﬁdes</span> <span class='ocrx_word' id='word_1_242' title='bbox 1017 3302 1160 3358; x_wconf 84' lang='lat' dir='ltr'>satis</span> <span class='ocrx_word' id='word_1_243' title='bbox 1181 3306 1270 3358; x_wconf 90' lang='lat' dir='ltr'>est</span> <span class='ocrx_word' id='word_1_244' title='bbox 1294 3318 1307 3356; x_wconf 90' lang='lat'><strong>:</strong></span> <span class='ocrx_word' id='word_1_245' title='bbox 1331 3315 1468 3355; x_wconf 88' lang='lat' dir='ltr'>nam</span> <span class='ocrx_word' id='word_1_246' title='bbox 1499 3303 1558 3354; x_wconf 86' lang='lat' dir='ltr'>et</span> <span class='ocrx_word' id='word_1_247' title='bbox 1584 3300 1876 3355; x_wconf 84' lang='lat' dir='ltr'>Abraham</span> <span class='ocrx_word' id='word_1_248' title='bbox 1902 3298 2123 3356; x_wconf 87' lang='lat' dir='ltr'>nullius</span> 
     </span>
    </p>
   </div>
   <div class='ocr_carea' id='block_1_36' title="bbox 485 3387 2123 3468">
    <p class='ocr_par' dir='ltr' id='par_1_36' title="bbox 485 3387 2123 3468">
     <span class='ocr_line' id='line_1_36' title="bbox 485 3387 2123 3468; baseline -0.005 -15"><span class='ocrx_word' id='word_1_249' title='bbox 485 3413 650 3468; x_wconf 65' lang='lat' dir='ltr'>aqua</span> <span class='ocrx_word' id='word_1_250' title='bbox 681 3395 793 3449; x_wconf 85' lang='lat' dir='ltr'>nisi</span> <span class='ocrx_word' id='word_1_251' title='bbox 843 3393 978 3448; x_wconf 90' lang='lat' dir='ltr'>ﬁdei</span> <span class='ocrx_word' id='word_1_252' title='bbox 1026 3392 1394 3447; x_wconf 89' lang='lat' dir='ltr'>sacramento</span> <span class='ocrx_word' id='word_1_253' title='bbox 1427 3389 1538 3443; x_wconf 90' lang='lat' dir='ltr'>Deo</span> <span class='ocrx_word' id='word_1_254' title='bbox 1571 3387 1790 3460; x_wconf 84' lang='lat' dir='ltr'>placuit</span> <span class='ocrx_word' id='word_1_255' title='bbox 1825 3387 1977 3460; x_wconf 79' lang='lat' dir='ltr'>(Gen.</span> <span class='ocrx_word' id='word_1_256' title='bbox 2008 3391 2123 3457; x_wconf 86' lang='lat' dir='ltr'>xv).</span> 
     </span>
    </p>
   </div>
   <div class='ocr_carea' id='block_1_37' title="bbox 485 3475 2126 3551">
    <p class='ocr_par' dir='ltr' id='par_1_37' title="bbox 485 3475 2126 3551">
     <span class='ocr_line' id='line_1_37' title="bbox 485 3475 2126 3551; baseline -0.005 -11"><span class='ocrx_word' id='word_1_257' title='bbox 485 3485 594 3540; x_wconf 87' lang='lat' dir='ltr'>Sed</span> <span class='ocrx_word' id='word_1_258' title='bbox 627 3484 685 3538; x_wconf 91' lang='lat' dir='ltr'>in</span> <span class='ocrx_word' id='word_1_259' title='bbox 717 3481 991 3537; x_wconf 91' lang='lat' dir='ltr'>omnibus</span> <span class='ocrx_word' id='word_1_260' title='bbox 1023 3477 1343 3551; x_wconf 87' lang='lat' dir='ltr'>posteriora</span> <span class='ocrx_word' id='word_1_261' title='bbox 1385 3475 1760 3542; x_wconf 90' lang='lat' dir='ltr'>concludunt,</span> <span class='ocrx_word' id='word_1_262' title='bbox 1791 3480 1849 3530; x_wconf 91' lang='lat' dir='ltr'>et</span> <span class='ocrx_word' id='word_1_263' title='bbox 1878 3492 2126 3548; x_wconf 89' lang='lat' dir='ltr'>sequen-</span> 
     </span>
    </p>
   </div>
   <div class='ocr_carea' id='block_1_38' title="bbox 488 3563 2128 3638">
    <p class='ocr_par' dir='ltr' id='par_1_38' title="bbox 488 3563 2128 3638">
     <span class='ocr_line' id='line_1_38' title="bbox 488 3563 2128 3638; baseline -0.005 -10"><span class='ocrx_word' id='word_1_264' title='bbox 488 3574 572 3628; x_wconf 86' lang='lat' dir='ltr'>tia</span> <span class='ocrx_word' id='word_1_265' title='bbox 627 3568 1102 3626; x_wconf 88' lang='lat' dir='ltr'>antecedentibus</span> <span class='ocrx_word' id='word_1_266' title='bbox 1162 3565 1492 3638; x_wconf 66' lang='lat' dir='ltr'>praavalent.</span> <span class='ocrx_word' id='word_1_267' title='bbox 1526 3564 1721 3619; x_wconf 88' lang='lat' dir='ltr'>Fuerit</span> <span class='ocrx_word' id='word_1_268' title='bbox 1762 3563 1922 3620; x_wconf 88' lang='lat' dir='ltr'>salus</span> <span class='ocrx_word' id='word_1_269' title='bbox 1976 3569 2128 3620; x_wconf 91' lang='lat' dir='ltr'>retro</span> 
     </span>
    </p>
   </div>
   <div class='ocr_carea' id='block_1_39' title="bbox 491 3652 2128 3734">
    <p class='ocr_par' dir='ltr' id='par_1_39' title="bbox 491 3652 2128 3734">
     <span class='ocr_line' id='line_1_39' title="bbox 491 3652 2128 3734; baseline -0.005 -18"><span class='ocrx_word' id='word_1_270' title='bbox 491 3678 594 3734; x_wconf 90' lang='lat' dir='ltr'>per</span> <span class='ocrx_word' id='word_1_271' title='bbox 625 3659 798 3714; x_wconf 86' lang='lat' dir='ltr'>ﬁdem</span> <span class='ocrx_word' id='word_1_272' title='bbox 830 3657 1047 3712; x_wconf 90' lang='lat' dir='ltr'>nudam</span> <span class='ocrx_word' id='word_1_273' title='bbox 1078 3659 1213 3709; x_wconf 87' lang='lat' dir='ltr'>ante</span> <span class='ocrx_word' id='word_1_274' title='bbox 1239 3653 1471 3708; x_wconf 90' lang='lat' dir='ltr'>Domini</span> <span class='ocrx_word' id='word_1_275' title='bbox 1505 3652 1834 3725; x_wconf 89' lang='lat' dir='ltr'>passionem</span> <span class='ocrx_word' id='word_1_276' title='bbox 1856 3658 1913 3708; x_wconf 92' lang='lat' dir='ltr'>et</span> <span class='ocrx_word' id='word_1_277' title='bbox 1935 3668 2128 3708; x_wconf 87' lang='lat' dir='ltr'>resur-</span> 
     </span>
    </p>
   </div>
   <div class='ocr_carea' id='block_1_40' title="bbox 490 3741 2130 3806">
    <p class='ocr_par' dir='ltr' id='par_1_40' title="bbox 490 3741 2130 3806">
     <span class='ocr_line' id='line_1_40' title="bbox 490 3741 2130 3806; baseline -0.005 -1"><span class='ocrx_word' id='word_1_278' title='bbox 490 3748 826 3806; x_wconf 89' lang='lat' dir='ltr'>rectionem.</span> <span class='ocrx_word' id='word_1_279' title='bbox 862 3748 927 3800; x_wconf 89' lang='lat' dir='ltr'>At</span> <span class='ocrx_word' id='word_1_280' title='bbox 957 3744 1055 3798; x_wconf 91' lang='lat' dir='ltr'>ubi</span> <span class='ocrx_word' id='word_1_281' title='bbox 1090 3743 1233 3798; x_wconf 83' lang='lat' dir='ltr'>fides</span> <span class='ocrx_word' id='word_1_282' title='bbox 1263 3747 1436 3796; x_wconf 89' lang='lat' dir='ltr'>aucta</span> <span class='ocrx_word' id='word_1_283' title='bbox 1483 3745 1572 3796; x_wconf 89' lang='lat' dir='ltr'>est</span> <span class='ocrx_word' id='word_1_284' title='bbox 1599 3741 1857 3796; x_wconf 89' lang='lat' dir='ltr'>credenti</span> <span class='ocrx_word' id='word_1_285' title='bbox 1887 3742 1944 3795; x_wconf 91' lang='lat' dir='ltr'>in</span> <span class='ocrx_word' id='word_1_286' title='bbox 1977 3742 2130 3796; x_wconf 90' lang='lat' dir='ltr'>nati-</span> 
     </span>
    </p>
   </div>
   <div class='ocr_carea' id='block_1_41' title="bbox 487 3828 2128 3907">
    <p class='ocr_par' dir='ltr' id='par_1_41' title="bbox 487 3828 2128 3907">
     <span class='ocr_line' id='line_1_41' title="bbox 487 3828 2128 3907; baseline -0.005 -13"><span class='ocrx_word' id='word_1_287' title='bbox 487 3839 750 3906; x_wconf 87' lang='lat' dir='ltr'>vitatem,</span> <span class='ocrx_word' id='word_1_288' title='bbox 794 3833 1146 3907; x_wconf 89' lang='lat' dir='ltr'>passionem,</span> <span class='ocrx_word' id='word_1_289' title='bbox 1195 3828 1796 3900; x_wconf 85' lang='lat' dir='ltr'>resurrectionemque</span> <span class='ocrx_word' id='word_1_290' title='bbox 1837 3831 1986 3900; x_wconf 84' lang='lat' dir='ltr'>ejus,</span> <span class='ocrx_word' id='word_1_291' title='bbox 2023 3831 2128 3886; x_wconf 90' lang='lat' dir='ltr'>ad-</span> 
     </span>
    </p>
   </div>
   <div class='ocr_carea' id='block_1_42' title="bbox 487 3918 2128 3994">
    <p class='ocr_par' dir='ltr' id='par_1_42' title="bbox 487 3918 2128 3994">
     <span class='ocr_line' id='line_1_42' title="bbox 487 3918 2128 3994; baseline -0.005 -11"><span class='ocrx_word' id='word_1_292' title='bbox 487 3929 610 3983; x_wconf 89' lang='lat' dir='ltr'>dita</span> <span class='ocrx_word' id='word_1_293' title='bbox 638 3930 728 3981; x_wconf 88' lang='lat' dir='ltr'>est</span> <span class='ocrx_word' id='word_1_294' title='bbox 779 3921 1080 3994; x_wconf 87' lang='lat' dir='ltr'>ampliatio</span> <span class='ocrx_word' id='word_1_295' title='bbox 1126 3923 1514 3986; x_wconf 87' lang='lat' dir='ltr'>sacramento,</span> <span class='ocrx_word' id='word_1_296' title='bbox 1546 3918 1872 3989; x_wconf 87' lang='lat' dir='ltr'>obsignatio</span> <span class='ocrx_word' id='word_1_297' title='bbox 1904 3919 2128 3991; x_wconf 88' lang='lat' dir='ltr'>baptis-</span> 
     </span>
    </p>
   </div>
   <div class='ocr_carea' id='block_1_43' title="bbox 487 4007 2128 4087">
    <p class='ocr_par' dir='ltr' id='par_1_43' title="bbox 487 4007 2128 4087">
     <span class='ocr_line' id='line_1_43' title="bbox 487 4007 2128 4087; baseline -0.004 -16"><span class='ocrx_word' id='word_1_298' title='bbox 487 4016 566 4071; x_wconf 92' lang='lat' dir='ltr'>mi</span> <span class='ocrx_word' id='word_1_299' title='bbox 625 4014 758 4087; x_wconf 83' lang='lat'>(52),</span> <span class='ocrx_word' id='word_1_300' title='bbox 811 4011 1224 4066; x_wconf 86' lang='lat' dir='ltr'>vestimentum</span> <span class='ocrx_word' id='word_1_301' title='bbox 1301 4007 1731 4077; x_wconf 89' lang='lat' dir='ltr'>quodammodo</span> <span class='ocrx_word' id='word_1_302' title='bbox 1788 4008 1943 4076; x_wconf 90' lang='lat' dir='ltr'>ﬁdei,</span> <span class='ocrx_word' id='word_1_303' title='bbox 2003 4026 2128 4079; x_wconf 64' lang='lat' dir='ltr'>quis</span> 
     </span>
    </p>
   </div>
   <div class='ocr_carea' id='block_1_44' title="bbox 481 4093 2131 4167">
    <p class='ocr_par' dir='ltr' id='par_1_44' title="bbox 481 4093 2131 4167">
     <span class='ocr_line' id='line_1_44' title="bbox 481 4093 2131 4167; baseline -0.004 -7"><span class='ocrx_word' id='word_1_304' title='bbox 481 4110 636 4160; x_wconf 87' lang='lat' dir='ltr'>retro</span> <span class='ocrx_word' id='word_1_305' title='bbox 684 4105 808 4159; x_wconf 87' lang='lat' dir='ltr'>erat</span> <span class='ocrx_word' id='word_1_306' title='bbox 851 4099 1028 4165; x_wconf 86' lang='lat' dir='ltr'>nuda,</span> <span class='ocrx_word' id='word_1_307' title='bbox 1071 4113 1176 4152; x_wconf 91' lang='lat' dir='ltr'>nec</span> <span class='ocrx_word' id='word_1_308' title='bbox 1224 4094 1544 4167; x_wconf 90' lang='lat' dir='ltr'>potentiam</span> <span class='ocrx_word' id='word_1_309' title='bbox 1595 4093 1802 4149; x_wconf 89' lang='lat' dir='ltr'>habuit</span> <span class='ocrx_word' id='word_1_310' title='bbox 1847 4095 1974 4152; x_wconf 91' lang='lat' dir='ltr'>sine</span> <span class='ocrx_word' id='word_1_311' title='bbox 2023 4114 2131 4154; x_wconf 88' lang='lat' dir='ltr'>sua</span> 
     </span>
    </p>
   </div>
   <div class='ocr_carea' id='block_1_45' title="bbox 479 4182 2130 4266">
    <p class='ocr_par' dir='ltr' id='par_1_45' title="bbox 479 4182 2130 4266">
     <span class='ocr_line' id='line_1_45' title="bbox 479 4182 2130 4266; baseline -0.004 -18"><span class='ocrx_word' id='word_1_312' title='bbox 479 4193 627 4266; x_wconf 86' lang='lat' dir='ltr'>lege.</span> <span class='ocrx_word' id='word_1_313' title='bbox 661 4191 770 4246; x_wconf 90' lang='lat' dir='ltr'>Lex</span> <span class='ocrx_word' id='word_1_314' title='bbox 814 4188 971 4245; x_wconf 88' lang='lat' dir='ltr'>enim</span> <span class='ocrx_word' id='word_1_315' title='bbox 1016 4185 1324 4258; x_wconf 89' lang='lat' dir='ltr'>tinguendi</span> <span class='ocrx_word' id='word_1_316' title='bbox 1374 4182 1650 4256; x_wconf 87' lang='lat' dir='ltr'>imposita</span> <span class='ocrx_word' id='word_1_317' title='bbox 1696 4188 1804 4251; x_wconf 86' lang='lat' dir='ltr'>est,</span> <span class='ocrx_word' id='word_1_318' title='bbox 1837 4188 1894 4239; x_wconf 90' lang='lat' dir='ltr'>et</span> <span class='ocrx_word' id='word_1_319' title='bbox 1944 4185 2130 4242; x_wconf 88' lang='lat' dir='ltr'>forma</span> 
     </span>
    </p>
   </div>
   <div class='ocr_carea' id='block_1_46' title="bbox 2241 566 3901 640">
    <p class='ocr_par' dir='ltr' id='par_1_46' title="bbox 2241 566 3901 640">
     <span class='ocr_line' id='line_1_46' title="bbox 2241 566 3901 640; baseline 0.005 -24"><span class='ocrx_word' id='word_1_320' title='bbox 2241 578 2336 617; x_wconf 87' lang='lat' dir='ltr'>eas</span> <span class='ocrx_word' id='word_1_321' title='bbox 2393 566 2451 618; x_wconf 86' lang='lat' dir='ltr'>in</span> <span class='ocrx_word' id='word_1_322' title='bbox 2506 568 2728 621; x_wconf 80' lang='lat' dir='ltr'>nomine</span> <span class='ocrx_word' id='word_1_323' title='bbox 2783 567 2964 622; x_wconf 85' lang='lat' dir='ltr'>Patris</span> <span class='ocrx_word' id='word_1_324' title='bbox 3026 571 3078 622; x_wconf 88' lang='lat' dir='ltr'>et</span> <span class='ocrx_word' id='word_1_325' title='bbox 3129 569 3262 622; x_wconf 81' lang='lat' dir='ltr'>Filii</span> <span class='ocrx_word' id='word_1_326' title='bbox 3314 576 3366 622; x_wconf 88' lang='lat' dir='ltr'>et</span> <span class='ocrx_word' id='word_1_327' title='bbox 3424 568 3670 640; x_wconf 78' lang='lat' dir='ltr'>Spiritus</span> <span class='ocrx_word' id='word_1_328' title='bbox 3725 582 3901 624; x_wconf 66' lang='lat' dir='ltr'>sancti</span> 
     </span>
    </p>
   </div>
   <div class='ocr_carea' id='block_1_47' title="bbox 2240 650 3900 727">
    <p class='ocr_par' dir='ltr' id='par_1_47' title="bbox 2240 650 3900 727">
     <span class='ocr_line' id='line_1_47' title="bbox 2240 650 3900 727; baseline 0.005 -23"><span class='ocrx_word' id='word_1_329' title='bbox 2240 650 2456 721; x_wconf 76' lang='lat' dir='ltr'>(Matth.</span> <span class='ocrx_word' id='word_1_330' title='bbox 2489 669 2681 720; x_wconf 83' lang='lat' dir='ltr'>xxvm,</span> <span class='ocrx_word' id='word_1_331' title='bbox 2717 655 2825 725; x_wconf 87' lang='grc'><strong>19).</strong></span> <span class='ocrx_word' id='word_1_332' title='bbox 2865 654 3013 709; x_wconf 89' lang='lat' dir='ltr'>Huic</span> <span class='ocrx_word' id='word_1_333' title='bbox 3061 655 3177 727; x_wconf 84' lang='lat' dir='ltr'>legi</span> <span class='ocrx_word' id='word_1_334' title='bbox 3215 655 3424 712; x_wconf 88' lang='lat' dir='ltr'>collata</span> <span class='ocrx_word' id='word_1_335' title='bbox 3453 656 3721 713; x_wconf 88' lang='lat' dir='ltr'>deﬁnitio</span> <span class='ocrx_word' id='word_1_336' title='bbox 3751 657 3859 712; x_wconf 80' lang='lat' dir='ltr'>illa</span> <span class='ocrx_word' id='word_1_337' title='bbox 3887 675 3900 712; x_wconf 87' lang='lat'>:</span> 
     </span>
    </p>
   </div>
   <div class='ocr_carea' id='block_1_48' title="bbox 2244 741 3904 816">
    <p class='ocr_par' dir='ltr' id='par_1_48' title="bbox 2244 741 3904 816">
     <span class='ocr_line' id='line_1_48' title="bbox 2244 741 3904 816; baseline 0.005 -22"><span class='ocrx_word' id='word_1_338' title='bbox 2244 741 2363 794; x_wconf 80' lang='lat' dir='ltr'>Nisi</span> <span class='ocrx_word' id='word_1_339' title='bbox 2390 743 2508 811; x_wconf 80' lang='lat' dir='ltr'>quis</span> <span class='ocrx_word' id='word_1_340' title='bbox 2537 751 2763 797; x_wconf 84' lang='lat' dir='ltr'>renatus</span> <span class='ocrx_word' id='word_1_341' title='bbox 2792 745 2961 812; x_wconf 80' lang='lat' dir='ltr'>fuerit</span> <span class='ocrx_word' id='word_1_342' title='bbox 2990 760 3059 798; x_wconf 76' lang='lat' dir='ltr'>ea:</span> <span class='ocrx_word' id='word_1_343' title='bbox 3087 761 3234 815; x_wconf 80' lang='lat' dir='ltr'>aqua</span> <span class='ocrx_word' id='word_1_344' title='bbox 3263 753 3314 800; x_wconf 86' lang='lat' dir='ltr'>et</span> <span class='ocrx_word' id='word_1_345' title='bbox 3329 747 3557 816; x_wconf 81' lang='lat' dir='ltr'>spiritu,</span> <span class='ocrx_word' id='word_1_346' title='bbox 3580 762 3696 802; x_wconf 85' lang='lat' dir='ltr'>non</span> <span class='ocrx_word' id='word_1_347' title='bbox 3725 749 3904 802; x_wconf 86' lang='lat' dir='ltr'>intra-</span> 
     </span>
    </p>
   </div>
   <div class='ocr_carea' id='block_1_49' title="bbox 2244 828 3906 902">
    <p class='ocr_par' dir='ltr' id='par_1_49' title="bbox 2244 828 3906 902">
     <span class='ocr_line' id='line_1_49' title="bbox 2244 828 3906 902; baseline 0.005 -20"><span class='ocrx_word' id='word_1_348' title='bbox 2244 828 2320 883; x_wconf 88' lang='lat' dir='ltr'>bit</span> <span class='ocrx_word' id='word_1_349' title='bbox 2374 831 2434 883; x_wconf 89' lang='lat' dir='ltr'>in</span> <span class='ocrx_word' id='word_1_350' title='bbox 2489 847 2719 898; x_wconf 80' lang='lat' dir='ltr'>regnum</span> <span class='ocrx_word' id='word_1_351' title='bbox 2776 832 3039 887; x_wconf 66' lang='lat' dir='ltr'>caelorum</span> <span class='ocrx_word' id='word_1_352' title='bbox 3093 835 3274 900; x_wconf 81' lang='lat' dir='ltr'>(lacn.</span> <span class='ocrx_word' id='word_1_353' title='bbox 3325 849 3412 899; x_wconf 87' lang='lat' dir='ltr'><strong>III,</strong></span> <span class='ocrx_word' id='word_1_354' title='bbox 3444 835 3522 902; x_wconf 86' lang='lat'>5),</span> <span class='ocrx_word' id='word_1_355' title='bbox 3579 835 3906 891; x_wconf 82' lang='lat' dir='ltr'>obstrinxit</span> 
     </span>
    </p>
   </div>
   <div class='ocr_carea' id='block_1_50' title="bbox 2244 917 3904 994">
    <p class='ocr_par' dir='ltr' id='par_1_50' title="bbox 2244 917 3904 994">
     <span class='ocr_line' id='line_1_50' title="bbox 2244 917 3904 994; baseline 0.005 -24"><span class='ocrx_word' id='word_1_356' title='bbox 2244 917 2416 972; x_wconf 89' lang='lat' dir='ltr'>ﬁdem</span> <span class='ocrx_word' id='word_1_357' title='bbox 2473 919 2541 972; x_wconf 91' lang='lat' dir='ltr'>ad</span> <span class='ocrx_word' id='word_1_358' title='bbox 2603 919 2870 990; x_wconf 82' lang='lat' dir='ltr'>baptismi</span> <span class='ocrx_word' id='word_1_359' title='bbox 2930 923 3364 977; x_wconf 87' lang='lat' dir='ltr'>necessitatem.</span> <span class='ocrx_word' id='word_1_360' title='bbox 3427 924 3633 994; x_wconf 89' lang='lat' dir='ltr'>Itaque</span> <span class='ocrx_word' id='word_1_361' title='bbox 3693 941 3904 979; x_wconf 90' lang='lat' dir='ltr'>omnes</span> 
     </span>
    </p>
   </div>
   <div class='ocr_carea' id='block_1_51' title="bbox 2242 1006 3902 1080">
    <p class='ocr_par' dir='ltr' id='par_1_51' title="bbox 2242 1006 3902 1080">
     <span class='ocr_line' id='line_1_51' title="bbox 2242 1006 3902 1080; baseline 0.004 -21"><span class='ocrx_word' id='word_1_362' title='bbox 2242 1006 2448 1061; x_wconf 88' lang='lat' dir='ltr'>exinde</span> <span class='ocrx_word' id='word_1_363' title='bbox 2477 1014 2778 1077; x_wconf 87' lang='lat' dir='ltr'>crepentes</span> <span class='ocrx_word' id='word_1_364' title='bbox 2807 1009 3248 1080; x_wconf 88' lang='lat' dir='ltr'>tinguebantur.</span> <span class='ocrx_word' id='word_1_365' title='bbox 3267 1011 3431 1066; x_wconf 90' lang='lat' dir='ltr'>Tunc</span> <span class='ocrx_word' id='word_1_366' title='bbox 3458 1015 3515 1066; x_wconf 90' lang='lat' dir='ltr'>et</span> <span class='ocrx_word' id='word_1_367' title='bbox 3544 1011 3774 1067; x_wconf 87' lang='lat' dir='ltr'>Paulus</span> <span class='ocrx_word' id='word_1_368' title='bbox 3805 1013 3902 1066; x_wconf 89' lang='lat' dir='ltr'>ubi</span> 
     </span>
    </p>
   </div>
   <div class='ocr_carea' id='block_1_52' title="bbox 2220 1095 3900 1170">
    <p class='ocr_par' dir='ltr' id='par_1_52' title="bbox 2220 1095 3900 1170">
     <span class='ocr_line' id='line_1_52' title="bbox 2220 1095 3900 1170; baseline 0.003 -22"><span class='ocrx_word' id='word_1_369' title='bbox 2220 1095 2508 1161; x_wconf 78' lang='lat' dir='ltr'>credidit,</span> <span class='ocrx_word' id='word_1_370' title='bbox 2542 1096 2761 1152; x_wconf 88' lang='lat' dir='ltr'>tinctus</span> <span class='ocrx_word' id='word_1_371' title='bbox 2807 1102 2896 1153; x_wconf 89' lang='lat' dir='ltr'>est</span> <span class='ocrx_word' id='word_1_372' title='bbox 2945 1099 3086 1170; x_wconf 83' lang='lat' dir='ltr'>(Act.</span> <span class='ocrx_word' id='word_1_373' title='bbox 3120 1115 3197 1165; x_wconf 88' lang='lat' dir='ltr'>Ix,</span> <span class='ocrx_word' id='word_1_374' title='bbox 3229 1099 3306 1170; x_wconf 87' lang='lat'>6).</span> <span class='ocrx_word' id='word_1_375' title='bbox 3339 1099 3406 1154; x_wconf 88' lang='lat' dir='ltr'>Et</span> <span class='ocrx_word' id='word_1_376' title='bbox 3453 1099 3564 1154; x_wconf 86' lang='lat' dir='ltr'>hoc</span> <span class='ocrx_word' id='word_1_377' title='bbox 3594 1103 3690 1155; x_wconf 89' lang='lat' dir='ltr'>est</span> <span class='ocrx_word' id='word_1_378' title='bbox 3739 1100 3900 1170; x_wconf 89' lang='lat' dir='ltr'>quod</span> 
     </span>
    </p>
   </div>
   <div class='ocr_carea' id='block_1_53' title="bbox 2246 1183 3902 1259">
    <p class='ocr_par' dir='ltr' id='par_1_53' title="bbox 2246 1183 3902 1259">
     <span class='ocr_line' id='line_1_53' title="bbox 2246 1183 3902 1259; baseline 0.004 -23"><span class='ocrx_word' id='word_1_379' title='bbox 2246 1183 2523 1238; x_wconf 88' lang='lat' dir='ltr'>Dominus</span> <span class='ocrx_word' id='word_1_380' title='bbox 2555 1183 2612 1238; x_wconf 90' lang='lat' dir='ltr'>in</span> <span class='ocrx_word' id='word_1_381' title='bbox 2645 1184 2742 1239; x_wconf 89' lang='lat' dir='ltr'>illa</span> <span class='ocrx_word' id='word_1_382' title='bbox 2773 1185 2943 1256; x_wconf 84' lang='lat' dir='ltr'>plaga</span> <span class='ocrx_word' id='word_1_383' title='bbox 2990 1186 3312 1241; x_wconf 87' lang='lat' dir='ltr'>orbationis</span> <span class='ocrx_word' id='word_1_384' title='bbox 3356 1192 3716 1259; x_wconf 66' lang='lat' dir='ltr'>princeperat</span> <span class='ocrx_word' id='word_1_385' title='bbox 3746 1206 3760 1242; x_wconf 92' lang='lat'>:</span> <span class='ocrx_word' id='word_1_386' title='bbox 3798 1190 3902 1243; x_wconf 71' lang='lat' dir='ltr'>Ea:-</span> 
     </span>
    </p>
   </div>
   <div class='ocr_carea' id='block_1_54' title="bbox 2236 1272 3901 1347">
    <p class='ocr_par' dir='ltr' id='par_1_54' title="bbox 2236 1272 3901 1347">
     <span class='ocr_line' id='line_1_54' title="bbox 2236 1272 3901 1347; baseline 0.002 -21"><span class='ocrx_word' id='word_1_387' title='bbox 2236 1286 2418 1341; x_wconf 86' lang='lat' dir='ltr'>surge,</span> <span class='ocrx_word' id='word_1_388' title='bbox 2451 1272 2670 1343; x_wconf 90' lang='lat' dir='ltr'>dicens,</span> <span class='ocrx_word' id='word_1_389' title='bbox 2700 1277 2753 1328; x_wconf 88' lang='lat' dir='ltr'>et</span> <span class='ocrx_word' id='word_1_390' title='bbox 2801 1276 2977 1330; x_wconf 83' lang='lat' dir='ltr'>introi</span> <span class='ocrx_word' id='word_1_391' title='bbox 3005 1275 3334 1330; x_wconf 88' lang='lat' dir='ltr'>Damascum</span> <span class='ocrx_word' id='word_1_392' title='bbox 3381 1276 3593 1347; x_wconf 83' lang='lat' dir='ltr'>(ibid.),</span> <span class='ocrx_word' id='word_1_393' title='bbox 3628 1277 3770 1332; x_wconf 80' lang='lat' dir='ltr'>illic</span> <span class='ocrx_word' id='word_1_394' title='bbox 3801 1277 3901 1331; x_wconf 83' lang='lat' dir='ltr'>tibi</span> 
     </span>
    </p>
   </div>
   <div class='ocr_carea' id='block_1_55' title="bbox 2238 1359 3900 1437">
    <p class='ocr_par' dir='ltr' id='par_1_55' title="bbox 2238 1359 3900 1437">
     <span class='ocr_line' id='line_1_55' title="bbox 2238 1359 3900 1437; baseline 0.003 -24"><span class='ocrx_word' id='word_1_395' title='bbox 2238 1359 2709 1416; x_wconf 86' lang='lat' dir='ltr'>demonstrabitur</span> <span class='ocrx_word' id='word_1_396' title='bbox 2753 1362 2883 1432; x_wconf 85' lang='lat' dir='ltr'>quid</span> <span class='ocrx_word' id='word_1_397' title='bbox 2930 1362 3121 1419; x_wconf 83' lang='lat' dir='ltr'>debeas</span> <span class='ocrx_word' id='word_1_398' title='bbox 3169 1379 3356 1434; x_wconf 85' lang='lat' dir='ltr'>agere,</span> <span class='ocrx_word' id='word_1_399' title='bbox 3389 1364 3619 1420; x_wconf 87' lang='lat' dir='ltr'>scilicet</span> <span class='ocrx_word' id='word_1_400' title='bbox 3677 1365 3900 1437; x_wconf 82' lang='lat' dir='ltr'>tingui,</span> 
     </span>
    </p>
   </div>
   <div class='ocr_carea' id='block_1_56' title="bbox 2240 1449 3904 1522">
    <p class='ocr_par' dir='ltr' id='par_1_56' title="bbox 2240 1449 3904 1522">
     <span class='ocr_line' id='line_1_56' title="bbox 2240 1449 3904 1522; baseline 0.004 -20"><span class='ocrx_word' id='word_1_401' title='bbox 2240 1450 2395 1519; x_wconf 90' lang='lat' dir='ltr'>quod</span> <span class='ocrx_word' id='word_1_402' title='bbox 2452 1449 2642 1504; x_wconf 90' lang='lat' dir='ltr'>solum</span> <span class='ocrx_word' id='word_1_403' title='bbox 2701 1449 2753 1505; x_wconf 91' lang='lat' dir='ltr'>ei</span> <span class='ocrx_word' id='word_1_404' title='bbox 2810 1451 3027 1506; x_wconf 87' lang='lat' dir='ltr'>deerat.</span> <span class='ocrx_word' id='word_1_405' title='bbox 3067 1450 3339 1522; x_wconf 84' lang='lat' dir='ltr'>Alioquin</span> <span class='ocrx_word' id='word_1_406' title='bbox 3394 1453 3540 1508; x_wconf 84' lang='lat' dir='ltr'>satis</span> <span class='ocrx_word' id='word_1_407' title='bbox 3596 1454 3904 1508; x_wconf 82' lang='lat' dir='ltr'>dedicaret</span> 
     </span>
    </p>
   </div>
   <div class='ocr_carea' id='block_1_57' title="bbox 2238 1539 3902 1606">
    <p class='ocr_par' dir='ltr' id='par_1_57' title="bbox 2238 1539 3902 1606">
     <span class='ocr_line' id='line_1_57' title="bbox 2238 1539 3902 1606; baseline 0.002 -14"><span class='ocrx_word' id='word_1_408' title='bbox 2238 1542 2412 1606; x_wconf 88' lang='lat' dir='ltr'>atque</span> <span class='ocrx_word' id='word_1_409' title='bbox 2455 1539 2779 1594; x_wconf 88' lang='lat' dir='ltr'>crediderat</span> <span class='ocrx_word' id='word_1_410' title='bbox 2825 1539 3192 1596; x_wconf 79' lang='lat' dir='ltr'>Nazarenam</span> <span class='ocrx_word' id='word_1_411' title='bbox 3241 1556 3370 1596; x_wconf 89' lang='lat' dir='ltr'>esse</span> <span class='ocrx_word' id='word_1_412' title='bbox 3424 1542 3748 1598; x_wconf 90' lang='lat' dir='ltr'>Dominum</span> <span class='ocrx_word' id='word_1_413' title='bbox 3804 1541 3902 1596; x_wconf 88' lang='lat' dir='ltr'>Dei</span> 
     </span>
    </p>
   </div>
   <div class='ocr_carea' id='block_1_58' title="bbox 2241 1625 2474 1682">
    <p class='ocr_par' dir='ltr' id='par_1_58' title="bbox 2241 1625 2474 1682">
     <span class='ocr_line' id='line_1_58' title="bbox 2241 1625 2474 1682; baseline -0.009 0"><span class='ocrx_word' id='word_1_414' title='bbox 2241 1625 2474 1682; x_wconf 87' lang='lat' dir='ltr'>Filium.</span> 
     </span>
    </p>
   </div>
   <div class='ocr_carea' id='block_1_59' title="bbox 2855 1742 3262 1798">
    <p class='ocr_par' dir='ltr' id='par_1_59' title="bbox 2855 1742 3262 1798">
     <span class='ocr_line' id='line_1_59' title="bbox 2855 1742 3262 1798; baseline 0.002 -1"><span class='ocrx_word' id='word_1_415' title='bbox 2855 1742 3082 1798; x_wconf 83' lang='lat' dir='ltr'><strong>CAPUT</strong></span> <span class='ocrx_word' id='word_1_416' title='bbox 3120 1742 3262 1798; x_wconf 82' lang='lat' dir='ltr'>XIV.</span> 
     </span>
    </p>
   </div>
   <div class='ocr_carea' id='block_1_60' title="bbox 2155 1834 3898 1921">
    <p class='ocr_par' dir='ltr' id='par_1_60' title="bbox 2155 1834 3898 1921">
     <span class='ocr_line' id='line_1_60' title="bbox 2155 1834 3898 1921; baseline 0.002 -23"><span class='ocrx_word' id='word_1_417' title='bbox 2155 1834 2202 1898; x_wconf 89' lang='lat' dir='ltr'><strong>B</strong></span> <span class='ocrx_word' id='word_1_418' title='bbox 2303 1845 2411 1900; x_wconf 91' lang='lat' dir='ltr'>Sed</span> <span class='ocrx_word' id='word_1_419' title='bbox 2445 1846 2514 1901; x_wconf 92' lang='lat' dir='ltr'>de</span> <span class='ocrx_word' id='word_1_420' title='bbox 2547 1845 2674 1918; x_wconf 89' lang='lat' dir='ltr'>ipso</span> <span class='ocrx_word' id='word_1_421' title='bbox 2722 1847 3002 1918; x_wconf 88' lang='lat' dir='ltr'>Apostolo</span> <span class='ocrx_word' id='word_1_422' title='bbox 3054 1846 3378 1916; x_wconf 80' lang='lat' dir='ltr'>revolvunt,</span> <span class='ocrx_word' id='word_1_423' title='bbox 3411 1850 3570 1921; x_wconf 92' lang='lat' dir='ltr'>quod</span> <span class='ocrx_word' id='word_1_424' title='bbox 3624 1850 3898 1905; x_wconf 83' lang='lat' dir='ltr'>dixerit:</span> 
     </span>
    </p>
   </div>
   <div class='ocr_carea' id='block_1_61' title="bbox 2232 1935 3898 2005">
    <p class='ocr_par' dir='ltr' id='par_1_61' title="bbox 2232 1935 3898 2005">
     <span class='ocr_line' id='line_1_61' title="bbox 2232 1935 3898 2005; baseline 0.002 -16"><span class='ocrx_word' id='word_1_425' title='bbox 2232 1937 2348 1989; x_wconf 82' lang='lat' dir='ltr'>Non</span> <span class='ocrx_word' id='word_1_426' title='bbox 2379 1936 2528 1989; x_wconf 84' lang='lat' dir='ltr'>enim</span> <span class='ocrx_word' id='word_1_427' title='bbox 2574 1951 2660 1989; x_wconf 88' lang='lat' dir='ltr'>me</span> <span class='ocrx_word' id='word_1_428' title='bbox 2689 1935 2758 1989; x_wconf 84' lang='lat' dir='ltr'>ad</span> <span class='ocrx_word' id='word_1_429' title='bbox 2802 1935 3165 2004; x_wconf 79' lang='lat' dir='ltr'>tinguendum</span> <span class='ocrx_word' id='word_1_430' title='bbox 3209 1935 3455 1992; x_wconf 83' lang='lat' dir='ltr'>Christus</span> <span class='ocrx_word' id='word_1_431' title='bbox 3501 1937 3665 1992; x_wconf 86' lang='lat' dir='ltr'>misit</span> <span class='ocrx_word' id='word_1_432' title='bbox 3697 1938 3738 2005; x_wconf 90' lang='grc'><strong>(1</strong></span> <span class='ocrx_word' id='word_1_433' title='bbox 3775 1938 3898 1993; x_wconf 80' lang='lat' dir='ltr'>Cor.</span> 
     </span>
    </p>
   </div>
   <div class='ocr_carea' id='block_1_62' title="bbox 2233 2023 3898 2096">
    <p class='ocr_par' dir='ltr' id='par_1_62' title="bbox 2233 2023 3898 2096">
     <span class='ocr_line' id='line_1_62' title="bbox 2233 2023 3898 2096; baseline 0.002 -19"><span class='ocrx_word' id='word_1_434' title='bbox 2233 2039 2272 2090; x_wconf 92' lang='grc' dir='ltr'>ι,</span> <span class='ocrx_word' id='word_1_435' title='bbox 2307 2023 2414 2093; x_wconf 89' lang='grc'>17),</span> <span class='ocrx_word' id='word_1_436' title='bbox 2449 2024 2614 2093; x_wconf 89' lang='lat' dir='ltr'>quasi</span> <span class='ocrx_word' id='word_1_437' title='bbox 2665 2023 2774 2078; x_wconf 90' lang='lat' dir='ltr'>hoc</span> <span class='ocrx_word' id='word_1_438' title='bbox 2803 2030 3149 2096; x_wconf 88' lang='lat' dir='ltr'>argumento</span> <span class='ocrx_word' id='word_1_439' title='bbox 3195 2025 3526 2096; x_wconf 86' lang='lat' dir='ltr'>baptismus</span> <span class='ocrx_word' id='word_1_440' title='bbox 3571 2026 3898 2082; x_wconf 82' lang='lat' dir='ltr'>adimatur.</span> 
     </span>
    </p>
   </div>
   <div class='ocr_carea' id='block_1_63' title="bbox 2233 2111 3899 2185">
    <p class='ocr_par' dir='ltr' id='par_1_63' title="bbox 2233 2111 3899 2185">
     <span class='ocr_line' id='line_1_63' title="bbox 2233 2111 3899 2185; baseline 0.001 -19"><span class='ocrx_word' id='word_1_441' title='bbox 2233 2111 2348 2166; x_wconf 89' lang='lat' dir='ltr'>Cur</span> <span class='ocrx_word' id='word_1_442' title='bbox 2393 2111 2546 2164; x_wconf 90' lang='lat' dir='ltr'>enim</span> <span class='ocrx_word' id='word_1_443' title='bbox 2595 2111 2765 2165; x_wconf 90' lang='lat' dir='ltr'>tinxit</span> <span class='ocrx_word' id='word_1_444' title='bbox 2811 2111 3019 2166; x_wconf 84' lang='lat' dir='ltr'>GaiI&#39;Im</span> <span class='ocrx_word' id='word_1_445' title='bbox 3065 2116 3122 2166; x_wconf 91' lang='lat' dir='ltr'>et</span> <span class='ocrx_word' id='word_1_446' title='bbox 3168 2111 3440 2184; x_wconf 89' lang='lat' dir='ltr'>Crispum</span> <span class='ocrx_word' id='word_1_447' title='bbox 3489 2118 3549 2168; x_wconf 89' lang='lat' dir='ltr'>et</span> <span class='ocrx_word' id='word_1_448' title='bbox 3577 2113 3899 2185; x_wconf 66' lang='lat' dir='ltr'>Stephane</span> 
     </span>
    </p>
   </div>
   <div class='ocr_carea' id='block_1_64' title="bbox 2233 2199 3903 2271">
    <p class='ocr_par' dir='ltr' id='par_1_64' title="bbox 2233 2199 3903 2271">
     <span class='ocr_line' id='line_1_64' title="bbox 2233 2199 3903 2271; baseline 0.002 -19"><span class='ocrx_word' id='word_1_449' title='bbox 2233 2199 2474 2253; x_wconf 89' lang='lat' dir='ltr'>domum</span> <span class='ocrx_word' id='word_1_450' title='bbox 2509 2199 2734 2269; x_wconf 78' lang='lat' dir='ltr'>(ibid.)?</span> <span class='ocrx_word' id='word_1_451' title='bbox 2765 2201 3108 2271; x_wconf 88' lang='lat' dir='ltr'>Quanquam</span> <span class='ocrx_word' id='word_1_452' title='bbox 3163 2199 3270 2255; x_wconf 87' lang='lat' dir='ltr'>etsi</span> <span class='ocrx_word' id='word_1_453' title='bbox 3315 2217 3430 2255; x_wconf 89' lang='lat' dir='ltr'>non</span> <span class='ocrx_word' id='word_1_454' title='bbox 3464 2216 3602 2256; x_wconf 90' lang='lat' dir='ltr'>eum</span> <span class='ocrx_word' id='word_1_455' title='bbox 3649 2201 3903 2257; x_wconf 88' lang='lat' dir='ltr'>miserat</span> 
     </span>
    </p>
   </div>
   <div class='ocr_carea' id='block_1_65' title="bbox 2234 2285 3903 2362">
    <p class='ocr_par' dir='ltr' id='par_1_65' title="bbox 2234 2285 3903 2362">
     <span class='ocr_line' id='line_1_65' title="bbox 2234 2285 3903 2362; baseline 0.003 -22"><span class='ocrx_word' id='word_1_456' title='bbox 2234 2285 2592 2356; x_wconf 41' lang='lat' dir='ltr'>CbristusLad</span> <span class='ocrx_word' id='word_1_457' title='bbox 2626 2288 3234 2358; x_wconf 80' lang='lat' dir='ltr'>tinguendum,tamen</span> <span class='ocrx_word' id='word_1_458' title='bbox 3269 2288 3402 2344; x_wconf 90' lang='lat' dir='ltr'>aliis</span> <span class='ocrx_word' id='word_1_459' title='bbox 3434 2289 3726 2360; x_wconf 88' lang='lat' dir='ltr'>apostolis</span> <span class='ocrx_word' id='word_1_460' title='bbox 3761 2308 3903 2362; x_wconf 72' lang='lat' dir='ltr'>prte-</span> 
     </span>
    </p>
   </div>
   <div class='ocr_carea' id='block_1_66' title="bbox 2235 2375 3904 2448">
    <p class='ocr_par' dir='ltr' id='par_1_66' title="bbox 2235 2375 3904 2448">
     <span class='ocr_line' id='line_1_66' title="bbox 2235 2375 3904 2448; baseline 0.002 -19"><span class='ocrx_word' id='word_1_461' title='bbox 2235 2380 2468 2446; x_wconf 90' lang='lat' dir='ltr'>ceperat</span> <span class='ocrx_word' id='word_1_462' title='bbox 2511 2375 2798 2448; x_wconf 77' lang='lat' dir='ltr'>tinguere.</span> <span class='ocrx_word' id='word_1_463' title='bbox 2831 2377 3037 2432; x_wconf 72' lang='lat'><strong>1216</strong></span> <span class='ocrx_word' id='word_1_464' title='bbox 3087 2375 3301 2431; x_wconf 91' lang='lat' dir='ltr'>Verum</span> <span class='ocrx_word' id='word_1_465' title='bbox 3349 2377 3470 2432; x_wconf 65' lang='lat' dir='ltr'>haec</span> <span class='ocrx_word' id='word_1_466' title='bbox 3529 2394 3631 2446; x_wconf 91' lang='lat' dir='ltr'>pro</span> <span class='ocrx_word' id='word_1_467' title='bbox 3684 2379 3904 2433; x_wconf 74' lang='lat' dir='ltr'>oondi~</span> 
     </span>
    </p>
   </div>
   <div class='ocr_carea' id='block_1_67' title="bbox 2235 2463 3909 2536">
    <p class='ocr_par' dir='ltr' id='par_1_67' title="bbox 2235 2463 3909 2536">
     <span class='ocr_line' id='line_1_67' title="bbox 2235 2463 3909 2536; baseline 0.002 -19"><span class='ocrx_word' id='word_1_468' title='bbox 2235 2464 2390 2518; x_wconf 87' lang='lat' dir='ltr'>tione</span> <span class='ocrx_word' id='word_1_469' title='bbox 2420 2469 2562 2518; x_wconf 90' lang='lat' dir='ltr'>tunc</span> <span class='ocrx_word' id='word_1_470' title='bbox 2618 2463 2902 2534; x_wconf 86' lang='lat' dir='ltr'>temporis</span> <span class='ocrx_word' id='word_1_471' title='bbox 2959 2465 3030 2518; x_wconf 90' lang='lat' dir='ltr'>ad</span> <span class='ocrx_word' id='word_1_472' title='bbox 3090 2464 3421 2520; x_wconf 87' lang='lat' dir='ltr'>Corinthios</span> <span class='ocrx_word' id='word_1_473' title='bbox 3481 2465 3708 2536; x_wconf 88' lang='lat' dir='ltr'>scripta</span> <span class='ocrx_word' id='word_1_474' title='bbox 3758 2472 3909 2522; x_wconf 86' lang='lat' dir='ltr'>sunt</span> 
     </span>
    </p>
   </div>
   <div class='ocr_carea' id='block_1_68' title="bbox 2235 2551 3910 2623">
    <p class='ocr_par' dir='ltr' id='par_1_68' title="bbox 2235 2551 3910 2623">
     <span class='ocr_line' id='line_1_68' title="bbox 2235 2551 3910 2623; baseline 0.002 -17"><span class='ocrx_word' id='word_1_475' title='bbox 2235 2551 2436 2623; x_wconf 89' lang='lat' dir='ltr'>(ibid.),</span> <span class='ocrx_word' id='word_1_476' title='bbox 2471 2551 2746 2623; x_wconf 89' lang='lat' dir='ltr'>quoniam</span> <span class='ocrx_word' id='word_1_477' title='bbox 2799 2551 3120 2607; x_wconf 89' lang='lat' dir='ltr'>schismata</span> <span class='ocrx_word' id='word_1_478' title='bbox 3166 2557 3223 2606; x_wconf 92' lang='lat' dir='ltr'>et</span> <span class='ocrx_word' id='word_1_479' title='bbox 3278 2553 3689 2610; x_wconf 84' lang='lat' dir='ltr'>dissensiones</span> <span class='ocrx_word' id='word_1_480' title='bbox 3742 2555 3910 2610; x_wconf 86' lang='lat' dir='ltr'>inter</span> 
     </span>
    </p>
   </div>
   <div class='ocr_carea' id='block_1_69' title="bbox 2233 2639 3904 2712">
    <p class='ocr_par' dir='ltr' id='par_1_69' title="bbox 2233 2639 3904 2712">
     <span class='ocr_line' id='line_1_69' title="bbox 2233 2639 3904 2712; baseline 0.002 -17"><span class='ocrx_word' id='word_1_481' title='bbox 2233 2639 2366 2695; x_wconf 90' lang='lat' dir='ltr'>illos</span> <span class='ocrx_word' id='word_1_482' title='bbox 2415 2640 2817 2705; x_wconf 89' lang='lat' dir='ltr'>movebantur,</span> <span class='ocrx_word' id='word_1_483' title='bbox 2848 2641 2990 2695; x_wconf 90' lang='lat' dir='ltr'>dum</span> <span class='ocrx_word' id='word_1_484' title='bbox 3039 2639 3193 2696; x_wconf 88' lang='lat' dir='ltr'>alius</span> <span class='ocrx_word' id='word_1_485' title='bbox 3224 2640 3399 2696; x_wconf 89' lang='lat' dir='ltr'>Paulo</span> <span class='ocrx_word' id='word_1_486' title='bbox 3430 2643 3706 2712; x_wconf 85' lang='lat' dir='ltr'>deputat,</span> <span class='ocrx_word' id='word_1_487' title='bbox 3736 2643 3904 2699; x_wconf 88' lang='lat' dir='ltr'>alius</span> 
     </span>
    </p>
   </div>
   <div class='ocr_carea' id='block_1_70' title="bbox 2234 2727 3901 2801">
    <p class='ocr_par' dir='ltr' id='par_1_70' title="bbox 2234 2727 3901 2801">
     <span class='ocr_line' id='line_1_70' title="bbox 2234 2727 3901 2801; baseline 0.002 -17"><span class='ocrx_word' id='word_1_488' title='bbox 2234 2727 2456 2800; x_wconf 87' lang='lat' dir='ltr'>Apollo.</span> <span class='ocrx_word' id='word_1_489' title='bbox 2485 2728 2728 2800; x_wconf 90' lang='lat' dir='ltr'>Propter</span> <span class='ocrx_word' id='word_1_490' title='bbox 2755 2729 2910 2800; x_wconf 91' lang='lat' dir='ltr'>quod</span> <span class='ocrx_word' id='word_1_491' title='bbox 2958 2729 3238 2800; x_wconf 86' lang='lat' dir='ltr'>paciﬁcus</span> <span class='ocrx_word' id='word_1_492' title='bbox 3292 2729 3628 2801; x_wconf 75' lang='lat' dir='ltr'>Apostolus,</span> <span class='ocrx_word' id='word_1_493' title='bbox 3666 2747 3742 2786; x_wconf 91' lang='lat' dir='ltr'>ne</span> <span class='ocrx_word' id='word_1_494' title='bbox 3777 2733 3901 2788; x_wconf 85' lang='lat' dir='ltr'>sibi</span> 
     </span>
    </p>
   </div>
   <div class='ocr_carea' id='block_1_71' title="bbox 2235 2816 3903 2890">
    <p class='ocr_par' dir='ltr' id='par_1_71' title="bbox 2235 2816 3903 2890">
     <span class='ocr_line' id='line_1_71' title="bbox 2235 2816 3903 2890; baseline 0.002 -18"><span class='ocrx_word' id='word_1_495' title='bbox 2235 2817 2428 2872; x_wconf 87' lang='lat' dir='ltr'>omnia</span> <span class='ocrx_word' id='word_1_496' title='bbox 2457 2817 2766 2872; x_wconf 88' lang='lat' dir='ltr'>defendere</span> <span class='ocrx_word' id='word_1_497' title='bbox 2793 2816 3105 2884; x_wconf 88' lang='lat' dir='ltr'>videretur,</span> <span class='ocrx_word' id='word_1_498' title='bbox 3121 2833 3237 2873; x_wconf 91' lang='lat' dir='ltr'>non</span> <span class='ocrx_word' id='word_1_499' title='bbox 3267 2817 3340 2873; x_wconf 90' lang='lat' dir='ltr'>ad</span> <span class='ocrx_word' id='word_1_500' title='bbox 3370 2817 3777 2890; x_wconf 86' lang='lat' dir='ltr'>tinguendum</span> <span class='ocrx_word' id='word_1_501' title='bbox 3818 2821 3903 2876; x_wconf 85' lang='lat' dir='ltr'>ait</span> 
     </span>
    </p>
   </div>
   <div class='ocr_carea' id='block_1_72' title="bbox 2234 2905 3904 2978">
    <p class='ocr_par' dir='ltr' id='par_1_72' title="bbox 2234 2905 3904 2978">
     <span class='ocr_line' id='line_1_72' title="bbox 2234 2905 3904 2978; baseline 0.001 -17"><span class='ocrx_word' id='word_1_502' title='bbox 2234 2920 2297 2961; x_wconf 87' lang='lat' dir='ltr'>se</span> <span class='ocrx_word' id='word_1_503' title='bbox 2327 2906 2600 2974; x_wconf 89' lang='lat' dir='ltr'>missum,</span> <span class='ocrx_word' id='word_1_504' title='bbox 2630 2905 2731 2961; x_wconf 91' lang='lat' dir='ltr'>sed</span> <span class='ocrx_word' id='word_1_505' title='bbox 2764 2906 2833 2960; x_wconf 88' lang='lat' dir='ltr'>ad</span> <span class='ocrx_word' id='word_1_506' title='bbox 2866 2906 3478 2976; x_wconf 67' lang='lat' dir='ltr'>praedicandumNam</span> <span class='ocrx_word' id='word_1_507' title='bbox 3509 2911 3569 2962; x_wconf 88' lang='lat' dir='ltr'>et</span> <span class='ocrx_word' id='word_1_508' title='bbox 3595 2906 3774 2978; x_wconf 87' lang='lat' dir='ltr'>prius</span> <span class='ocrx_word' id='word_1_509' title='bbox 3810 2914 3904 2965; x_wconf 85' lang='lat' dir='ltr'>est</span> 
     </span>
    </p>
   </div>
   <div class='ocr_carea' id='block_1_73' title="bbox 2234 2993 3902 3066">
    <p class='ocr_par' dir='ltr' id='par_1_73' title="bbox 2234 2993 3902 3066">
     <span class='ocr_line' id='line_1_73' title="bbox 2234 2993 3902 3066; baseline 0.003 -17"><span class='ocrx_word' id='word_1_510' title='bbox 2234 2993 2568 3066; x_wconf 69' lang='lat' dir='ltr'>prmdicare,</span> <span class='ocrx_word' id='word_1_511' title='bbox 2617 2993 2909 3066; x_wconf 85' lang='lat' dir='ltr'>posterius</span> <span class='ocrx_word' id='word_1_512' title='bbox 2955 2994 3245 3065; x_wconf 75' lang='lat' dir='ltr'>tinguere.</span> <span class='ocrx_word' id='word_1_513' title='bbox 3277 2994 3336 3050; x_wconf 92' lang='lat' dir='ltr'>Si</span> <span class='ocrx_word' id='word_1_514' title='bbox 3382 2994 3547 3065; x_wconf 88' lang='lat' dir='ltr'>prius</span> <span class='ocrx_word' id='word_1_515' title='bbox 3596 2997 3902 3066; x_wconf 67' lang='lat' dir='ltr'>pradica-</span> 
     </span>
    </p>
   </div>
   <div class='ocr_carea' id='block_1_74' title="bbox 2233 3081 3902 3155">
    <p class='ocr_par' dir='ltr' id='par_1_74' title="bbox 2233 3081 3902 3155">
     <span class='ocr_line' id='line_1_74' title="bbox 2233 3081 3902 3155; baseline 0.002 -18"><span class='ocrx_word' id='word_1_516' title='bbox 2233 3087 2360 3138; x_wconf 89' lang='lat' dir='ltr'>tum</span> <span class='ocrx_word' id='word_1_517' title='bbox 2395 3099 2409 3138; x_wconf 91' lang='lat'><strong>:</strong></span> <span class='ocrx_word' id='word_1_518' title='bbox 2442 3085 2583 3154; x_wconf 87' lang='lat' dir='ltr'>puto</span> <span class='ocrx_word' id='word_1_519' title='bbox 2612 3082 2658 3118; x_wconf 81' lang='grc'>⁸³</span> <span class='ocrx_word' id='word_1_520' title='bbox 2689 3086 2886 3138; x_wconf 90' lang='lat' dir='ltr'>autem</span> <span class='ocrx_word' id='word_1_521' title='bbox 2935 3081 3102 3137; x_wconf 91' lang='lat' dir='ltr'>licuit</span> <span class='ocrx_word' id='word_1_522' title='bbox 3146 3085 3203 3138; x_wconf 91' lang='lat' dir='ltr'>et</span> <span class='ocrx_word' id='word_1_523' title='bbox 3248 3081 3512 3155; x_wconf 87' lang='lat' dir='ltr'>tinguere</span> <span class='ocrx_word' id='word_1_524' title='bbox 3543 3083 3658 3155; x_wconf 84' lang='lat'>(53)</span> <span class='ocrx_word' id='word_1_525' title='bbox 3690 3085 3799 3140; x_wconf 86' lang='lat' dir='ltr'>cui</span> <span class='ocrx_word' id='word_1_526' title='bbox 3831 3086 3902 3141; x_wconf 93' lang='lat' dir='ltr'>li-</span> 
     </span>
    </p>
   </div>
   <div class='ocr_carea' id='block_1_75' title="bbox 2154 3171 2717 3258">
    <p class='ocr_par' dir='ltr' id='par_1_75' title="bbox 2154 3171 2717 3258">
     <span class='ocr_line' id='line_1_75' title="bbox 2154 3171 2717 3258; baseline 0 -32"><span class='ocrx_word' id='word_1_527' title='bbox 2154 3191 2197 3258; x_wconf 72' lang='grc' dir='ltr'><strong>ρ</strong></span> <span class='ocrx_word' id='word_1_528' title='bbox 2237 3171 2357 3226; x_wconf 90' lang='lat' dir='ltr'>cuit</span> <span class='ocrx_word' id='word_1_529' title='bbox 2382 3171 2717 3243; x_wconf 64' lang='lat' dir='ltr'>praedicare.</span> 
     </span>
    </p>
   </div>
   <div class='ocr_carea' id='block_1_76' title="bbox 2859 3284 3245 3341">
    <p class='ocr_par' dir='ltr' id='par_1_76' title="bbox 2859 3284 3245 3341">
     <span class='ocr_line' id='line_1_76' title="bbox 2859 3284 3245 3341; baseline -0.008 0"><span class='ocrx_word' id='word_1_530' title='bbox 2859 3284 3088 3341; x_wconf 83' lang='lat' dir='ltr'>CAPUT</span> <span class='ocrx_word' id='word_1_531' title='bbox 3123 3284 3245 3341; x_wconf 85' lang='lat' dir='ltr'>XV.</span> 
     </span>
    </p>
   </div>
   <div class='ocr_carea' id='block_1_77' title="bbox 2312 3390 3915 3466">
    <p class='ocr_par' dir='ltr' id='par_1_77' title="bbox 2312 3390 3915 3466">
     <span class='ocr_line' id='line_1_77' title="bbox 2312 3390 3915 3466; baseline -0.002 -19"><span class='ocrx_word' id='word_1_532' title='bbox 2312 3391 2518 3447; x_wconf 88' lang='lat' dir='ltr'>Nescio</span> <span class='ocrx_word' id='word_1_533' title='bbox 2549 3390 2599 3446; x_wconf 84' lang='lat' dir='ltr'>si</span> <span class='ocrx_word' id='word_1_534' title='bbox 2648 3390 2787 3462; x_wconf 91' lang='lat' dir='ltr'>quid</span> <span class='ocrx_word' id='word_1_535' title='bbox 2839 3390 3094 3462; x_wconf 87' lang='lat' dir='ltr'>amplius</span> <span class='ocrx_word' id='word_1_536' title='bbox 3123 3391 3193 3447; x_wconf 91' lang='lat' dir='ltr'>ad</span> <span class='ocrx_word' id='word_1_537' title='bbox 3243 3391 3704 3448; x_wconf 86' lang='lat' dir='ltr'>controversiam</span> <span class='ocrx_word' id='word_1_538' title='bbox 3758 3393 3915 3466; x_wconf 89' lang='lat' dir='ltr'>bap-</span> 
     </span>
    </p>
   </div>
   <div class='ocr_carea' id='block_1_78' title="bbox 2235 3480 3916 3552">
    <p class='ocr_par' dir='ltr' id='par_1_78' title="bbox 2235 3480 3916 3552">
     <span class='ocr_line' id='line_1_78' title="bbox 2235 3480 3916 3552; baseline -0.002 -15"><span class='ocrx_word' id='word_1_539' title='bbox 2235 3482 2398 3538; x_wconf 88' lang='lat' dir='ltr'>tismi</span> <span class='ocrx_word' id='word_1_540' title='bbox 2429 3480 2765 3535; x_wconf 86' lang='lat' dir='ltr'>ventilatur.</span> <span class='ocrx_word' id='word_1_541' title='bbox 2796 3484 2946 3535; x_wconf 85' lang='lat' dir='ltr'>Sane</span> <span class='ocrx_word' id='word_1_542' title='bbox 2979 3485 3259 3550; x_wconf 84' lang='lat' dir='ltr'>retexam,</span> <span class='ocrx_word' id='word_1_543' title='bbox 3291 3480 3444 3551; x_wconf 89' lang='lat' dir='ltr'>quod</span> <span class='ocrx_word' id='word_1_544' title='bbox 3487 3497 3671 3552; x_wconf 88' lang='lat' dir='ltr'>supra</span> <span class='ocrx_word' id='word_1_545' title='bbox 3699 3481 3916 3548; x_wconf 84' lang='lat' dir='ltr'>omisi,</span> 
     </span>
    </p>
   </div>
   <div class='ocr_carea' id='block_1_79' title="bbox 2239 3568 3909 3625">
    <p class='ocr_par' dir='ltr' id='par_1_79' title="bbox 2239 3568 3909 3625">
     <span class='ocr_line' id='line_1_79' title="bbox 2239 3568 3909 3625; baseline -0.001 0"><span class='ocrx_word' id='word_1_546' title='bbox 2239 3587 2310 3625; x_wconf 92' lang='lat' dir='ltr'>ne</span> <span class='ocrx_word' id='word_1_547' title='bbox 2364 3569 2741 3624; x_wconf 89' lang='lat' dir='ltr'>imminentes</span> <span class='ocrx_word' id='word_1_548' title='bbox 2797 3584 3007 3624; x_wconf 89' lang='lat' dir='ltr'>sensus</span> <span class='ocrx_word' id='word_1_549' title='bbox 3061 3569 3262 3623; x_wconf 89' lang='lat' dir='ltr'>videar</span> <span class='ocrx_word' id='word_1_550' title='bbox 3318 3569 3692 3624; x_wconf 84' lang='lat' dir='ltr'>intercidere.</span> <span class='ocrx_word' id='word_1_551' title='bbox 3727 3568 3909 3625; x_wconf 85' lang='lat' dir='ltr'>Unus</span> 
     </span>
    </p>
   </div>
   <div class='ocr_carea' id='block_1_80' title="bbox 2237 3656 3910 3728">
    <p class='ocr_par' dir='ltr' id='par_1_80' title="bbox 2237 3656 3910 3728">
     <span class='ocr_line' id='line_1_80' title="bbox 2237 3656 3910 3728; baseline -0.001 -14"><span class='ocrx_word' id='word_1_552' title='bbox 2237 3657 2476 3714; x_wconf 87' lang='lat' dir='ltr'>omnino</span> <span class='ocrx_word' id='word_1_553' title='bbox 2503 3657 2834 3728; x_wconf 85' lang='lat' dir='ltr'>baptismus</span> <span class='ocrx_word' id='word_1_554' title='bbox 2866 3662 2956 3712; x_wconf 86' lang='lat' dir='ltr'>est</span> <span class='ocrx_word' id='word_1_555' title='bbox 2985 3656 3299 3723; x_wconf 88' lang='lat' dir='ltr'>nobis,tam</span> <span class='ocrx_word' id='word_1_556' title='bbox 3332 3673 3400 3712; x_wconf 86' lang='lat' dir='ltr'>ex</span> <span class='ocrx_word' id='word_1_557' title='bbox 3430 3656 3669 3712; x_wconf 89' lang='lat' dir='ltr'>Domini</span> <span class='ocrx_word' id='word_1_558' title='bbox 3703 3658 3910 3714; x_wconf 78' lang='lat' dir='ltr'>Evan-</span> 
     </span>
    </p>
   </div>
   <div class='ocr_carea' id='block_1_81' title="bbox 2237 3745 3909 3818">
    <p class='ocr_par' dir='ltr' id='par_1_81' title="bbox 2237 3745 3909 3818">
     <span class='ocr_line' id='line_1_81' title="bbox 2237 3745 3909 3818; baseline 0.002 -19"><span class='ocrx_word' id='word_1_559' title='bbox 2237 3746 2385 3818; x_wconf 88' lang='lat' dir='ltr'>gelio</span> <span class='ocrx_word' id='word_1_560' title='bbox 2415 3747 2601 3816; x_wconf 82' lang='lat' dir='ltr'>(Joan.</span> <span class='ocrx_word' id='word_1_561' title='bbox 2634 3746 2741 3815; x_wconf 83' lang='grc' dir='ltr'>ιιι),</span> <span class='ocrx_word' id='word_1_562' title='bbox 2776 3760 2951 3815; x_wconf 90' lang='lat' dir='ltr'>quam</span> <span class='ocrx_word' id='word_1_563' title='bbox 3004 3761 3072 3799; x_wconf 92' lang='lat' dir='ltr'>ex</span> <span class='ocrx_word' id='word_1_564' title='bbox 3117 3745 3376 3816; x_wconf 82' lang='lat' dir='ltr'>Apostoli</span> <span class='ocrx_word' id='word_1_565' title='bbox 3407 3745 3619 3800; x_wconf 89' lang='lat' dir='ltr'>litteris</span> <span class='ocrx_word' id='word_1_566' title='bbox 3653 3746 3909 3816; x_wconf 71' lang='lat' dir='ltr'>(Ephes.</span> 
     </span>
    </p>
   </div>
   <div class='ocr_carea' id='block_1_82' title="bbox 2238 3833 3909 3906">
    <p class='ocr_par' dir='ltr' id='par_1_82' title="bbox 2238 3833 3909 3906">
     <span class='ocr_line' id='line_1_82' title="bbox 2238 3833 3909 3906; baseline 0.001 -17"><span class='ocrx_word' id='word_1_567' title='bbox 2238 3835 2352 3906; x_wconf 84' lang='lat' dir='ltr'>Iv);</span> <span class='ocrx_word' id='word_1_568' title='bbox 2388 3833 2664 3906; x_wconf 89' lang='lat' dir='ltr'>quoniam</span> <span class='ocrx_word' id='word_1_569' title='bbox 2696 3849 2852 3888; x_wconf 91' lang='lat' dir='ltr'>unus</span> <span class='ocrx_word' id='word_1_570' title='bbox 2900 3834 3184 3888; x_wconf 89' lang='lat' dir='ltr'>Dominus</span> <span class='ocrx_word' id='word_1_571' title='bbox 3213 3837 3272 3889; x_wconf 91' lang='lat' dir='ltr'>et</span> <span class='ocrx_word' id='word_1_572' title='bbox 3301 3849 3486 3888; x_wconf 90' lang='lat' dir='ltr'>unum</span> <span class='ocrx_word' id='word_1_573' title='bbox 3518 3833 3909 3904; x_wconf 85' lang='lat' dir='ltr'>baptismum</span> 
     </span>
    </p>
   </div>
   <div class='ocr_carea' id='block_1_83' title="bbox 2237 3920 3916 3979">
    <p class='ocr_par' dir='ltr' id='par_1_83' title="bbox 2237 3920 3916 3979">
     <span class='ocr_line' id='line_1_83' title="bbox 2237 3920 3916 3979; baseline 0 0"><span class='ocrx_word' id='word_1_574' title='bbox 2237 3928 2294 3979; x_wconf 89' lang='lat' dir='ltr'>et</span> <span class='ocrx_word' id='word_1_575' title='bbox 2323 3940 2440 3978; x_wconf 88' lang='lat' dir='ltr'>una</span> <span class='ocrx_word' id='word_1_576' title='bbox 2469 3922 2722 3978; x_wconf 88' lang='lat' dir='ltr'>Ecclesia</span> <span class='ocrx_word' id='word_1_577' title='bbox 2750 3923 2808 3976; x_wconf 92' lang='lat' dir='ltr'>in</span> <span class='ocrx_word' id='word_1_578' title='bbox 2840 3920 3019 3976; x_wconf 77' lang='lat' dir='ltr'>caalis.</span> <span class='ocrx_word' id='word_1_579' title='bbox 3053 3922 3164 3976; x_wconf 89' lang='lat' dir='ltr'>Sed</span> <span class='ocrx_word' id='word_1_580' title='bbox 3197 3921 3351 3976; x_wconf 86' lang='lat' dir='ltr'>circa</span> <span class='ocrx_word' id='word_1_581' title='bbox 3398 3920 3709 3977; x_wconf 71' lang='lat' dir='ltr'>hereticos</span> <span class='ocrx_word' id='word_1_582' title='bbox 3754 3939 3916 3979; x_wconf 86' lang='lat' dir='ltr'>sane</span> 
     </span>
    </p>
   </div>
   <div class='ocr_carea' id='block_1_84' title="bbox 2237 4011 3912 4083">
    <p class='ocr_par' dir='ltr' id='par_1_84' title="bbox 2237 4011 3912 4083">
     <span class='ocr_line' id='line_1_84' title="bbox 2237 4011 3912 4083; baseline 0.001 -17"><span class='ocrx_word' id='word_1_583' title='bbox 2237 4011 2379 4083; x_wconf 89' lang='lat' dir='ltr'>quid</span> <span class='ocrx_word' id='word_1_584' title='bbox 2431 4011 2877 4066; x_wconf 86' lang='lat' dir='ltr'>custodiendum</span> <span class='ocrx_word' id='word_1_585' title='bbox 2930 4012 3026 4076; x_wconf 90' lang='lat' dir='ltr'>sit,</span> <span class='ocrx_word' id='word_1_586' title='bbox 3068 4011 3240 4080; x_wconf 86' lang='lat' dir='ltr'>digne</span> <span class='ocrx_word' id='word_1_587' title='bbox 3286 4011 3418 4082; x_wconf 89' lang='lat' dir='ltr'>quis</span> <span class='ocrx_word' id='word_1_588' title='bbox 3470 4014 3797 4079; x_wconf 86' lang='lat' dir='ltr'>retractet;</span> <span class='ocrx_word' id='word_1_589' title='bbox 3833 4013 3912 4068; x_wconf 86' lang='lat' dir='ltr'>ad</span> 
     </span>
    </p>
   </div>
   <div class='ocr_carea' id='block_1_85' title="bbox 2238 4097 3912 4168">
    <p class='ocr_par' dir='ltr' id='par_1_85' title="bbox 2238 4097 3912 4168">
     <span class='ocr_line' id='line_1_85' title="bbox 2238 4097 3912 4168; baseline -0.001 -13"><span class='ocrx_word' id='word_1_590' title='bbox 2238 4117 2344 4155; x_wconf 90' lang='lat' dir='ltr'>nos</span> <span class='ocrx_word' id='word_1_591' title='bbox 2375 4101 2528 4154; x_wconf 89' lang='lat' dir='ltr'>enim</span> <span class='ocrx_word' id='word_1_592' title='bbox 2575 4097 2796 4154; x_wconf 89' lang='lat' dir='ltr'>editum</span> <span class='ocrx_word' id='word_1_593' title='bbox 2828 4106 2915 4152; x_wconf 88' lang='lat' dir='ltr'>est</span> <span class='ocrx_word' id='word_1_594' title='bbox 2944 4098 3077 4168; x_wconf 81' lang='grc'><strong>(54).</strong></span> <span class='ocrx_word' id='word_1_595' title='bbox 3106 4097 3369 4153; x_wconf 69' lang='grc' dir='ltr'>Ηωιιθιὶοἰ</span> <span class='ocrx_word' id='word_1_596' title='bbox 3419 4102 3620 4152; x_wconf 89' lang='lat' dir='ltr'>autem</span> <span class='ocrx_word' id='word_1_597' title='bbox 3654 4097 3912 4155; x_wconf 89' lang='lat' dir='ltr'>nullum</span> 
     </span>
    </p>
   </div>
   <div class='ocr_carea' id='block_1_86' title="bbox 2237 4184 3913 4257">
    <p class='ocr_par' dir='ltr' id='par_1_86' title="bbox 2237 4184 3913 4257">
     <span class='ocr_line' id='line_1_86' title="bbox 2237 4184 3913 4257; baseline 0 -15"><span class='ocrx_word' id='word_1_598' title='bbox 2237 4187 2456 4243; x_wconf 89' lang='lat' dir='ltr'>habent</span> <span class='ocrx_word' id='word_1_599' title='bbox 2483 4185 2842 4243; x_wconf 86' lang='lat' dir='ltr'>consortium</span> <span class='ocrx_word' id='word_1_600' title='bbox 2893 4190 3102 4241; x_wconf 67' lang='grc' dir='ltr'>ηοειιω</span> <span class='ocrx_word' id='word_1_601' title='bbox 3133 4184 3480 4257; x_wconf 67' lang='lat' dir='ltr'>discipline,</span> <span class='ocrx_word' id='word_1_602' title='bbox 3511 4201 3663 4257; x_wconf 88' lang='lat' dir='ltr'>quos</span> <span class='ocrx_word' id='word_1_603' title='bbox 3694 4193 3913 4242; x_wconf 85' lang='lat' dir='ltr'>extra-</span> 
     </span>
    </p>
   </div>
   <div class='ocr_carea' id='block_1_87' title="bbox 1903 4327 2456 4392">
    <p class='ocr_par' dir='ltr' id='par_1_87' title="bbox 1903 4327 2456 4392">
     <span class='ocr_line' id='line_1_87' title="bbox 1903 4327 2456 4392; baseline 0.009 -5"><span class='ocrx_word' id='word_1_604' title='bbox 1903 4327 2104 4390; x_wconf 69' lang='lat' dir='ltr'>Variaa</span> <span class='ocrx_word' id='word_1_605' title='bbox 2133 4329 2456 4392; x_wconf 88' lang='lat' dir='ltr'>lectiones.</span> 
     </span>
    </p>
   </div>
   <div class='ocr_carea' id='block_1_88' title="bbox 548 4448 3907 4520">
    <p class='ocr_par' dir='ltr' id='par_1_88' title="bbox 548 4448 3907 4520">
     <span class='ocr_line' id='line_1_88' title="bbox 548 4448 3907 4520; baseline -0.002 -9"><span class='ocrx_word' id='word_1_606' title='bbox 548 4459 592 4493; x_wconf 68' lang='grc' dir='ltr'>ιδ</span> <span class='ocrx_word' id='word_1_607' title='bbox 621 4457 767 4520; x_wconf 89' lang='lat' dir='ltr'>Quia</span> <span class='ocrx_word' id='word_1_608' title='bbox 796 4469 910 4508; x_wconf 92' lang='lat' dir='ltr'>non</span> <span class='ocrx_word' id='word_1_609' title='bbox 936 4450 1054 4506; x_wconf 88' lang='lat' dir='ltr'>illis</span> <span class='ocrx_word' id='word_1_610' title='bbox 1079 4466 1130 4505; x_wconf 92' lang='grc' dir='ltr'>υ.</span> <span class='ocrx_word' id='word_1_611' title='bbox 1163 4465 1208 4504; x_wconf 88' lang='lat' dir='ltr'>c.</span> <span class='ocrx_word' id='word_1_612' title='bbox 1248 4449 1454 4504; x_wconf 85' lang='lat' dir='ltr'>Wouw.</span> <span class='ocrx_word' id='word_1_613' title='bbox 1529 4448 1574 4482; x_wconf 67' lang='lat'>‘9</span> <span class='ocrx_word' id='word_1_614' title='bbox 1598 4450 1807 4504; x_wconf 84' lang='lat' dir='ltr'>Junius</span> <span class='ocrx_word' id='word_1_615' title='bbox 1835 4451 2047 4505; x_wconf 85' lang='lat' dir='ltr'>emend.</span> <span class='ocrx_word' id='word_1_616' title='bbox 2080 4451 2300 4507; x_wconf 87' lang='lat' dir='ltr'>Exinde</span> <span class='ocrx_word' id='word_1_617' title='bbox 2346 4451 2660 4506; x_wconf 70' lang='lat' dir='ltr'>individuis</span> <span class='ocrx_word' id='word_1_618' title='bbox 2708 4449 3125 4506; x_wconf 76' lang='lat' dir='ltr'>familiaritatis</span> <span class='ocrx_word' id='word_1_619' title='bbox 3161 4465 3294 4504; x_wconf 90' lang='lat' dir='ltr'>cum</span> <span class='ocrx_word' id='word_1_620' title='bbox 3344 4448 3444 4504; x_wconf 93' lang='lat' dir='ltr'>illo</span> <span class='ocrx_word' id='word_1_621' title='bbox 3497 4450 3907 4520; x_wconf 70' lang='lat' dir='ltr'>praerogativa</span> 
     </span>
    </p>
   </div>
   <div class='ocr_carea' id='block_1_89' title="bbox 479 4521 2064 4625">
    <p class='ocr_par' dir='ltr' id='par_1_89' title="bbox 479 4521 2064 4625">
     <span class='ocr_line' id='line_1_89' title="bbox 479 4521 2064 4625; baseline -0.006 -39"><span class='ocrx_word' id='word_1_622' title='bbox 479 4546 670 4601; x_wconf 88' lang='lat' dir='ltr'>comp.</span> <span class='ocrx_word' id='word_1_623' title='bbox 705 4530 867 4596; x_wconf 82' lang='lat' dir='ltr'>Bapt.</span> <span class='ocrx_word' id='word_1_624' title='bbox 900 4523 1052 4578; x_wconf 88' lang='lat' dir='ltr'>conf.</span> <span class='ocrx_word' id='word_1_625' title='bbox 1087 4523 1302 4592; x_wconf 89' lang='lat' dir='ltr'>posset.</span> <span class='ocrx_word' id='word_1_626' title='bbox 1335 4521 1572 4590; x_wconf 85' lang='lat' dir='ltr'>Opinor.</span> <span class='ocrx_word' id='word_1_627' title='bbox 1602 4536 1773 4625; x_wconf 42' lang='lat' dir='ltr'>seqq”</span> <span class='ocrx_word' id='word_1_628' title='bbox 1806 4522 2064 4602; x_wconf 42' lang='lat' dir='ltr'>etc..Rig.</span> 
     </span>
     <span class='ocr_line' id='line_1_90' title="bbox 482 4591 2058 4625; baseline 0 0"><span class='ocrx_word' id='word_1_629' title='bbox 482 4601 619 4625; x_wconf 78' lang='grc' dir='ltr'>---ιι</span> <span class='ocrx_word' id='word_1_630' title='bbox 665 4601 859 4625; x_wconf 41' lang='lat' dir='ltr'>mu.-.“</span> <span class='ocrx_word' id='word_1_631' title='bbox 914 4593 1131 4625; x_wconf 68' lang='grc' dir='ltr'>ηηςπη..</span> <span class='ocrx_word' id='word_1_632' title='bbox 1183 4592 1578 4625; x_wconf 61' lang='grc' dir='ltr'>εωηηαιιοηὴπι</span> <span class='ocrx_word' id='word_1_633' title='bbox 1725 4591 2058 4625; x_wconf 50' lang='lat' dir='ltr'>onustum”</span> 
     </span>
    </p>
   </div>
   <div class='ocr_carea' id='block_1_90' title="bbox 479 4592 1599 4670">
    <p class='ocr_par' dir='ltr' id='par_1_90' title="bbox 479 4592 1599 4670">
     <span class='ocr_line' id='line_1_91' title="bbox 479 4592 1599 4670; baseline -0.01 -13"><span class='ocrx_word' id='word_1_634' title='bbox 479 4592 634 4657; x_wconf 81' lang='lat' dir='ltr'>coan</span> <span class='ocrx_word' id='word_1_635' title='bbox 665 4592 880 4670; x_wconf 45' lang='lat' dir='ltr'>posset:</span> <span class='ocrx_word' id='word_1_636' title='bbox 914 4593 1149 4670; x_wconf 81' lang='lat' dir='ltr'>Qpinor.</span> <span class='ocrx_word' id='word_1_637' title='bbox 1172 4592 1599 4670; x_wconf 74' lang='lat' dir='ltr'>sequebantur.</span> 
     </span>
    </p>
   </div>
   <div class='ocr_carea' id='block_1_91' title="bbox 1758 4564 2302 4650">
    <p class='ocr_par' dir='ltr' id='par_1_91' title="bbox 1758 4564 2302 4650">
     <span class='ocr_line' id='line_1_92' title="bbox 1758 4564 2302 4650; baseline 0.007 -6"><span class='ocrx_word' id='word_1_638' title='bbox 1758 4564 2064 4648; x_wconf 68' lang='grc' dir='ltr'>’δυεοίιέἴὲ</span> <span class='ocrx_word' id='word_1_639' title='bbox 2101 4564 2302 4650; x_wconf 61' lang='grc' dir='ltr'>ἵῠὸἆὶἱαῖ</span> 
     </span>
    </p>
   </div>
   <div class='ocr_carea' id='block_1_92' title="bbox 2140 4521 3902 4647">
    <p class='ocr_par' dir='ltr' id='par_1_92' title="bbox 2140 4521 3902 4647">
     <span class='ocr_line' id='line_1_93' title="bbox 2140 4521 3902 4647; baseline -0.001 -69"><span class='ocrx_word' id='word_1_640' title='bbox 2140 4529 2315 4590; x_wconf 89' lang='lat' dir='ltr'>esset,</span> <span class='ocrx_word' id='word_1_641' title='bbox 2346 4540 2480 4578; x_wconf 90' lang='lat' dir='ltr'>cum</span> <span class='ocrx_word' id='word_1_642' title='bbox 2521 4521 2626 4588; x_wconf 92' lang='lat' dir='ltr'>illi,</span> <span class='ocrx_word' id='word_1_643' title='bbox 2659 4523 2887 4647; x_wconf 43' lang='lat' dir='ltr'>opinor,</span> <span class='ocrx_word' id='word_1_644' title='bbox 2919 4523 3333 4593; x_wconf 88' lang='lat' dir='ltr'>sequebantur,</span> <span class='ocrx_word' id='word_1_645' title='bbox 3367 4525 3476 4575; x_wconf 88' lang='lat' dir='ltr'>etc.</span> <span class='ocrx_word' id='word_1_646' title='bbox 3511 4521 3675 4590; x_wconf 82' lang='lat' dir='ltr'>Leop.</span> <span class='ocrx_word' id='word_1_647' title='bbox 3717 4525 3902 4593; x_wconf 86' lang='lat' dir='ltr'>Bapt.</span> 
     </span>
     <span class='ocr_line' id='line_1_94' title="bbox 2140 4590 3899 4647; baseline 0 0"><span class='ocrx_word' id='word_1_648' title='bbox 2140 4595 2302 4647; x_wconf 84' lang='lat' dir='ltr'>Vouw.</span> <span class='ocrx_word' id='word_1_649' title='bbox 2403 4594 2443 4628; x_wconf 83' lang='grc'>⁸¹</span> <span class='ocrx_word' id='word_1_650' title='bbox 2477 4593 2585 4647; x_wconf 83' lang='grc' dir='ltr'><strong>Ουί</strong></span> <span class='ocrx_word' id='word_1_651' title='bbox 2615 4593 2685 4647; x_wconf 85' lang='lat' dir='ltr'>ad</span> <span class='ocrx_word' id='word_1_652' title='bbox 2729 4635 2740 4647; x_wconf 93' lang='lat'>.</span> <span class='ocrx_word' id='word_1_653' title='bbox 2786 4594 2953 4647; x_wconf 86' lang='lat' dir='ltr'>Fran.</span> <span class='ocrx_word' id='word_1_654' title='bbox 3054 4593 3098 4627; x_wconf 77' lang='grc'>⁸³</span> <span class='ocrx_word' id='word_1_655' title='bbox 3129 4591 3291 4647; x_wconf 88' lang='lat' dir='ltr'>lllius</span> <span class='ocrx_word' id='word_1_656' title='bbox 3328 4593 3501 4647; x_wconf 81' lang='lat' dir='ltr'>Fran.</span> <span class='ocrx_word' id='word_1_657' title='bbox 3553 4590 3899 4647; x_wconf 80' lang='lat' dir='ltr'>Corbinian.</span> 
     </span>
    </p>
   </div>
   <div class='ocr_carea' id='block_1_93' title="bbox 2403 4590 3899 4658">
    <p class='ocr_par' dir='ltr' id='par_1_93' title="bbox 2403 4590 3899 4658">
     <span class='ocr_line' id='line_1_95' title="bbox 2403 4590 3899 4658; baseline 0.002 -12"><span class='ocrx_word' id='word_1_658' title='bbox 2403 4594 2443 4628; x_wconf 82' lang='grc'>⁸¹</span> <span class='ocrx_word' id='word_1_659' title='bbox 2477 4593 2585 4658; x_wconf 89' lang='lat' dir='ltr'>Qui</span> <span class='ocrx_word' id='word_1_660' title='bbox 2615 4590 2740 4648; x_wconf 76' lang='lat' dir='ltr'>add.</span> <span class='ocrx_word' id='word_1_661' title='bbox 2786 4594 2953 4650; x_wconf 83' lang='lat' dir='ltr'>Fran.</span> <span class='ocrx_word' id='word_1_662' title='bbox 3005 4590 3016 4593; x_wconf 59' lang='grc'>⁷</span> <span class='ocrx_word' id='word_1_663' title='bbox 3054 4593 3098 4627; x_wconf 78' lang='grc'>⁸³</span> <span class='ocrx_word' id='word_1_664' title='bbox 3129 4591 3291 4647; x_wconf 88' lang='lat' dir='ltr'>lllius</span> <span class='ocrx_word' id='word_1_665' title='bbox 3328 4593 3501 4647; x_wconf 81' lang='lat' dir='ltr'>Fran.</span> <span class='ocrx_word' id='word_1_666' title='bbox 3553 4590 3899 4649; x_wconf 76' lang='lat' dir='ltr'>Corbinidn.</span> 
     </span>
    </p>
   </div>
   <div class='ocr_carea' id='block_1_94' title="bbox 475 4662 2438 4740">
    <p class='ocr_par' dir='ltr' id='par_1_94' title="bbox 475 4662 2438 4740">
     <span class='ocr_line' id='line_1_96' title="bbox 475 4662 2438 4740; baseline -0.003 -14"><span class='ocrx_word' id='word_1_667' title='bbox 475 4673 520 4708; x_wconf 79' lang='grc'>⁸³</span> <span class='ocrx_word' id='word_1_668' title='bbox 550 4662 817 4740; x_wconf 81' lang='lat' dir='ltr'>Tingere.</span> <span class='ocrx_word' id='word_1_669' title='bbox 845 4662 1069 4723; x_wconf 45' lang='lat' dir='ltr'>Sed&#39;sit</span> <span class='ocrx_word' id='word_1_670' title='bbox 1098 4663 1262 4736; x_wconf 91' lang='lat' dir='ltr'>prius</span> <span class='ocrx_word' id='word_1_671' title='bbox 1293 4662 1693 4734; x_wconf 65' lang='lat' dir='ltr'>pradicatum.</span> <span class='ocrx_word' id='word_1_672' title='bbox 1728 4662 1891 4730; x_wconf 90' lang='lat' dir='ltr'>Puto,</span> <span class='ocrx_word' id='word_1_673' title='bbox 1922 4668 2033 4718; x_wconf 91' lang='lat' dir='ltr'>etc.</span> <span class='ocrx_word' id='word_1_674' title='bbox 2068 4663 2202 4722; x_wconf 80' lang='lat' dir='ltr'>Cod.</span> <span class='ocrx_word' id='word_1_675' title='bbox 2245 4666 2438 4722; x_wconf 87' lang='lat' dir='ltr'>Wouw.</span> 
     </span>
    </p>
   </div>
   <div class='ocr_carea' id='block_1_95' title="bbox 1916 4809 2440 4872">
    <p class='ocr_par' dir='ltr' id='par_1_95' title="bbox 1916 4809 2440 4872">
     <span class='ocr_line' id='line_1_97' title="bbox 1916 4809 2440 4872; baseline 0.002 -3"><span class='ocrx_word' id='word_1_676' title='bbox 1916 4809 2440 4872; x_wconf 82' lang='lat' dir='ltr'>Commentarius.</span> 
     </span>
    </p>
   </div>
   <div class='ocr_carea' id='block_1_96' title="bbox 541 4929 3901 5011">
    <p class='ocr_par' dir='ltr' id='par_1_96' title="bbox 541 4929 3901 5011">
     <span class='ocr_line' id='line_1_98' title="bbox 541 4929 3901 5011; baseline -0.003 -15"><span class='ocrx_word' id='word_1_677' title='bbox 541 4939 655 5011; x_wconf 82' lang='grc'>(48)</span> <span class='ocrx_word' id='word_1_678' title='bbox 688 4932 1038 5011; x_wconf 70' lang='lat' dir='ltr'>Orationibus</span> <span class='ocrx_word' id='word_1_679' title='bbox 1083 4933 1400 5011; x_wconf 64' lang='lat' dir='ltr'>sanctorum</span> <span class='ocrx_word' id='word_1_680' title='bbox 1445 4932 1503 5011; x_wconf 72' lang='lat' dir='ltr'>in</span> <span class='ocrx_word' id='word_1_681' title='bbox 1543 4931 1772 5011; x_wconf 58' lang='lat' dir='ltr'>ultimis</span> <span class='ocrx_word' id='word_1_682' title='bbox 1825 4933 2118 5011; x_wconf 72' lang='lat' dir='ltr'>suscitatus</span> <span class='ocrx_word' id='word_1_683' title='bbox 2149 4937 2193 5000; x_wconf 82' lang='lat'>1)</span> <span class='ocrx_word' id='word_1_684' title='bbox 2229 4935 2344 5011; x_wconf 82' lang='lat' dir='ltr'>tate</span> <span class='ocrx_word' id='word_1_685' title='bbox 2405 4931 2947 5011; x_wconf 72' lang='lat' dir='ltr'>conjungendarum</span> <span class='ocrx_word' id='word_1_686' title='bbox 3008 4930 3160 4986; x_wconf 91' lang='lat' dir='ltr'>inter</span> <span class='ocrx_word' id='word_1_687' title='bbox 3215 4947 3277 4987; x_wconf 89' lang='lat' dir='ltr'>se</span> <span class='ocrx_word' id='word_1_688' title='bbox 3333 4929 3653 4994; x_wconf 86' lang='lat' dir='ltr'>actionum,</span> <span class='ocrx_word' id='word_1_689' title='bbox 3698 4947 3901 4987; x_wconf 84' lang='lat' dir='ltr'>unam</span> 
     </span>
    </p>
   </div>
   <div class='ocr_carea' id='block_1_97' title="bbox 471 5001 2110 5084">
    <p class='ocr_par' dir='ltr' id='par_1_97' title="bbox 471 5001 2110 5084">
     <span class='ocr_line' id='line_1_99' title="bbox 471 5001 2110 5084; baseline -0.009 -12"><span class='ocrx_word' id='word_1_690' title='bbox 471 5001 772 5084; x_wconf 73' lang='lat' dir='ltr'>compescat</span> <span class='ocrx_word' id='word_1_691' title='bbox 819 5005 1119 5084; x_wconf 50' lang='lat' dir='ltr'>saeculum;</span> <span class='ocrx_word' id='word_1_692' title='bbox 1155 5002 1438 5057; x_wconf 85' lang='lat' dir='ltr'>Petitione</span> <span class='ocrx_word' id='word_1_693' title='bbox 1484 5001 1597 5058; x_wconf 88' lang='lat' dir='ltr'>ista</span> <span class='ocrx_word' id='word_1_694' title='bbox 1643 5001 1908 5058; x_wconf 89' lang='lat' dir='ltr'>scilicet:</span> <span class='ocrx_word' id='word_1_695' title='bbox 1942 5001 2110 5058; x_wconf 82' lang='lat' dir='ltr'>Adve-</span> 
     </span>
    </p>
   </div>
   <div class='ocr_carea' id='block_1_98' title="bbox 468 5077 1208 5152">
    <p class='ocr_par' dir='ltr' id='par_1_98' title="bbox 468 5077 1208 5152">
     <span class='ocr_line' id='line_1_100' title="bbox 468 5077 1208 5152; baseline -0.022 -10"><span class='ocrx_word' id='word_1_696' title='bbox 468 5077 605 5142; x_wconf 51' lang='lat' dir='ltr'>niat&#39;</span> <span class='ocrx_word' id='word_1_697' title='bbox 619 5095 847 5152; x_wconf 82' lang='lat' dir='ltr'>regnum</span> <span class='ocrx_word' id='word_1_698' title='bbox 875 5087 1048 5152; x_wconf 80' lang='lat' dir='ltr'>tuum.</span> <span class='ocrx_word' id='word_1_699' title='bbox 1084 5077 1208 5128; x_wconf 80' lang='lat' dir='ltr'>Rm.</span> 
     </span>
    </p>
   </div>
   <div class='ocr_carea' id='block_1_99' title="bbox 541 5143 2109 5228">
    <p class='ocr_par' dir='ltr' id='par_1_99' title="bbox 541 5143 2109 5228">
     <span class='ocr_line' id='line_1_101' title="bbox 541 5143 2109 5228; baseline -0.003 -23"><span class='ocrx_word' id='word_1_700' title='bbox 541 5155 653 5228; x_wconf 82' lang='grc'>(49)</span> <span class='ocrx_word' id='word_1_701' title='bbox 677 5143 756 5228; x_wconf 57' lang='lat' dir='ltr'>pe</span> <span class='ocrx_word' id='word_1_702' title='bbox 792 5164 903 5204; x_wconf 87' lang='lat' dir='ltr'>uno</span> <span class='ocrx_word' id='word_1_703' title='bbox 943 5148 1156 5228; x_wconf 58' lang='lat' dir='ltr'>(onagro</span> <span class='ocrx_word' id='word_1_704' title='bbox 1201 5144 1297 5198; x_wconf 82' lang='lat' dir='ltr'>sub</span> <span class='ocrx_word' id='word_1_705' title='bbox 1319 5145 1497 5228; x_wconf 35' lang='lat' dir='ltr'>“Petri</span> <span class='ocrx_word' id='word_1_706' title='bbox 1517 5159 1793 5228; x_wconf 37' lang='lat' dir='ltr'>.persona.</span> <span class='ocrx_word' id='word_1_707' title='bbox 1828 5143 2109 5228; x_wconf 65' lang='lat' dir='ltr'>Historias</span> 
     </span>
    </p>
   </div>
   <div class='ocr_carea' id='block_1_100' title="bbox 469 5213 2109 5286">
    <p class='ocr_par' dir='ltr' id='par_1_100' title="bbox 469 5213 2109 5286">
     <span class='ocr_line' id='line_1_102' title="bbox 469 5213 2109 5286; baseline -0.009 -2"><span class='ocrx_word' id='word_1_708' title='bbox 469 5213 615 5283; x_wconf 69' lang='lat' dir='ltr'>illiid</span> <span class='ocrx_word' id='word_1_709' title='bbox 638 5213 886 5278; x_wconf 45' lang='lat' dir='ltr'>Idictum</span> <span class='ocrx_word' id='word_1_710' title='bbox 935 5224 1025 5272; x_wconf 87' lang='lat' dir='ltr'>est</span> <span class='ocrx_word' id='word_1_711' title='bbox 1061 5217 1229 5270; x_wconf 85' lang='lat' dir='ltr'>Petro</span> <span class='ocrx_word' id='word_1_712' title='bbox 1264 5233 1278 5270; x_wconf 90' lang='lat'><strong>:</strong></span> <span class='ocrx_word' id='word_1_713' title='bbox 1309 5217 1420 5284; x_wconf 88' lang='lat' dir='ltr'>Qui</span> <span class='ocrx_word' id='word_1_714' title='bbox 1452 5213 1597 5270; x_wconf 78' lang='lat' dir='ltr'>lotus</span> <span class='ocrx_word' id='word_1_715' title='bbox 1637 5220 1712 5270; x_wconf 85' lang='lat' dir='ltr'>est</span> <span class='ocrx_word' id='word_1_716' title='bbox 1741 5231 1851 5271; x_wconf 85' lang='lat' dir='ltr'>non</span> <span class='ocrx_word' id='word_1_717' title='bbox 1879 5217 2109 5286; x_wconf 79' lang='lat' dir='ltr'>indiget,</span> 
     </span>
    </p>
   </div>
   <div class='ocr_carea' id='block_1_101' title="bbox 567 5299 820 5352">
    <p class='ocr_par' dir='ltr' id='par_1_101' title="bbox 567 5299 820 5352">
     <span class='ocr_line' id='line_1_103' title="bbox 567 5299 820 5352; baseline -0.028 0"><span class='ocrx_word' id='word_1_718' title='bbox 567 5341 578 5352; x_wconf 91' lang='lat'>.</span> <span class='ocrx_word' id='word_1_719' title='bbox 615 5303 689 5351; x_wconf 75' lang='lat' dir='ltr'>La</span> <span class='ocrx_word' id='word_1_720' title='bbox 722 5299 820 5347; x_wconf 79' lang='lat' dir='ltr'>Pa.</span> 
     </span>
    </p>
   </div>
   <div class='ocr_carea' id='block_1_102' title="bbox 469 5307 2106 5442">
    <p class='ocr_par' dir='ltr' id='par_1_102' title="bbox 469 5307 2106 5442">
     <span class='ocr_line' id='line_1_104' title="bbox 469 5307 2106 5442; baseline -0.01 -17"><span class='ocrx_word' id='word_1_721' title='bbox 469 5307 982 5442; x_wconf 43' lang='grc' dir='ltr'>Θῐῖέόοῗιτῖιῇίθξάυκ</span> <span class='ocrx_word' id='word_1_722' title='bbox 1027 5354 1704 5442; x_wconf 42' lang='grc' dir='ltr'>[αγηίἰίανξίᾳξίεξβὶιιῖίειὶ</span> <span class='ocrx_word' id='word_1_723' title='bbox 1748 5355 1980 5442; x_wconf 74' lang='lat' dir='ltr'>Domini</span> <span class='ocrx_word' id='word_1_724' title='bbox 2012 5371 2106 5410; x_wconf 83' lang='lat' dir='ltr'>so-</span> 
     </span>
    </p>
   </div>
   <div class='ocr_carea' id='block_1_103' title="bbox 467 5426 2103 5500">
    <p class='ocr_par' dir='ltr' id='par_1_103' title="bbox 467 5426 2103 5500">
     <span class='ocr_line' id='line_1_105' title="bbox 467 5426 2103 5500; baseline -0.012 -2"><span class='ocrx_word' id='word_1_725' title='bbox 467 5426 555 5497; x_wconf 52' lang='lat' dir='ltr'>cii‘</span> <span class='ocrx_word' id='word_1_726' title='bbox 575 5426 1109 5496; x_wconf 58' lang='lat' dir='ltr'>et&#39;contubernales</span> <span class='ocrx_word' id='word_1_727' title='bbox 1140 5428 1385 5499; x_wconf 88' lang='lat' dir='ltr'>apostoli</span> <span class='ocrx_word' id='word_1_728' title='bbox 1418 5428 1692 5483; x_wconf 89' lang='lat' dir='ltr'>dicuntur</span> <span class='ocrx_word' id='word_1_729' title='bbox 1720 5434 1778 5483; x_wconf 90' lang='lat' dir='ltr'>et</span> <span class='ocrx_word' id='word_1_730' title='bbox 1795 5426 2103 5500; x_wconf 80' lang='grc' dir='ltr'>ὁμωρόφιοι</span> 
     </span>
    </p>
   </div>
   <div class='ocr_carea' id='block_1_104' title="bbox 468 5500 1722 5584">
    <p class='ocr_par' dir='ltr' id='par_1_104' title="bbox 468 5500 1722 5584">
     <span class='ocr_line' id='line_1_106' title="bbox 468 5500 1722 5584; baseline -0.012 -18"><span class='ocrx_word' id='word_1_731' title='bbox 468 5501 1196 5584; x_wconf 33' lang='grc' dir='ltr'>ἑταῖροιζΝοιιιιοκΡιιιιορ.</span> <span class='ocrx_word' id='word_1_732' title='bbox 1230 5500 1287 5553; x_wconf 83' lang='grc' dir='ltr'>ἱιι</span> <span class='ocrx_word' id='word_1_733' title='bbox 1318 5501 1484 5584; x_wconf 72' lang='lat' dir='ltr'>Joan.</span> <span class='ocrx_word' id='word_1_734' title='bbox 1520 5501 1595 5554; x_wconf 81' lang='lat' dir='ltr'><strong>LE</strong></span> <span class='ocrx_word' id='word_1_735' title='bbox 1622 5501 1722 5553; x_wconf 79' lang='lat' dir='ltr'>Pa.</span> 
     </span>
    </p>
   </div>
   <div class='ocr_carea' id='block_1_105' title="bbox 542 5567 2100 5651">
    <p class='ocr_par' dir='ltr' id='par_1_105' title="bbox 542 5567 2100 5651">
     <span class='ocr_line' id='line_1_107' title="bbox 542 5567 2100 5651; baseline -0.012 -13"><span class='ocrx_word' id='word_1_736' title='bbox 542 5567 650 5651; x_wconf 68' lang='lat'>(51)</span> <span class='ocrx_word' id='word_1_737' title='bbox 681 5567 1115 5633; x_wconf 78' lang='lat' dir='ltr'>Familiaritatis</span> <span class='ocrx_word' id='word_1_738' title='bbox 1144 5567 1530 5651; x_wconf 37' lang='lat' dir='ltr'>p‘rergﬂativa</span> <span class='ocrx_word' id='word_1_739' title='bbox 1567 5567 1944 5651; x_wconf 73' lang='lat' dir='ltr'>compendium</span> <span class='ocrx_word' id='word_1_740' title='bbox 1973 5567 2100 5651; x_wconf 51' lang='lat' dir='ltr'>bap:</span> 
     </span>
    </p>
   </div>
   <div class='ocr_carea' id='block_1_106' title="bbox 470 5640 2122 5718">
    <p class='ocr_par' dir='ltr' id='par_1_106' title="bbox 470 5640 2122 5718">
     <span class='ocr_line' id='line_1_108' title="bbox 470 5640 2122 5718; baseline -0.008 -10"><span class='ocrx_word' id='word_1_741' title='bbox 470 5640 897 5718; x_wconf 56' lang='lat' dir='ltr'>tisini&#39;conlerre</span> <span class='ocrx_word' id='word_1_742' title='bbox 939 5651 1128 5718; x_wconf 85' lang='lat' dir='ltr'>posset.</span> <span class='ocrx_word' id='word_1_743' title='bbox 1156 5640 1238 5696; x_wconf 85' lang='lat' dir='ltr'>Eo</span> <span class='ocrx_word' id='word_1_744' title='bbox 1278 5640 1511 5718; x_wconf 76' lang='lat' dir='ltr'>scilicet</span> <span class='ocrx_word' id='word_1_745' title='bbox 1561 5645 1752 5703; x_wconf 91' lang='lat' dir='ltr'>modo,</span> <span class='ocrx_word' id='word_1_746' title='bbox 1786 5640 1935 5710; x_wconf 90' lang='lat' dir='ltr'>quod</span> <span class='ocrx_word' id='word_1_747' title='bbox 1964 5640 2122 5718; x_wconf 78' lang='lat' dir='ltr'>_ipsi-</span> 
     </span>
    </p>
   </div>
   <div class='ocr_carea' id='block_1_107' title="bbox 469 5709 2092 5788">
    <p class='ocr_par' dir='ltr' id='par_1_107' title="bbox 469 5709 2092 5788">
     <span class='ocr_line' id='line_1_109' title="bbox 469 5709 2092 5788; baseline -0.007 -11"><span class='ocrx_word' id='word_1_748' title='bbox 469 5723 646 5776; x_wconf 88' lang='lat' dir='ltr'>etiam</span> <span class='ocrx_word' id='word_1_749' title='bbox 667 5709 822 5788; x_wconf 80' lang='lat' dir='ltr'>juris</span> <span class='ocrx_word' id='word_1_750' title='bbox 871 5709 1139 5770; x_wconf 85' lang='lat' dir='ltr'>auctores</span> <span class='ocrx_word' id='word_1_751' title='bbox 1168 5714 1410 5768; x_wconf 89' lang='lat' dir='ltr'>tradunt</span> <span class='ocrx_word' id='word_1_752' title='bbox 1449 5709 1866 5784; x_wconf 79' lang='lat' dir='ltr'>nonnunquam</span> <span class='ocrx_word' id='word_1_753' title='bbox 1898 5709 2092 5768; x_wconf 73' lang='lat' dir='ltr'>celeri-</span> 
     </span>
    </p>
   </div>
   <div class='ocr_carea' id='block_1_108' title="bbox 2225 5002 3009 5059">
    <p class='ocr_par' dir='ltr' id='par_1_108' title="bbox 2225 5002 3009 5059">
     <span class='ocr_line' id='line_1_110' title="bbox 2225 5002 3009 5059; baseline -0.005 0"><span class='ocrx_word' id='word_1_754' title='bbox 2225 5004 2512 5059; x_wconf 86' lang='lat' dir='ltr'>actionem</span> <span class='ocrx_word' id='word_1_755' title='bbox 2546 5002 2848 5058; x_wconf 89' lang='lat' dir='ltr'>occultari.</span> <span class='ocrx_word' id='word_1_756' title='bbox 2883 5003 3009 5056; x_wconf 82' lang='lat' dir='ltr'>RIG.</span> 
     </span>
    </p>
   </div>
   <div class='ocr_carea' id='block_1_109' title="bbox 2291 5071 3901 5144">
    <p class='ocr_par' dir='ltr' id='par_1_109' title="bbox 2291 5071 3901 5144">
     <span class='ocr_line' id='line_1_111' title="bbox 2291 5071 3901 5144; baseline 0.001 -17"><span class='ocrx_word' id='word_1_757' title='bbox 2291 5076 2399 5144; x_wconf 70' lang='grc'>(52)</span> <span class='ocrx_word' id='word_1_758' title='bbox 2433 5074 2744 5144; x_wconf 86' lang='lat' dir='ltr'>Obsignatio</span> <span class='ocrx_word' id='word_1_759' title='bbox 2777 5074 3031 5144; x_wconf 84' lang='lat' dir='ltr'>baptismi</span> <span class='ocrx_word' id='word_1_760' title='bbox 3056 5075 3442 5128; x_wconf 80' lang='lat' dir='ltr'>vestimentum</span> <span class='ocrx_word' id='word_1_761' title='bbox 3469 5071 3901 5141; x_wconf 82' lang='lat' dir='ltr'>quodammodo</span> 
     </span>
    </p>
   </div>
   <div class='ocr_carea' id='block_1_110' title="bbox 2217 5144 3892 5215">
    <p class='ocr_par' dir='ltr' id='par_1_110' title="bbox 2217 5144 3892 5215">
     <span class='ocr_line' id='line_1_112' title="bbox 2217 5144 3892 5215; baseline 0 -15"><span class='ocrx_word' id='word_1_762' title='bbox 2217 5145 2365 5214; x_wconf 78' lang='lat' dir='ltr'>ﬁdei.</span> <span class='ocrx_word' id='word_1_763' title='bbox 2434 5144 2651 5201; x_wconf 80' lang='lat' dir='ltr'>Fideles</span> <span class='ocrx_word' id='word_1_764' title='bbox 2713 5146 2910 5215; x_wconf 87' lang='lat' dir='ltr'>perﬁci</span> <span class='ocrx_word' id='word_1_765' title='bbox 2975 5145 3266 5213; x_wconf 87' lang='lat' dir='ltr'>baptismo</span> <span class='ocrx_word' id='word_1_766' title='bbox 3351 5144 3646 5215; x_wconf 63' lang='lat' dir='ltr'>sciebant</span> <span class='ocrx_word' id='word_1_767' title='bbox 3690 5145 3892 5200; x_wconf 88' lang='lat' dir='ltr'>etiam</span> 
     </span>
    </p>
   </div>
   <div class='ocr_carea' id='block_1_111' title="bbox 2217 5212 3894 5283">
    <p class='ocr_par' dir='ltr' id='par_1_111' title="bbox 2217 5212 3894 5283">
     <span class='ocr_line' id='line_1_113' title="bbox 2217 5212 3894 5283; baseline -0.001 -13"><span class='ocrx_word' id='word_1_768' title='bbox 2217 5212 2408 5272; x_wconf 87' lang='lat' dir='ltr'>Stoici.</span> <span class='ocrx_word' id='word_1_769' title='bbox 2445 5218 2536 5271; x_wconf 90' lang='lat' dir='ltr'>Sic</span> <span class='ocrx_word' id='word_1_770' title='bbox 2567 5212 2725 5272; x_wconf 87' lang='lat' dir='ltr'>enim</span> <span class='ocrx_word' id='word_1_771' title='bbox 2756 5212 3176 5283; x_wconf 58' lang='lat' dir='ltr'>dissertissime</span> <span class='ocrx_word' id='word_1_772' title='bbox 3209 5215 3514 5275; x_wconf 77' lang='lat' dir='ltr'>Arrianus.</span> <span class='ocrx_word' id='word_1_773' title='bbox 3546 5212 3741 5283; x_wconf 88' lang='lat' dir='ltr'>Epict.</span> <span class='ocrx_word' id='word_1_774' title='bbox 3777 5215 3894 5280; x_wconf 83' lang='lat' dir='ltr'>XI,</span> 
     </span>
    </p>
   </div>
   <div class='ocr_carea' id='block_1_112' title="bbox 2217 5279 3886 5359">
    <p class='ocr_par' dir='ltr' id='par_1_112' title="bbox 2217 5279 3886 5359">
     <span class='ocr_line' id='line_1_114' title="bbox 2217 5279 3886 5359; baseline -0.001 -19"><span class='ocrx_word' id='word_1_775' title='bbox 2217 5288 2251 5340; x_wconf 86' lang='lat'>9</span> <span class='ocrx_word' id='word_1_776' title='bbox 2283 5307 2296 5359; x_wconf 68' lang='grc' dir='ltr'>ξ</span> <span class='ocrx_word' id='word_1_777' title='bbox 2327 5292 2482 5359; x_wconf 73' lang='grc' dir='ltr'>Ὅταν</span> <span class='ocrx_word' id='word_1_778' title='bbox 2531 5283 2592 5359; x_wconf 62' lang='grc' dir='ltr'>δὲ</span> <span class='ocrx_word' id='word_1_779' title='bbox 2640 5279 2882 5359; x_wconf 70' lang='grc' dir='ltr'>ἀναλᾴϐῃ</span> <span class='ocrx_word' id='word_1_780' title='bbox 2935 5283 2996 5359; x_wconf 64' lang='grc' dir='ltr'>τὸ</span> <span class='ocrx_word' id='word_1_781' title='bbox 3032 5285 3214 5359; x_wconf 33' lang='grc' dir='ltr'>’πάθος</span> <span class='ocrx_word' id='word_1_782' title='bbox 3242 5287 3426 5359; x_wconf 33' lang='grc' dir='ltr'>τὸ-ςτοῦ</span> <span class='ocrx_word' id='word_1_783' title='bbox 3486 5279 3886 5359; x_wconf 45' lang='grc' dir='ltr'>βερᾶμμίνου,</span> 
     </span>
    </p>
   </div>
   <div class='ocr_carea' id='block_1_113' title="bbox 2215 5351 3892 5486">
    <p class='ocr_par' dir='ltr' id='par_1_113' title="bbox 2215 5351 3892 5486">
     <span class='ocr_line' id='line_1_115' title="bbox 2215 5351 3892 5444; baseline 0.001 -33"><span class='ocrx_word' id='word_1_784' title='bbox 2215 5358 2305 5411; x_wconf 83' lang='grc' dir='ltr'>καὶ</span> <span class='ocrx_word' id='word_1_785' title='bbox 2331 5357 2665 5444; x_wconf 40' lang='grc' dir='ltr'>λῄρημὲνου,</span> <span class='ocrx_word' id='word_1_786' title='bbox 2725 5351 2867 5411; x_wconf 73' lang='grc' dir='ltr'>τότε”</span> <span class='ocrx_word' id='word_1_787' title='bbox 2895 5356 2984 5410; x_wconf 82' lang='grc' dir='ltr'>καὶ</span> <span class='ocrx_word' id='word_1_788' title='bbox 3031 5354 3140 5412; x_wconf 65' lang='grc' dir='ltr'>ἔστι</span> <span class='ocrx_word' id='word_1_789' title='bbox 3184 5361 3265 5430; x_wconf 78' lang='grc' dir='ltr'>τῷ</span> <span class='ocrx_word' id='word_1_790' title='bbox 3309 5351 3445 5422; x_wconf 70' lang='grc' dir='ltr'>ὄντι,</span> <span class='ocrx_word' id='word_1_791' title='bbox 3487 5351 3584 5408; x_wconf 71' lang='grc' dir='ltr'>’καὶ</span> <span class='ocrx_word' id='word_1_792' title='bbox 3615 5351 3892 5412; x_wconf 48' lang='lat' dir='ltr'>adicitut</span> 
     </span>
     <span class='ocr_line' id='line_1_116' title="bbox 2215 5431 2654 5486; baseline 0.002 -1"><span class='ocrx_word' id='word_1_793' title='bbox 2215 5431 2496 5486; x_wconf 69' lang='grc' dir='ltr'>Ἰουδαῖος.</span> <span class='ocrx_word' id='word_1_794' title='bbox 2531 5432 2654 5486; x_wconf 76' lang='grc' dir='ltr'>Ηιο.</span> 
     </span>
    </p>
   </div>
   <div class='ocr_carea' id='block_1_114' title="bbox 2215 5432 2654 5492">
    <p class='ocr_par' dir='ltr' id='par_1_114' title="bbox 2215 5432 2654 5492">
     <span class='ocr_line' id='line_1_117' title="bbox 2215 5432 2654 5492; baseline 0.002 -7"><span class='ocrx_word' id='word_1_795' title='bbox 2215 5432 2496 5492; x_wconf 80' lang='grc' dir='ltr'>Ἰουδαῖος.</span> <span class='ocrx_word' id='word_1_796' title='bbox 2531 5432 2654 5486; x_wconf 76' lang='grc' dir='ltr'>Ηια.</span> 
     </span>
    </p>
   </div>
   <div class='ocr_carea' id='block_1_115' title="bbox 2287 5498 3890 5572">
    <p class='ocr_par' dir='ltr' id='par_1_115' title="bbox 2287 5498 3890 5572">
     <span class='ocr_line' id='line_1_118' title="bbox 2287 5498 3890 5572; baseline -0.004 -16"><span class='ocrx_word' id='word_1_797' title='bbox 2287 5502 2396 5572; x_wconf 85' lang='grc'>(53)</span> <span class='ocrx_word' id='word_1_798' title='bbox 2430 5504 2568 5558; x_wconf 88' lang='lat' dir='ltr'>Puto</span> <span class='ocrx_word' id='word_1_799' title='bbox 2596 5509 2776 5555; x_wconf 88' lang='lat' dir='ltr'>autem</span> <span class='ocrx_word' id='word_1_800' title='bbox 2823 5500 2978 5572; x_wconf 81' lang='lat' dir='ltr'>licuit</span> <span class='ocrx_word' id='word_1_801' title='bbox 3001 5503 3053 5555; x_wconf 92' lang='lat' dir='ltr'>et</span> <span class='ocrx_word' id='word_1_802' title='bbox 3093 5501 3366 5567; x_wconf 84' lang='lat' dir='ltr'>tinguere,</span> <span class='ocrx_word' id='word_1_803' title='bbox 3396 5499 3489 5572; x_wconf 73' lang='lat' dir='ltr'>cui</span> <span class='ocrx_word' id='word_1_804' title='bbox 3518 5498 3686 5572; x_wconf 73' lang='lat' dir='ltr'>licuit</span> <span class='ocrx_word' id='word_1_805' title='bbox 3713 5514 3890 5572; x_wconf 66' lang='lat' dir='ltr'>prae-</span> 
     </span>
    </p>
   </div>
   <div class='ocr_carea' id='block_1_116' title="bbox 2214 5569 3890 5642">
    <p class='ocr_par' dir='ltr' id='par_1_116' title="bbox 2214 5569 3890 5642">
     <span class='ocr_line' id='line_1_119' title="bbox 2214 5569 3890 5642; baseline 0.001 -16"><span class='ocrx_word' id='word_1_806' title='bbox 2214 5569 2417 5628; x_wconf 77' lang='lat' dir='ltr'>dicare.</span> <span class='ocrx_word' id='word_1_807' title='bbox 2452 5573 2804 5628; x_wconf 67' lang='lat' dir='ltr'>Praedicatur</span> <span class='ocrx_word' id='word_1_808' title='bbox 2850 5571 2969 5625; x_wconf 89' lang='lat' dir='ltr'>sive</span> <span class='ocrx_word' id='word_1_809' title='bbox 2999 5572 3238 5626; x_wconf 92' lang='lat' dir='ltr'>docetur</span> <span class='ocrx_word' id='word_1_810' title='bbox 3286 5569 3487 5642; x_wconf 84' lang='lat' dir='ltr'>regula</span> <span class='ocrx_word' id='word_1_811' title='bbox 3528 5570 3687 5625; x_wconf 87' lang='lat' dir='ltr'>ﬁdei.</span> <span class='ocrx_word' id='word_1_812' title='bbox 3726 5571 3890 5629; x_wconf 86' lang='lat' dir='ltr'>Dein</span> 
     </span>
    </p>
   </div>
   <div class='ocr_carea' id='block_1_117' title="bbox 2213 5642 3234 5714">
    <p class='ocr_par' dir='ltr' id='par_1_117' title="bbox 2213 5642 3234 5714">
     <span class='ocr_line' id='line_1_120' title="bbox 2213 5642 3234 5714; baseline -0.002 -16"><span class='ocrx_word' id='word_1_813' title='bbox 2213 5644 2504 5714; x_wconf 89' lang='lat' dir='ltr'>baptismo</span> <span class='ocrx_word' id='word_1_814' title='bbox 2536 5645 2882 5714; x_wconf 88' lang='lat' dir='ltr'>obsignatur</span> <span class='ocrx_word' id='word_1_815' title='bbox 2912 5643 3078 5698; x_wconf 85' lang='lat' dir='ltr'>ﬁdes.</span> <span class='ocrx_word' id='word_1_816' title='bbox 3109 5642 3234 5698; x_wconf 83' lang='lat' dir='ltr'>RIG.</span> 
     </span>
    </p>
   </div>
   <div class='ocr_carea' id='block_1_118' title="bbox 2282 5710 3885 5786">
    <p class='ocr_par' dir='ltr' id='par_1_118' title="bbox 2282 5710 3885 5786">
     <span class='ocr_line' id='line_1_121' title="bbox 2282 5710 3885 5786; baseline -0.001 -16"><span class='ocrx_word' id='word_1_817' title='bbox 2282 5710 2395 5786; x_wconf 78' lang='grc'>(54)</span> <span class='ocrx_word' id='word_1_818' title='bbox 2455 5717 2532 5771; x_wconf 81' lang='lat' dir='ltr'>Ad</span> <span class='ocrx_word' id='word_1_819' title='bbox 2588 5710 2700 5772; x_wconf 72' lang='grc' dir='ltr'><em>ηοέ</em></span> <span class='ocrx_word' id='word_1_820' title='bbox 2741 5714 2890 5771; x_wconf 80' lang='lat' dir='ltr'>enim</span> <span class='ocrx_word' id='word_1_821' title='bbox 2946 5716 3153 5770; x_wconf 83' lang='lat' dir='ltr'>editum</span> <span class='ocrx_word' id='word_1_822' title='bbox 3209 5721 3309 5770; x_wconf 87' lang='lat' dir='ltr'>est.</span> <span class='ocrx_word' id='word_1_823' title='bbox 3349 5710 3885 5769; x_wconf 81' lang='lat' dir='ltr'>Obecurissimum</span> 
     </span>
    </p>
   </div>
  </div>
