2025 3171
75 179 141 210 1335
705 175 822 207 LIBER
843 175 894 206 DE

963 176 1128 208 .I’I‘ISMO.
1687 174 1770 207 13³6

73 253 134 273 neos
156 243 259 279 utique
275 244 404 271 testatur
425 242 488 278 ipsa
516 241 664 278 ademptio
690 241 891 270 communioa-
904 243 933 276 Α

72 289 160 317 tionis.
177 288 238 316 Non
254 287 345 315 debeo
375 287 404 314 in
429 286 488 314 illis
503 294 660 322 agnoscere
671 286 694 304 “
707 287 785 322 quod
815 285 888 314 mibi

74 334 308 369 estprmceptum,
324 332 394 367 quia
410 339 468 358 non
484 331 561 358 idem
577 331 654 358 Deus
674 332 719 358 est
746 330 832 358 nobis
861 331 890 358 et

14 373 20 379 ’
72 378 134 412 illis,
150 386 201 406 nec
218 385 295 404 unus
310 376 456 409 Christus,
471 375 500 403 id
517 378 562 403 est
577 375 666 403 idem.
694 375 821 410 Ideoque
837 383 888 402 nec

74 423 228 458 bsptismus
246 429 322 448 unus
337 421 405 456 (55),
422 420 492 455 quia
508 428 565 447 non
588 420 676 447 idem.
710 420 800 451 Quem
822 426 888 447 cum

74 468 123 495 rite
138 475 195 494 non
212 466 349 498 habeant,
366 464 429 492 sine
442 464 531 492 dubio
547 472 604 492 non
621 464 742 497 habent,
767 471 819 491 nec
845 471 889 491 cs-

75 512 114 548 pit
124 510 282 544 numerari,
298 509 376 545 quod
394 517 450 536 non
468 509 592 536 habetur
606 508 680 543 (56):
697 509 738 536 ita
752 516 806 536 nec
825 516 890 544 pos-

74 559 138 583 sunt
151 556 291 590 accipere,
308 554 379 589 quia
394 561 450 581 non
467 553 577 580 habent
592 553 660 588 (57).
687 553 743 580 Sed
769 553 805 580 de
833 553 889 580 isto

75 600 184 636 plenius
209 600 270 634 jam
297 597 427 625 nobisin
443 597 542 625 Graeco
567 597 714 633 digestum
743 599 788 624 est
816 597 885 633 (58).

74 643 161 672 Semel
177 651 245 679 ergo
261 643 409 670 lavacrum
425 640 756 674 inimus,semeldelicta
771 640 889 668 diluun-

74 691 127 723 tur,
141 688 209 724 quia
225 695 260 715 ea
275 686 385 714 literari
402 694 460 713 non
476 688 600 721 oportet.
630 687 772 713 Ceterum
802 685 890 713 Israel

74 734 163 768 (Marc.
195 734 241 766 vn)
272 732 393 759 Judieus
422 731 523 758 I211
550 729 681 766 quotidie
705 729 792 764 lavat,
823 730 891 766 quia

75 777 201 813 quotidie
226 775 399 811 inquinatur
425 775 481 810 (59)
503 774 592 807 (Hebr.
614 774 664 810 v1).
693 774 775 806 Quod
802 782 838 802 ne
861 775 891 802 in

75 821 154 850 nobis
170 828 286 857 quoque
304 819 495 852 factitaretur,
515 820 666 855 propterea
681 818 717 846 de
736 827 795 846 uno
811 818 892 847 lava—

74 875 119 894 cro
130 865 283 893 deﬁnitum
298 867 351 892 est.
368 863 447 891 Felix
473 872 550 899 aqua
580 871 644 899 quae
672 862 762 891 semel
788 863 891 898 abluit,

75 920 134 946 quis
155 909 282 938 ludibrio
299 908 501 945 peccatoribus
518 916 574 935 non
593 910 647 942 est,
665 916 728 943 quis
745 916 803 935 non
819 908 892 936 assi-

75 956 181 983 duitate
197 954 329 982 sordium
347 953 465 988 infecta,
482 961 596 986 rursus,
629 960 702 988 quos
723 951 819 987 diluit,
850 953 894 980 in-

75 1000 184 1036 quinat.

1253 241 1368 271 CAPUT
1390 242 1463 271 XVI.

978 288 1027 316 Est
1042 287 1162 325 quidem
1178 287 1262 315 nobis
1288 287 1376 315 etiam
1415 287 1579 316 secundum
1606 286 1769 322 lavacrum,

943 340 1036 360 unum
1050 335 1079 360 et
1096 333 1205 368 ipsum,
1223 331 1374 367 sanguinis
1391 331 1503 360 scilicet
1519 331 1575 359 :da
1594 339 1653 367 quo
1670 330 1771 360 Domi-

943 384 1000 404 nus
1017 385 1024 404 :
1040 376 1139 409 Habeo,
1156 376 1262 412 inquit,
1280 376 1415 412 baptismo
1429 375 1522 412 tingui
1543 377 1619 412 (Luc.
1642 383 1694 410 xu,
1709 375 1770 412 50),

943 429 1009 448 cum
1023 421 1085 456 jam
1100 420 1209 448 tinctus
1226 421 1338 448 fuisset.
1351 420 1475 449 Venerat
1489 420 1568 448 enim
1594 428 1646 457 per
1669 427 1770 456 aquam

942 467 970 493 et
981 466 1145 500 sanguinem
1162 466 1185 501 (I
1197 466 1275 493 Joan.
1292 474 1321 499 v,
1335 465 1374 501 6),
1394 465 1471 493 sicut
1488 466 1617 493 Joannes
1640 463 1770 500 scripsit,

944 512 977 537 ut
991 517 1067 545 aqua
1081 508 1274 545 tingueretur,
1297 509 1442 544 sanguine
1466 508 1692 545 gloriﬁcaretur,
1703 516 1769 544 pro-

943 554 1011 582 inde
1024 561 1077 580 nos
1095 553 1202 581 faceret
1215 561 1291 589 aqua
1306 555 1426 581 vocatos
1442 553 1533 589 (Joan.
1550 553 1770 589 xxx),sanguine

943 598 1060 627 electos.
1074 598 1216 626 Haeduos
1228 598 1392 633 baptismos
1417 598 1474 634 (60)
1489 598 1526 625 de
1554 597 1672 626 vulnere
1701 605 1770 633 per-—

946 643 1014 671 fossi
1031 642 1130 670 lateris
1144 642 1243 670 emisit
1256 642 1290 676 ⁸⁵,
1310 641 1381 677 quia
1396 641 1447 678 qui
1462 642 1490 669 in
1507 641 1682 678 sanguinem
1703 641 1770 677 ejus

944 688 1106 719 crederentl
1122 694 1199 723 aqua
1215 686 1404 714 lavarentur:
1431 686 1479 722 qui
1512 694 1589 722 aqua
1617 686 1769 721 lavissent,

945 731 1033 760 etiam
1049 732 1225 768 sanguinem
1242 732 1378 766 potarent
1389 727 1453 766 (61).
1467 731 1518 758 Hic
1533 733 1578 758 est
1591 730 1770 767 baptismue,

946 776 996 811 qui
1016 775 1163 803 lavacrum
1179 777 1209 803 et
1219 783 1276 803 non
1290 777 1441 811 acceptum
1459 777 1689 811 reprasentatpt
1705 782 1772 812 per-

947 820 1041 848 ditum
1058 819 1165 848 reddit.

1251 863 1369 891 CAPUT
1388 863 1474 892 XVII.

983 909 1123 945 Superest
1135 908 1170 936 ad
1182 907 1413 936 concludendum
1426 907 1608 936 materiolam
1624 908 1660 936 de
1672 908 1773 936 obser-

949 955 1064 981 vatione
1075 953 1177 981 1218
1206 960 1324 989 quoque
1340 952 1420 980 danti
1439 954 1468 980 et
1482 952 1644 988 accipiendi
1675 952 1772 989 bapti-

949 1006 1047 1026 smum
1064 998 1323 1025 commonefacere.
1350 997 1442 1025 Dandi
1469 996 1589 1033 quidem
1609 997 1697 1025 habet
1722 998 1774 1034 jus

950 1050 1086 1070 summus
1101 1041 1247 1076 sacerdos,
1265 1040 1315 1076 qui
1331 1043 1374 1068 est
1387 1041 1542 1077 episcopus
1558 1041 1624 1078 (62).
1643 1041 1680 1070 De
1703 1041 1774 1070 hinc

783 1100 886 1131 Varia
910 1101 1073 1132 lectiones.

111 1155 403 1191 “Cognoscereiﬂig.
441 1153 463 1191 5f
490 1153 664 1191 Legitur-in
691 1152 777 1191 codd:

78 1200 130 1219 nos
146 1188 252 1219 faceret
266 1206 299 1210 —
315 1188 433 1221 electos,
450 1189 503 1216 bos
517 1203 554 1209 —
567 1188 674 1216 emisit.
705 1189 778 1222 Quia

808 1153 930 1189 proinde
960 1161 1013 1182 nos
1048 1154 1141 1181 facere
1169 1160 1217 1188 aq.
1239 1152 1355 1181 Semler.
1371 1156 1397 1181 et
1410 1152 1451 1181 ed.
1467 1153 1550 1180 Fran.
1565 1160 1572 1180 :
1589 1152 1713 1187 Proinde
1742 1153 1776 1181 ut
1822 1172 1827 1176 .

805 1188 867 1230 qui,
894 1192 957 1230 etc.
995 1190 1151 1225 Recepimus
1179 1196 1258 1229 cum_
1276 1188 1406 1230 ζιθορριάο
1432 1197 1454 1216 α
1473 1189 1601 1230 pliigallio
1628 1189 1774 1230 prpbglam

80 1228 201 1255 Wowerii
215 1225 440 1254 emendationem.
457 1225 533 1252 Idem
547 1226 576 1252 in
590 1233 665 1260 sqq.:
696 1224 747 1252 Hic
761 1224 1009 1262 est’baptismus,
1034 1224 1140 1261 nempe
1156 1224 1318 1261 sanguinis,
1328 1224 1390 1253 sive
1405 1225 1590 1261 martyrium,
1616 1224 1667 1261 qui
1695 1224 1774 1253 lava-

76 1272 157 1291 crum
173 1278 207 1283 —-
227 1262 330 1290 reddit.

800 1305 1061 1336 Commentarius.

75 1361 190 1388 videtur
213 1358 341 1387 Pamelio
359 1366 365 1386 :
391 1360 491 1385 tamen
522 1365 580 1386 non
595 1356 635 1384 ita
651 1357 739 1385 nimis
756 1366 762 1391 ;
792 1366 898 1386 sensus

76 1400 121 1425 est
138 1404 144 1423 ε
162 1396 193 1423 1n
209 1393 365 1430 Evangelio
380 1397 408 1421 et
424 1392 513 1430 Paulo
533 1401 625 1430 unum
648 1393 796 1429 baptisma
826 1402 897 1429 prie-

74 1432 234 1464 scribitur;
251 1429 301 1458 sed
321 1430 387 1465 quis
400 1429 523 1461 decidet,
540 1437 576 1456 an
593 1429 655 1465 hoc
672 1430 897 1457 custodiendum

76 1470 116 1497 sit
131 1468 208 1495 circa
224 1464 382 1497 hisreticos.
400 1473 466 1492 cum
483 1465 517 1492 ad
532 1473 585 1492 nos
604 1464 760 1492 catholicos
790 1466 899 1501 diriga-

76 1508 136 1537 tur,
152 1503 229 1539 quod
246 1502 337 1530 sacris
355 1501 472 1539 Litteris
487 1501 899 1539 editumqpromulgatumisit?

77 1535 136 1568 Nec
147 1535 213 1567 vero
229 1542 283 1571 est,
301 1538 377 1573 quod
392 1537 498 1563 haereat
511 1535 668 1568 Painelius,
683 1545 718 1564 an
734 1535 813 1564 Vvelit
832 1538 899 1565 Ter-

77 1576 223 1604 tullianus
239 1575 274 1601 ab
290 1572 434 1600 haireticis
449 1581 506 1599 nou
521 1580 607 1608 posse
618 1572 754 1607 conferri,
770 1581 807 1600 an
833 1581 899 1601 vero

76 1611 169 1646 accipi
187 1611 378 1646 baptismum,
396 1616 463 1646 cum
480 1607 639 1646 utrumque
654 1607 719 1636 velli
749 1609 787 1636 sit
814 1617 898 1645 opus,

79 1644 149 1676 cum
165 1644 243 1673 dicat
257 1653 313 1673 non
331 1645 437 1672 habere
450 1644 641 1679 baptismum.

165 1664 654 1709 "e25;
685 1679 795 1707 scilicet
824 1680 900 1715 quod
916 1664 937 1698 Ο

78 1717 253 1755 praecedenti
269 1719 412 1755 commate
427 1715 521 1755 dixit;
543 1727 553 1740 ι
572 1715 613 1755 lla
621 1724 654 1742 us
667 1717 787 1755 omnino
805 1716 902 1751 bapti-

77 1751 164 1782 siuus
179 1756 224 1781 est
240 1753 334 1780 nobis.
353 1752 416 1779 Haec
433 1751 534 1787 regula
549 1752 584 1779 ad
601 1760 653 1779 nos
669 1752 746 1779 edita
771 1755 824 1784 est,
842 1755 901 1779 tam

77 1799 114 1818 ex
131 1789 244 1817 Domini
261 1788 426 1822 Evangelio,
443 1796 531 1823 quam
548 1795 582 1814 ex
606 1788 729 1823 apostoli
755 1787 870 1821 litteris,
888 1799 900 1812 ››

79 1835 138 1854 non
156 1826 191 1853 ad
220 1825 380 1852 haereticos.
408 1824 488 1858 Apud
503 1832 565 1857 nos,
591 1824 644 1850 hoc
660 1826 705 1851 est
732 1824 902 1855 catholicos,

76 1862 193 1891 editum
209 1864 263 1892 est,
285 1860 474 1888 manifestum
490 1863 518 1886 et
546 1863 680 1894 apertum
711 1859 779 1894 quid
808 1863 904 1887 custo-

76 1898 220 1926 diendum
238 1897 276 1924 sit
288 1897 372 1924 nobis
384 1896 413 1922 in
430 1895 587 1930 disciplina
599 1895 758 1930 baptismi:
775 1895 903 1923 haeretici

76 1937 180 1962 autem
193 1932 306 1960 nullum
331 1932 512 1959 consortium
541 1931 650 1958 habent
679 1933 783 1957 nostris
813 1931 903 1958 disci-

75 1971 177 2006 plina).
211 1971 272 1995 Non
304 1968 443 2006 debemus
473 1967 503 2006 in
535 1966 795 2006 illiscognoscere,
827 1967 904 2001 quod

76 2002 193 2034 editum
221 2007 265 2031 est
301 2003 395 2036 nobis,
426 2002 503 2037 quod
532 2002 617 2029 nobis
641 2004 686 2029 est
714 2006 902 2037 praeceptum.

75 2042 222 2069 Videatur
235 2040 389 2071 Baronius,
404 2046 449 2064 nn.
467 2037 534 2065 Chr.
551 2039 616 2069 217,
634 2046 717 2065 num.
738 2038 755 2064 8
773 2038 835 2064 Lac.

118 2078 176 2112 (55)
194 2076 305 2110 Ideoque
320 2082 369 2112 nec
385 2074 537 2112 baptisma:
560 2082 641 2112 uri-us,
659 2076 727 2112 etc.‘
747 2076 831 2112 ﬂunc
855 2082 904 2112 er-

78 2109 190 2144 rorem,
211 2112 246 2138 de
260 2109 447 2146 baptizandis
464 2109 571 2146 iterum
584 2109 738 2146 iisrquirab
762 2110 906 2136 haereticis

79 2148 226 2183 baptizati
238 2145 317 2179 sunt,
338 2155 354 2173 a
370 2145 514 2183 discipulo
529 2145 699 2183 Tertulliani
715 2146 857 2181 Cypriane
873 2153 907 2183 ei;

77 2181 137 2211 hoc
163 2183 321 2210 deductum
351 2181 532 2208 arbitrantur
562 2181 695 2208 nonnulli
717 2189 726 2211 ,'
752 2189 852 2208 verum
882 2181 907 2207 si

81 2223 163 2247 recte
175 2219 222 2246 hic
237 2220 340 2245 aurtor
367 2217 536 2251 explicetur,
564 2217 670 2244 erroris
699 2216 781 2244 nulla
808 2217 907 2250 suspi-

77 2256 128 2283 cio
146 2256 244 2281 forsan
260 2253 449 2287 relinquetur.
475 2252 547 2279 Nam
563 2253 707 2280 defectum
725 2253 753 2279 in
776 2252 907 2283 materia,

80 2294 116 2318 ut
133 2294 246 2323 vocant,
263 2289 426 2316 admissum
444 2288 564 2320 intelligi
579 2297 663 2323 posse
680 2289 771 2315 multa
789 2297 906 2324 persua-

80 2329 167 2359 dent,
184 2326 226 2353 vel
243 2325 378 2352 etiamin
404 2325 506 2358 forma,
523 2332 588 2350 cum
616 2324 686 2351 nihil
719 2324 776 2351 tale
805 2327 829 2351 5.
859 2325 907 2359 Cy-

79 2353 209 2400 priaiius
238 2362 378 2400 docuerit.
410 2353 506 2400 _Undel
524 2368 589 2400 can.
617 2360 780 2400 lQINiczeni
825 2354 906 2400 conc.
924 2353 946 2385 Ι)

80 2396 235 2427 sancitum
254 2400 297 2424 est
313 2399 344 2423 ut
359 2397 393 2422 de
409 2396 522 2430 integro
552 2396 800 2429 rebaptizarentur
830 2396 877 2431 qui
895 2404 909 2422 θ

81 2434 279 2462 Paulianistis
297 2433 331 2459 ad
348 2432 507 2459 Ecclesium
524 2432 723 2467 confugerent.
743 2433 780 2458 Ls
798 2432 845 2458 Ρη.

124 2471 181 2505 (56)
198 2470 250 2496 Nec
265 2468 502 2505 capiernumerari
518 2469 589 2502 quod
602 2476 660 2505 non
675 2469 801 2494 habetur.
816 2468 909 2495 Unum

81 2503 135 2533 est
151 2505 228 2540 apud
247 2504 403 2531 Ecclesiam
421 2503 577 2540 baptisma.
602 2504 702 2531 Unitas
727 2507 829 2540 autem)
855 2511 910 2529 non

83 2544 136 2568 est
152 2539 303 2569 numerus,
321 2540 369 2566 sed
387 2539 562 2575 principium
582 2539 704 2566 numeri.
735 2541 805 2566 Cum
823 2539 913 2573 igitur

84 2580 174 2604 extra
192 2575 348 2602 Ecclesium
365 2575 424 2602 sint
435 2575 572 2610 haeretici,
587 2576 698 2602 nullum
715 2581 755 2602 es!
771 2575 847 2609 apud
865 2582 912 2601 eos

82 2613 240 2646 baptisma
255 2621 264 2639 :
280 2619 369 2645 quare
386 2619 437 2637 nec
455 2619 557 2642 unum,
577 2612 645 2646 quia
661 2612 737 2647 quod
773 2619 829 2637 non
858 2613 912 2642 est,

84 2649 197 2683 nequit
222 2647 379 2683 numerari,
407 2655 460 2683 nec
476 2648 651 2681 principium
677 2648 746 2673 dare
776 2655 909 2673 numero.

87 2682 158 2712 Ilzcc
175 2684 229 2711 fuit
253 2682 425 2710 Tertulliani
450 2685 603 2717 senlentia,
630 2692 717 2718 quam
751 2682 914 2717 discipulus

84 2723 160 2754 ejus
175 2719 334 2755 Cyprianus
363 2718 503 2755 adversus
533 2719 710 2754 Stephanum
736 2718 914 2754 pertinacius

86 2754 221 2783 asseruit
236 2754 437 2788 compluribus
454 2755 660 2789 epistolis.Nisi
679 2758 775 2781 tamen
793 2762 914 2781 excusa-

88 2792 115 2819 ri
136 2792 179 2818 vel
200 2793 353 2826 propterea
375 2790 500 2817 maxime
523 2791 664 2817 debuerit.
682 2791 758 2825 quod
789 2798 822 2817 ea
846 2793 915 2816 tunc

88 2828 237 2862 temporis
260 2826 460 2862 haereticorum
491 2830 574 2853 erant
603 2827 726 2854 crimina
770 2830 801 2852 ut
823 2826 917 2860 capite

90 2861 196 2898 aliquo
207 2865 376 2890 tenerentur
391 2861 465 2888 lisse
478 2863 673 2890 sanctissimis
689 2862 849 2896 Trinitatis;
860 2870 917 2896 qua

92 2907 189 2937 penes
203 2907 252 2927 eos
267 2907 326 2926 non
343 2898 463 2933 integra,
481 2899 611 2934 adeoque
632 2899 723 2931 nulla,
743 2898 814 2926 nihil
831 2899 918 2926 etiam

953 1358 1059 1386 habere
1076 1359 1127 1386 aut
1146 1357 1215 1385 dare
1229 1359 1374 1393 poterant,
1390 1358 1468 1394 quod
1485 1357 1668 1394 baptismum
1681 1357 1778 1387 Chris-

952 1395 974 1422 ti
988 1402 1091 1430 sapere
1106 1394 1262 1422 videretur.
1280 1394 1343 1422 Rm.

988 1429 1045 1465 (57)
1061 1431 1102 1457 Ita
1116 1437 1167 1457 nec
1193 1431 1305 1465 possunt
1332 1429 1456 1465 accipere
1487 1429 1554 1465 quia
1580 1437 1637 1458 non
1662 1429 1774 1458 habent.

952 1466 1104 1501 Apertiora
1119 1465 1274 1501 suntapud
1290 1465 1555 1501 Cyprianum:Nos
1577 1467 1676 1493 autem
1705 1465 1777 1493 dici-

953 1510 1020 1529 mus
1031 1510 1081 1529 eos
1097 1501 1146 1537 qui
1159 1501 1227 1528 inde
1236 1501 1359 1528 veniunt
1367 1509 1425 1529 non
1436 1501 1610 1537 rebaptizari
1622 1501 1699 1537 apud
1709 1509 1774 1536 nos,

954 1538 1005 1565 sed
1022 1538 1185 1573 baptizari.)
1199 1537 1298 1573 Neque
1313 1538 1391 1564 enim
1417 1537 1565 1573 accipiunt
1580 1537 1639 1565 illic
1651 1537 1775 1573 aliquid,

954 1574 1003 1601 ubi
1018 1572 1090 1600 nihil
1106 1575 1160 1600 est.
1178 1572 1241 1600 Hic.

989 1609 1047 1644 (58)
1061 1609 1092 1636 In
1107 1608 1198 1636 Graeco
1212 1608 1346 1644 digestum
1370 1610 1418 1635 est.
1448 1607 1536 1636 Vides
1564 1607 1777 1636 Tertullianum

957 1645 1054 1673 Graece
1070 1644 1230 1679 prolusisse
1246 1644 1280 1681 in,
1292 1643 1346 1681 huic
1358 1644 1489 1679 materia,
1508 1646 1540 1671 ut
1554 1644 1584 1671 in
1599 1644 1676 1678 aliis,
1699 1645 1776 1681 quod

958 1681 1043 1708 multi
1053 1681 1257 1708 observarunt.
1272 1680 1309 1706 LE
1323 1680 1374 1706 Pa.

992 1717 1047 1751 (59)
1065 1717 1150 1744 Israel
1164 1716 1277 1744 ludatis
1291 1715 1417 1752 quotidie
1445 1715 1528 1749 lavat,
1556 1717 1625 1751 quia
1652 1716 1780 1752 quotidie

957 1753 1131 1788 inquinatur.
1149 1752 1195 1779 Sic
1211 1752 1262 1779 lib.
1278 1751 1310 1778 de
1325 1751 1479 1788 Oratione:
1497 1763 1510 1776 ‹‹
1541 1752 1685 1779 Omnibus
1712 1752 1780 1779 licet

959 1787 1098 1815 membris
1128 1787 1203 1815 lavet
1232 1787 1362 1822 quotidie
1379 1787 1477 1821 Israel,
1499 1796 1651 1823 nunquam
1680 1791 1777 1815 tamen

958 1825 1086 1852 mundus
1102 1826 1155 1851 est.
1172 1824 1254 1851 Certe
1270 1831 1375 1849 manus
1390 1823 1454 1857 ejus
1474 1831 1591 1859 semper
1618 1824 1778 1852 immundae

958 1860 1100 1896 sanguine
1116 1859 1335 1896 prophetarum,
1349 1869 1363 1883 ››
1374 1861 1429 1896 etc.
1447 1859 1509 1886 Ric.

994 1894 1028 1916 -ῖ
1044 1894 1127 1923 Israel
1141 1894 1252 1923 Ju’dwu:
1266 1895 1331 1922 Jam
1343 1894 1420 1921 enim
1437 1897 1482 1921 est
1495 1894 1584 1922 Israel
1604 1894 1777 1928 catholicus,

959 1932 1208 1967 quemadmodum
1225 1934 1253 1958 et
1267 1930 1411 1958 catholica
1424 1930 1601 1958 Jerusalem.
1619 1931 1658 1958 Ls
1673 1930 1722 1957 Pa.

993 1968 1050 2003 (60)
1067 1968 1117 1994 Hos
1131 1968 1197 1994 (tuos
1222 1967 1375 2003 baptismos.
1407 1968 1444 1994 Ea
1469 1975 1551 1993 mens
1577 1969 1622 1993 est
1640 1965 1776 2003 Hauctori,

959 2002 1088 2039 ut'prius
1113 2012 1193 2038 aquis
1210 2002 1384 2039 baptismate
1399 2010 1451 2029 nos
1467 2002 1606 2039 indigere
1630 2002 1717 2039 dicat,
1749 2003 1782 2028 ut

960 2037 1256 2075 sanguinem’postea’
1267 2038 1404 2075 bibamus
1423 2038 1500 2075 quie
1534 2038 1677 2075 perfossoA
1692 2037 1781 2064 latere

960 2073 1098 2138 alligavit,
1115 2073 1170 2102 hoc
1198 2077 1253 2106 est,
1271 2073 1453 2101 eucharistiaa
1478 2074 1636 2109 participes
1662 2073 1781 2107 ﬁamus,

983 2120 998 2137 E
1041 2120 1068 2137 Η.

983 2120 998 2137 Ε
1019 2120 1068 2137 t'R.

997 2146 1052 2181 (61)
1070 2146 1122 2179 Qui
1138 2153 1209 2179 aqua
1234 2144 1376 2181 iuuissent,
1405 2145 1488 2181 etiam
1511 2145 1677 2180 sanguinem
1703 2147 1783 2180 pota-

961 2184 1031 2209 rent.
1045 2179 1107 2209 'Hoc
1120 2181 1180 2207 loro
1196 2180 1293 2216 agitur
1308 2180 1344 2206 de
1359 2179 1466 2215 duplici
1483 2179 1641 2216 baptismo,
1657 2179 1739 2215 aqua:
1755 2181 1784 2206 et

962 2217 1124 2252 sanguinis.
1144 2216 1306 2251 Utrumque
1321 2218 1418 2242 autem
1450 2216 1484 2243 de
1513 2217 1632 2243 vulnere
1660 2216 1783 2252 perfossi

962 2251 1061 2280 lateris
1076 2253 1195 2279 ﬂuxisse
1212 2252 1251 2279 ait
1266 2251 1435 2287 Septimius.
1449 2255 1481 2278 ut
1497 2254 1546 2287 qui
1562 2253 1591 2279 in
1608 2251 1783 2288 sanguinem

963 2289 1069 2316 Christi
1085 2288 1231 2315 credimus
1248 2289 1322 2321 ejus,
1339 2296 1415 2321 aqua
1432 2288 1580 2315 lavemur:
1605 2292 1724 2323 tamque
1735 2296 1784 2315 sa-

962 2325 1067 2352 lutaris
1084 2333 1163 2359 aqua:
1176 2323 1316 2350 beneﬁcio
1337 2323 1439 2357 abluti,
1457 2324 1543 2351 etiam
1560 2324 1678 2351 calicem
1705 2332 1784 2351 mar—

962 2361 1027 2396 tyrii
1046 2369 1097 2396 pro
1109 2360 1213 2387 Christi
1231 2359 1359 2391 nomine,
1377 2360 1492 2394 quoties
1503 2361 1615 2388 occasio
1641 2360 1785 2392 inciderit,

966 2397 1102 2423 bibamus
1118 2396 1262 2430 intrepide
1273 2397 1301 2421 et
1316 2398 1493 2423 constanter.
1511 2397 1593 2423 llunc
1615 2397 1694 2424 enim
1723 2404 1787 2423 esse

965 2436 1023 2460 tam
1042 2433 1187 2459 efﬁcacem
1205 2430 1396 2462 baptismum,
1413 2434 1445 2458 ut
1460 2431 1606 2459 lavacrum
1623 2435 1650 2459 ct
1666 2440 1723 2459 non
1740 2440 1786 2459 ac-

966 2472 1082 2503 ceptum
1100 2469 1297 2502 reprwsentet,
1311 2469 1338 2493 cl
1354 2467 1499 2501 perditum
1517 2469 1697 2500 reddat.0ua3
1709 2467 1786 2495 haud

967 2505 1055 2531 dubie
1067 2507 1134 2530 sunt
1151 2503 1338 2539 intelligenda
1354 2503 1388 2530 de
1405 2505 1554 2539 martyrio.
1572 2506 1633 2531 RIG.

1003 2541 1056 2575 ((33)
1073 2540 1199 2566 Summus
1215 2538 1342 2565 sacerdos
1357 2539 1405 2574 qui
1427 2544 1466 2566 est
1484 2538 1643 2575 cpiscopus.
1671 2553 1705 2558 —-
1722 2540 1788 2565 Pro-

966 2578 1029 2611 plrr
1057 2576 1183 2603 Ere/(5117'
1210 2575 1349 2606 honorem,
1380 2583 1430 2609 quo
1445 2576 1531 2607 salva,
1557 2574 1636 2602 salva
1651 2582 1714 2611 pare
1738 2574 1787 2600 est.

969 2609 1100 2646 Alioquin
1117 2613 1200 2638 etiam
1215 2611 1351 2643 Iaz‘risjus
1373 2615 1422 2637 est.
1443 2611 1610 2639 Consimilis
1636 2612 1680 2637 est
1708 2609 1790 2646 locus

969 2647 1019 2674 lib.
1036 2644 1068 2675 [le
1097 2648 1208 2674 Exhorl.
1240 2647 1332 2673 Caslit.
1350 2646 1389 2673 Ex
1414 2649 1537 2681 utroque
1554 2649 1649 2674 autem
1675 2644 1792 2681 collegit

970 2684 1175 2719 Hieronymus,
1193 2681 1472 2719 quodraitadveifius
1490 2680 1791 2715 l.ucit‘erianos,bapti-

971 2728 1067 2746 smum
1085 2728 1149 2747 esse
1174 2718 1379 2745 sacerdotium.
1412 2718 1523 2745 Etenim
1552 2719 1695 2754 scriptum
1722 2718 1790 2743 est:

973 2756 1091 2789 Regnum
1123 2756 1221 2790 quippe
1250 2761 1297 2780 nos
1325 2757 1349 2780 et
1377 2755 1530 2782 sacerdotes
1561 2752 1620 2782 Deo‘
1649 2755 1675 2780 et
1713 2752 1793 2790 Patri

971 2788 1019 2818 suo
1049 2788 1138 2820 feri!)
1167 2794 1194 2817 et
1222 2789 1327 2815 iterum
1352 2797 1357 2814 :
1389 2793 1495 2823 gentem
1524 2795 1656 2821 sanclam,
1700 2788 1793 2823 regale

971 2828 1165 2853 surerdotz‘um.
1197 2826 1294 2859 quue
1324 2824 1410 2851 etiam
1447 2829 1557 2861 Spl‘Cial
1600 2825 1677 2861 quod
1721 2832 1792 2861 opu-

973 2863 1046 2890 sculi
1060 2861 1257 2899 hujus,rirnitio
1269 2860 1431 2899 ﬁeptimius
1447 2860 1566 2899 nutavit,
1596 2860 1730 2899 egressos
1759 2860 1794 2899 de

973 2899 1087 2927 lavacro
1100 2896 1170 2934 ungi
1186 2897 1339 2925 benedicta
1355 2898 1502 2931 unctione,
1520 2896 1563 2928 de'
1578 2900 1675 2935 prisca
1703 2896 1795 2925 disci-

1996 988 2019 1016 ᾖ

1996 1019 2017 1035 σο

1996 1043 2019 1077 ,ᾧ

1999 1098 2019 1117 ’ὗ
