  <div class='ocr_page' id='page_1' title='image "/cluster/home/n/w/nwhite01/storage/ocr_20150623/1/umn.31951002477295j/667.png"; bbox 0 0 4050 6388; ppageno 0'>
   <div class='ocr_carea' id='block_1_1' title="bbox 493 385 646 445">
    <p class='ocr_par' dir='ltr' id='par_1_1' title="bbox 493 385 646 445">
     <span class='ocr_line' id='line_1_1' title="bbox 493 385 646 445; baseline -0.007 0"><span class='ocrx_word' id='word_1_1' title='bbox 493 385 646 445; x_wconf 72' lang='lat' dir='ltr'><strong>i331</strong></span> 
     </span>
    </p>
   </div>
   <div class='ocr_carea' id='block_1_2' title="bbox 490 514 2208 586">
    <p class='ocr_par' dir='ltr' id='par_1_2' title="bbox 490 514 2208 586">
     <span class='ocr_line' id='line_1_2' title="bbox 490 514 2208 586; baseline -0.001 -16"><span class='ocrx_word' id='word_1_2' title='bbox 490 515 829 571; x_wconf 81' lang='lat' dir='ltr'><strong>missionem</strong></span> <span class='ocrx_word' id='word_1_3' title='bbox 863 519 1230 586; x_wconf 83' lang='lat' dir='ltr'><strong>peccatorum</strong></span> <span class='ocrx_word' id='word_1_4' title='bbox 1254 514 1282 568; x_wconf 74' lang='lat' dir='ltr'><strong>‘I</strong></span> <span class='ocrx_word' id='word_1_5' title='bbox 1340 515 1580 570; x_wconf 76' lang='lat' dir='ltr'><strong>Cautius</strong></span> <span class='ocrx_word' id='word_1_6' title='bbox 1613 518 1819 586; x_wconf 78' lang='lat' dir='ltr'><strong>agetur</strong></span> <span class='ocrx_word' id='word_1_7' title='bbox 1855 515 1914 569; x_wconf 89' lang='lat' dir='ltr'><strong>in</strong></span> <span class='ocrx_word' id='word_1_8' title='bbox 1947 531 2126 569; x_wconf 73' lang='lat' dir='ltr'><strong>saecu-</strong></span> <span class='ocrx_word' id='word_1_9' title='bbox 2157 517 2208 581; x_wconf 82' lang='grc' dir='ltr'><strong>Α</strong></span> 
     </span>
    </p>
   </div>
   <div class='ocr_carea' id='block_1_3' title="bbox 493 602 2129 669">
    <p class='ocr_par' dir='ltr' id='par_1_3' title="bbox 493 602 2129 669">
     <span class='ocr_line' id='line_1_3' title="bbox 493 602 2129 669; baseline -0.001 -12"><span class='ocrx_word' id='word_1_10' title='bbox 493 603 737 669; x_wconf 90' lang='lat' dir='ltr'><strong>laribus,</strong></span> <span class='ocrx_word' id='word_1_11' title='bbox 777 608 842 658; x_wconf 92' lang='lat' dir='ltr'><strong>ut</strong></span> <span class='ocrx_word' id='word_1_12' title='bbox 886 603 978 657; x_wconf 91' lang='lat' dir='ltr'><strong>cui</strong></span> <span class='ocrx_word' id='word_1_13' title='bbox 1011 603 1346 657; x_wconf 80' lang='lat' dir='ltr'><strong>substantia</strong></span> <span class='ocrx_word' id='word_1_14' title='bbox 1397 608 1628 658; x_wconf 90' lang='lat' dir='ltr'><strong>terrena</strong></span> <span class='ocrx_word' id='word_1_15' title='bbox 1684 619 1797 657; x_wconf 91' lang='lat' dir='ltr'><strong>non</strong></span> <span class='ocrx_word' id='word_1_16' title='bbox 1857 602 2129 668; x_wconf 80' lang='lat' dir='ltr'><strong>creditur,</strong></span> 
     </span>
    </p>
   </div>
   <div class='ocr_carea' id='block_1_4' title="bbox 492 691 2129 762">
    <p class='ocr_par' dir='ltr' id='par_1_4' title="bbox 492 691 2129 762">
     <span class='ocr_line' id='line_1_4' title="bbox 492 691 2129 762; baseline -0.001 -16"><span class='ocrx_word' id='word_1_17' title='bbox 492 693 687 747; x_wconf 89' lang='lat' dir='ltr'><strong>divina</strong></span> <span class='ocrx_word' id='word_1_18' title='bbox 718 692 991 746; x_wconf 78' lang='lat' dir='ltr'><strong>credatur</strong></span> <span class='ocrx_word' id='word_1_19' title='bbox 1019 692 1063 726; x_wconf 79' lang='grc'>⁶⁹</span> <span class='ocrx_word' id='word_1_20' title='bbox 1092 709 1104 758; x_wconf 91' lang='grc'><strong>;</strong></span> <span class='ocrx_word' id='word_1_21' title='bbox 1166 691 1361 745; x_wconf 86' lang='lat' dir='ltr'><strong>norint</strong></span> <span class='ocrx_word' id='word_1_22' title='bbox 1391 697 1582 762; x_wconf 85' lang='lat' dir='ltr'><strong>petere</strong></span> <span class='ocrx_word' id='word_1_23' title='bbox 1614 693 1887 756; x_wconf 81' lang='lat' dir='ltr'><strong>salutem,</strong></span> <span class='ocrx_word' id='word_1_24' title='bbox 1923 697 1984 745; x_wconf 92' lang='lat' dir='ltr'><strong>ut</strong></span> <span class='ocrx_word' id='word_1_25' title='bbox 2030 707 2129 762; x_wconf 87' lang='lat' dir='ltr'><strong>pe-</strong></span> 
     </span>
    </p>
   </div>
   <div class='ocr_carea' id='block_1_5' title="bbox 491 779 2134 836">
    <p class='ocr_par' dir='ltr' id='par_1_5' title="bbox 491 779 2134 836">
     <span class='ocr_line' id='line_1_5' title="bbox 491 779 2134 836; baseline -0.002 0"><span class='ocrx_word' id='word_1_26' title='bbox 491 781 634 836; x_wconf 88' lang='lat' dir='ltr'><strong>tenti</strong></span> <span class='ocrx_word' id='word_1_27' title='bbox 665 780 898 835; x_wconf 91' lang='lat' dir='ltr'><strong>dedisse</strong></span> <span class='ocrx_word' id='word_1_28' title='bbox 942 779 1214 835; x_wconf 89' lang='lat' dir='ltr'><strong>videaris.</strong></span> <span class='ocrx_word' id='word_1_29' title='bbox 1273 783 1398 834; x_wconf 88' lang='lat' dir='ltr'><strong>Non</strong></span> <span class='ocrx_word' id='word_1_30' title='bbox 1431 779 1654 835; x_wconf 75' lang='lat' dir='ltr'><strong>minore</strong></span> <span class='ocrx_word' id='word_1_31' title='bbox 1709 781 1778 835; x_wconf 91' lang='lat' dir='ltr'><strong>de</strong></span> <span class='ocrx_word' id='word_1_32' title='bbox 1819 797 1996 835; x_wconf 87' lang='lat' dir='ltr'><strong>causa</strong></span> <span class='ocrx_word' id='word_1_33' title='bbox 2050 781 2134 833; x_wconf 90' lang='lat' dir='ltr'><strong>in-</strong></span> 
     </span>
    </p>
   </div>
   <div class='ocr_carea' id='block_1_6' title="bbox 492 867 2133 940">
    <p class='ocr_par' dir='ltr' id='par_1_6' title="bbox 492 867 2133 940">
     <span class='ocr_line' id='line_1_6' title="bbox 492 867 2133 940; baseline -0.001 -16"><span class='ocrx_word' id='word_1_34' title='bbox 492 869 658 940; x_wconf 89' lang='lat' dir='ltr'><strong>nupti</strong></span> <span class='ocrx_word' id='word_1_35' title='bbox 711 884 944 940; x_wconf 90' lang='lat' dir='ltr'><strong>quoque</strong></span> <span class='ocrx_word' id='word_1_36' title='bbox 999 867 1490 939; x_wconf 84' lang='lat' dir='ltr'><strong>procrastinandi,</strong></span> <span class='ocrx_word' id='word_1_37' title='bbox 1533 869 1590 923; x_wconf 91' lang='lat' dir='ltr'><strong>in</strong></span> <span class='ocrx_word' id='word_1_38' title='bbox 1649 869 1862 940; x_wconf 86' lang='lat' dir='ltr'><strong>quibus</strong></span> <span class='ocrx_word' id='word_1_39' title='bbox 1893 870 2133 923; x_wconf 83' lang='lat' dir='ltr'><strong>tentatio</strong></span> 
     </span>
    </p>
   </div>
   <div class='ocr_carea' id='block_1_7' title="bbox 493 956 2133 1030">
    <p class='ocr_par' dir='ltr' id='par_1_7' title="bbox 493 956 2133 1030">
     <span class='ocr_line' id='line_1_7' title="bbox 493 956 2133 1030; baseline -0.001 -18"><span class='ocrx_word' id='word_1_40' title='bbox 493 960 815 1030; x_wconf 73' lang='lat' dir='ltr'><strong>prieparata</strong></span> <span class='ocrx_word' id='word_1_41' title='bbox 871 959 962 1012; x_wconf 87' lang='lat' dir='ltr'><strong>est</strong></span> <span class='ocrx_word' id='word_1_42' title='bbox 1021 961 1138 1011; x_wconf 90' lang='lat' dir='ltr'><strong>tam</strong></span> <span class='ocrx_word' id='word_1_43' title='bbox 1185 956 1508 1027; x_wconf 85' lang='lat' dir='ltr'><strong>virginibus</strong></span> <span class='ocrx_word' id='word_1_44' title='bbox 1566 972 1668 1027; x_wconf 91' lang='lat' dir='ltr'><strong>per</strong></span> <span class='ocrx_word' id='word_1_45' title='bbox 1715 957 2133 1023; x_wconf 80' lang='lat' dir='ltr'><strong>maturitatem,</strong></span> 
     </span>
    </p>
   </div>
   <div class='ocr_carea' id='block_1_8' title="bbox 494 1044 2137 1119">
    <p class='ocr_par' dir='ltr' id='par_1_8' title="bbox 494 1044 2137 1119">
     <span class='ocr_line' id='line_1_8' title="bbox 494 1044 2137 1119; baseline -0.001 -18"><span class='ocrx_word' id='word_1_46' title='bbox 494 1061 673 1119; x_wconf 91' lang='lat' dir='ltr'><strong>quam</strong></span> <span class='ocrx_word' id='word_1_47' title='bbox 703 1044 894 1100; x_wconf 90' lang='lat' dir='ltr'><strong>viduis</strong></span> <span class='ocrx_word' id='word_1_48' title='bbox 927 1061 1027 1116; x_wconf 89' lang='lat' dir='ltr'><strong>per</strong></span> <span class='ocrx_word' id='word_1_49' title='bbox 1081 1045 1445 1117; x_wconf 87' lang='lat' dir='ltr'><strong>vagationem</strong></span> <span class='ocrx_word' id='word_1_50' title='bbox 1489 1045 1552 1114; x_wconf 78' lang='lat'><strong>7°,</strong></span> <span class='ocrx_word' id='word_1_51' title='bbox 1582 1046 1785 1101; x_wconf 84' lang='lat' dir='ltr'><strong>I222</strong></span> <span class='ocrx_word' id='word_1_52' title='bbox 1825 1047 2006 1100; x_wconf 90' lang='lat' dir='ltr'><strong>donec</strong></span> <span class='ocrx_word' id='word_1_53' title='bbox 2035 1049 2137 1100; x_wconf 91' lang='lat' dir='ltr'><strong>aut</strong></span> 
     </span>
    </p>
   </div>
   <div class='ocr_carea' id='block_1_9' title="bbox 503 1133 2134 1204">
    <p class='ocr_par' dir='ltr' id='par_1_9' title="bbox 503 1133 2134 1204">
     <span class='ocr_line' id='line_1_9' title="bbox 503 1133 2134 1204; baseline -0.002 -15"><span class='ocrx_word' id='word_1_54' title='bbox 503 1135 748 1200; x_wconf 89' lang='lat' dir='ltr'><strong>nubant,</strong></span> <span class='ocrx_word' id='word_1_55' title='bbox 816 1137 919 1189; x_wconf 89' lang='lat' dir='ltr'><strong>aut</strong></span> <span class='ocrx_word' id='word_1_56' title='bbox 985 1133 1313 1188; x_wconf 74' lang='lat' dir='ltr'><strong>cotinentiae</strong></span> <span class='ocrx_word' id='word_1_57' title='bbox 1381 1135 1846 1189; x_wconf 84' lang='lat' dir='ltr'><strong>corroborentur.</strong></span> <span class='ocrx_word' id='word_1_58' title='bbox 1912 1133 1968 1187; x_wconf 90' lang='lat' dir='ltr'><strong>Si</strong></span> <span class='ocrx_word' id='word_1_59' title='bbox 2035 1133 2134 1204; x_wconf 89' lang='lat' dir='ltr'><strong>qui</strong></span> 
     </span>
    </p>
   </div>
   <div class='ocr_carea' id='block_1_10' title="bbox 496 1220 2137 1295">
    <p class='ocr_par' dir='ltr' id='par_1_10' title="bbox 496 1220 2137 1295">
     <span class='ocr_line' id='line_1_10' title="bbox 496 1220 2137 1295; baseline -0.001 -17"><span class='ocrx_word' id='word_1_60' title='bbox 496 1224 726 1295; x_wconf 90' lang='lat' dir='ltr'><strong>pondus</strong></span> <span class='ocrx_word' id='word_1_61' title='bbox 758 1221 1091 1292; x_wconf 87' lang='lat' dir='ltr'><strong>intelligant</strong></span> <span class='ocrx_word' id='word_1_62' title='bbox 1135 1220 1431 1291; x_wconf 84' lang='lat' dir='ltr'><strong>baptismi,</strong></span> <span class='ocrx_word' id='word_1_63' title='bbox 1464 1224 1652 1293; x_wconf 89' lang='lat' dir='ltr'><strong>magis</strong></span> <span class='ocrx_word' id='word_1_64' title='bbox 1681 1223 1972 1277; x_wconf 90' lang='lat' dir='ltr'><strong>timebunt</strong></span> <span class='ocrx_word' id='word_1_65' title='bbox 2003 1238 2137 1276; x_wconf 88' lang='lat' dir='ltr'><strong>con-</strong></span> 
     </span>
    </p>
   </div>
   <div class='ocr_carea' id='block_1_11' title="bbox 496 1307 2140 1382">
    <p class='ocr_par' dir='ltr' id='par_1_11' title="bbox 496 1307 2140 1382">
     <span class='ocr_line' id='line_1_11' title="bbox 496 1307 2140 1382; baseline -0.001 -17"><span class='ocrx_word' id='word_1_66' title='bbox 496 1311 855 1366; x_wconf 89' lang='lat' dir='ltr'><strong>secutionem</strong></span> <span class='ocrx_word' id='word_1_67' title='bbox 888 1326 1066 1380; x_wconf 90' lang='lat' dir='ltr'><strong>quam</strong></span> <span class='ocrx_word' id='word_1_68' title='bbox 1096 1307 1433 1364; x_wconf 84' lang='lat' dir='ltr'><strong>dilationem</strong></span> <span class='ocrx_word' id='word_1_69' title='bbox 1460 1326 1474 1363; x_wconf 87' lang='lat'>:</span> <span class='ocrx_word' id='word_1_70' title='bbox 1509 1311 1656 1366; x_wconf 84' lang='lat' dir='ltr'><strong>fides</strong></span> <span class='ocrx_word' id='word_1_71' title='bbox 1681 1310 1906 1382; x_wconf 88' lang='lat' dir='ltr'><strong>integra</strong></span> <span class='ocrx_word' id='word_1_72' title='bbox 1935 1325 2140 1365; x_wconf 88' lang='lat' dir='ltr'><strong>secura</strong></span> 
     </span>
    </p>
   </div>
   <div class='ocr_carea' id='block_1_12' title="bbox 499 1398 1066 1470">
    <p class='ocr_par' dir='ltr' id='par_1_12' title="bbox 499 1398 1066 1470">
     <span class='ocr_line' id='line_1_12' title="bbox 499 1398 1066 1470; baseline 0 -16"><span class='ocrx_word' id='word_1_73' title='bbox 499 1402 588 1454; x_wconf 87' lang='lat' dir='ltr'><strong>est</strong></span> <span class='ocrx_word' id='word_1_74' title='bbox 617 1399 686 1454; x_wconf 92' lang='lat' dir='ltr'><strong>de</strong></span> <span class='ocrx_word' id='word_1_75' title='bbox 717 1398 904 1453; x_wconf 88' lang='lat' dir='ltr'><strong>salute</strong></span> <span class='ocrx_word' id='word_1_76' title='bbox 934 1399 1066 1470; x_wconf 85' lang='grc'>(76).</span> 
     </span>
    </p>
   </div>
   <div class='ocr_carea' id='block_1_13' title="bbox 1115 1539 1519 1597">
    <p class='ocr_par' dir='ltr' id='par_1_13' title="bbox 1115 1539 1519 1597">
     <span class='ocr_line' id='line_1_13' title="bbox 1115 1539 1519 1597; baseline -0.01 0"><span class='ocrx_word' id='word_1_77' title='bbox 1115 1539 1339 1597; x_wconf 86' lang='lat' dir='ltr'><strong>CAPUT</strong></span> <span class='ocrx_word' id='word_1_78' title='bbox 1369 1539 1519 1595; x_wconf 85' lang='lat' dir='ltr'>XIX.</span> 
     </span>
    </p>
   </div>
   <div class='ocr_carea' id='block_1_14' title="bbox 572 1661 2130 1733">
    <p class='ocr_par' dir='ltr' id='par_1_14' title="bbox 572 1661 2130 1733">
     <span class='ocr_line' id='line_1_14' title="bbox 572 1661 2130 1733; baseline -0.001 -15"><span class='ocrx_word' id='word_1_79' title='bbox 572 1661 734 1718; x_wconf 90' lang='lat' dir='ltr'><strong>Diem</strong></span> <span class='ocrx_word' id='word_1_80' title='bbox 763 1661 1056 1733; x_wconf 84' lang='lat' dir='ltr'><strong>baptismo</strong></span> <span class='ocrx_word' id='word_1_81' title='bbox 1096 1662 1511 1718; x_wconf 89' lang='lat' dir='ltr'><strong>solemniorem</strong></span> <span class='ocrx_word' id='word_1_82' title='bbox 1560 1663 1672 1733; x_wconf 86' lang='lat'><strong>(77)</strong></span> <span class='ocrx_word' id='word_1_83' title='bbox 1731 1661 1954 1716; x_wconf 81' lang='lat' dir='ltr'><strong>Pascha</strong></span> <span class='ocrx_word' id='word_1_84' title='bbox 1986 1677 2130 1732; x_wconf 67' lang='lat' dir='ltr'><strong>prai-</strong></span> 
     </span>
    </p>
   </div>
   <div class='ocr_carea' id='block_1_15' title="bbox 502 1749 2139 1822">
    <p class='ocr_par' dir='ltr' id='par_1_15' title="bbox 502 1749 2139 1822">
     <span class='ocr_line' id='line_1_15' title="bbox 502 1749 2139 1822; baseline -0.001 -18"><span class='ocrx_word' id='word_1_85' title='bbox 502 1754 638 1818; x_wconf 91' lang='lat' dir='ltr'><strong>stat,</strong></span> <span class='ocrx_word' id='word_1_86' title='bbox 673 1766 802 1805; x_wconf 89' lang='lat' dir='ltr'><strong>cum</strong></span> <span class='ocrx_word' id='word_1_87' title='bbox 833 1756 889 1806; x_wconf 91' lang='lat' dir='ltr'><strong>et</strong></span> <span class='ocrx_word' id='word_1_88' title='bbox 921 1750 1115 1821; x_wconf 85' lang='lat' dir='ltr'><strong>passio</strong></span> <span class='ocrx_word' id='word_1_89' title='bbox 1143 1749 1374 1806; x_wconf 90' lang='lat' dir='ltr'><strong>Domini</strong></span> <span class='ocrx_word' id='word_1_90' title='bbox 1422 1750 1480 1805; x_wconf 93' lang='lat' dir='ltr'><strong>in</strong></span> <span class='ocrx_word' id='word_1_91' title='bbox 1533 1767 1648 1822; x_wconf 93' lang='lat' dir='ltr'><strong>qua</strong></span> <span class='ocrx_word' id='word_1_92' title='bbox 1694 1752 1735 1785; x_wconf 72' lang='grc' dir='ltr'><strong>τί</strong></span> <span class='ocrx_word' id='word_1_93' title='bbox 1791 1751 2139 1821; x_wconf 89' lang='lat' dir='ltr'><strong>tinguimur,</strong></span> 
     </span>
    </p>
   </div>
   <div class='ocr_carea' id='block_1_16' title="bbox 501 1837 2219 1935">
    <p class='ocr_par' dir='ltr' id='par_1_16' title="bbox 501 1837 2219 1935">
     <span class='ocr_line' id='line_1_16' title="bbox 501 1837 2219 1935; baseline -0.001 -43"><span class='ocrx_word' id='word_1_94' title='bbox 501 1837 822 1910; x_wconf 89' lang='lat' dir='ltr'><strong>adimpleta</strong></span> <span class='ocrx_word' id='word_1_95' title='bbox 865 1845 974 1908; x_wconf 90' lang='lat' dir='ltr'><strong>est,</strong></span> <span class='ocrx_word' id='word_1_96' title='bbox 1009 1855 1113 1894; x_wconf 87' lang='lat' dir='ltr'><strong>nec</strong></span> <span class='ocrx_word' id='word_1_97' title='bbox 1168 1840 1621 1910; x_wconf 86' lang='lat' dir='ltr'><strong>incongruenter</strong></span> <span class='ocrx_word' id='word_1_98' title='bbox 1660 1840 1704 1874; x_wconf 64' lang='lat'><strong>79</strong></span> <span class='ocrx_word' id='word_1_99' title='bbox 1762 1840 1830 1893; x_wconf 92' lang='lat' dir='ltr'><strong>ad</strong></span> <span class='ocrx_word' id='word_1_100' title='bbox 1892 1839 2138 1909; x_wconf 84' lang='lat' dir='ltr'><strong>ﬁguram</strong></span> <span class='ocrx_word' id='word_1_101' title='bbox 2175 1872 2219 1935; x_wconf 83' lang='lat' dir='ltr'>B</span> 
     </span>
    </p>
   </div>
   <div class='ocr_carea' id='block_1_17' title="bbox 504 1925 2142 1997">
    <p class='ocr_par' dir='ltr' id='par_1_17' title="bbox 504 1925 2142 1997">
     <span class='ocr_line' id='line_1_17' title="bbox 504 1925 2142 1997; baseline -0.002 -15"><span class='ocrx_word' id='word_1_102' title='bbox 504 1927 1006 1997; x_wconf 88' lang='lat' dir='ltr'><strong>interpretabitur,</strong></span> <span class='ocrx_word' id='word_1_103' title='bbox 1039 1927 1188 1997; x_wconf 90' lang='lat' dir='ltr'><strong>quod</strong></span> <span class='ocrx_word' id='word_1_104' title='bbox 1223 1943 1355 1982; x_wconf 92' lang='lat' dir='ltr'><strong>cum</strong></span> <span class='ocrx_word' id='word_1_105' title='bbox 1389 1927 1662 1982; x_wconf 90' lang='lat' dir='ltr'><strong>ultimum</strong></span> <span class='ocrx_word' id='word_1_106' title='bbox 1696 1927 1916 1982; x_wconf 89' lang='lat' dir='ltr'><strong>Pascha</strong></span> <span class='ocrx_word' id='word_1_107' title='bbox 1947 1925 2142 1981; x_wconf 86' lang='lat' dir='ltr'><strong>Domi-</strong></span> 
     </span>
    </p>
   </div>
   <div class='ocr_carea' id='block_1_18' title="bbox 507 2015 2142 2086">
    <p class='ocr_par' dir='ltr' id='par_1_18' title="bbox 507 2015 2142 2086">
     <span class='ocr_line' id='line_1_18' title="bbox 507 2015 2142 2086; baseline -0.001 -16"><span class='ocrx_word' id='word_1_108' title='bbox 507 2031 620 2070; x_wconf 89' lang='lat' dir='ltr'><strong>nus</strong></span> <span class='ocrx_word' id='word_1_109' title='bbox 652 2019 808 2069; x_wconf 88' lang='lat' dir='ltr'><strong>esset</strong></span> <span class='ocrx_word' id='word_1_110' title='bbox 839 2020 1095 2082; x_wconf 89' lang='lat' dir='ltr'><strong>acturus,</strong></span> <span class='ocrx_word' id='word_1_111' title='bbox 1131 2015 1330 2070; x_wconf 90' lang='lat' dir='ltr'><strong>missis</strong></span> <span class='ocrx_word' id='word_1_112' title='bbox 1379 2016 1682 2086; x_wconf 84' lang='lat' dir='ltr'><strong>discipulis</strong></span> <span class='ocrx_word' id='word_1_113' title='bbox 1709 2016 1780 2070; x_wconf 91' lang='lat' dir='ltr'><strong>ad</strong></span> <span class='ocrx_word' id='word_1_114' title='bbox 1813 2031 2142 2086; x_wconf 54' lang='lat' dir='ltr'><strong>praeparan-</strong></span> 
     </span>
    </p>
   </div>
   <div class='ocr_carea' id='block_1_19' title="bbox 509 2102 2141 2173">
    <p class='ocr_par' dir='ltr' id='par_1_19' title="bbox 509 2102 2141 2173">
     <span class='ocr_line' id='line_1_19' title="bbox 509 2102 2141 2173; baseline -0.001 -17"><span class='ocrx_word' id='word_1_115' title='bbox 509 2103 672 2170; x_wconf 91' lang='lat' dir='ltr'><strong>dum,</strong></span> <span class='ocrx_word' id='word_1_116' title='bbox 707 2102 1000 2157; x_wconf 75' lang='lat' dir='ltr'><strong>Invenietis</strong></span> <span class='ocrx_word' id='word_1_117' title='bbox 1025 2103 1090 2168; x_wconf 77' lang='grc'><strong>⁷⁸,</strong></span> <span class='ocrx_word' id='word_1_118' title='bbox 1150 2103 1360 2172; x_wconf 88' lang='lat' dir='ltr'><strong>inquit,</strong></span> <span class='ocrx_word' id='word_1_119' title='bbox 1393 2106 1664 2159; x_wconf 79' lang='lat' dir='ltr'><strong>hominem</strong></span> <span class='ocrx_word' id='word_1_120' title='bbox 1722 2120 1919 2173; x_wconf 82' lang='lat' dir='ltr'><strong>aquam</strong></span> <span class='ocrx_word' id='word_1_121' title='bbox 1979 2103 2141 2171; x_wconf 74' lang='lat' dir='ltr'><strong>baiu-</strong></span> 
     </span>
    </p>
   </div>
   <div class='ocr_carea' id='block_1_20' title="bbox 510 2190 2141 2262">
    <p class='ocr_par' dir='ltr' id='par_1_20' title="bbox 510 2190 2141 2262">
     <span class='ocr_line' id='line_1_20' title="bbox 510 2190 2141 2262; baseline 0.001 -19"><span class='ocrx_word' id='word_1_122' title='bbox 510 2193 710 2244; x_wconf 84' lang='lat' dir='ltr'><strong>lantem</strong></span> <span class='ocrx_word' id='word_1_123' title='bbox 749 2191 944 2260; x_wconf 81' lang='lat' dir='ltr'><strong>(Marc.</strong></span> <span class='ocrx_word' id='word_1_124' title='bbox 980 2208 1092 2258; x_wconf 75' lang='lat' dir='ltr'><strong>xxv,</strong></span> <span class='ocrx_word' id='word_1_125' title='bbox 1129 2192 1212 2262; x_wconf 80' lang='lat'><strong>13)</strong></span> <span class='ocrx_word' id='word_1_126' title='bbox 1247 2191 1479 2246; x_wconf 74' lang='lat' dir='ltr'><strong>Paschae</strong></span> <span class='ocrx_word' id='word_1_127' title='bbox 1537 2191 1895 2247; x_wconf 66' lang='lat' dir='ltr'><strong>celebrandae</strong></span> <span class='ocrx_word' id='word_1_128' title='bbox 1951 2190 2141 2245; x_wconf 90' lang='lat' dir='ltr'><strong>locum</strong></span> 
     </span>
    </p>
   </div>
   <div class='ocr_carea' id='block_1_21' title="bbox 507 2277 2141 2349">
    <p class='ocr_par' dir='ltr' id='par_1_21' title="bbox 507 2277 2141 2349">
     <span class='ocr_line' id='line_1_21' title="bbox 507 2277 2141 2349; baseline -0.001 -16"><span class='ocrx_word' id='word_1_129' title='bbox 507 2279 578 2333; x_wconf 88' lang='lat' dir='ltr'><strong>de</strong></span> <span class='ocrx_word' id='word_1_130' title='bbox 604 2277 772 2348; x_wconf 89' lang='lat' dir='ltr'><strong>signo</strong></span> <span class='ocrx_word' id='word_1_131' title='bbox 805 2295 966 2349; x_wconf 68' lang='lat' dir='ltr'><strong>aquas</strong></span> <span class='ocrx_word' id='word_1_132' title='bbox 997 2279 1272 2334; x_wconf 87' lang='lat' dir='ltr'><strong>ostendit.</strong></span> <span class='ocrx_word' id='word_1_133' title='bbox 1317 2279 1534 2334; x_wconf 85' lang='lat' dir='ltr'><strong>Exinde</strong></span> <span class='ocrx_word' id='word_1_134' title='bbox 1591 2283 1927 2334; x_wconf 87' lang='lat' dir='ltr'><strong>Pentecoste</strong></span> <span class='ocrx_word' id='word_1_135' title='bbox 1983 2279 2141 2332; x_wconf 88' lang='lat' dir='ltr'><strong>ordi-</strong></span> 
     </span>
    </p>
   </div>
   <div class='ocr_carea' id='block_1_22' title="bbox 507 2367 2141 2439">
    <p class='ocr_par' dir='ltr' id='par_1_22' title="bbox 507 2367 2141 2439">
     <span class='ocr_line' id='line_1_22' title="bbox 507 2367 2141 2439; baseline -0.001 -18"><span class='ocrx_word' id='word_1_136' title='bbox 507 2367 719 2422; x_wconf 89' lang='lat' dir='ltr'><strong>nandis</strong></span> <span class='ocrx_word' id='word_1_137' title='bbox 749 2367 994 2422; x_wconf 90' lang='lat' dir='ltr'><strong>lavacris</strong></span> <span class='ocrx_word' id='word_1_138' title='bbox 1049 2367 1406 2423; x_wconf 90' lang='lat' dir='ltr'><strong>latissimum</strong></span> <span class='ocrx_word' id='word_1_139' title='bbox 1467 2369 1720 2439; x_wconf 89' lang='lat' dir='ltr'><strong>spatium</strong></span> <span class='ocrx_word' id='word_1_140' title='bbox 1771 2374 1861 2424; x_wconf 87' lang='lat' dir='ltr'><strong>est</strong></span> <span class='ocrx_word' id='word_1_141' title='bbox 1891 2369 2024 2439; x_wconf 79' lang='lat' dir='ltr'><strong>(Act.</strong></span> <span class='ocrx_word' id='word_1_142' title='bbox 2059 2371 2141 2436; x_wconf 88' lang='grc' dir='ltr'>ιι),</span> 
     </span>
    </p>
   </div>
   <div class='ocr_carea' id='block_1_23' title="bbox 505 2455 2143 2527">
    <p class='ocr_par' dir='ltr' id='par_1_23' title="bbox 505 2455 2143 2527">
     <span class='ocr_line' id='line_1_23' title="bbox 505 2455 2143 2527; baseline 0.001 -18"><span class='ocrx_word' id='word_1_143' title='bbox 505 2471 620 2525; x_wconf 93' lang='lat' dir='ltr'><strong>quo</strong></span> <span class='ocrx_word' id='word_1_144' title='bbox 669 2459 725 2509; x_wconf 84' lang='lat' dir='ltr'><strong>et</strong></span> <span class='ocrx_word' id='word_1_145' title='bbox 780 2455 1011 2510; x_wconf 90' lang='lat' dir='ltr'><strong>Domini</strong></span> <span class='ocrx_word' id='word_1_146' title='bbox 1073 2457 1420 2512; x_wconf 86' lang='lat' dir='ltr'><strong>resurrectio</strong></span> <span class='ocrx_word' id='word_1_147' title='bbox 1475 2457 1624 2512; x_wconf 88' lang='lat' dir='ltr'><strong>inter</strong></span> <span class='ocrx_word' id='word_1_148' title='bbox 1682 2455 2002 2527; x_wconf 87' lang='lat' dir='ltr'><strong>discipulos</strong></span> <span class='ocrx_word' id='word_1_149' title='bbox 2033 2455 2143 2510; x_wconf 84' lang='lat' dir='ltr'><strong>fre-</strong></span> 
     </span>
    </p>
   </div>
   <div class='ocr_carea' id='block_1_24' title="bbox 503 2544 2147 2617">
    <p class='ocr_par' dir='ltr' id='par_1_24' title="bbox 503 2544 2147 2617">
     <span class='ocr_line' id='line_1_24' title="bbox 503 2544 2147 2617; baseline 0 -19"><span class='ocrx_word' id='word_1_150' title='bbox 503 2548 785 2615; x_wconf 88' lang='lat' dir='ltr'><strong>quentata</strong></span> <span class='ocrx_word' id='word_1_151' title='bbox 806 2549 914 2612; x_wconf 90' lang='lat' dir='ltr'><strong>est,</strong></span> <span class='ocrx_word' id='word_1_152' title='bbox 949 2548 1005 2598; x_wconf 92' lang='lat' dir='ltr'><strong>et</strong></span> <span class='ocrx_word' id='word_1_153' title='bbox 1051 2546 1240 2615; x_wconf 86' lang='lat' dir='ltr'><strong>gratia</strong></span> <span class='ocrx_word' id='word_1_154' title='bbox 1270 2546 1520 2617; x_wconf 87' lang='lat' dir='ltr'><strong>Spiritus</strong></span> <span class='ocrx_word' id='word_1_155' title='bbox 1557 2547 1743 2600; x_wconf 87' lang='lat' dir='ltr'><strong>sancti</strong></span> <span class='ocrx_word' id='word_1_156' title='bbox 1775 2544 2057 2612; x_wconf 86' lang='lat' dir='ltr'><strong>dedicata,</strong></span> <span class='ocrx_word' id='word_1_157' title='bbox 2091 2547 2147 2598; x_wconf 91' lang='lat' dir='ltr'><strong>et</strong></span> 
     </span>
    </p>
   </div>
   <div class='ocr_carea' id='block_1_25' title="bbox 505 2632 2144 2705">
    <p class='ocr_par' dir='ltr' id='par_1_25' title="bbox 505 2632 2144 2705">
     <span class='ocr_line' id='line_1_25' title="bbox 505 2632 2144 2705; baseline -0.001 -18"><span class='ocrx_word' id='word_1_158' title='bbox 505 2649 639 2703; x_wconf 89' lang='lat' dir='ltr'><strong>spes</strong></span> <span class='ocrx_word' id='word_1_159' title='bbox 673 2633 957 2687; x_wconf 83' lang='lat' dir='ltr'><strong>adventus</strong></span> <span class='ocrx_word' id='word_1_160' title='bbox 995 2633 1220 2688; x_wconf 90' lang='lat' dir='ltr'><strong>Domini</strong></span> <span class='ocrx_word' id='word_1_161' title='bbox 1252 2636 1621 2700; x_wconf 89' lang='lat' dir='ltr'><strong>subostensa,</strong></span> <span class='ocrx_word' id='word_1_162' title='bbox 1683 2634 1836 2705; x_wconf 92' lang='lat' dir='ltr'><strong>quod</strong></span> <span class='ocrx_word' id='word_1_163' title='bbox 1892 2638 2030 2687; x_wconf 91' lang='lat' dir='ltr'><strong>tunc</strong></span> <span class='ocrx_word' id='word_1_164' title='bbox 2085 2632 2144 2686; x_wconf 93' lang='lat' dir='ltr'><strong>in</strong></span> 
     </span>
    </p>
   </div>
   <div class='ocr_carea' id='block_1_26' title="bbox 504 2719 2142 2793">
    <p class='ocr_par' dir='ltr' id='par_1_26' title="bbox 504 2719 2142 2793">
     <span class='ocr_line' id='line_1_26' title="bbox 504 2719 2142 2793; baseline 0.001 -20"><span class='ocrx_word' id='word_1_165' title='bbox 504 2719 677 2774; x_wconf 78' lang='lat' dir='ltr'><strong>caelos</strong></span> <span class='ocrx_word' id='word_1_166' title='bbox 701 2726 1041 2791; x_wconf 90' lang='lat' dir='ltr'><strong>recuperato</strong></span> <span class='ocrx_word' id='word_1_167' title='bbox 1073 2738 1160 2791; x_wconf 90' lang='lat' dir='ltr'><strong>eo,</strong></span> <span class='ocrx_word' id='word_1_168' title='bbox 1193 2721 1385 2793; x_wconf 85' lang='lat' dir='ltr'><strong>angeli</strong></span> <span class='ocrx_word' id='word_1_169' title='bbox 1417 2723 1487 2777; x_wconf 91' lang='lat' dir='ltr'><strong>ad</strong></span> <span class='ocrx_word' id='word_1_170' title='bbox 1530 2721 1822 2793; x_wconf 89' lang='lat' dir='ltr'><strong>apostolos</strong></span> <span class='ocrx_word' id='word_1_171' title='bbox 1851 2722 2142 2789; x_wconf 87' lang='lat' dir='ltr'><strong>dixerunt,</strong></span> 
     </span>
    </p>
   </div>
   <div class='ocr_carea' id='block_1_27' title="bbox 508 2805 2146 2878">
    <p class='ocr_par' dir='ltr' id='par_1_27' title="bbox 508 2805 2146 2878">
     <span class='ocr_line' id='line_1_27' title="bbox 508 2805 2146 2878; baseline 0.001 -17"><span class='ocrx_word' id='word_1_172' title='bbox 508 2805 592 2861; x_wconf 89' lang='lat' dir='ltr'><strong>sic</strong></span> <span class='ocrx_word' id='word_1_173' title='bbox 619 2811 930 2861; x_wconf 83' lang='lat' dir='ltr'><strong>venturum</strong></span> <span class='ocrx_word' id='word_1_174' title='bbox 961 2808 1449 2878; x_wconf 88' lang='lat' dir='ltr'><strong>quemadmodum</strong></span> <span class='ocrx_word' id='word_1_175' title='bbox 1483 2813 1542 2863; x_wconf 91' lang='lat' dir='ltr'><strong>et</strong></span> <span class='ocrx_word' id='word_1_176' title='bbox 1568 2809 1626 2863; x_wconf 92' lang='lat' dir='ltr'><strong>in</strong></span> <span class='ocrx_word' id='word_1_177' title='bbox 1659 2809 1831 2864; x_wconf 76' lang='lat' dir='ltr'><strong>cmlos</strong></span> <span class='ocrx_word' id='word_1_178' title='bbox 1870 2824 2146 2869; x_wconf 90' lang='lat' dir='ltr'><strong>conscen-</strong></span> 
     </span>
    </p>
   </div>
   <div class='ocr_carea' id='block_1_28' title="bbox 515 2893 2146 2966">
    <p class='ocr_par' dir='ltr' id='par_1_28' title="bbox 515 2893 2146 2966">
     <span class='ocr_line' id='line_1_28' title="bbox 515 2893 2146 2966; baseline 0.001 -17"><span class='ocrx_word' id='word_1_179' title='bbox 515 2893 599 2949; x_wconf 90' lang='lat' dir='ltr'><strong>dit</strong></span> <span class='ocrx_word' id='word_1_180' title='bbox 629 2895 768 2965; x_wconf 81' lang='lat' dir='ltr'><strong>(Act.</strong></span> <span class='ocrx_word' id='word_1_181' title='bbox 802 2894 866 2966; x_wconf 84' lang='grc' dir='ltr'><strong>ι),</strong></span> <span class='ocrx_word' id='word_1_182' title='bbox 918 2895 1119 2966; x_wconf 86' lang='lat' dir='ltr'><strong>utique</strong></span> <span class='ocrx_word' id='word_1_183' title='bbox 1163 2897 1221 2950; x_wconf 91' lang='lat' dir='ltr'><strong>in</strong></span> <span class='ocrx_word' id='word_1_184' title='bbox 1267 2901 1617 2953; x_wconf 87' lang='lat' dir='ltr'><strong>Pentecoste.</strong></span> <span class='ocrx_word' id='word_1_185' title='bbox 1661 2899 1767 2952; x_wconf 90' lang='lat' dir='ltr'><strong>Sed</strong></span> <span class='ocrx_word' id='word_1_186' title='bbox 1802 2897 1956 2952; x_wconf 90' lang='lat' dir='ltr'><strong>enim</strong></span> <span class='ocrx_word' id='word_1_187' title='bbox 1988 2897 2146 2952; x_wconf 87' lang='lat' dir='ltr'><strong>Jere-</strong></span> 
     </span>
    </p>
   </div>
   <div class='ocr_carea' id='block_1_29' title="bbox 522 2984 2148 3055">
    <p class='ocr_par' dir='ltr' id='par_1_29' title="bbox 522 2984 2148 3055">
     <span class='ocr_line' id='line_1_29' title="bbox 522 2984 2148 3055; baseline 0.001 -17"><span class='ocrx_word' id='word_1_188' title='bbox 522 2984 670 3038; x_wconf 91' lang='lat' dir='ltr'><strong>mias</strong></span> <span class='ocrx_word' id='word_1_189' title='bbox 701 2999 830 3038; x_wconf 90' lang='lat' dir='ltr'><strong>cum</strong></span> <span class='ocrx_word' id='word_1_190' title='bbox 865 2984 1049 3040; x_wconf 88' lang='lat' dir='ltr'><strong>dicit:</strong></span> <span class='ocrx_word' id='word_1_191' title='bbox 1109 2986 1176 3039; x_wconf 87' lang='lat' dir='ltr'><strong>Et</strong></span> <span class='ocrx_word' id='word_1_192' title='bbox 1229 2988 1566 3055; x_wconf 85' lang='lat' dir='ltr'><strong>congregabo</strong></span> <span class='ocrx_word' id='word_1_193' title='bbox 1622 2987 1748 3042; x_wconf 73' lang='lat' dir='ltr'><strong>illo:</strong></span> <span class='ocrx_word' id='word_1_194' title='bbox 1793 2986 1858 3041; x_wconf 87' lang='lat' dir='ltr'><strong>ab</strong></span> <span class='ocrx_word' id='word_1_195' title='bbox 1889 2987 2148 3042; x_wconf 72' lang='lat' dir='ltr'><strong>extremis</strong></span> 
     </span>
    </p>
   </div>
   <div class='ocr_carea' id='block_1_30' title="bbox 519 3072 2144 3146">
    <p class='ocr_par' dir='ltr' id='par_1_30' title="bbox 519 3072 2144 3146">
     <span class='ocr_line' id='line_1_30' title="bbox 519 3072 2144 3146; baseline 0.001 -20"><span class='ocrx_word' id='word_1_196' title='bbox 519 3079 684 3128; x_wconf 73' lang='lat' dir='ltr'><strong>terrae</strong></span> <span class='ocrx_word' id='word_1_197' title='bbox 720 3073 780 3127; x_wconf 85' lang='lat' dir='ltr'><strong>in</strong></span> <span class='ocrx_word' id='word_1_198' title='bbox 835 3072 923 3127; x_wconf 85' lang='lat' dir='ltr'><strong>die</strong></span> <span class='ocrx_word' id='word_1_199' title='bbox 976 3077 1113 3143; x_wconf 72' lang='lat' dir='ltr'><strong>festo</strong></span> <span class='ocrx_word' id='word_1_200' title='bbox 1170 3075 1391 3145; x_wconf 83' lang='lat' dir='ltr'><strong>(Jerem.</strong></span> <span class='ocrx_word' id='word_1_201' title='bbox 1443 3092 1560 3142; x_wconf 70' lang='grc' dir='ltr'>χιιι,</span> <span class='ocrx_word' id='word_1_202' title='bbox 1610 3074 1686 3146; x_wconf 90' lang='grc'><strong>8),</strong></span> <span class='ocrx_word' id='word_1_203' title='bbox 1735 3074 1963 3130; x_wconf 72' lang='lat' dir='ltr'><strong>Pascha:</strong></span> <span class='ocrx_word' id='word_1_204' title='bbox 1993 3074 2144 3128; x_wconf 91' lang='lat' dir='ltr'><strong>diem</strong></span> 
     </span>
    </p>
   </div>
   <div class='ocr_carea' id='block_1_31' title="bbox 513 3159 2146 3235">
    <p class='ocr_par' dir='ltr' id='par_1_31' title="bbox 513 3159 2146 3235">
     <span class='ocr_line' id='line_1_31' title="bbox 513 3159 2146 3235; baseline 0 -19"><span class='ocrx_word' id='word_1_205' title='bbox 513 3159 810 3233; x_wconf 83' lang='lat' dir='ltr'><strong>signiﬁcat</strong></span> <span class='ocrx_word' id='word_1_206' title='bbox 837 3165 895 3216; x_wconf 90' lang='lat' dir='ltr'><strong>ct</strong></span> <span class='ocrx_word' id='word_1_207' title='bbox 923 3165 1312 3228; x_wconf 86' lang='lat' dir='ltr'><strong>Pentecostes,</strong></span> <span class='ocrx_word' id='word_1_208' title='bbox 1347 3164 1445 3234; x_wconf 92' lang='lat' dir='ltr'><strong>qui</strong></span> <span class='ocrx_word' id='word_1_209' title='bbox 1491 3168 1580 3219; x_wconf 89' lang='lat' dir='ltr'><strong>est</strong></span> <span class='ocrx_word' id='word_1_210' title='bbox 1635 3164 1865 3235; x_wconf 89' lang='lat' dir='ltr'><strong>proprie</strong></span> <span class='ocrx_word' id='word_1_211' title='bbox 1911 3163 2036 3218; x_wconf 86' lang='lat' dir='ltr'><strong>dies</strong></span> <span class='ocrx_word' id='word_1_212' title='bbox 2067 3163 2146 3216; x_wconf 88' lang='lat' dir='ltr'><strong>fe-</strong></span> 
     </span>
    </p>
   </div>
   <div class='ocr_carea' id='block_1_32' title="bbox 1038 382 3328 456">
    <p class='ocr_par' dir='ltr' id='par_1_32' title="bbox 1038 382 3328 456">
     <span class='ocr_line' id='line_1_32' title="bbox 1038 382 3328 456; baseline -0.001 -12"><span class='ocrx_word' id='word_1_213' title='bbox 1038 383 1564 446; x_wconf 83' lang='lat' dir='ltr'><strong>TERTULLIANI</strong></span> <span class='ocrx_word' id='word_1_214' title='bbox 1595 383 1930 446; x_wconf 61' lang='lat' dir='ltr'><strong>&#39;OPERUM</strong></span> <span class='ocrx_word' id='word_1_215' title='bbox 1972 382 2172 444; x_wconf 84' lang='lat' dir='ltr'><strong>PARS</strong></span> <span class='ocrx_word' id='word_1_216' title='bbox 2216 384 2261 444; x_wconf 92' lang='grc' dir='ltr'><strong>Ι.</strong></span> <span class='ocrx_word' id='word_1_217' title='bbox 2295 415 2372 429; x_wconf 91' lang='lat'>—</span> <span class='ocrx_word' id='word_1_218' title='bbox 2402 385 2676 446; x_wconf 76' lang='lat' dir='ltr'><strong>SERIES</strong></span> <span class='ocrx_word' id='word_1_219' title='bbox 2720 385 2799 456; x_wconf 86' lang='lat' dir='ltr'><strong>II,</strong></span> <span class='ocrx_word' id='word_1_220' title='bbox 2845 383 3328 445; x_wconf 84' lang='lat' dir='ltr'><strong>DOGMATICA.</strong></span> 
     </span>
    </p>
   </div>
   <div class='ocr_carea' id='block_1_33' title="bbox 3730 384 3874 443">
    <p class='ocr_par' dir='ltr' id='par_1_33' title="bbox 3730 384 3874 443">
     <span class='ocr_line' id='line_1_33' title="bbox 3730 384 3874 443; baseline 0.007 -1"><span class='ocrx_word' id='word_1_221' title='bbox 3730 384 3874 443; x_wconf 72' lang='lat' dir='ltr'><strong>i332</strong></span> 
     </span>
    </p>
   </div>
   <div class='ocr_carea' id='block_1_34' title="bbox 2865 514 3256 570">
    <p class='ocr_par' dir='ltr' id='par_1_34' title="bbox 2865 514 3256 570">
     <span class='ocr_line' id='line_1_34' title="bbox 2865 514 3256 570; baseline -0.005 -1"><span class='ocrx_word' id='word_1_222' title='bbox 2865 514 3095 570; x_wconf 83' lang='lat' dir='ltr'>CAPUT</span> <span class='ocrx_word' id='word_1_223' title='bbox 3133 518 3256 568; x_wconf 78' lang='lat' dir='ltr'><strong>XX.</strong></span> 
     </span>
    </p>
   </div>
   <div class='ocr_carea' id='block_1_35' title="bbox 2314 602 3872 677">
    <p class='ocr_par' dir='ltr' id='par_1_35' title="bbox 2314 602 3872 677">
     <span class='ocr_line' id='line_1_35' title="bbox 2314 602 3872 677; baseline -0.001 -19"><span class='ocrx_word' id='word_1_224' title='bbox 2314 605 2684 677; x_wconf 86' lang='lat' dir='ltr'><strong>Ingressuros</strong></span> <span class='ocrx_word' id='word_1_225' title='bbox 2719 604 3096 674; x_wconf 88' lang='lat' dir='ltr'><strong>baptismum,</strong></span> <span class='ocrx_word' id='word_1_226' title='bbox 3131 602 3493 658; x_wconf 87' lang='lat' dir='ltr'><strong>orationibus</strong></span> <span class='ocrx_word' id='word_1_227' title='bbox 3524 602 3768 667; x_wconf 88' lang='lat' dir='ltr'><strong>crebris,</strong></span> <span class='ocrx_word' id='word_1_228' title='bbox 3792 602 3872 671; x_wconf 86' lang='lat' dir='ltr'><strong>je-</strong></span> 
     </span>
    </p>
   </div>
   <div class='ocr_carea' id='block_1_36' title="bbox 2235 691 3874 762">
    <p class='ocr_par' dir='ltr' id='par_1_36' title="bbox 2235 691 3874 762">
     <span class='ocr_line' id='line_1_36' title="bbox 2235 691 3874 762; baseline -0.001 -16"><span class='ocrx_word' id='word_1_229' title='bbox 2235 691 2421 761; x_wconf 86' lang='lat' dir='ltr'><strong>juniis</strong></span> <span class='ocrx_word' id='word_1_230' title='bbox 2472 699 2529 747; x_wconf 90' lang='lat' dir='ltr'><strong>et</strong></span> <span class='ocrx_word' id='word_1_231' title='bbox 2583 691 3139 762; x_wconf 82' lang='lat' dir='ltr'><strong>geniculationibus,</strong></span> <span class='ocrx_word' id='word_1_232' title='bbox 3206 696 3264 746; x_wconf 89' lang='lat' dir='ltr'><strong>et</strong></span> <span class='ocrx_word' id='word_1_233' title='bbox 3336 691 3659 762; x_wconf 87' lang='lat' dir='ltr'><strong>pervigiliis</strong></span> <span class='ocrx_word' id='word_1_234' title='bbox 3718 707 3874 745; x_wconf 88' lang='lat' dir='ltr'><strong>orare</strong></span> 
     </span>
    </p>
   </div>
   <div class='ocr_carea' id='block_1_37' title="bbox 2242 779 3875 850">
    <p class='ocr_par' dir='ltr' id='par_1_37' title="bbox 2242 779 3875 850">
     <span class='ocr_line' id='line_1_37' title="bbox 2242 779 3875 850; baseline -0.001 -16"><span class='ocrx_word' id='word_1_235' title='bbox 2242 786 2486 850; x_wconf 89' lang='lat' dir='ltr'><strong>oportet,</strong></span> <span class='ocrx_word' id='word_1_236' title='bbox 2518 789 2575 836; x_wconf 89' lang='lat' dir='ltr'><strong>et</strong></span> <span class='ocrx_word' id='word_1_237' title='bbox 2629 797 2762 835; x_wconf 90' lang='lat' dir='ltr'><strong>cum</strong></span> <span class='ocrx_word' id='word_1_238' title='bbox 2817 779 3184 834; x_wconf 82' lang='lat' dir='ltr'><strong>confessione</strong></span> <span class='ocrx_word' id='word_1_239' title='bbox 3238 779 3502 834; x_wconf 90' lang='lat' dir='ltr'><strong>omnium</strong></span> <span class='ocrx_word' id='word_1_240' title='bbox 3549 788 3706 834; x_wconf 84' lang='lat' dir='ltr'><strong>retro</strong></span> <span class='ocrx_word' id='word_1_241' title='bbox 3738 779 3875 833; x_wconf 84' lang='lat' dir='ltr'><strong>deli-</strong></span> 
     </span>
    </p>
   </div>
   <div class='ocr_carea' id='block_1_38' title="bbox 2245 869 3878 941">
    <p class='ocr_par' dir='ltr' id='par_1_38' title="bbox 2245 869 3878 941">
     <span class='ocr_line' id='line_1_38' title="bbox 2245 869 3878 941; baseline -0.001 -19"><span class='ocrx_word' id='word_1_242' title='bbox 2245 875 2468 923; x_wconf 91' lang='lat' dir='ltr'><strong>ctorum</strong></span> <span class='ocrx_word' id='word_1_243' title='bbox 2502 871 2636 941; x_wconf 90' lang='lat'><strong>(78),</strong></span> <span class='ocrx_word' id='word_1_244' title='bbox 2667 874 2732 924; x_wconf 87' lang='lat' dir='ltr'><strong>ut</strong></span> <span class='ocrx_word' id='word_1_245' title='bbox 2758 874 3050 938; x_wconf 82' lang='lat' dir='ltr'><strong>exponant</strong></span> <span class='ocrx_word' id='word_1_246' title='bbox 3084 869 3260 923; x_wconf 90' lang='lat' dir='ltr'><strong>etiam</strong></span> <span class='ocrx_word' id='word_1_247' title='bbox 3295 869 3657 939; x_wconf 90' lang='lat' dir='ltr'><strong>baptismum</strong></span> <span class='ocrx_word' id='word_1_248' title='bbox 3708 869 3878 923; x_wconf 84' lang='lat' dir='ltr'><strong>Joan-</strong></span> 
     </span>
    </p>
   </div>
   <div class='ocr_carea' id='block_1_39' title="bbox 2245 957 3879 1028">
    <p class='ocr_par' dir='ltr' id='par_1_39' title="bbox 2245 957 3879 1028">
     <span class='ocr_line' id='line_1_39' title="bbox 2245 957 3879 1028; baseline 0.001 -18"><span class='ocrx_word' id='word_1_249' title='bbox 2245 957 2337 1011; x_wconf 91' lang='lat' dir='ltr'><strong>nis</strong></span> <span class='ocrx_word' id='word_1_250' title='bbox 2367 957 2500 1027; x_wconf 84' lang='lat'><strong>(79).</strong></span> <span class='ocrx_word' id='word_1_251' title='bbox 2531 957 2956 1028; x_wconf 78' lang='lat' dir='ltr'><strong>Tinguebantur,</strong></span> <span class='ocrx_word' id='word_1_252' title='bbox 2980 957 3197 1027; x_wconf 86' lang='lat' dir='ltr'><strong>inquit,</strong></span> <span class='ocrx_word' id='word_1_253' title='bbox 3216 958 3529 1026; x_wconf 75' lang='lat' dir='ltr'><strong>conﬁtente:</strong></span> <span class='ocrx_word' id='word_1_254' title='bbox 3559 957 3767 1012; x_wconf 80' lang='lat' dir='ltr'><strong>delicta</strong></span> <span class='ocrx_word' id='word_1_255' title='bbox 3792 974 3879 1012; x_wconf 78' lang='lat' dir='ltr'><strong>sua</strong></span> 
     </span>
    </p>
   </div>
   <div class='ocr_carea' id='block_1_40' title="bbox 2245 1043 3877 1116">
    <p class='ocr_par' dir='ltr' id='par_1_40' title="bbox 2245 1043 3877 1116">
     <span class='ocr_line' id='line_1_40' title="bbox 2245 1043 3877 1116; baseline 0 -16"><span class='ocrx_word' id='word_1_256' title='bbox 2245 1044 2460 1115; x_wconf 82' lang='lat' dir='ltr'><strong>(Matth.</strong></span> <span class='ocrx_word' id='word_1_257' title='bbox 2483 1062 2568 1111; x_wconf 84' lang='grc' dir='ltr'>ιιι,</span> <span class='ocrx_word' id='word_1_258' title='bbox 2599 1046 2675 1115; x_wconf 87' lang='grc'><strong>6).</strong></span> <span class='ocrx_word' id='word_1_259' title='bbox 2709 1045 2888 1100; x_wconf 88' lang='lat' dir='ltr'><strong>Nobis</strong></span> <span class='ocrx_word' id='word_1_260' title='bbox 2915 1043 3334 1115; x_wconf 82' lang='lat' dir='ltr'><strong>gratulandum</strong></span> <span class='ocrx_word' id='word_1_261' title='bbox 3382 1050 3489 1111; x_wconf 90' lang='lat' dir='ltr'><strong>est,</strong></span> <span class='ocrx_word' id='word_1_262' title='bbox 3543 1045 3590 1100; x_wconf 93' lang='lat' dir='ltr'><strong>si</strong></span> <span class='ocrx_word' id='word_1_263' title='bbox 3632 1061 3750 1100; x_wconf 92' lang='lat' dir='ltr'><strong>non</strong></span> <span class='ocrx_word' id='word_1_264' title='bbox 3783 1063 3877 1116; x_wconf 89' lang='lat' dir='ltr'><strong>pu-</strong></span> 
     </span>
    </p>
   </div>
   <div class='ocr_carea' id='block_1_41' title="bbox 2244 1132 3878 1204">
    <p class='ocr_par' dir='ltr' id='par_1_41' title="bbox 2244 1132 3878 1204">
     <span class='ocr_line' id='line_1_41' title="bbox 2244 1132 3878 1204; baseline 0 -16"><span class='ocrx_word' id='word_1_265' title='bbox 2244 1132 2392 1189; x_wconf 92' lang='lat' dir='ltr'><strong>blice</strong></span> <span class='ocrx_word' id='word_1_266' title='bbox 2449 1135 2796 1188; x_wconf 81' lang='lat' dir='ltr'><strong>conﬁtemur</strong></span> <span class='ocrx_word' id='word_1_267' title='bbox 2850 1133 3191 1203; x_wconf 86' lang='lat' dir='ltr'><strong>iniquitates</strong></span> <span class='ocrx_word' id='word_1_268' title='bbox 3248 1137 3352 1188; x_wconf 86' lang='lat' dir='ltr'><strong>aut</strong></span> <span class='ocrx_word' id='word_1_269' title='bbox 3410 1133 3744 1204; x_wconf 84' lang='lat' dir='ltr'><strong>turpidines</strong></span> <span class='ocrx_word' id='word_1_270' title='bbox 3789 1149 3878 1188; x_wconf 89' lang='lat' dir='ltr'><strong>no-</strong></span> 
     </span>
    </p>
   </div>
   <div class='ocr_carea' id='block_1_42' title="bbox 2247 1221 3880 1292">
    <p class='ocr_par' dir='ltr' id='par_1_42' title="bbox 2247 1221 3880 1292">
     <span class='ocr_line' id='line_1_42' title="bbox 2247 1221 3880 1292; baseline 0.001 -16"><span class='ocrx_word' id='word_1_271' title='bbox 2247 1227 2399 1277; x_wconf 87' lang='lat' dir='ltr'><strong>stras</strong></span> <span class='ocrx_word' id='word_1_272' title='bbox 2430 1222 2557 1292; x_wconf 89' lang='lat'><strong>(80).</strong></span> <span class='ocrx_word' id='word_1_273' title='bbox 2588 1221 2772 1276; x_wconf 87' lang='lat' dir='ltr'><strong>Simul</strong></span> <span class='ocrx_word' id='word_1_274' title='bbox 2804 1222 3007 1277; x_wconf 73' lang='lat' dir='ltr'><strong>I223</strong></span> <span class='ocrx_word' id='word_1_275' title='bbox 3039 1223 3194 1275; x_wconf 92' lang='lat' dir='ltr'><strong>enim</strong></span> <span class='ocrx_word' id='word_1_276' title='bbox 3256 1227 3312 1276; x_wconf 92' lang='lat' dir='ltr'><strong>et</strong></span> <span class='ocrx_word' id='word_1_277' title='bbox 3370 1223 3440 1276; x_wconf 90' lang='lat' dir='ltr'><strong>de</strong></span> <span class='ocrx_word' id='word_1_278' title='bbox 3499 1221 3772 1292; x_wconf 89' lang='lat' dir='ltr'><strong>pristinis</strong></span> <span class='ocrx_word' id='word_1_279' title='bbox 3803 1239 3880 1277; x_wconf 88' lang='lat' dir='ltr'><strong>sa-</strong></span> 
     </span>
    </p>
   </div>
   <div class='ocr_carea' id='block_1_43' title="bbox 2244 1309 3881 1380">
    <p class='ocr_par' dir='ltr' id='par_1_43' title="bbox 2244 1309 3881 1380">
     <span class='ocr_line' id='line_1_43' title="bbox 2244 1309 3881 1380; baseline 0 -16"><span class='ocrx_word' id='word_1_280' title='bbox 2244 1310 2573 1366; x_wconf 86' lang='lat' dir='ltr'><strong>tisfacimus</strong></span> <span class='ocrx_word' id='word_1_281' title='bbox 2630 1310 3057 1365; x_wconf 89' lang='lat' dir='ltr'><strong>conﬂictatione</strong></span> <span class='ocrx_word' id='word_1_282' title='bbox 3113 1310 3160 1344; x_wconf 75' lang='lat'><strong>7‘</strong></span> <span class='ocrx_word' id='word_1_283' title='bbox 3212 1309 3406 1364; x_wconf 86' lang='lat' dir='ltr'><strong>carnis</strong></span> <span class='ocrx_word' id='word_1_284' title='bbox 3445 1314 3500 1364; x_wconf 89' lang='lat' dir='ltr'><strong>et</strong></span> <span class='ocrx_word' id='word_1_285' title='bbox 3533 1310 3803 1380; x_wconf 86' lang='lat' dir='ltr'><strong>spiritus,</strong></span> <span class='ocrx_word' id='word_1_286' title='bbox 3832 1314 3881 1364; x_wconf 89' lang='lat' dir='ltr'><strong>et</strong></span> 
     </span>
    </p>
   </div>
   <div class='ocr_carea' id='block_1_44' title="bbox 2248 1398 3878 1469">
    <p class='ocr_par' dir='ltr' id='par_1_44' title="bbox 2248 1398 3878 1469">
     <span class='ocr_line' id='line_1_44' title="bbox 2248 1398 3878 1469; baseline -0.001 -15"><span class='ocrx_word' id='word_1_287' title='bbox 2248 1398 2650 1454; x_wconf 90' lang='lat' dir='ltr'><strong>subsecuturis</strong></span> <span class='ocrx_word' id='word_1_288' title='bbox 2681 1398 3104 1453; x_wconf 87' lang='lat' dir='ltr'><strong>tentationibus</strong></span> <span class='ocrx_word' id='word_1_289' title='bbox 3164 1398 3530 1453; x_wconf 87' lang='lat' dir='ltr'><strong>munimenta</strong></span> <span class='ocrx_word' id='word_1_290' title='bbox 3591 1399 3878 1469; x_wconf 63' lang='lat' dir='ltr'><strong>praestrui-</strong></span> 
     </span>
    </p>
   </div>
   <div class='ocr_carea' id='block_1_45' title="bbox 2251 1486 3882 1556">
    <p class='ocr_par' dir='ltr' id='par_1_45' title="bbox 2251 1486 3882 1556">
     <span class='ocr_line' id='line_1_45' title="bbox 2251 1486 3882 1556; baseline -0.002 -15"><span class='ocrx_word' id='word_1_291' title='bbox 2251 1503 2403 1542; x_wconf 86' lang='lat' dir='ltr'><strong>mus.</strong></span> <span class='ocrx_word' id='word_1_292' title='bbox 2443 1487 2709 1555; x_wconf 84' lang='lat' dir='ltr'><strong>Virgilata</strong></span> <span class='ocrx_word' id='word_1_293' title='bbox 2739 1495 2788 1542; x_wconf 89' lang='lat' dir='ltr'><strong>et</strong></span> <span class='ocrx_word' id='word_1_294' title='bbox 2817 1495 2984 1554; x_wconf 79' lang='lat' dir='ltr'><strong>orate,</strong></span> <span class='ocrx_word' id='word_1_295' title='bbox 3019 1486 3234 1556; x_wconf 89' lang='lat' dir='ltr'><strong>inquit,</strong></span> <span class='ocrx_word' id='word_1_296' title='bbox 3266 1502 3335 1541; x_wconf 82' lang='lat' dir='ltr'><strong>ne</strong></span> <span class='ocrx_word' id='word_1_297' title='bbox 3364 1486 3627 1542; x_wconf 77' lang='lat' dir='ltr'><strong>incidatis</strong></span> <span class='ocrx_word' id='word_1_298' title='bbox 3678 1489 3738 1540; x_wconf 82' lang='lat' dir='ltr'><strong>in</strong></span> <span class='ocrx_word' id='word_1_299' title='bbox 3771 1491 3882 1541; x_wconf 81' lang='lat' dir='ltr'><strong>ten-</strong></span> 
     </span>
    </p>
   </div>
   <div class='ocr_carea' id='block_1_46' title="bbox 2249 1573 3882 1644">
    <p class='ocr_par' dir='ltr' id='par_1_46' title="bbox 2249 1573 3882 1644">
     <span class='ocr_line' id='line_1_46' title="bbox 2249 1573 3882 1644; baseline -0.001 -15"><span class='ocrx_word' id='word_1_300' title='bbox 2249 1577 2517 1630; x_wconf 80' lang='lat' dir='ltr'><strong>tationem</strong></span> <span class='ocrx_word' id='word_1_301' title='bbox 2549 1574 2765 1644; x_wconf 84' lang='lat' dir='ltr'><strong>(Matth.</strong></span> <span class='ocrx_word' id='word_1_302' title='bbox 2793 1591 2946 1640; x_wconf 71' lang='lat' dir='ltr'><strong>xxvr,</strong></span> <span class='ocrx_word' id='word_1_303' title='bbox 2977 1575 3086 1644; x_wconf 83' lang='grc'><strong>41).</strong></span> <span class='ocrx_word' id='word_1_304' title='bbox 3132 1575 3198 1628; x_wconf 91' lang='lat' dir='ltr'><strong>Et</strong></span> <span class='ocrx_word' id='word_1_305' title='bbox 3225 1574 3375 1641; x_wconf 90' lang='lat' dir='ltr'><strong>ideo,</strong></span> <span class='ocrx_word' id='word_1_306' title='bbox 3427 1575 3624 1639; x_wconf 91' lang='lat' dir='ltr'><strong>credo,</strong></span> <span class='ocrx_word' id='word_1_307' title='bbox 3685 1573 3882 1629; x_wconf 89' lang='lat' dir='ltr'><strong>tentati</strong></span> 
     </span>
    </p>
   </div>
   <div class='ocr_carea' id='block_1_47' title="bbox 2250 1661 3880 1733">
    <p class='ocr_par' dir='ltr' id='par_1_47' title="bbox 2250 1661 3880 1733">
     <span class='ocr_line' id='line_1_47' title="bbox 2250 1661 3880 1733; baseline -0.001 -15"><span class='ocrx_word' id='word_1_308' title='bbox 2250 1668 2409 1729; x_wconf 78' lang='lat' dir='ltr'><strong>sunt,</strong></span> <span class='ocrx_word' id='word_1_309' title='bbox 2471 1663 2748 1733; x_wconf 89' lang='lat' dir='ltr'><strong>quoniam</strong></span> <span class='ocrx_word' id='word_1_310' title='bbox 2819 1661 3282 1728; x_wconf 89' lang='lat' dir='ltr'><strong>obdormierunt,</strong></span> <span class='ocrx_word' id='word_1_311' title='bbox 3341 1666 3406 1716; x_wconf 94' lang='lat' dir='ltr'><strong>ut</strong></span> <span class='ocrx_word' id='word_1_312' title='bbox 3460 1661 3880 1732; x_wconf 74' lang='lat' dir='ltr'><strong>apprehensum</strong></span> 
     </span>
    </p>
   </div>
   <div class='ocr_carea' id='block_1_48' title="bbox 2254 1750 3877 1822">
    <p class='ocr_par' dir='ltr' id='par_1_48' title="bbox 2254 1750 3877 1822">
     <span class='ocr_line' id='line_1_48' title="bbox 2254 1750 3877 1822; baseline -0.001 -17"><span class='ocrx_word' id='word_1_313' title='bbox 2254 1753 2560 1806; x_wconf 89' lang='lat' dir='ltr'><strong>Dominum</strong></span> <span class='ocrx_word' id='word_1_314' title='bbox 2593 1751 2986 1817; x_wconf 84' lang='lat' dir='ltr'><strong>destituerint,</strong></span> <span class='ocrx_word' id='word_1_315' title='bbox 3021 1756 3078 1805; x_wconf 90' lang='lat' dir='ltr'><strong>et</strong></span> <span class='ocrx_word' id='word_1_316' title='bbox 3109 1752 3209 1822; x_wconf 92' lang='lat' dir='ltr'><strong>qui</strong></span> <span class='ocrx_word' id='word_1_317' title='bbox 3266 1767 3399 1805; x_wconf 88' lang='lat' dir='ltr'><strong>cum</strong></span> <span class='ocrx_word' id='word_1_318' title='bbox 3451 1767 3518 1805; x_wconf 94' lang='lat' dir='ltr'><strong>eo</strong></span> <span class='ocrx_word' id='word_1_319' title='bbox 3552 1750 3877 1822; x_wconf 88' lang='lat' dir='ltr'><strong>perstiterit,</strong></span> 
     </span>
    </p>
   </div>
   <div class='ocr_carea' id='block_1_49' title="bbox 2251 1838 3880 1910">
    <p class='ocr_par' dir='ltr' id='par_1_49' title="bbox 2251 1838 3880 1910">
     <span class='ocr_line' id='line_1_49' title="bbox 2251 1838 3880 1910; baseline -0.001 -16"><span class='ocrx_word' id='word_1_320' title='bbox 2251 1844 2306 1894; x_wconf 89' lang='lat' dir='ltr'><strong>et</strong></span> <span class='ocrx_word' id='word_1_321' title='bbox 2335 1838 2527 1910; x_wconf 90' lang='lat' dir='ltr'><strong>gladio</strong></span> <span class='ocrx_word' id='word_1_322' title='bbox 2556 1840 2634 1894; x_wconf 90' lang='lat' dir='ltr'><strong>sit</strong></span> <span class='ocrx_word' id='word_1_323' title='bbox 2691 1855 2855 1906; x_wconf 88' lang='lat' dir='ltr'><strong>usus,</strong></span> <span class='ocrx_word' id='word_1_324' title='bbox 2913 1845 2999 1894; x_wconf 89' lang='lat' dir='ltr'><strong>ter</strong></span> <span class='ocrx_word' id='word_1_325' title='bbox 3053 1839 3231 1893; x_wconf 89' lang='lat' dir='ltr'><strong>etiam</strong></span> <span class='ocrx_word' id='word_1_326' title='bbox 3291 1839 3588 1909; x_wconf 87' lang='lat' dir='ltr'><strong>negaverit</strong></span> <span class='ocrx_word' id='word_1_327' title='bbox 3622 1855 3636 1894; x_wconf 89' lang='lat'><strong>:</strong></span> <span class='ocrx_word' id='word_1_328' title='bbox 3671 1855 3804 1893; x_wconf 88' lang='lat' dir='ltr'><strong>nam</strong></span> <span class='ocrx_word' id='word_1_329' title='bbox 3833 1843 3880 1893; x_wconf 88' lang='lat' dir='ltr'><strong>et</strong></span> 
     </span>
    </p>
   </div>
   <div class='ocr_carea' id='block_1_50' title="bbox 2253 1927 3880 1997">
    <p class='ocr_par' dir='ltr' id='par_1_50' title="bbox 2253 1927 3880 1997">
     <span class='ocr_line' id='line_1_50' title="bbox 2253 1927 3880 1997; baseline 0 -17"><span class='ocrx_word' id='word_1_330' title='bbox 2253 1933 2621 1997; x_wconf 68' lang='lat' dir='ltr'><strong>praecesserat</strong></span> <span class='ocrx_word' id='word_1_331' title='bbox 2678 1927 2946 1982; x_wconf 90' lang='lat' dir='ltr'><strong>dictum:</strong></span> <span class='ocrx_word' id='word_1_332' title='bbox 3003 1928 3278 1982; x_wconf 78' lang='lat' dir='ltr'><strong>neminem</strong></span> <span class='ocrx_word' id='word_1_333' title='bbox 3327 1929 3668 1981; x_wconf 84' lang='lat' dir='ltr'><strong>intentatum</strong></span> <span class='ocrx_word' id='word_1_334' title='bbox 3722 1944 3880 1995; x_wconf 81' lang='lat' dir='ltr'><strong>regna</strong></span> 
     </span>
    </p>
   </div>
   <div class='ocr_carea' id='block_1_51' title="bbox 2250 2014 3876 2086">
    <p class='ocr_par' dir='ltr' id='par_1_51' title="bbox 2250 2014 3876 2086">
     <span class='ocr_line' id='line_1_51' title="bbox 2250 2014 3876 2086; baseline -0.001 -16"><span class='ocrx_word' id='word_1_335' title='bbox 2250 2017 2486 2070; x_wconf 64' lang='lat' dir='ltr'><strong>calestia</strong></span> <span class='ocrx_word' id='word_1_336' title='bbox 2538 2025 2948 2070; x_wconf 78' lang='lat' dir='ltr'><strong>consecuturum</strong></span> <span class='ocrx_word' id='word_1_337' title='bbox 2997 2017 3146 2086; x_wconf 86' lang='lat' dir='ltr'><strong>(Luc.</strong></span> <span class='ocrx_word' id='word_1_338' title='bbox 3197 2032 3332 2083; x_wconf 75' lang='lat' dir='ltr'><strong>xxn,</strong></span> <span class='ocrx_word' id='word_1_339' title='bbox 3380 2015 3469 2080; x_wconf 85' lang='lat'><strong>28,</strong></span> <span class='ocrx_word' id='word_1_340' title='bbox 3528 2014 3644 2083; x_wconf 89' lang='lat'><strong>29).</strong></span> <span class='ocrx_word' id='word_1_341' title='bbox 3693 2017 3876 2085; x_wconf 89' lang='lat' dir='ltr'><strong>Ipsum</strong></span> 
     </span>
    </p>
   </div>
   <div class='ocr_carea' id='block_1_52' title="bbox 2251 2102 3880 2174">
    <p class='ocr_par' dir='ltr' id='par_1_52' title="bbox 2251 2102 3880 2174">
     <span class='ocr_line' id='line_1_52' title="bbox 2251 2102 3880 2174; baseline -0.002 -16"><span class='ocrx_word' id='word_1_342' title='bbox 2251 2103 2560 2158; x_wconf 87' lang='lat' dir='ltr'><strong>Dominum</strong></span> <span class='ocrx_word' id='word_1_343' title='bbox 2621 2108 2752 2174; x_wconf 92' lang='lat' dir='ltr'><strong>post</strong></span> <span class='ocrx_word' id='word_1_344' title='bbox 2811 2105 3103 2158; x_wconf 88' lang='lat' dir='ltr'><strong>lavacrum</strong></span> <span class='ocrx_word' id='word_1_345' title='bbox 3154 2102 3350 2158; x_wconf 79' lang='lat' dir='ltr'><strong>statim</strong></span> <span class='ocrx_word' id='word_1_346' title='bbox 3392 2103 3752 2157; x_wconf 87' lang='lat' dir='ltr'><strong>tentationes</strong></span> <span class='ocrx_word' id='word_1_347' title='bbox 3781 2103 3880 2157; x_wconf 87' lang='lat' dir='ltr'><strong>cir-</strong></span> 
     </span>
    </p>
   </div>
   <div class='ocr_carea' id='block_1_53' title="bbox 2252 2189 3881 2262">
    <p class='ocr_par' dir='ltr' id='par_1_53' title="bbox 2252 2189 3881 2262">
     <span class='ocr_line' id='line_1_53' title="bbox 2252 2189 3881 2262; baseline -0.001 -16"><span class='ocrx_word' id='word_1_348' title='bbox 2252 2197 2678 2246; x_wconf 87' lang='lat' dir='ltr'><strong>cumsteterunt</strong></span> <span class='ocrx_word' id='word_1_349' title='bbox 2699 2191 3089 2262; x_wconf 86' lang='lat' dir='ltr'><strong>quadraginta</strong></span> <span class='ocrx_word' id='word_1_350' title='bbox 3110 2189 3574 2260; x_wconf 85' lang='lat' dir='ltr'><strong>diebusjejuniis</strong></span> <span class='ocrx_word' id='word_1_351' title='bbox 3605 2191 3881 2245; x_wconf 87' lang='lat' dir='ltr'><strong>functum.</strong></span> 
     </span>
    </p>
   </div>
   <div class='ocr_carea' id='block_1_54' title="bbox 2254 2278 3884 2350">
    <p class='ocr_par' dir='ltr' id='par_1_54' title="bbox 2254 2278 3884 2350">
     <span class='ocr_line' id='line_1_54' title="bbox 2254 2278 3884 2350; baseline -0.001 -18"><span class='ocrx_word' id='word_1_352' title='bbox 2254 2279 2397 2350; x_wconf 88' lang='lat' dir='ltr'><strong>Ergo</strong></span> <span class='ocrx_word' id='word_1_353' title='bbox 2445 2284 2501 2332; x_wconf 90' lang='lat' dir='ltr'><strong>et</strong></span> <span class='ocrx_word' id='word_1_354' title='bbox 2533 2295 2657 2342; x_wconf 89' lang='lat' dir='ltr'><strong>nos,</strong></span> <span class='ocrx_word' id='word_1_355' title='bbox 2699 2279 2852 2332; x_wconf 81' lang='lat' dir='ltr'><strong>dicet</strong></span> <span class='ocrx_word' id='word_1_356' title='bbox 2883 2278 3123 2348; x_wconf 89' lang='lat' dir='ltr'><strong>aliquis,</strong></span> <span class='ocrx_word' id='word_1_357' title='bbox 3169 2295 3202 2333; x_wconf 89' lang='lat' dir='ltr'><strong>a</strong></span> <span class='ocrx_word' id='word_1_358' title='bbox 3244 2278 3471 2333; x_wconf 86' lang='lat' dir='ltr'><strong>lavacro</strong></span> <span class='ocrx_word' id='word_1_359' title='bbox 3503 2278 3706 2349; x_wconf 87' lang='lat' dir='ltr'><strong>potius</strong></span> <span class='ocrx_word' id='word_1_360' title='bbox 3746 2278 3884 2348; x_wconf 84' lang='lat' dir='ltr'><strong>jeju-</strong></span> 
     </span>
    </p>
   </div>
   <div class='ocr_carea' id='block_1_55' title="bbox 2254 2365 3886 2437">
    <p class='ocr_par' dir='ltr' id='par_1_55' title="bbox 2254 2365 3886 2437">
     <span class='ocr_line' id='line_1_55' title="bbox 2254 2365 3886 2437; baseline 0 -17"><span class='ocrx_word' id='word_1_361' title='bbox 2254 2383 2392 2421; x_wconf 91' lang='lat' dir='ltr'><strong>nare</strong></span> <span class='ocrx_word' id='word_1_362' title='bbox 2413 2371 2659 2436; x_wconf 89' lang='lat' dir='ltr'><strong>oportet.</strong></span> <span class='ocrx_word' id='word_1_363' title='bbox 2691 2367 2759 2420; x_wconf 91' lang='lat' dir='ltr'><strong>Et</strong></span> <span class='ocrx_word' id='word_1_364' title='bbox 2787 2366 2922 2436; x_wconf 90' lang='lat' dir='ltr'><strong>quis</strong></span> <span class='ocrx_word' id='word_1_365' title='bbox 2961 2365 3116 2420; x_wconf 91' lang='lat' dir='ltr'><strong>enim</strong></span> <span class='ocrx_word' id='word_1_366' title='bbox 3177 2365 3469 2437; x_wconf 87' lang='lat' dir='ltr'><strong>prohibet,</strong></span> <span class='ocrx_word' id='word_1_367' title='bbox 3525 2365 3643 2420; x_wconf 89' lang='lat' dir='ltr'><strong>nisi</strong></span> <span class='ocrx_word' id='word_1_368' title='bbox 3703 2381 3886 2420; x_wconf 88' lang='lat' dir='ltr'><strong>neces-</strong></span> 
     </span>
    </p>
   </div>
   <div class='ocr_carea' id='block_1_56' title="bbox 2255 2452 3886 2526">
    <p class='ocr_par' dir='ltr' id='par_1_56' title="bbox 2255 2452 3886 2526">
     <span class='ocr_line' id='line_1_56' title="bbox 2255 2452 3886 2526; baseline -0.002 -17"><span class='ocrx_word' id='word_1_369' title='bbox 2255 2454 2396 2510; x_wconf 88' lang='lat' dir='ltr'><strong>sitas</strong></span> <span class='ocrx_word' id='word_1_370' title='bbox 2427 2453 2625 2526; x_wconf 90' lang='lat' dir='ltr'><strong>gaudii</strong></span> <span class='ocrx_word' id='word_1_371' title='bbox 2683 2459 2739 2510; x_wconf 86' lang='lat' dir='ltr'><strong>et</strong></span> <span class='ocrx_word' id='word_1_372' title='bbox 2776 2452 3091 2526; x_wconf 87' lang='lat' dir='ltr'><strong>gratulatio</strong></span> <span class='ocrx_word' id='word_1_373' title='bbox 3143 2452 3394 2509; x_wconf 84' lang='lat' dir='ltr'><strong>salutis?</strong></span> <span class='ocrx_word' id='word_1_374' title='bbox 3447 2454 3558 2508; x_wconf 88' lang='lat' dir='ltr'><strong>Sed</strong></span> <span class='ocrx_word' id='word_1_375' title='bbox 3591 2454 3886 2519; x_wconf 86' lang='lat' dir='ltr'><strong>Dominus,</strong></span> 
     </span>
    </p>
   </div>
   <div class='ocr_carea' id='block_1_57' title="bbox 2255 2541 3888 2615">
    <p class='ocr_par' dir='ltr' id='par_1_57' title="bbox 2255 2541 3888 2615">
     <span class='ocr_line' id='line_1_57' title="bbox 2255 2541 3888 2615; baseline -0.001 -18"><span class='ocrx_word' id='word_1_376' title='bbox 2255 2549 2538 2615; x_wconf 91' lang='lat' dir='ltr'><strong>quantum</strong></span> <span class='ocrx_word' id='word_1_377' title='bbox 2571 2542 2837 2599; x_wconf 84' lang='lat' dir='ltr'><strong>existimo</strong></span> <span class='ocrx_word' id='word_1_378' title='bbox 2868 2543 2935 2609; x_wconf 79' lang='grc'><strong>⁷⁸,</strong></span> <span class='ocrx_word' id='word_1_379' title='bbox 2967 2543 3038 2597; x_wconf 91' lang='lat' dir='ltr'><strong>de</strong></span> <span class='ocrx_word' id='word_1_380' title='bbox 3069 2543 3257 2614; x_wconf 84' lang='lat' dir='ltr'><strong>figura</strong></span> <span class='ocrx_word' id='word_1_381' title='bbox 3297 2541 3529 2597; x_wconf 90' lang='lat' dir='ltr'><strong>Israelis</strong></span> <span class='ocrx_word' id='word_1_382' title='bbox 3589 2542 3888 2612; x_wconf 80' lang='lat' dir='ltr'><strong>exprobra-</strong></span> 
     </span>
    </p>
   </div>
   <div class='ocr_carea' id='block_1_58' title="bbox 2253 2629 3888 2704">
    <p class='ocr_par' dir='ltr' id='par_1_58' title="bbox 2253 2629 3888 2704">
     <span class='ocr_line' id='line_1_58' title="bbox 2253 2629 3888 2704; baseline -0.002 -17"><span class='ocrx_word' id='word_1_383' title='bbox 2253 2633 2471 2687; x_wconf 88' lang='lat' dir='ltr'><strong>tionem</strong></span> <span class='ocrx_word' id='word_1_384' title='bbox 2505 2632 2562 2686; x_wconf 90' lang='lat' dir='ltr'><strong>in</strong></span> <span class='ocrx_word' id='word_1_385' title='bbox 2597 2633 2788 2704; x_wconf 92' lang='lat' dir='ltr'><strong>ipsum</strong></span> <span class='ocrx_word' id='word_1_386' title='bbox 2837 2631 3087 2686; x_wconf 82' lang='lat' dir='ltr'><strong>retorsit.</strong></span> <span class='ocrx_word' id='word_1_387' title='bbox 3133 2630 3398 2701; x_wconf 89' lang='lat' dir='ltr'><strong>Namque</strong></span> <span class='ocrx_word' id='word_1_388' title='bbox 3453 2629 3711 2701; x_wconf 91' lang='lat' dir='ltr'><strong>populus</strong></span> <span class='ocrx_word' id='word_1_389' title='bbox 3739 2642 3888 2684; x_wconf 85' lang='lat' dir='ltr'><strong>mare</strong></span> 
     </span>
    </p>
   </div>
   <div class='ocr_carea' id='block_1_59' title="bbox 2254 2716 3886 2792">
    <p class='ocr_par' dir='ltr' id='par_1_59' title="bbox 2254 2716 3886 2792">
     <span class='ocr_line' id='line_1_59' title="bbox 2254 2716 3886 2792; baseline -0.003 -16"><span class='ocrx_word' id='word_1_390' title='bbox 2254 2726 2681 2792; x_wconf 88' lang='lat' dir='ltr'><strong>transgressus,</strong></span> <span class='ocrx_word' id='word_1_391' title='bbox 2739 2724 2796 2774; x_wconf 90' lang='lat' dir='ltr'><strong>et</strong></span> <span class='ocrx_word' id='word_1_392' title='bbox 2844 2720 2902 2773; x_wconf 92' lang='lat' dir='ltr'><strong>in</strong></span> <span class='ocrx_word' id='word_1_393' title='bbox 2948 2718 3267 2775; x_wconf 89' lang='lat' dir='ltr'><strong>solitudine</strong></span> <span class='ocrx_word' id='word_1_394' title='bbox 3324 2719 3532 2774; x_wconf 76' lang='grc'><strong>1224</strong></span> <span class='ocrx_word' id='word_1_395' title='bbox 3575 2716 3886 2773; x_wconf 82' lang='lat' dir='ltr'><strong>translatus</strong></span> 
     </span>
    </p>
   </div>
   <div class='ocr_carea' id='block_1_60' title="bbox 2256 2803 3889 2880">
    <p class='ocr_par' dir='ltr' id='par_1_60' title="bbox 2256 2803 3889 2880">
     <span class='ocr_line' id='line_1_60' title="bbox 2256 2803 3889 2880; baseline -0.004 -17"><span class='ocrx_word' id='word_1_396' title='bbox 2256 2824 2358 2880; x_wconf 91' lang='lat' dir='ltr'><strong>per</strong></span> <span class='ocrx_word' id='word_1_397' title='bbox 2392 2807 2777 2879; x_wconf 87' lang='lat' dir='ltr'><strong>quadraginta</strong></span> <span class='ocrx_word' id='word_1_398' title='bbox 2806 2823 3013 2877; x_wconf 86' lang='lat' dir='ltr'><strong>annos,</strong></span> <span class='ocrx_word' id='word_1_399' title='bbox 3045 2805 3164 2861; x_wconf 93' lang='lat' dir='ltr'><strong>illic</strong></span> <span class='ocrx_word' id='word_1_400' title='bbox 3215 2821 3347 2860; x_wconf 90' lang='lat' dir='ltr'><strong>cum</strong></span> <span class='ocrx_word' id='word_1_401' title='bbox 3379 2804 3596 2860; x_wconf 83' lang='lat' dir='ltr'><strong>divinis</strong></span> <span class='ocrx_word' id='word_1_402' title='bbox 3629 2803 3889 2871; x_wconf 90' lang='lat' dir='ltr'><strong>aleretur,</strong></span> 
     </span>
    </p>
   </div>
   <div class='ocr_carea' id='block_1_61' title="bbox 2256 2890 3891 2966">
    <p class='ocr_par' dir='ltr' id='par_1_61' title="bbox 2256 2890 3891 2966">
     <span class='ocr_line' id='line_1_61' title="bbox 2256 2890 3891 2966; baseline -0.004 -14"><span class='ocrx_word' id='word_1_403' title='bbox 2256 2896 2437 2952; x_wconf 88' lang='lat' dir='ltr'><strong>nihilo</strong></span> <span class='ocrx_word' id='word_1_404' title='bbox 2469 2896 2665 2951; x_wconf 88' lang='lat' dir='ltr'><strong>minus</strong></span> <span class='ocrx_word' id='word_1_405' title='bbox 2686 2896 2906 2951; x_wconf 86' lang='lat' dir='ltr'><strong>ventris</strong></span> <span class='ocrx_word' id='word_1_406' title='bbox 2921 2899 2978 2950; x_wconf 86' lang='lat' dir='ltr'><strong>et</strong></span> <span class='ocrx_word' id='word_1_407' title='bbox 2998 2893 3145 2966; x_wconf 70' lang='lat' dir='ltr'><strong>gulae</strong></span> <span class='ocrx_word' id='word_1_408' title='bbox 3167 2892 3540 2962; x_wconf 88' lang='lat' dir='ltr'><strong>meminerat,</strong></span> <span class='ocrx_word' id='word_1_409' title='bbox 3575 2909 3755 2965; x_wconf 89' lang='lat' dir='ltr'><strong>quam</strong></span> <span class='ocrx_word' id='word_1_410' title='bbox 3779 2890 3891 2947; x_wconf 90' lang='lat' dir='ltr'><strong>Dei.</strong></span> 
     </span>
    </p>
   </div>
   <div class='ocr_carea' id='block_1_62' title="bbox 2256 2980 3884 3055">
    <p class='ocr_par' dir='ltr' id='par_1_62' title="bbox 2256 2980 3884 3055">
     <span class='ocr_line' id='line_1_62' title="bbox 2256 2980 3884 3055; baseline -0.002 -17"><span class='ocrx_word' id='word_1_411' title='bbox 2256 2985 2471 3040; x_wconf 86' lang='lat' dir='ltr'><strong>Deinde</strong></span> <span class='ocrx_word' id='word_1_412' title='bbox 2498 2984 2543 3018; x_wconf 79' lang='grc'><strong>⁷⁸</strong></span> <span class='ocrx_word' id='word_1_413' title='bbox 2573 2984 2855 3040; x_wconf 89' lang='lat' dir='ltr'><strong>Dominus</strong></span> <span class='ocrx_word' id='word_1_414' title='bbox 2885 2988 3016 3055; x_wconf 90' lang='lat' dir='ltr'><strong>post</strong></span> <span class='ocrx_word' id='word_1_415' title='bbox 3046 2999 3261 3054; x_wconf 90' lang='lat' dir='ltr'><strong>aquam</strong></span> <span class='ocrx_word' id='word_1_416' title='bbox 3311 2986 3656 3054; x_wconf 85' lang='lat' dir='ltr'><strong>segregatus</strong></span> <span class='ocrx_word' id='word_1_417' title='bbox 3707 2980 3766 3035; x_wconf 92' lang='lat' dir='ltr'><strong>in</strong></span> <span class='ocrx_word' id='word_1_418' title='bbox 3795 2980 3884 3034; x_wconf 90' lang='lat' dir='ltr'><strong>de-</strong></span> 
     </span>
    </p>
   </div>
   <div class='ocr_carea' id='block_1_63' title="bbox 2257 3070 3888 3144">
    <p class='ocr_par' dir='ltr' id='par_1_63' title="bbox 2257 3070 3888 3144">
     <span class='ocr_line' id='line_1_63' title="bbox 2257 3070 3888 3144; baseline -0.003 -15"><span class='ocrx_word' id='word_1_419' title='bbox 2257 3079 2410 3129; x_wconf 89' lang='lat' dir='ltr'><strong>serto</strong></span> <span class='ocrx_word' id='word_1_420' title='bbox 2439 3074 2482 3108; x_wconf 75' lang='lat'><strong>7&quot;</strong></span> <span class='ocrx_word' id='word_1_421' title='bbox 2513 3074 2624 3144; x_wconf 89' lang='grc'>(81)</span> <span class='ocrx_word' id='word_1_422' title='bbox 2656 3072 3045 3144; x_wconf 88' lang='lat' dir='ltr'><strong>quadraginta</strong></span> <span class='ocrx_word' id='word_1_423' title='bbox 3073 3072 3299 3128; x_wconf 89' lang='lat' dir='ltr'><strong>dierum</strong></span> <span class='ocrx_word' id='word_1_424' title='bbox 3323 3070 3556 3142; x_wconf 89' lang='lat' dir='ltr'><strong>jejunia</strong></span> <span class='ocrx_word' id='word_1_425' title='bbox 3592 3083 3888 3136; x_wconf 90' lang='lat' dir='ltr'><strong>emensus,</strong></span> 
     </span>
    </p>
   </div>
   <div class='ocr_carea' id='block_1_64' title="bbox 2258 3155 3894 3232">
    <p class='ocr_par' dir='ltr' id='par_1_64' title="bbox 2258 3155 3894 3232">
     <span class='ocr_line' id='line_1_64' title="bbox 2258 3155 3894 3232; baseline -0.005 -14"><span class='ocrx_word' id='word_1_426' title='bbox 2258 3161 2516 3218; x_wconf 89' lang='lat' dir='ltr'><strong>ostendit</strong></span> <span class='ocrx_word' id='word_1_427' title='bbox 2543 3177 2656 3217; x_wconf 91' lang='lat' dir='ltr'><strong>non</strong></span> <span class='ocrx_word' id='word_1_428' title='bbox 2687 3177 2837 3232; x_wconf 89' lang='lat' dir='ltr'><strong>pane</strong></span> <span class='ocrx_word' id='word_1_429' title='bbox 2885 3159 3071 3215; x_wconf 83' lang='lat' dir='ltr'><strong>vivere</strong></span> <span class='ocrx_word' id='word_1_430' title='bbox 3128 3160 3432 3215; x_wconf 89' lang='lat' dir='ltr'><strong>hominem</strong></span> <span class='ocrx_word' id='word_1_431' title='bbox 3493 3159 3624 3226; x_wconf 89' lang='lat' dir='ltr'><strong>Dei,</strong></span> <span class='ocrx_word' id='word_1_432' title='bbox 3658 3158 3759 3214; x_wconf 90' lang='lat' dir='ltr'><strong>sed</strong></span> <span class='ocrx_word' id='word_1_433' title='bbox 3807 3155 3894 3211; x_wconf 91' lang='lat' dir='ltr'><strong>Dei</strong></span> 
     </span>
    </p>
   </div>
   <div class='ocr_carea' id='block_1_65' title="bbox 510 3225 3897 3322">
    <p class='ocr_par' dir='ltr' id='par_1_65' title="bbox 510 3225 3897 3322">
     <span class='ocr_line' id='line_1_65' title="bbox 510 3225 3897 3322; baseline -0.002 -16"><span class='ocrx_word' id='word_1_434' title='bbox 510 3225 658 3306; x_wconf 68' lang='lat' dir='ltr'><strong>etiis.</strong></span> <span class='ocrx_word' id='word_1_435' title='bbox 692 3249 977 3305; x_wconf 67' lang='lat' dir='ltr'><strong>Caeterum</strong></span> <span class='ocrx_word' id='word_1_436' title='bbox 1001 3250 1195 3306; x_wconf 90' lang='lat' dir='ltr'><strong>omnis</strong></span> <span class='ocrx_word' id='word_1_437' title='bbox 1223 3225 1345 3306; x_wconf 79' lang='lat' dir='ltr'><strong>dies</strong></span> <span class='ocrx_word' id='word_1_438' title='bbox 1364 3225 1592 3306; x_wconf 81' lang='lat' dir='ltr'><strong>Domini</strong></span> <span class='ocrx_word' id='word_1_439' title='bbox 1619 3225 1953 3318; x_wconf 47' lang='lat' dir='ltr'><strong>esu-omnis</strong></span> <span class='ocrx_word' id='word_1_440' title='bbox 1983 3251 2146 3322; x_wconf 89' lang='lat' dir='ltr'><strong>hora,</strong></span> <span class='ocrx_word' id='word_1_441' title='bbox 2177 3225 2220 3290; x_wconf 68' lang='grc' dir='ltr'><strong>θ</strong></span> <span class='ocrx_word' id='word_1_442' title='bbox 2257 3251 2452 3317; x_wconf 85' lang='lat' dir='ltr'><strong>verbo,</strong></span> <span class='ocrx_word' id='word_1_443' title='bbox 2483 3225 2951 3321; x_wconf 73' lang='lat' dir='ltr'><strong>tentationesque</strong></span> <span class='ocrx_word' id='word_1_444' title='bbox 2982 3247 3333 3321; x_wconf 86' lang='lat' dir='ltr'><strong>plenitudini</strong></span> <span class='ocrx_word' id='word_1_445' title='bbox 3395 3252 3454 3303; x_wconf 90' lang='lat' dir='ltr'><strong>et</strong></span> <span class='ocrx_word' id='word_1_446' title='bbox 3512 3247 3897 3303; x_wconf 83' lang='lat' dir='ltr'><strong>immoderan-</strong></span> 
     </span>
    </p>
   </div>
   <div class='ocr_carea' id='block_1_66' title="bbox 507 3338 2151 3410">
    <p class='ocr_par' dir='ltr' id='par_1_66' title="bbox 507 3338 2151 3410">
     <span class='ocr_line' id='line_1_66' title="bbox 507 3338 2151 3410; baseline 0.001 -17"><span class='ocrx_word' id='word_1_447' title='bbox 507 3353 680 3393; x_wconf 91' lang='lat' dir='ltr'><strong>omne</strong></span> <span class='ocrx_word' id='word_1_448' title='bbox 711 3342 944 3410; x_wconf 89' lang='lat' dir='ltr'><strong>tempus</strong></span> <span class='ocrx_word' id='word_1_449' title='bbox 973 3338 1168 3393; x_wconf 89' lang='lat' dir='ltr'><strong>habile</strong></span> <span class='ocrx_word' id='word_1_450' title='bbox 1199 3339 1494 3410; x_wconf 89' lang='lat' dir='ltr'><strong>baptismo</strong></span> <span class='ocrx_word' id='word_1_451' title='bbox 1532 3357 1544 3396; x_wconf 90' lang='lat'>:</span> <span class='ocrx_word' id='word_1_452' title='bbox 1580 3340 1628 3395; x_wconf 95' lang='lat' dir='ltr'><strong>si</strong></span> <span class='ocrx_word' id='word_1_453' title='bbox 1677 3341 1749 3396; x_wconf 90' lang='lat' dir='ltr'><strong>de</strong></span> <span class='ocrx_word' id='word_1_454' title='bbox 1779 3339 2151 3396; x_wconf 89' lang='lat' dir='ltr'><strong>solemnitate</strong></span> 
     </span>
    </p>
   </div>
   <div class='ocr_carea' id='block_1_67' title="bbox 504 3424 1499 3498">
    <p class='ocr_par' dir='ltr' id='par_1_67' title="bbox 504 3424 1499 3498">
     <span class='ocr_line' id='line_1_67' title="bbox 504 3424 1499 3498; baseline 0.003 -17"><span class='ocrx_word' id='word_1_455' title='bbox 504 3424 772 3496; x_wconf 88' lang='lat' dir='ltr'><strong>interest,</strong></span> <span class='ocrx_word' id='word_1_456' title='bbox 807 3427 877 3481; x_wconf 91' lang='lat' dir='ltr'><strong>de</strong></span> <span class='ocrx_word' id='word_1_457' title='bbox 907 3426 1097 3498; x_wconf 88' lang='lat' dir='ltr'><strong>gratia</strong></span> <span class='ocrx_word' id='word_1_458' title='bbox 1128 3426 1274 3482; x_wconf 92' lang='lat' dir='ltr'><strong>nihil</strong></span> <span class='ocrx_word' id='word_1_459' title='bbox 1304 3429 1499 3484; x_wconf 87' lang='lat' dir='ltr'><strong>refert.</strong></span> 
     </span>
    </p>
   </div>
   <div class='ocr_carea' id='block_1_68' title="bbox 2256 3335 3897 3411">
    <p class='ocr_par' dir='ltr' id='par_1_68' title="bbox 2256 3335 3897 3411">
     <span class='ocr_line' id='line_1_68' title="bbox 2256 3335 3897 3411; baseline -0.003 -17"><span class='ocrx_word' id='word_1_460' title='bbox 2256 3339 2346 3394; x_wconf 76' lang='lat' dir='ltr'><strong>tiaa</strong></span> <span class='ocrx_word' id='word_1_461' title='bbox 2375 3338 2593 3395; x_wconf 89' lang='lat' dir='ltr'><strong>ventris</strong></span> <span class='ocrx_word' id='word_1_462' title='bbox 2616 3338 2916 3411; x_wconf 87' lang='lat' dir='ltr'><strong>appositas</strong></span> <span class='ocrx_word' id='word_1_463' title='bbox 2945 3337 3298 3398; x_wconf 83' lang='lat' dir='ltr'><strong>abstinentia</strong></span> <span class='ocrx_word' id='word_1_464' title='bbox 3326 3335 3486 3392; x_wconf 90' lang='lat' dir='ltr'><strong>elidi.</strong></span> <span class='ocrx_word' id='word_1_465' title='bbox 3524 3336 3712 3406; x_wconf 88' lang='lat' dir='ltr'><strong>Igitur</strong></span> <span class='ocrx_word' id='word_1_466' title='bbox 3744 3335 3897 3390; x_wconf 85' lang='lat' dir='ltr'><strong>bene-</strong></span> 
     </span>
    </p>
   </div>
   <div class='ocr_carea' id='block_1_69' title="bbox 2256 3423 3892 3499">
    <p class='ocr_par' dir='ltr' id='par_1_69' title="bbox 2256 3423 3892 3499">
     <span class='ocr_line' id='line_1_69' title="bbox 2256 3423 3892 3499; baseline -0.003 -17"><span class='ocrx_word' id='word_1_467' title='bbox 2256 3428 2394 3483; x_wconf 89' lang='lat' dir='ltr'><strong>dicti</strong></span> <span class='ocrx_word' id='word_1_468' title='bbox 2427 3443 2574 3499; x_wconf 90' lang='lat' dir='ltr'><strong>quos</strong></span> <span class='ocrx_word' id='word_1_469' title='bbox 2603 3426 2794 3498; x_wconf 87' lang='lat' dir='ltr'><strong>gratia</strong></span> <span class='ocrx_word' id='word_1_470' title='bbox 2825 3427 2922 3482; x_wconf 92' lang='lat' dir='ltr'><strong>Dei</strong></span> <span class='ocrx_word' id='word_1_471' title='bbox 2953 3429 3268 3498; x_wconf 82' lang='lat' dir='ltr'><strong>exspectat.</strong></span> <span class='ocrx_word' id='word_1_472' title='bbox 3319 3425 3456 3481; x_wconf 90' lang='lat' dir='ltr'><strong>Cum</strong></span> <span class='ocrx_word' id='word_1_473' title='bbox 3507 3426 3580 3481; x_wconf 92' lang='lat' dir='ltr'><strong>de</strong></span> <span class='ocrx_word' id='word_1_474' title='bbox 3623 3423 3725 3480; x_wconf 91' lang='lat' dir='ltr'><strong>illo</strong></span> <span class='ocrx_word' id='word_1_475' title='bbox 3768 3437 3892 3479; x_wconf 85' lang='lat' dir='ltr'><strong>san-</strong></span> 
     </span>
    </p>
   </div>
   <div class='ocr_carea' id='block_1_70' title="bbox 1932 3597 2490 3661">
    <p class='ocr_par' dir='ltr' id='par_1_70' title="bbox 1932 3597 2490 3661">
     <span class='ocr_line' id='line_1_70' title="bbox 1932 3597 2490 3661; baseline -0.002 -1"><span class='ocrx_word' id='word_1_476' title='bbox 1932 3599 2136 3661; x_wconf 75' lang='lat' dir='ltr'><strong>Varise</strong></span> <span class='ocrx_word' id='word_1_477' title='bbox 2169 3597 2490 3659; x_wconf 88' lang='lat' dir='ltr'><strong>lectiones.</strong></span> 
     </span>
    </p>
   </div>
   <div class='ocr_carea' id='block_1_71' title="bbox 578 3718 3888 3786">
    <p class='ocr_par' dir='ltr' id='par_1_71' title="bbox 578 3718 3888 3786">
     <span class='ocr_line' id='line_1_71' title="bbox 578 3718 3888 3786; baseline -0.001 -12"><span class='ocrx_word' id='word_1_478' title='bbox 578 3721 624 3756; x_wconf 71' lang='grc' dir='ltr'><strong>⁸ο</strong></span> <span class='ocrx_word' id='word_1_479' title='bbox 653 3719 930 3775; x_wconf 89' lang='lat' dir='ltr'><strong>Credatur</strong></span> <span class='ocrx_word' id='word_1_480' title='bbox 957 3719 984 3775; x_wconf 86' lang='lat'><strong>?</strong></span> <span class='ocrx_word' id='word_1_481' title='bbox 1015 3721 1217 3776; x_wconf 86' lang='lat' dir='ltr'><strong>Norint</strong></span> <span class='ocrx_word' id='word_1_482' title='bbox 1261 3724 1445 3778; x_wconf 82' lang='lat' dir='ltr'><strong>Latin.</strong></span> <span class='ocrx_word' id='word_1_483' title='bbox 1519 3723 1567 3758; x_wconf 80' lang='grc' dir='ltr'><strong>⁷ο</strong></span> <span class='ocrx_word' id='word_1_484' title='bbox 1614 3724 1988 3779; x_wconf 86' lang='lat' dir='ltr'><strong>Vacationem</strong></span> <span class='ocrx_word' id='word_1_485' title='bbox 2024 3727 2230 3778; x_wconf 85' lang='lat' dir='ltr'><strong>Wouv.</strong></span> <span class='ocrx_word' id='word_1_486' title='bbox 2305 3723 2347 3757; x_wconf 75' lang='grc' dir='ltr'><strong>’τί</strong></span> <span class='ocrx_word' id='word_1_487' title='bbox 2382 3722 2564 3786; x_wconf 89' lang='lat' dir='ltr'><strong>Quam</strong></span> <span class='ocrx_word' id='word_1_488' title='bbox 2613 3723 2732 3779; x_wconf 87' lang='lat' dir='ltr'><strong>cod.</strong></span> <span class='ocrx_word' id='word_1_489' title='bbox 2787 3728 3004 3780; x_wconf 81' lang='lat' dir='ltr'><strong>Wouw.</strong></span> <span class='ocrx_word' id='word_1_490' title='bbox 3081 3722 3128 3758; x_wconf 70' lang='grc' dir='ltr'><strong>τ’</strong></span> <span class='ocrx_word' id='word_1_491' title='bbox 3160 3720 3300 3786; x_wconf 89' lang='lat' dir='ltr'><strong>Quis</strong></span> <span class='ocrx_word' id='word_1_492' title='bbox 3358 3719 3486 3776; x_wconf 83' lang='lat' dir='ltr'><strong>add.</strong></span> <span class='ocrx_word' id='word_1_493' title='bbox 3537 3718 3662 3775; x_wconf 85' lang='lat' dir='ltr'><strong>cod.</strong></span> <span class='ocrx_word' id='word_1_494' title='bbox 3702 3718 3888 3776; x_wconf 84' lang='lat' dir='ltr'><strong>Wouw-</strong></span> 
     </span>
    </p>
   </div>
   <div class='ocr_carea' id='block_1_72' title="bbox 511 3789 3893 3864">
    <p class='ocr_par' dir='ltr' id='par_1_72' title="bbox 511 3789 3893 3864">
     <span class='ocr_line' id='line_1_72' title="bbox 511 3789 3893 3864; baseline -0.002 -16"><span class='ocrx_word' id='word_1_495' title='bbox 511 3791 558 3824; x_wconf 78' lang='grc'><strong>’⁷³</strong></span> <span class='ocrx_word' id='word_1_496' title='bbox 585 3790 948 3864; x_wconf 80' lang='lat' dir='ltr'><strong>Convenietis</strong></span> <span class='ocrx_word' id='word_1_497' title='bbox 1000 3794 1183 3849; x_wconf 77' lang='lat' dir='ltr'><strong>Paris.</strong></span> <span class='ocrx_word' id='word_1_498' title='bbox 1259 3795 1304 3828; x_wconf 73' lang='grc'><strong>⁷⁸</strong></span> <span class='ocrx_word' id='word_1_499' title='bbox 1333 3794 1689 3852; x_wconf 89' lang='lat' dir='ltr'><strong>Conﬂatione</strong></span> <span class='ocrx_word' id='word_1_500' title='bbox 1739 3796 1943 3864; x_wconf 79' lang='lat' dir='ltr'><strong>Rigalt.</strong></span> <span class='ocrx_word' id='word_1_501' title='bbox 2019 3795 2062 3829; x_wconf 79' lang='grc'><strong>⁷⁵</strong></span> <span class='ocrx_word' id='word_1_502' title='bbox 2105 3793 2464 3861; x_wconf 89' lang='lat' dir='ltr'><strong>Quantulum</strong></span> <span class='ocrx_word' id='word_1_503' title='bbox 2521 3795 2745 3852; x_wconf 67' lang='lat' dir='ltr'><strong>aestimo</strong></span> <span class='ocrx_word' id='word_1_504' title='bbox 2800 3797 2966 3851; x_wconf 82' lang='lat' dir='ltr'><strong>Fran.</strong></span> <span class='ocrx_word' id='word_1_505' title='bbox 3042 3794 3086 3829; x_wconf 77' lang='grc'><strong>’³⁸</strong></span> <span class='ocrx_word' id='word_1_506' title='bbox 3137 3792 3387 3848; x_wconf 89' lang='lat' dir='ltr'><strong>Proinde</strong></span> <span class='ocrx_word' id='word_1_507' title='bbox 3443 3792 3639 3847; x_wconf 82' lang='lat' dir='ltr'><strong>Latin.</strong></span> <span class='ocrx_word' id='word_1_508' title='bbox 3715 3791 3759 3825; x_wconf 82' lang='grc'>⁷⁷</span> <span class='ocrx_word' id='word_1_509' title='bbox 3799 3789 3893 3844; x_wconf 89' lang='lat' dir='ltr'><strong>De-</strong></span> 
     </span>
    </p>
   </div>
   <div class='ocr_carea' id='block_1_73' title="bbox 519 3863 1082 3920">
    <p class='ocr_par' dir='ltr' id='par_1_73' title="bbox 519 3863 1082 3920">
     <span class='ocr_line' id='line_1_73' title="bbox 519 3863 1082 3920; baseline 0.004 -2"><span class='ocrx_word' id='word_1_510' title='bbox 519 3867 675 3918; x_wconf 88' lang='lat' dir='ltr'><strong>serto</strong></span> <span class='ocrx_word' id='word_1_511' title='bbox 704 3879 753 3919; x_wconf 86' lang='lat' dir='ltr'><strong>v.</strong></span> <span class='ocrx_word' id='word_1_512' title='bbox 787 3878 838 3919; x_wconf 77' lang='grc' dir='ltr'><strong>ο.</strong></span> <span class='ocrx_word' id='word_1_513' title='bbox 877 3863 1082 3920; x_wconf 87' lang='lat' dir='ltr'><strong>Wouw.</strong></span> 
     </span>
    </p>
   </div>
   <div class='ocr_carea' id='block_1_74' title="bbox 1951 3994 2473 4056">
    <p class='ocr_par' dir='ltr' id='par_1_74' title="bbox 1951 3994 2473 4056">
     <span class='ocr_line' id='line_1_74' title="bbox 1951 3994 2473 4056; baseline 0.002 -2"><span class='ocrx_word' id='word_1_514' title='bbox 1951 3994 2473 4056; x_wconf 85' lang='lat' dir='ltr'><strong>Commentarius.</strong></span> 
     </span>
    </p>
   </div>
   <div class='ocr_carea' id='block_1_75' title="bbox 515 4123 2154 4199">
    <p class='ocr_par' dir='ltr' id='par_1_75' title="bbox 515 4123 2154 4199">
     <span class='ocr_line' id='line_1_75' title="bbox 515 4123 2154 4199; baseline 0.002 -21"><span class='ocrx_word' id='word_1_515' title='bbox 515 4138 647 4199; x_wconf 69' lang='lat' dir='ltr'><strong>rum</strong></span> <span class='ocrx_word' id='word_1_516' title='bbox 678 4123 1074 4199; x_wconf 80' lang='lat' dir='ltr'><strong>accipiendam</strong></span> <span class='ocrx_word' id='word_1_517' title='bbox 1110 4124 1217 4180; x_wconf 92' lang='lat' dir='ltr'><strong>hoc</strong></span> <span class='ocrx_word' id='word_1_518' title='bbox 1247 4125 1373 4197; x_wconf 91' lang='lat' dir='ltr'><strong>ipso</strong></span> <span class='ocrx_word' id='word_1_519' title='bbox 1407 4125 1634 4199; x_wconf 81' lang='lat' dir='ltr'><strong>facilius</strong></span> <span class='ocrx_word' id='word_1_520' title='bbox 1677 4129 1966 4195; x_wconf 89' lang='lat' dir='ltr'><strong>accedere,</strong></span> <span class='ocrx_word' id='word_1_521' title='bbox 2000 4127 2154 4199; x_wconf 89' lang='lat' dir='ltr'><strong>quod</strong></span> 
     </span>
    </p>
   </div>
   <div class='ocr_carea' id='block_1_76' title="bbox 515 4194 2155 4322">
    <p class='ocr_par' dir='ltr' id='par_1_76' title="bbox 515 4194 2155 4322">
     <span class='ocr_line' id='line_1_76' title="bbox 515 4194 2155 4322; baseline 0.004 -74"><span class='ocrx_word' id='word_1_522' title='bbox 515 4194 633 4322; x_wconf 48' lang='lat' dir='ltr'><strong>alis</strong></span> <span class='ocrx_word' id='word_1_523' title='bbox 663 4195 1044 4251; x_wconf 90' lang='lat' dir='ltr'><strong>remittuntur</strong></span> <span class='ocrx_word' id='word_1_524' title='bbox 1075 4213 1189 4252; x_wconf 93' lang='lat' dir='ltr'><strong>non</strong></span> <span class='ocrx_word' id='word_1_525' title='bbox 1238 4194 1492 4269; x_wconf 69' lang='lat' dir='ltr'><strong>propria,</strong></span> <span class='ocrx_word' id='word_1_526' title='bbox 1544 4199 1643 4254; x_wconf 90' lang='lat' dir='ltr'><strong>sed</strong></span> <span class='ocrx_word' id='word_1_527' title='bbox 1678 4200 1868 4256; x_wconf 89' lang='lat' dir='ltr'><strong>aliena</strong></span> <span class='ocrx_word' id='word_1_528' title='bbox 1900 4194 2155 4272; x_wconf 73' lang='lat' dir='ltr'><strong>peccata.</strong></span> 
     </span>
     <span class='ocr_line' id='line_1_77' title="bbox 570 4281 648 4320; baseline -0.026 0"><span class='ocrx_word' id='word_1_529' title='bbox 570 4281 648 4320; x_wconf 73' lang='grc' dir='ltr'><strong>ιο.</strong></span> 
     </span>
    </p>
   </div>
   <div class='ocr_carea' id='block_1_77' title="bbox 590 4305 2161 4412">
    <p class='ocr_par' dir='ltr' id='par_1_77' title="bbox 590 4305 2161 4412">
     <span class='ocr_line' id='line_1_78' title="bbox 590 4305 2161 4412; baseline 0.004 -25"><span class='ocrx_word' id='word_1_530' title='bbox 729 4334 888 4412; x_wconf 56' lang='lat' dir='ltr'><strong>Fide:</strong></span> <span class='ocrx_word' id='word_1_531' title='bbox 916 4337 1137 4412; x_wconf 70' lang='lat' dir='ltr'><strong>integra</strong></span> <span class='ocrx_word' id='word_1_532' title='bbox 1164 4354 1352 4412; x_wconf 74' lang='lat' dir='ltr'><strong>secara</strong></span> <span class='ocrx_word' id='word_1_533' title='bbox 1381 4344 1459 4412; x_wconf 74' lang='lat' dir='ltr'><strong>est</strong></span> <span class='ocrx_word' id='word_1_534' title='bbox 1480 4339 1544 4394; x_wconf 86' lang='lat' dir='ltr'><strong>de</strong></span> <span class='ocrx_word' id='word_1_535' title='bbox 1575 4340 1767 4394; x_wconf 83' lang='lat' dir='ltr'><strong>salute.</strong></span> <span class='ocrx_word' id='word_1_536' title='bbox 1803 4340 1956 4396; x_wconf 85' lang='lat' dir='ltr'><strong>Dixit</strong></span> <span class='ocrx_word' id='word_1_537' title='bbox 1981 4357 2161 4412; x_wconf 85' lang='lat' dir='ltr'><strong>supra</strong></span> 
     </span>
    </p>
   </div>
   <div class='ocr_carea' id='block_1_78' title="bbox 518 4406 2160 4484">
    <p class='ocr_par' dir='ltr' id='par_1_78' title="bbox 518 4406 2160 4484">
     <span class='ocr_line' id='line_1_79' title="bbox 518 4406 2160 4484; baseline 0.004 -24"><span class='ocrx_word' id='word_1_538' title='bbox 518 4407 588 4484; x_wconf 82' lang='lat' dir='ltr'><strong>de</strong></span> <span class='ocrx_word' id='word_1_539' title='bbox 618 4407 694 4484; x_wconf 77' lang='lat' dir='ltr'><strong>iis</strong></span> <span class='ocrx_word' id='word_1_540' title='bbox 715 4409 928 4484; x_wconf 77' lang='lat' dir='ltr'><strong>quibus</strong></span> <span class='ocrx_word' id='word_1_541' title='bbox 960 4406 1150 4484; x_wconf 77' lang='lat' dir='ltr'><strong>aliena</strong></span> <span class='ocrx_word' id='word_1_542' title='bbox 1180 4408 1354 4484; x_wconf 87' lang='lat' dir='ltr'><strong>culpa</strong></span> <span class='ocrx_word' id='word_1_543' title='bbox 1380 4409 1672 4484; x_wconf 81' lang='lat' dir='ltr'><strong>lavacrum</strong></span> <span class='ocrx_word' id='word_1_544' title='bbox 1708 4413 1938 4484; x_wconf 85' lang='lat' dir='ltr'><strong>negavit</strong></span> <span class='ocrx_word' id='word_1_545' title='bbox 1965 4429 1978 4479; x_wconf 85' lang='lat'><strong>;</strong></span> <span class='ocrx_word' id='word_1_546' title='bbox 2002 4406 2160 4466; x_wconf 78' lang='lat' dir='ltr'><strong>nunc</strong></span> 
     </span>
    </p>
   </div>
   <div class='ocr_carea' id='block_1_79' title="bbox 519 4478 2159 4550">
    <p class='ocr_par' dir='ltr' id='par_1_79' title="bbox 519 4478 2159 4550">
     <span class='ocr_line' id='line_1_80' title="bbox 519 4478 2159 4550; baseline 0.004 -18"><span class='ocrx_word' id='word_1_547' title='bbox 519 4479 590 4550; x_wconf 85' lang='lat' dir='ltr'><strong>de</strong></span> <span class='ocrx_word' id='word_1_548' title='bbox 621 4478 693 4531; x_wconf 91' lang='lat' dir='ltr'><strong>iis</strong></span> <span class='ocrx_word' id='word_1_549' title='bbox 721 4478 1099 4550; x_wconf 12' lang='lat' dir='ltr'><strong>quibusrdum</strong></span> <span class='ocrx_word' id='word_1_550' title='bbox 1132 4478 1372 4535; x_wconf 81' lang='lat' dir='ltr'><strong>veniunt</strong></span> <span class='ocrx_word' id='word_1_551' title='bbox 1394 4483 1463 4535; x_wconf 87' lang='lat' dir='ltr'><strong>ad</strong></span> <span class='ocrx_word' id='word_1_552' title='bbox 1500 4478 1822 4550; x_wconf 42' lang='lat' dir='ltr'><strong>Christum‘,</strong></span> <span class='ocrx_word' id='word_1_553' title='bbox 1854 4483 1992 4537; x_wconf 90' lang='lat' dir='ltr'><strong>dum</strong></span> <span class='ocrx_word' id='word_1_554' title='bbox 2027 4483 2159 4538; x_wconf 86' lang='lat' dir='ltr'><strong>ado-</strong></span> 
     </span>
    </p>
   </div>
   <div class='ocr_carea' id='block_1_80' title="bbox 2335 4119 3896 4200">
    <p class='ocr_par' dir='ltr' id='par_1_80' title="bbox 2335 4119 3896 4200">
     <span class='ocr_line' id='line_1_81' title="bbox 2335 4119 3896 4200; baseline -0.01 -11"><span class='ocrx_word' id='word_1_555' title='bbox 2335 4127 2449 4199; x_wconf 83' lang='lat'>(79)</span> <span class='ocrx_word' id='word_1_556' title='bbox 2509 4128 2575 4185; x_wconf 86' lang='lat' dir='ltr'><strong>Ut</strong></span> <span class='ocrx_word' id='word_1_557' title='bbox 2601 4129 2881 4199; x_wconf 64' lang='lat' dir='ltr'><strong>exponant</strong></span> <span class='ocrx_word' id='word_1_558' title='bbox 2907 4128 3078 4200; x_wconf 71' lang='lat' dir='ltr'><strong>etiam</strong></span> <span class='ocrx_word' id='word_1_559' title='bbox 3126 4126 3452 4196; x_wconf 75' lang='lat' dir='ltr'><strong>baptismum</strong></span> <span class='ocrx_word' id='word_1_560' title='bbox 3483 4123 3742 4200; x_wconf 54' lang='lat' dir='ltr'><strong>Joannis.</strong></span> <span class='ocrx_word' id='word_1_561' title='bbox 3797 4119 3896 4200; x_wconf 70' lang='lat' dir='ltr'><strong>Ex-</strong></span> 
     </span>
    </p>
   </div>
   <div class='ocr_carea' id='block_1_81' title="bbox 2307 4193 3893 4276">
    <p class='ocr_par' dir='ltr' id='par_1_81' title="bbox 2307 4193 3893 4276">
     <span class='ocr_line' id='line_1_82' title="bbox 2307 4193 3893 4276; baseline -0.006 -21"><span class='ocrx_word' id='word_1_562' title='bbox 2307 4193 2555 4276; x_wconf 81' lang='lat' dir='ltr'><strong>ositione</strong></span> <span class='ocrx_word' id='word_1_563' title='bbox 2627 4193 2890 4276; x_wconf 75' lang='lat' dir='ltr'><strong>omnium</strong></span> <span class='ocrx_word' id='word_1_564' title='bbox 2926 4193 3287 4276; x_wconf 1' lang='lat' dir='ltr'><strong>(delictorum</strong></span> <span class='ocrx_word' id='word_1_565' title='bbox 3347 4210 3618 4276; x_wconf 77' lang='lat' dir='ltr'><strong>suorum.</strong></span> <span class='ocrx_word' id='word_1_566' title='bbox 3669 4193 3893 4276; x_wconf 45' lang='lat' dir='ltr'><strong>Etenim.</strong></span> 
     </span>
    </p>
   </div>
   <div class='ocr_carea' id='block_1_82' title="bbox 2307 4263 3900 4352">
    <p class='ocr_par' dir='ltr' id='par_1_82' title="bbox 2307 4263 3900 4352">
     <span class='ocr_line' id='line_1_83' title="bbox 2307 4263 3900 4352; baseline -0.008 -26"><span class='ocrx_word' id='word_1_567' title='bbox 2307 4272 2624 4352; x_wconf 65' lang='lat' dir='ltr'><strong>aptismum</strong></span> <span class='ocrx_word' id='word_1_568' title='bbox 2658 4269 3370 4352; x_wconf 64' lang='lat' dir='ltr'><strong>admi_nistrabitJoannes</strong></span> <span class='ocrx_word' id='word_1_569' title='bbox 3403 4263 3832 4352; x_wconf 61' lang='lat' dir='ltr'><strong>pauitantibus</strong></span> <span class='ocrx_word' id='word_1_570' title='bbox 3843 4263 3900 4352; x_wconf 62' lang='lat' dir='ltr'><strong>et</strong></span> 
     </span>
    </p>
   </div>
   <div class='ocr_carea' id='block_1_83' title="bbox 2267 4337 3891 4412">
    <p class='ocr_par' dir='ltr' id='par_1_83' title="bbox 2267 4337 3891 4412">
     <span class='ocr_line' id='line_1_84' title="bbox 2267 4337 3891 4412; baseline -0.006 -15"><span class='ocrx_word' id='word_1_571' title='bbox 2267 4337 2680 4398; x_wconf 79' lang='lat' dir='ltr'><strong>confitentibus</strong></span> <span class='ocrx_word' id='word_1_572' title='bbox 2735 4341 2944 4396; x_wconf 88' lang='lat' dir='ltr'><strong>delicta</strong></span> <span class='ocrx_word' id='word_1_573' title='bbox 2989 4357 3116 4395; x_wconf 87' lang='lat' dir='ltr'><strong>sua.</strong></span> <span class='ocrx_word' id='word_1_574' title='bbox 3150 4344 3283 4412; x_wconf 81' lang='lat' dir='ltr'><strong>Eam</strong></span> <span class='ocrx_word' id='word_1_575' title='bbox 3313 4354 3448 4412; x_wconf 86' lang='lat' dir='ltr'><strong>vero</strong></span> <span class='ocrx_word' id='word_1_576' title='bbox 3477 4337 3891 4412; x_wconf 73' lang='lat' dir='ltr'><strong>confessionem</strong></span> 
     </span>
    </p>
   </div>
   <div class='ocr_carea' id='block_1_84' title="bbox 2267 4406 3896 4494">
    <p class='ocr_par' dir='ltr' id='par_1_84' title="bbox 2267 4406 3896 4494">
     <span class='ocr_line' id='line_1_85' title="bbox 2267 4406 3896 4494; baseline -0.008 -25"><span class='ocrx_word' id='word_1_577' title='bbox 2267 4414 2499 4494; x_wconf 71' lang='lat' dir='ltr'><strong>publice</strong></span> <span class='ocrx_word' id='word_1_578' title='bbox 2532 4413 2949 4494; x_wconf 38' lang='lat' dir='ltr'><strong>factam&#39;fujsse</strong></span> <span class='ocrx_word' id='word_1_579' title='bbox 2979 4411 3235 4468; x_wconf 89' lang='lat' dir='ltr'><strong>ostendit</strong></span> <span class='ocrx_word' id='word_1_580' title='bbox 3288 4409 3641 4494; x_wconf 44' lang='lat' dir='ltr'><strong>Septimius,‘</strong></span> <span class='ocrx_word' id='word_1_581' title='bbox 3663 4406 3896 4494; x_wconf 45' lang='lat' dir='ltr'><strong>sumsit</strong></span> 
     </span>
    </p>
   </div>
   <div class='ocr_carea' id='block_1_85' title="bbox 2269 4478 3898 4541">
    <p class='ocr_par' dir='ltr' id='par_1_85' title="bbox 2269 4478 3898 4541">
     <span class='ocr_line' id='line_1_86' title="bbox 2269 4478 3898 4541; baseline -0.008 0"><span class='ocrx_word' id='word_1_582' title='bbox 2269 4478 2442 4541; x_wconf 74' lang='lat' dir='ltr'><strong>aliam</strong></span> <span class='ocrx_word' id='word_1_583' title='bbox 2473 4501 2602 4541; x_wconf 89' lang='lat' dir='ltr'><strong>esse</strong></span> <span class='ocrx_word' id='word_1_584' title='bbox 2630 4483 3091 4541; x_wconf 85' lang='lat' dir='ltr'><strong>Christianorum</strong></span> <span class='ocrx_word' id='word_1_585' title='bbox 3122 4498 3238 4538; x_wconf 74' lang='lat' dir='ltr'><strong>aavo</strong></span> <span class='ocrx_word' id='word_1_586' title='bbox 3255 4478 3500 4536; x_wconf 47' lang='lat' dir='ltr'><strong>suo—con</strong></span> <span class='ocrx_word' id='word_1_587' title='bbox 3514 4478 3898 4536; x_wconf 79' lang='lat' dir='ltr'><strong>suetudinem.</strong></span> 
     </span>
    </p>
   </div>
   <div class='ocr_carea' id='block_1_86' title="bbox 521 4549 2401 4618">
    <p class='ocr_par' dir='ltr' id='par_1_86' title="bbox 521 4549 2401 4618">
     <span class='ocr_line' id='line_1_87' title="bbox 521 4549 2401 4618; baseline 0.004 -15"><span class='ocrx_word' id='word_1_588' title='bbox 521 4549 750 4604; x_wconf 89' lang='lat' dir='ltr'><strong>lescunt</strong></span> <span class='ocrx_word' id='word_1_589' title='bbox 779 4551 838 4602; x_wconf 92' lang='lat' dir='ltr'><strong>in</strong></span> <span class='ocrx_word' id='word_1_590' title='bbox 896 4549 1148 4617; x_wconf 87' lang='lat' dir='ltr'><strong>Christo,</strong></span> <span class='ocrx_word' id='word_1_591' title='bbox 1181 4553 1320 4606; x_wconf 92' lang='lat' dir='ltr'><strong>dum</strong></span> <span class='ocrx_word' id='word_1_592' title='bbox 1377 4553 1688 4608; x_wconf 86' lang='lat' dir='ltr'><strong>addiscunt</strong></span> <span class='ocrx_word' id='word_1_593' title='bbox 1745 4549 2023 4615; x_wconf 80' lang='lat' dir='ltr'><strong>omlestia,</strong></span> <span class='ocrx_word' id='word_1_594' title='bbox 2073 4555 2161 4608; x_wconf 88' lang='lat' dir='ltr'><strong>vis</strong></span> <span class='ocrx_word' id='word_1_595' title='bbox 2191 4553 2239 4618; x_wconf 91' lang='lat' dir='ltr'><strong>D</strong></span> <span class='ocrx_word' id='word_1_596' title='bbox 2273 4557 2401 4611; x_wconf 79' lang='lat' dir='ltr'><strong>Rm.</strong></span> 
     </span>
    </p>
   </div>
   <div class='ocr_carea' id='block_1_87' title="bbox 523 4617 2163 4696">
    <p class='ocr_par' dir='ltr' id='par_1_87' title="bbox 523 4617 2163 4696">
     <span class='ocr_line' id='line_1_88' title="bbox 523 4617 2163 4696; baseline 0.005 -25"><span class='ocrx_word' id='word_1_597' title='bbox 523 4617 942 4696; x_wconf 73' lang='lat' dir='ltr'><strong>aliquamajor</strong></span> <span class='ocrx_word' id='word_1_598' title='bbox 966 4626 1023 4675; x_wconf 93' lang='lat' dir='ltr'><strong>et</strong></span> <span class='ocrx_word' id='word_1_599' title='bbox 1043 4622 1222 4677; x_wconf 88' lang='lat' dir='ltr'><strong>vitam</strong></span> <span class='ocrx_word' id='word_1_600' title='bbox 1251 4623 1495 4696; x_wconf 87' lang='lat' dir='ltr'><strong>abstulit</strong></span> <span class='ocrx_word' id='word_1_601' title='bbox 1526 4632 1582 4679; x_wconf 91' lang='lat' dir='ltr'><strong>et</strong></span> <span class='ocrx_word' id='word_1_602' title='bbox 1613 4625 1927 4680; x_wconf 90' lang='lat' dir='ltr'><strong>lavacrum.</strong></span> <span class='ocrx_word' id='word_1_603' title='bbox 1975 4628 2163 4696; x_wconf 89' lang='lat' dir='ltr'><strong>Atque</strong></span> 
     </span>
    </p>
   </div>
   <div class='ocr_carea' id='block_1_88' title="bbox 525 4691 2160 4766">
    <p class='ocr_par' dir='ltr' id='par_1_88' title="bbox 525 4691 2160 4766">
     <span class='ocr_line' id='line_1_89' title="bbox 525 4691 2160 4766; baseline 0.004 -23"><span class='ocrx_word' id='word_1_604' title='bbox 525 4691 634 4766; x_wconf 79' lang='lat' dir='ltr'><strong>hos</strong></span> <span class='ocrx_word' id='word_1_605' title='bbox 665 4692 843 4745; x_wconf 86' lang='lat' dir='ltr'><strong>etiam</strong></span> <span class='ocrx_word' id='word_1_606' title='bbox 902 4707 1138 4747; x_wconf 88' lang='lat' dir='ltr'><strong>securos</strong></span> <span class='ocrx_word' id='word_1_607' title='bbox 1197 4710 1323 4766; x_wconf 79' lang='lat' dir='ltr'><strong>esse</strong></span> <span class='ocrx_word' id='word_1_608' title='bbox 1372 4695 1540 4764; x_wconf 83' lang='lat' dir='ltr'><strong>jubet</strong></span> <span class='ocrx_word' id='word_1_609' title='bbox 1597 4695 1954 4766; x_wconf 84' lang='lat' dir='ltr'><strong>Septimius:</strong></span> <span class='ocrx_word' id='word_1_610' title='bbox 1987 4691 2160 4751; x_wconf 78' lang='lat' dir='ltr'><strong>fidem</strong></span> 
     </span>
    </p>
   </div>
   <div class='ocr_carea' id='block_1_89' title="bbox 531 4761 2162 4839">
    <p class='ocr_par' dir='ltr' id='par_1_89' title="bbox 531 4761 2162 4839">
     <span class='ocr_line' id='line_1_90' title="bbox 531 4761 2162 4839; baseline 0.007 -26"><span class='ocrx_word' id='word_1_611' title='bbox 531 4761 818 4829; x_wconf 84' lang='lat' dir='ltr'><strong>integram</strong></span> <span class='ocrx_word' id='word_1_612' title='bbox 847 4775 1006 4839; x_wconf 72' lang='lat' dir='ltr'><strong>esse,</strong></span> <span class='ocrx_word' id='word_1_613' title='bbox 1032 4780 1161 4839; x_wconf 71' lang='lat' dir='ltr'><strong>quas</strong></span> <span class='ocrx_word' id='word_1_614' title='bbox 1191 4765 1321 4819; x_wconf 89' lang='lat' dir='ltr'><strong>talis</strong></span> <span class='ocrx_word' id='word_1_615' title='bbox 1370 4761 1493 4819; x_wconf 75' lang='lat' dir='ltr'><strong>fieri</strong></span> <span class='ocrx_word' id='word_1_616' title='bbox 1541 4761 1772 4838; x_wconf 81' lang='lat' dir='ltr'><strong>satagit,</strong></span> <span class='ocrx_word' id='word_1_617' title='bbox 1806 4785 1871 4823; x_wconf 89' lang='lat' dir='ltr'><strong>ac</strong></span> <span class='ocrx_word' id='word_1_618' title='bbox 1919 4769 2162 4839; x_wconf 90' lang='lat' dir='ltr'><strong>proinde</strong></span> 
     </span>
    </p>
   </div>
   <div class='ocr_carea' id='block_1_90' title="bbox 528 4834 1426 4890">
    <p class='ocr_par' dir='ltr' id='par_1_90' title="bbox 528 4834 1426 4890">
     <span class='ocr_line' id='line_1_91' title="bbox 528 4834 1426 4890; baseline 0 -3"><span class='ocrx_word' id='word_1_619' title='bbox 528 4845 788 4887; x_wconf 87' lang='lat' dir='ltr'><strong>securam</strong></span> <span class='ocrx_word' id='word_1_620' title='bbox 820 4846 944 4888; x_wconf 90' lang='lat' dir='ltr'><strong>esse</strong></span> <span class='ocrx_word' id='word_1_621' title='bbox 975 4834 1045 4888; x_wconf 85' lang='lat' dir='ltr'><strong>de</strong></span> <span class='ocrx_word' id='word_1_622' title='bbox 1065 4834 1272 4890; x_wconf 88' lang='lat' dir='ltr'><strong>salute.</strong></span> <span class='ocrx_word' id='word_1_623' title='bbox 1308 4840 1426 4890; x_wconf 77' lang='lat' dir='ltr'><strong>Rm.</strong></span> 
     </span>
    </p>
   </div>
   <div class='ocr_carea' id='block_1_91' title="bbox 527 4903 2159 4983">
    <p class='ocr_par' dir='ltr' id='par_1_91' title="bbox 527 4903 2159 4983">
     <span class='ocr_line' id='line_1_92' title="bbox 527 4903 2159 4983; baseline 0.007 -31"><span class='ocrx_word' id='word_1_624' title='bbox 527 4971 540 4983; x_wconf 37' lang='grc' dir='ltr'><strong>θ</strong></span> <span class='ocrx_word' id='word_1_625' title='bbox 600 4903 712 4972; x_wconf 88' lang='lat'><strong>(77)</strong></span> <span class='ocrx_word' id='word_1_626' title='bbox 738 4904 905 4983; x_wconf 37' lang='lat' dir='ltr'><strong>‘Diem</strong></span> <span class='ocrx_word' id='word_1_627' title='bbox 935 4905 1209 4983; x_wconf 70' lang='lat' dir='ltr'><strong>baptismo</strong></span> <span class='ocrx_word' id='word_1_628' title='bbox 1251 4907 1652 4983; x_wconf 72' lang='lat' dir='ltr'><strong>soiemniorem.</strong></span> <span class='ocrx_word' id='word_1_629' title='bbox 1713 4909 1941 4977; x_wconf 87' lang='lat' dir='ltr'><strong>Nullus,</strong></span> <span class='ocrx_word' id='word_1_630' title='bbox 1999 4914 2159 4982; x_wconf 88' lang='lat' dir='ltr'><strong>puto,</strong></span> 
     </span>
    </p>
   </div>
   <div class='ocr_carea' id='block_1_92' title="bbox 523 4974 2161 5053">
    <p class='ocr_par' dir='ltr' id='par_1_92' title="bbox 523 4974 2161 5053">
     <span class='ocr_line' id='line_1_93' title="bbox 523 4974 2161 5053; baseline 0.006 -27"><span class='ocrx_word' id='word_1_631' title='bbox 523 4974 755 5053; x_wconf 68' lang='lat' dir='ltr'><strong>ignorat</strong></span> <span class='ocrx_word' id='word_1_632' title='bbox 807 4974 940 5053; x_wconf 64' lang='lat' dir='ltr'><strong>duo</strong></span> <span class='ocrx_word' id='word_1_633' title='bbox 977 4977 1116 5053; x_wconf 79' lang='lat' dir='ltr'><strong>olim</strong></span> <span class='ocrx_word' id='word_1_634' title='bbox 1144 4981 1433 5053; x_wconf 71' lang='lat' dir='ltr'><strong>praacipue</strong></span> <span class='ocrx_word' id='word_1_635' title='bbox 1483 4985 1765 5053; x_wconf 74' lang='lat' dir='ltr'><strong>tempora</strong></span> <span class='ocrx_word' id='word_1_636' title='bbox 1797 4974 2161 5053; x_wconf 80' lang='lat' dir='ltr'><strong>baptizandis</strong></span> 
     </span>
    </p>
   </div>
   <div class='ocr_carea' id='block_1_93' title="bbox 527 5043 2162 5117">
    <p class='ocr_par' dir='ltr' id='par_1_93' title="bbox 527 5043 2162 5117">
     <span class='ocr_line' id='line_1_94' title="bbox 527 5043 2162 5117; baseline 0.005 -19"><span class='ocrx_word' id='word_1_637' title='bbox 527 5043 878 5102; x_wconf 88' lang='lat' dir='ltr'><strong>Christianis</strong></span> <span class='ocrx_word' id='word_1_638' title='bbox 909 5047 1045 5102; x_wconf 90' lang='lat' dir='ltr'><strong>data</strong></span> <span class='ocrx_word' id='word_1_639' title='bbox 1074 5043 1280 5117; x_wconf 79' lang='lat' dir='ltr'><strong>fuisse,</strong></span> <span class='ocrx_word' id='word_1_640' title='bbox 1322 5043 1557 5105; x_wconf 75' lang='lat' dir='ltr'><strong>sacrum</strong></span> <span class='ocrx_word' id='word_1_641' title='bbox 1607 5043 1828 5108; x_wconf 85' lang='lat' dir='ltr'><strong>Pascha</strong></span> <span class='ocrx_word' id='word_1_642' title='bbox 1856 5043 1913 5108; x_wconf 74' lang='lat' dir='ltr'><strong>et</strong></span> <span class='ocrx_word' id='word_1_643' title='bbox 1959 5053 2162 5108; x_wconf 86' lang='lat' dir='ltr'><strong>Pente-</strong></span> 
     </span>
    </p>
   </div>
   <div class='ocr_carea' id='block_1_94' title="bbox 529 5119 2161 5194">
    <p class='ocr_par' dir='ltr' id='par_1_94' title="bbox 529 5119 2161 5194">
     <span class='ocr_line' id='line_1_95' title="bbox 529 5119 2161 5194; baseline 0.005 -25"><span class='ocrx_word' id='word_1_644' title='bbox 529 5120 957 5194; x_wconf 30' lang='lat' dir='ltr'><strong>costenhatque</strong></span> <span class='ocrx_word' id='word_1_645' title='bbox 991 5120 1042 5194; x_wconf 79' lang='lat' dir='ltr'><strong>in</strong></span> <span class='ocrx_word' id='word_1_646' title='bbox 1078 5119 1643 5194; x_wconf 29' lang='lat' dir='ltr'><strong>prioreupnssimum</strong></span> <span class='ocrx_word' id='word_1_647' title='bbox 1707 5141 1806 5194; x_wconf 83' lang='lat' dir='ltr'><strong>per</strong></span> <span class='ocrx_word' id='word_1_648' title='bbox 1861 5126 1985 5179; x_wconf 77' lang='lat' dir='ltr'><strong>dies</strong></span> <span class='ocrx_word' id='word_1_649' title='bbox 2034 5129 2161 5178; x_wconf 89' lang='lat' dir='ltr'><strong>octo</strong></span> 
     </span>
    </p>
   </div>
   <div class='ocr_carea' id='block_1_95' title="bbox 527 5185 2160 5261">
    <p class='ocr_par' dir='ltr' id='par_1_95' title="bbox 527 5185 2160 5261">
     <span class='ocr_line' id='line_1_96' title="bbox 527 5185 2160 5261; baseline 0.006 -20"><span class='ocrx_word' id='word_1_650' title='bbox 527 5185 958 5261; x_wconf 78' lang='lat' dir='ltr'><strong>solemnitatem</strong></span> <span class='ocrx_word' id='word_1_651' title='bbox 989 5185 1335 5261; x_wconf 66' lang='lat' dir='ltr'><strong>baptizandi</strong></span> <span class='ocrx_word' id='word_1_652' title='bbox 1355 5185 1722 5248; x_wconf 40' lang='lat' dir='ltr'><strong>celebratam‘</strong></span> <span class='ocrx_word' id='word_1_653' title='bbox 1742 5195 1937 5251; x_wconf 81' lang='lat' dir='ltr'><strong>fuisse.</strong></span> <span class='ocrx_word' id='word_1_654' title='bbox 1959 5196 2037 5250; x_wconf 81' lang='lat' dir='ltr'><strong>Ls</strong></span> <span class='ocrx_word' id='word_1_655' title='bbox 2058 5200 2160 5250; x_wconf 78' lang='lat' dir='ltr'><strong>Pa.</strong></span> 
     </span>
    </p>
   </div>
   <div class='ocr_carea' id='block_1_96' title="bbox 596 5259 2158 5332">
    <p class='ocr_par' dir='ltr' id='par_1_96' title="bbox 596 5259 2158 5332">
     <span class='ocr_line' id='line_1_97' title="bbox 596 5259 2158 5332; baseline 0.006 -23"><span class='ocrx_word' id='word_1_656' title='bbox 596 5259 706 5332; x_wconf 81' lang='grc'>(78)</span> <span class='ocrx_word' id='word_1_657' title='bbox 737 5262 874 5315; x_wconf 86' lang='lat' dir='ltr'><strong>Cum</strong></span> <span class='ocrx_word' id='word_1_658' title='bbox 917 5259 1255 5332; x_wconf 78' lang='lat' dir='ltr'><strong>confessione</strong></span> <span class='ocrx_word' id='word_1_659' title='bbox 1311 5265 1554 5317; x_wconf 84' lang='lat' dir='ltr'><strong>omnium</strong></span> <span class='ocrx_word' id='word_1_660' title='bbox 1609 5270 1756 5319; x_wconf 65' lang='lat' dir='ltr'><strong>retro</strong></span> <span class='ocrx_word' id='word_1_661' title='bbox 1812 5267 2158 5322; x_wconf 72' lang='lat' dir='ltr'><strong>delectorum.</strong></span> 
     </span>
    </p>
   </div>
   <div class='ocr_carea' id='block_1_97' title="bbox 525 5327 2163 5406">
    <p class='ocr_par' dir='ltr' id='par_1_97' title="bbox 525 5327 2163 5406">
     <span class='ocr_line' id='line_1_98' title="bbox 525 5327 2163 5406; baseline 0.006 -24"><span class='ocrx_word' id='word_1_662' title='bbox 525 5327 888 5406; x_wconf 65' lang='lat' dir='ltr'><strong>Confitentur</strong></span> <span class='ocrx_word' id='word_1_663' title='bbox 915 5327 1110 5388; x_wconf 83' lang='lat' dir='ltr'><strong>omnia</strong></span> <span class='ocrx_word' id='word_1_664' title='bbox 1166 5338 1319 5406; x_wconf 82' lang='lat' dir='ltr'><strong>retro</strong></span> <span class='ocrx_word' id='word_1_665' title='bbox 1350 5333 1579 5404; x_wconf 86' lang='lat' dir='ltr'><strong>delicta,</strong></span> <span class='ocrx_word' id='word_1_666' title='bbox 1614 5337 1714 5406; x_wconf 85' lang='lat' dir='ltr'><strong>qui</strong></span> <span class='ocrx_word' id='word_1_667' title='bbox 1762 5342 1909 5393; x_wconf 90' lang='lat' dir='ltr'><strong>serio</strong></span> <span class='ocrx_word' id='word_1_668' title='bbox 1967 5354 2034 5392; x_wconf 89' lang='lat' dir='ltr'><strong>ac</strong></span> <span class='ocrx_word' id='word_1_669' title='bbox 2072 5354 2163 5392; x_wconf 88' lang='lat' dir='ltr'><strong>se-</strong></span> 
     </span>
    </p>
   </div>
   <div class='ocr_carea' id='block_1_98' title="bbox 525 5398 2160 5482">
    <p class='ocr_par' dir='ltr' id='par_1_98' title="bbox 525 5398 2160 5482">
     <span class='ocr_line' id='line_1_99' title="bbox 525 5398 2160 5482; baseline 0.005 -28"><span class='ocrx_word' id='word_1_670' title='bbox 525 5398 1070 5482; x_wconf 76' lang='lat' dir='ltr'><strong>dulo_resipi_scunt,</strong></span> <span class='ocrx_word' id='word_1_671' title='bbox 1103 5409 1160 5458; x_wconf 90' lang='lat' dir='ltr'><strong>et</strong></span> <span class='ocrx_word' id='word_1_672' title='bbox 1185 5405 1312 5482; x_wconf 74' lang='lat' dir='ltr'><strong>vitae</strong></span> <span class='ocrx_word' id='word_1_673' title='bbox 1362 5406 1513 5475; x_wconf 90' lang='lat' dir='ltr'><strong>apud</strong></span> <span class='ocrx_word' id='word_1_674' title='bbox 1566 5398 1838 5482; x_wconf 68' lang='lat' dir='ltr'><strong>ethnicos</strong></span> <span class='ocrx_word' id='word_1_675' title='bbox 1887 5415 2160 5482; x_wconf 74' lang='lat' dir='ltr'><strong>anteactae</strong></span> 
     </span>
    </p>
   </div>
   <div class='ocr_carea' id='block_1_99' title="bbox 525 5474 2163 5550">
    <p class='ocr_par' dir='ltr' id='par_1_99' title="bbox 525 5474 2163 5550">
     <span class='ocr_line' id='line_1_100' title="bbox 525 5474 2163 5550; baseline 0.007 -27"><span class='ocrx_word' id='word_1_676' title='bbox 525 5474 776 5550; x_wconf 68' lang='lat' dir='ltr'><strong>crimina</strong></span> <span class='ocrx_word' id='word_1_677' title='bbox 805 5474 891 5530; x_wconf 90' lang='lat' dir='ltr'><strong>vel</strong></span> <span class='ocrx_word' id='word_1_678' title='bbox 925 5491 1149 5530; x_wconf 88' lang='lat' dir='ltr'><strong>errores</strong></span> <span class='ocrx_word' id='word_1_679' title='bbox 1180 5474 1464 5531; x_wconf 83' lang='lat' dir='ltr'><strong>damnant</strong></span> <span class='ocrx_word' id='word_1_680' title='bbox 1495 5493 1560 5530; x_wconf 90' lang='lat' dir='ltr'><strong>ac</strong></span> <span class='ocrx_word' id='word_1_681' title='bbox 1591 5479 1968 5550; x_wconf 86' lang='lat' dir='ltr'><strong>detestantur,</strong></span> <span class='ocrx_word' id='word_1_682' title='bbox 1993 5481 2163 5535; x_wconf 88' lang='lat' dir='ltr'><strong>corde</strong></span> 
     </span>
    </p>
   </div>
   <div class='ocr_carea' id='block_1_100' title="bbox 527 5541 2159 5621">
    <p class='ocr_par' dir='ltr' id='par_1_100' title="bbox 527 5541 2159 5621">
     <span class='ocr_line' id='line_1_101' title="bbox 527 5541 2159 5621; baseline 0.007 -27"><span class='ocrx_word' id='word_1_683' title='bbox 527 5541 600 5595; x_wconf 90' lang='lat' dir='ltr'><strong>ad</strong></span> <span class='ocrx_word' id='word_1_684' title='bbox 631 5559 832 5621; x_wconf 81' lang='lat' dir='ltr'><strong>verum</strong></span> <span class='ocrx_word' id='word_1_685' title='bbox 874 5550 1054 5621; x_wconf 83' lang='lat' dir='ltr'><strong>Deum</strong></span> <span class='ocrx_word' id='word_1_686' title='bbox 1109 5550 1842 5621; x_wconf 59' lang='lat' dir='ltr'><strong>conversm.__Conﬁtentur,</strong></span> <span class='ocrx_word' id='word_1_687' title='bbox 1901 5541 2159 5621; x_wconf 73' lang='lat' dir='ltr'><strong>inquam,</strong></span> 
     </span>
    </p>
   </div>
   <div class='ocr_carea' id='block_1_101' title="bbox 529 5615 2162 5695">
    <p class='ocr_par' dir='ltr' id='par_1_101' title="bbox 529 5615 2162 5695">
     <span class='ocr_line' id='line_1_102' title="bbox 529 5615 2162 5695; baseline 0.009 -30"><span class='ocrx_word' id='word_1_688' title='bbox 529 5615 731 5695; x_wconf 78' lang='lat' dir='ltr'><strong>omnia</strong></span> <span class='ocrx_word' id='word_1_689' title='bbox 761 5623 912 5695; x_wconf 84' lang='lat' dir='ltr'><strong>retro</strong></span> <span class='ocrx_word' id='word_1_690' title='bbox 937 5619 1170 5695; x_wconf 81' lang='lat' dir='ltr'><strong>delicta,</strong></span> <span class='ocrx_word' id='word_1_691' title='bbox 1203 5617 1702 5695; x_wconf 84' lang='lat' dir='ltr'><strong>qui__deli_ctorum</strong></span> <span class='ocrx_word' id='word_1_692' title='bbox 1764 5615 2162 5695; x_wconf 70' lang='lat' dir='ltr'><strong>paenitentiam</strong></span> 
     </span>
    </p>
   </div>
   <div class='ocr_carea' id='block_1_102' title="bbox 529 5689 2165 5814">
    <p class='ocr_par' dir='ltr' id='par_1_102' title="bbox 529 5689 2165 5814">
     <span class='ocr_line' id='line_1_103' title="bbox 529 5689 2165 5814; baseline 0.01 -79"><span class='ocrx_word' id='word_1_693' title='bbox 529 5689 733 5811; x_wconf 61' lang='lat' dir='ltr'><strong>:gutnt,</strong></span> <span class='ocrx_word' id='word_1_694' title='bbox 762 5693 1106 5814; x_wconf 63' lang='lat' dir='ltr'><strong>mlptatoque</strong></span> <span class='ocrx_word' id='word_1_695' title='bbox 1135 5689 1379 5745; x_wconf 84' lang='lat' dir='ltr'><strong>consilio</strong></span> <span class='ocrx_word' id='word_1_696' title='bbox 1421 5689 1596 5747; x_wconf 87' lang='lat' dir='ltr'><strong>vitam</strong></span> <span class='ocrx_word' id='word_1_697' title='bbox 1654 5689 1970 5752; x_wconf 80' lang='lat' dir='ltr'><strong>instituunt</strong></span> <span class='ocrx_word' id='word_1_698' title='bbox 2000 5695 2165 5751; x_wconf 89' lang='lat' dir='ltr'><strong>inuo-</strong></span> 
     </span>
     <span class='ocr_line' id='line_1_104' title="bbox 603 5769 928 5814; baseline 0.022 -6"><span class='ocrx_word' id='word_1_699' title='bbox 603 5769 639 5808; x_wconf 91' lang='lat' dir='ltr'><strong>n</strong></span> <span class='ocrx_word' id='word_1_700' title='bbox 669 5769 780 5814; x_wconf 87' lang='lat' dir='ltr'><strong>em.</strong></span> <span class='ocrx_word' id='word_1_701' title='bbox 851 5774 928 5814; x_wconf 82' lang='lat' dir='ltr'><strong>IG.</strong></span> 
     </span>
    </p>
   </div>
   <div class='ocr_carea' id='block_1_103' title="bbox 603 5769 928 5816">
    <p class='ocr_par' dir='ltr' id='par_1_103' title="bbox 603 5769 928 5816">
     <span class='ocr_line' id='line_1_105' title="bbox 603 5769 928 5816; baseline 0.022 -7"><span class='ocrx_word' id='word_1_702' title='bbox 603 5769 780 5815; x_wconf 82' lang='lat' dir='ltr'><strong>mem.</strong></span> <span class='ocrx_word' id='word_1_703' title='bbox 800 5769 928 5816; x_wconf 72' lang='lat' dir='ltr'><strong>RIG.</strong></span> 
     </span>
    </p>
   </div>
   <div class='ocr_carea' id='block_1_104' title="bbox 2343 4614 3896 4695">
    <p class='ocr_par' dir='ltr' id='par_1_104' title="bbox 2343 4614 3896 4695">
     <span class='ocr_line' id='line_1_106' title="bbox 2343 4614 3896 4695; baseline -0.005 -16"><span class='ocrx_word' id='word_1_704' title='bbox 2343 4627 2452 4695; x_wconf 90' lang='grc'>(80)</span> <span class='ocrx_word' id='word_1_705' title='bbox 2484 4626 2644 4682; x_wconf 77' lang='lat' dir='ltr'><strong>Nobis</strong></span> <span class='ocrx_word' id='word_1_706' title='bbox 2663 4624 3064 4695; x_wconf 79' lang='lat' dir='ltr'><strong>gratulandum</strong></span> <span class='ocrx_word' id='word_1_707' title='bbox 3091 4626 3189 4690; x_wconf 75' lang='lat' dir='ltr'><strong>est,</strong></span> <span class='ocrx_word' id='word_1_708' title='bbox 3245 4625 3299 4678; x_wconf 72' lang='lat' dir='ltr'><strong>si</strong></span> <span class='ocrx_word' id='word_1_709' title='bbox 3351 4637 3461 4676; x_wconf 78' lang='lat' dir='ltr'><strong>non</strong></span> <span class='ocrx_word' id='word_1_710' title='bbox 3494 4621 3710 4695; x_wconf 67' lang='lat' dir='ltr'><strong>publica</strong></span> <span class='ocrx_word' id='word_1_711' title='bbox 3737 4614 3896 4695; x_wconf 70' lang='lat' dir='ltr'><strong>confi-</strong></span> 
     </span>
    </p>
   </div>
   <div class='ocr_carea' id='block_1_105' title="bbox 2271 4686 3894 4769">
    <p class='ocr_par' dir='ltr' id='par_1_105' title="bbox 2271 4686 3894 4769">
     <span class='ocr_line' id='line_1_107' title="bbox 2271 4686 3894 4769; baseline -0.009 -16"><span class='ocrx_word' id='word_1_712' title='bbox 2271 4686 2452 4754; x_wconf 64' lang='lat' dir='ltr'><strong>tentur</strong></span> <span class='ocrx_word' id='word_1_713' title='bbox 2475 4686 2794 4769; x_wconf 67' lang='lat' dir='ltr'><strong>iniquitates</strong></span> <span class='ocrx_word' id='word_1_714' title='bbox 2823 4705 2919 4753; x_wconf 81' lang='lat' dir='ltr'><strong>aut</strong></span> <span class='ocrx_word' id='word_1_715' title='bbox 2950 4686 3325 4769; x_wconf 54' lang='lat' dir='ltr'><strong>turpitudine:</strong></span> <span class='ocrx_word' id='word_1_716' title='bbox 3345 4686 3579 4769; x_wconf 65' lang='lat' dir='ltr'><strong>nostras.</strong></span> <span class='ocrx_word' id='word_1_717' title='bbox 3611 4686 3894 4769; x_wconf 76' lang='lat' dir='ltr'><strong>Quomodo</strong></span> 
     </span>
    </p>
   </div>
   <div class='ocr_carea' id='block_1_106' title="bbox 2271 4761 3891 4841">
    <p class='ocr_par' dir='ltr' id='par_1_106' title="bbox 2271 4761 3891 4841">
     <span class='ocr_line' id='line_1_108' title="bbox 2271 4761 3891 4841; baseline -0.008 -17"><span class='ocrx_word' id='word_1_718' title='bbox 2271 4768 2496 4841; x_wconf 80' lang='lat' dir='ltr'><strong>igitur?</strong></span> <span class='ocrx_word' id='word_1_719' title='bbox 2524 4761 2964 4841; x_wconf 79' lang='lat' dir='ltr'><strong>conﬂictatione</strong></span> <span class='ocrx_word' id='word_1_720' title='bbox 2993 4761 3185 4841; x_wconf 77' lang='lat' dir='ltr'><strong>carnis</strong></span> <span class='ocrx_word' id='word_1_721' title='bbox 3215 4770 3272 4822; x_wconf 92' lang='lat' dir='ltr'><strong>et</strong></span> <span class='ocrx_word' id='word_1_722' title='bbox 3327 4764 3609 4841; x_wconf 67' lang='lat' dir='ltr'><strong>spiritus;</strong></span> <span class='ocrx_word' id='word_1_723' title='bbox 3671 4761 3775 4841; x_wconf 75' lang='lat' dir='ltr'><strong>hoc</strong></span> <span class='ocrx_word' id='word_1_724' title='bbox 3795 4761 3891 4841; x_wconf 76' lang='lat' dir='ltr'><strong>est,</strong></span> 
     </span>
    </p>
   </div>
   <div class='ocr_carea' id='block_1_107' title="bbox 2271 4832 3891 4910">
    <p class='ocr_par' dir='ltr' id='par_1_107' title="bbox 2271 4832 3891 4910">
     <span class='ocr_line' id='line_1_109' title="bbox 2271 4832 3891 4910; baseline -0.009 -16"><span class='ocrx_word' id='word_1_725' title='bbox 2271 4832 2490 4896; x_wconf 59' lang='lat' dir='ltr'><strong>crebris</strong></span> <span class='ocrx_word' id='word_1_726' title='bbox 2521 4841 2902 4906; x_wconf 88' lang='lat' dir='ltr'><strong>orationibus,</strong></span> <span class='ocrx_word' id='word_1_727' title='bbox 2929 4839 3174 4910; x_wconf 85' lang='lat' dir='ltr'><strong>jejuniis</strong></span> <span class='ocrx_word' id='word_1_728' title='bbox 3203 4842 3259 4893; x_wconf 90' lang='lat' dir='ltr'><strong>et</strong></span> <span class='ocrx_word' id='word_1_729' title='bbox 3297 4832 3891 4910; x_wconf 28' lang='lat' dir='ltr'><strong>ge&#39;niculatio‘nibuset</strong></span> 
     </span>
    </p>
   </div>
   <div class='ocr_carea' id='block_1_108' title="bbox 2271 4900 3890 4984">
    <p class='ocr_par' dir='ltr' id='par_1_108' title="bbox 2271 4900 3890 4984">
     <span class='ocr_line' id='line_1_110' title="bbox 2271 4900 3890 4984; baseline -0.012 -13"><span class='ocrx_word' id='word_1_730' title='bbox 2271 4911 2613 4984; x_wconf 74' lang='lat' dir='ltr'><strong>pervigiliis.</strong></span> <span class='ocrx_word' id='word_1_731' title='bbox 2646 4913 2722 4967; x_wconf 80' lang='lat' dir='ltr'><strong>Ex</strong></span> <span class='ocrx_word' id='word_1_732' title='bbox 2751 4900 3098 4984; x_wconf 38' lang='lat' dir='ltr'><strong>huju&#39;s&#39;m‘odi</strong></span> <span class='ocrx_word' id='word_1_733' title='bbox 3123 4900 3329 4984; x_wconf 52' lang='lat' dir='ltr'><strong>autem&quot;</strong></span> <span class='ocrx_word' id='word_1_734' title='bbox 3349 4905 3773 4984; x_wconf 70' lang='lat' dir='ltr'><strong>conflictatione</strong></span> <span class='ocrx_word' id='word_1_735' title='bbox 3796 4900 3890 4982; x_wconf 79' lang='lat' dir='ltr'><strong>du-</strong></span> 
     </span>
    </p>
   </div>
   <div class='ocr_carea' id='block_1_109' title="bbox 2274 4975 3882 5066">
    <p class='ocr_par' dir='ltr' id='par_1_109' title="bbox 2274 4975 3882 5066">
     <span class='ocr_line' id='line_1_111' title="bbox 2274 4975 3882 5066; baseline -0.006 -30"><span class='ocrx_word' id='word_1_736' title='bbox 2274 4975 2480 5066; x_wconf 69' lang='lat' dir='ltr'><strong>plicem</strong></span> <span class='ocrx_word' id='word_1_737' title='bbox 2516 4975 3136 5066; x_wconf 39' lang='lat' dir='ltr'><strong>utilitatem&#39;pe&#39;rcipi”</strong></span> <span class='ocrx_word' id='word_1_738' title='bbox 3160 4980 3327 5066; x_wconf 69' lang='lat' dir='ltr'><strong>docet</strong></span> <span class='ocrx_word' id='word_1_739' title='bbox 3358 4995 3371 5034; x_wconf 92' lang='lat'><strong>:</strong></span> <span class='ocrx_word' id='word_1_740' title='bbox 3418 5000 3447 5028; x_wconf 88' lang='grc'><strong>‹‹</strong></span> <span class='ocrx_word' id='word_1_741' title='bbox 3479 4975 3882 5066; x_wconf 33' lang='lat' dir='ltr'><strong>Simul‘enirn“,</strong></span> 
     </span>
    </p>
   </div>
   <div class='ocr_carea' id='block_1_110' title="bbox 2271 5046 3891 5126">
    <p class='ocr_par' dir='ltr' id='par_1_110' title="bbox 2271 5046 3891 5126">
     <span class='ocr_line' id='line_1_112' title="bbox 2271 5046 3891 5126; baseline -0.01 -17"><span class='ocrx_word' id='word_1_742' title='bbox 2271 5046 2484 5126; x_wconf 84' lang='lat' dir='ltr'><strong>inquit,</strong></span> <span class='ocrx_word' id='word_1_743' title='bbox 2531 5060 2589 5109; x_wconf 87' lang='lat' dir='ltr'><strong>et</strong></span> <span class='ocrx_word' id='word_1_744' title='bbox 2632 5055 2702 5110; x_wconf 88' lang='lat' dir='ltr'><strong>de</strong></span> <span class='ocrx_word' id='word_1_745' title='bbox 2732 5046 2998 5126; x_wconf 83' lang='lat' dir='ltr'><strong>pristinis</strong></span> <span class='ocrx_word' id='word_1_746' title='bbox 3028 5046 3448 5116; x_wconf 77' lang='lat' dir='ltr'><strong>satisfacimus,</strong></span> <span class='ocrx_word' id='word_1_747' title='bbox 3480 5055 3538 5126; x_wconf 86' lang='lat' dir='ltr'><strong>et</strong></span> <span class='ocrx_word' id='word_1_748' title='bbox 3567 5046 3891 5126; x_wconf 63' lang='lat' dir='ltr'><strong>subsecutu:</strong></span> 
     </span>
    </p>
   </div>
   <div class='ocr_carea' id='block_1_111' title="bbox 2275 5110 3889 5198">
    <p class='ocr_par' dir='ltr' id='par_1_111' title="bbox 2275 5110 3889 5198">
     <span class='ocr_line' id='line_1_113' title="bbox 2275 5110 3889 5198; baseline 0 -19"><span class='ocrx_word' id='word_1_749' title='bbox 2275 5110 2803 5181; x_wconf 42' lang='lat' dir='ltr'><strong>ris&#39;ten&#39;tationibiis</strong></span> <span class='ocrx_word' id='word_1_750' title='bbox 2837 5125 3205 5198; x_wconf 78' lang='lat' dir='ltr'><strong>munimenta</strong></span> <span class='ocrx_word' id='word_1_751' title='bbox 3230 5110 3709 5198; x_wconf 23' lang='lat' dir='ltr'><strong>praestrinimqsz»</strong></span> <span class='ocrx_word' id='word_1_752' title='bbox 3729 5110 3889 5198; x_wconf 43' lang='grc' dir='ltr'><strong>,Οιξοά</strong></span> 
     </span>
    </p>
   </div>
   <div class='ocr_carea' id='block_1_112' title="bbox 2271 5185 3884 5265">
    <p class='ocr_par' dir='ltr' id='par_1_112' title="bbox 2271 5185 3884 5265">
     <span class='ocr_line' id='line_1_114' title="bbox 2271 5185 3884 5265; baseline -0.01 -13"><span class='ocrx_word' id='word_1_753' title='bbox 2271 5198 2321 5252; x_wconf 90' lang='lat' dir='ltr'><strong>si</strong></span> <span class='ocrx_word' id='word_1_754' title='bbox 2350 5199 2778 5253; x_wconf 87' lang='lat' dir='ltr'><strong>conﬂictatione</strong></span> <span class='ocrx_word' id='word_1_755' title='bbox 2807 5197 3001 5252; x_wconf 88' lang='lat' dir='ltr'><strong>carnis</strong></span> <span class='ocrx_word' id='word_1_756' title='bbox 3031 5201 3088 5250; x_wconf 89' lang='lat' dir='ltr'><strong>et</strong></span> <span class='ocrx_word' id='word_1_757' title='bbox 3118 5185 3364 5265; x_wconf 69' lang='lat' dir='ltr'><strong>spiritus</strong></span> <span class='ocrx_word' id='word_1_758' title='bbox 3408 5193 3478 5265; x_wconf 82' lang='lat' dir='ltr'><strong>de</strong></span> <span class='ocrx_word' id='word_1_759' title='bbox 3509 5188 3775 5262; x_wconf 83' lang='lat' dir='ltr'><strong>pristinis</strong></span> <span class='ocrx_word' id='word_1_760' title='bbox 3799 5185 3884 5238; x_wconf 89' lang='lat' dir='ltr'><strong>de-</strong></span> 
     </span>
    </p>
   </div>
   <div class='ocr_carea' id='block_1_113' title="bbox 2271 5263 3892 5335">
    <p class='ocr_par' dir='ltr' id='par_1_113' title="bbox 2271 5263 3892 5335">
     <span class='ocr_line' id='line_1_115' title="bbox 2271 5263 3892 5335; baseline -0.009 -12"><span class='ocrx_word' id='word_1_761' title='bbox 2271 5269 2424 5324; x_wconf 89' lang='lat' dir='ltr'><strong>lictis</strong></span> <span class='ocrx_word' id='word_1_762' title='bbox 2457 5270 2877 5335; x_wconf 85' lang='lat' dir='ltr'><strong>satisfacimus,</strong></span> <span class='ocrx_word' id='word_1_763' title='bbox 2907 5283 3048 5323; x_wconf 88' lang='lat' dir='ltr'><strong>sane</strong></span> <span class='ocrx_word' id='word_1_764' title='bbox 3074 5263 3396 5322; x_wconf 79' lang='lat' dir='ltr'><strong>satisfactio</strong></span> <span class='ocrx_word' id='word_1_765' title='bbox 3445 5263 3594 5335; x_wconf 85' lang='lat' dir='ltr'><strong>facta</strong></span> <span class='ocrx_word' id='word_1_766' title='bbox 3624 5275 3724 5333; x_wconf 89' lang='lat' dir='ltr'><strong>per</strong></span> <span class='ocrx_word' id='word_1_767' title='bbox 3778 5270 3892 5311; x_wconf 88' lang='lat' dir='ltr'><strong>con-</strong></span> 
     </span>
    </p>
   </div>
   <div class='ocr_carea' id='block_1_114' title="bbox 2272 5334 3886 5408">
    <p class='ocr_par' dir='ltr' id='par_1_114' title="bbox 2272 5334 3886 5408">
     <span class='ocr_line' id='line_1_116' title="bbox 2272 5334 3886 5408; baseline -0.01 -13"><span class='ocrx_word' id='word_1_768' title='bbox 2272 5341 2647 5396; x_wconf 81' lang='lat' dir='ltr'><strong>ﬂictationem</strong></span> <span class='ocrx_word' id='word_1_769' title='bbox 2679 5334 2871 5396; x_wconf 89' lang='lat' dir='ltr'><strong>carnis</strong></span> <span class='ocrx_word' id='word_1_770' title='bbox 2913 5344 2968 5394; x_wconf 91' lang='lat' dir='ltr'><strong>et</strong></span> <span class='ocrx_word' id='word_1_771' title='bbox 3003 5338 3270 5408; x_wconf 88' lang='lat' dir='ltr'><strong>spiritus,</strong></span> <span class='ocrx_word' id='word_1_772' title='bbox 3306 5334 3727 5408; x_wconf 84' lang='lat' dir='ltr'><strong>confessionem</strong></span> <span class='ocrx_word' id='word_1_773' title='bbox 3759 5342 3886 5408; x_wconf 89' lang='lat' dir='ltr'><strong>quo-</strong></span> 
     </span>
    </p>
   </div>
   <div class='ocr_carea' id='block_1_115' title="bbox 2273 5407 3887 5482">
    <p class='ocr_par' dir='ltr' id='par_1_115' title="bbox 2273 5407 3887 5482">
     <span class='ocr_line' id='line_1_117' title="bbox 2273 5407 3887 5482; baseline -0.01 -16"><span class='ocrx_word' id='word_1_774' title='bbox 2273 5428 2384 5482; x_wconf 90' lang='lat' dir='ltr'><strong>que</strong></span> <span class='ocrx_word' id='word_1_775' title='bbox 2413 5413 2540 5482; x_wconf 91' lang='lat' dir='ltr'><strong>ipsa</strong></span> <span class='ocrx_word' id='word_1_776' title='bbox 2569 5412 2993 5467; x_wconf 89' lang='lat' dir='ltr'><strong>conﬂictatione</strong></span> <span class='ocrx_word' id='word_1_777' title='bbox 3024 5407 3236 5482; x_wconf 81' lang='lat' dir='ltr'><strong>factam</strong></span> <span class='ocrx_word' id='word_1_778' title='bbox 3269 5407 3530 5482; x_wconf 82' lang='lat' dir='ltr'><strong>includit.</strong></span> <span class='ocrx_word' id='word_1_779' title='bbox 3563 5408 3761 5482; x_wconf 40' lang='lat' dir='ltr'><strong>Atque“</strong></span> <span class='ocrx_word' id='word_1_780' title='bbox 3776 5407 3887 5482; x_wconf 70' lang='lat' dir='ltr'><strong>haec</strong></span> 
     </span>
    </p>
   </div>
   <div class='ocr_carea' id='block_1_116' title="bbox 2273 5471 3888 5552">
    <p class='ocr_par' dir='ltr' id='par_1_116' title="bbox 2273 5471 3888 5552">
     <span class='ocr_line' id='line_1_118' title="bbox 2273 5471 3888 5552; baseline -0.002 -15"><span class='ocrx_word' id='word_1_781' title='bbox 2273 5471 2342 5538; x_wconf 85' lang='lat' dir='ltr'><strong>de</strong></span> <span class='ocrx_word' id='word_1_782' title='bbox 2373 5471 2738 5539; x_wconf 73' lang='lat' dir='ltr'><strong>confessione</strong></span> <span class='ocrx_word' id='word_1_783' title='bbox 2755 5500 2855 5538; x_wconf 89' lang='lat' dir='ltr'><strong>seu</strong></span> <span class='ocrx_word' id='word_1_784' title='bbox 2885 5481 3225 5552; x_wconf 74' lang='lat' dir='ltr'><strong>pmnitentia</strong></span> <span class='ocrx_word' id='word_1_785' title='bbox 3245 5478 3599 5552; x_wconf 84' lang='lat' dir='ltr'><strong>venientium</strong></span> <span class='ocrx_word' id='word_1_786' title='bbox 3628 5471 3698 5552; x_wconf 64' lang='lat' dir='ltr'><strong>ad</strong></span> <span class='ocrx_word' id='word_1_787' title='bbox 3730 5471 3888 5524; x_wconf 73' lang='lat' dir='ltr'><strong>ﬁdem</strong></span> 
     </span>
    </p>
   </div>
   <div class='ocr_carea' id='block_1_117' title="bbox 2272 5545 3789 5621">
    <p class='ocr_par' dir='ltr' id='par_1_117' title="bbox 2272 5545 3789 5621">
     <span class='ocr_line' id='line_1_119' title="bbox 2272 5545 3789 5621; baseline -0.009 -10"><span class='ocrx_word' id='word_1_788' title='bbox 2272 5555 2685 5612; x_wconf 88' lang='lat' dir='ltr'><strong>Christianam.</strong></span> <span class='ocrx_word' id='word_1_789' title='bbox 2719 5555 2820 5610; x_wconf 83' lang='lat' dir='ltr'><strong>ilic</strong></span> <span class='ocrx_word' id='word_1_790' title='bbox 2841 5545 2996 5610; x_wconf 80' lang='lat' dir='ltr'><strong>enim</strong></span> <span class='ocrx_word' id='word_1_791' title='bbox 3028 5553 3098 5608; x_wconf 90' lang='lat' dir='ltr'><strong>de</strong></span> <span class='ocrx_word' id='word_1_792' title='bbox 3122 5551 3252 5608; x_wconf 87' lang='lat' dir='ltr'><strong>aliis</strong></span> <span class='ocrx_word' id='word_1_793' title='bbox 3283 5567 3398 5606; x_wconf 90' lang='lat' dir='ltr'><strong>non</strong></span> <span class='ocrx_word' id='word_1_794' title='bbox 3418 5549 3630 5621; x_wconf 83' lang='lat' dir='ltr'><strong>agitur.</strong></span> <span class='ocrx_word' id='word_1_795' title='bbox 3664 5545 3789 5621; x_wconf 55' lang='lat' dir='ltr'><strong>me;</strong></span> 
     </span>
    </p>
   </div>
   <div class='ocr_carea' id='block_1_118' title="bbox 2345 5608 3888 5708">
    <p class='ocr_par' dir='ltr' id='par_1_118' title="bbox 2345 5608 3888 5708">
     <span class='ocr_line' id='line_1_120' title="bbox 2345 5608 3888 5708; baseline -0.01 -26"><span class='ocrx_word' id='word_1_796' title='bbox 2345 5608 2936 5708; x_wconf 47' lang='grc' dir='ltr'><strong>(δι)-ιξιέειηῑιὶιιαθη¹</strong></span> <span class='ocrx_word' id='word_1_797' title='bbox 2963 5627 3272 5708; x_wconf 67' lang='lat' dir='ltr'><strong>segregatus</strong></span> <span class='ocrx_word' id='word_1_798' title='bbox 3341 5624 3405 5708; x_wconf 67' lang='lat' dir='ltr'><strong>in</strong></span> <span class='ocrx_word' id='word_1_799' title='bbox 3454 5608 3888 5708; x_wconf 32' lang='lat' dir='ltr'><strong>“mirans:</strong></span> 
     </span>
    </p>
   </div>
   <div class='ocr_carea' id='block_1_119' title="bbox 2271 5689 3781 5770">
    <p class='ocr_par' dir='ltr' id='par_1_119' title="bbox 2271 5689 3781 5770">
     <span class='ocr_line' id='line_1_121' title="bbox 2271 5689 3781 5770; baseline -0.009 -16"><span class='ocrx_word' id='word_1_800' title='bbox 2271 5689 2506 5768; x_wconf 82' lang='lat' dir='ltr'><strong>aquam,</strong></span> <span class='ocrx_word' id='word_1_801' title='bbox 2535 5698 2644 5754; x_wconf 91' lang='lat' dir='ltr'><strong>hoc</strong></span> <span class='ocrx_word' id='word_1_802' title='bbox 2674 5689 2781 5770; x_wconf 75' lang='lat' dir='ltr'><strong>est,</strong></span> <span class='ocrx_word' id='word_1_803' title='bbox 2814 5702 2946 5770; x_wconf 89' lang='lat' dir='ltr'><strong>post</strong></span> <span class='ocrx_word' id='word_1_804' title='bbox 2972 5689 3333 5768; x_wconf 73' lang='lat' dir='ltr'><strong>baptismum</strong></span> <span class='ocrx_word' id='word_1_805' title='bbox 3362 5692 3626 5750; x_wconf 89' lang='lat' dir='ltr'><strong>Joannis.</strong></span> <span class='ocrx_word' id='word_1_806' title='bbox 3659 5689 3781 5743; x_wconf 71' lang='lat' dir='ltr'><strong>ltro.</strong></span> 
     </span>
    </p>
   </div>
  </div>
