2025 3200
179 193 257 224 i333
796 193 912 224 LIBER
932 193 984 223 DE
1004 191 1273 224 PCENITENTIA.
1807 187 1887 219 1331

182 260 314 288 ctissimo
327 260 440 288 lavacro
463 260 529 288 novi
552 260 660 290 natalis
692 260 862 295 ascenditis,
888 262 916 288 et
944 260 1005 296 pri-
1021 266 1044 296 Α
1058 258 1177 295 jiciente
1187 259 1220 293 τ’,
1236 258 1324 287 Petito
1337 261 1365 286 et
1387 257 1529 294 accipietis
1559 256 1665 293 (Matth.
1696 263 1747 289 vn,
1775 255 1816 291 7),
1838 255 1885 284 in-

180 305 280 332 mas"
297 313 403 333 manus
428 305 505 341 apud
535 305 658 334 Matrem
682 314 750 333 cum
781 305 918 333 fratribus
940 313 1005 341 ape-
1060 304 1134 338 quit.
1151 303 1303 337 Quasistis
1318 302 1395 331 enim
1425 304 1454 330 et
1481 301 1655 336 invenistis;
1678 299 1831 337 pulsastis,
1855 301 1886 328 et

179 348 244 376 ritis
261 349 335 385 (82):
353 349 442 385 petite
451 350 486 377 de
507 349 601 384 Patre,
628 350 715 385 petite
739 350 774 377 de
793 349 928 384 Domino,
955 357 1006 385 pe-
1061 350 1195 385 apertum
1211 350 1256 376 est
1271 347 1363 376 vobis.
1391 347 1519 375 Tantum
1545 354 1606 379 oro,
1637 348 1669 374 ut
1692 353 1760 373 cum
1782 343 1884 382 petitis

178 393 266 427 culia,
282 393 405 429 gratias,
435 393 661 422 distributiones
683 393 909 426 charismatum.
934 393 1004 422 sub-
1060 392 1146 421 etiam
1161 392 1334 421 Tertulliani
1351 389 1739 430 peocatoris_memineritis.

898 465 1000 497 Variae
1015 464 1176 496 lectiones.

208 531 231 548 τ’
252 532 316 560 Hec
331 539 384 560 vos:
398 531 515 560 redemi.
531 533 591 560 visa
600 532 656 567 fuit
665 533 730 561 Jun.
768 532 790 550 ⁷⁸
800 532 977 568 Bubjscente
991 531 1082 560 Paris.

894 602 1156 639 Commentarios.

211 669 266 705 (82)
283 671 392 698 Prima:
413 678 513 697 manus
537 671 666 704 aperuit.
703 669 834 698 Orabsnt
863 669 1002 697 manibus
1093 684 1128 690 —-
1143 668 1226 705 Apud
1250 669 1373 705 Matrem.
1400 667 1491 705 Apud_
1506 667 1676 705 Ecclesium.
1702 665 1749 695 Sic
1775 665 1827 694 lib.
1852 665 1886 695 de

174 703 322 747 expansis.
341 707 442 747 itaque
457 706 567 742 primas
582 714 690 747 manus
701 706 782 739 dicit.
793 709 855 734 tum
873 705 1002 747 primum
1057 703 1252 747 ίάοιοιαὶνίαμ(
1269 703 1407 732 Attollere
1423 703 1459 732 ad
1474 703 1566 732 Deum
1593 704 1706 732 Patrem
1736 708 1853 730 manus.
1867 711 1884 728 »

174 754 191 772 ο.
207 741 265 771 fide
280 742 316 770 ad
331 741 493 770 orationem
508 745 625 777 apertas
639 742 701 770 sive
721 741 947 778 expansas’Rxe.
1058 741 1121 768 Rm.

268 912 362 1012 Ο.
431 913 708 995 SEPT.
770 910 1061 995 FLOR.
1125 909 1799 993 TERTULLIANI

976 1062 1092 1093 LIBER.

590 1167 708 1230 DE
791 1163 1472 1232 POENITENTIA.

212 1388 249 1416 De
271 1386 438 1415 Pa'nitenu'a
462 1386 566 1415 librum
594 1394 627 1415 eo
653 1390 778 1422 tempore
801 1386 949 1421 scripsisse
963 1385 1178 1419 Tertullianum,
1195 1393 1250 1421 quo
1270 1386 1398 1414 nondum
1415 1385 1544 1414 Montani
1559 1385 1690 1421 dogmata
1717 1387 1884 1422 sectaretur,

178 1432 245 1460 libri
274 1432 365 1468 ipsius
394 1433 595 1467 argumentum
621 1431 739 1465 edocet;
756 1431 785 1459 in
811 1439 844 1459 eo
869 1432 945 1458 enim
970 1434 1034 1467 post
1061 1430 1231 1466 baptismum
1247 1430 1318 1465 lapsi
1341 1430 1376 1458 ad
1398 1430 1594 1466 pcenitentiam
1610 1430 1780 1465 excitantur,
1795 1437 1882 1466 quam

181 1477 361 1506 Montanistae
386 1477 508 1505 dandam
532 1484 595 1504 esse
618 1476 759 1510 negabant
776 1484 782 1503 :
800 1487 814 1501 α
830 1476 970 1503 Omnibus
994 1483 1071 1510 ergo,
1088 1475 1190 1510 aiebat,
1207 1474 1328 1508 delictis,
1347 1483 1395 1503 seu
1419 1482 1515 1508 carne,
1533 1482 1580 1502 seu
1602 1475 1713 1510 spiritu,
1729 1483 1781 1504 seu
1796 1476 1882 1511 facto,

179 1530 227 1550 seu
244 1523 389 1551 voluntate
409 1521 580 1553 commissis,
597 1521 643 1555 qui
662 1528 773 1555 ptenam
791 1528 839 1554 per
852 1520 994 1555 judicium
1014 1520 1174 1554 destinavit,
1192 1519 1264 1547 idem
1282 1523 1309 1547 et
1333 1520 1443 1548 veniam
1460 1527 1510 1555 per
1534 1519 1728 1554 ptenitenliam
1753 1528 1879 1556 spopon-

183 1567 221 1595 dit
239 1567 337 1595 dicens
355 1575 361 1593 :
382 1567 444 1594 Vivo
458 1574 518 1600 ego,
530 1565 596 1593 dicit
609 1566 750 1597 Dominus,
761 1566 954 1600 pwnitentiam
971 1564 1047 1592 malo
1064 1566 1150 1599 magis
1164 1572 1249 1600 quam
1265 1568 1389 1592 mortem.
1408 1575 1421 1589 «
1441 1564 1538 1599 (Infra,
1555 1572 1616 1599 cap.
1635 1565 1685 1599 4.).
1710 1565 1744 1592 Et
1768 1565 1859 1600 capite
1873 1566 1884 1593 Ρ

178 1612 281 1639 diserte
300 1619 387 1639 unum
403 1619 435 1638 ex
454 1610 603 1644 przecipuis
627 1609 862 1636 Montanistarum
880 1609 1021 1636 erroribus
1046 1611 1205 1645 impugnat,
1221 1609 1442 1636 demonstrando
1459 1616 1516 1642 eos,
1538 1609 1586 1643 qui
1617 1611 1681 1643 post
1710 1608 1883 1642 baptismum

179 1660 293 1689 peccata
320 1654 585 1688 commiserunt,ah
616 1653 740 1681 Ecclesia
769 1653 975 1680 absolutionem
1010 1661 1106 1681 eorum
1135 1655 1286 1688 impetrare
1315 1661 1406 1688 posse,
1422 1653 1490 1680 dum
1515 1661 1563 1680 eos
1580 1653 1692 1680 illorum
1708 1653 1882 1688 pcenituerit.

179 1703 220 1727 An
253 1700 276 1727 is
302 1699 372 1727 liber
387 1700 419 1726 sit
437 1698 617 1733 Tertulliani,
634 1706 717 1725 nemo
734 1706 824 1733 neque
840 1697 906 1724 olim
923 1698 1069 1730 dubitavit,
1094 1706 1185 1733 neque
1202 1706 1278 1725 nunc
1292 1697 1410 1725 dubitat.
1429 1698 1507 1725 Unus
1535 1701 1593 1725 erat
1623 1698 1755 1726 Erasmus
1784 1698 1883 1726 Rotle-

179 1744 325 1777 rodamus,
343 1744 472 1771 eumdem
489 1742 665 1771 Tertulliauo
681 1743 826 1770 detrahere
846 1747 977 1777 conatus,
990 1750 1073 1778 quem
1089 1750 1147 1770 non
1173 1743 1228 1770 nisi
1254 1743 1353 1770 Beatus
1377 1742 1532 1770 Rhenanus
1555 1746 1669 1770 secutus
1698 1746 1749 1776 est,
1764 1746 1883 1779 uterque

179 1789 228 1816 uni
245 1789 311 1816 huic
328 1792 504 1824 argumento,
522 1787 588 1814 satis
614 1787 761 1819 imbecilli,
790 1787 916 1821 innixus,
933 1787 997 1822 styli
1026 1788 1207 1815 diversitatis.
1226 1790 1314 1822 Atque
1339 1787 1415 1815 hunc
1440 1787 1554 1822 quidem
1582 1795 1641 1814 non
1669 1795 1741 1822 nego
1770 1787 1800 1814 in
1829 1787 1882 1815 hoc

180 1832 251 1860 libro
281 1833 366 1868 paulo
393 1832 563 1860 ﬂoridiorem
591 1840 661 1865 esse,
679 1832 728 1859 sed
761 1840 816 1859 non
847 1839 947 1866 magna
963 1840 979 1858 a
994 1831 1180 1867 reliquorum,
1196 1832 1280 1859 etiam
1308 1839 1377 1867 quos
1403 1835 1529 1859 extrema
1545 1831 1633 1859 ferme
1652 1834 1731 1859 aetate
1755 1831 1881 1867 scripsit,

179 1877 351 1911 diversitate,
382 1881 408 1904 et
436 1877 526 1904 solum
558 1877 587 1904 in
614 1876 783 1911 quibusdam
815 1876 958 1911 allegoriis
986 1883 1019 1904 ac
1046 1876 1219 1911 metaphoris
1247 1876 1330 1911 paulo
1355 1875 1558 1904 illustrioribus
1586 1876 1648 1904 sila.
1678 1876 1785 1908 Quodsi
1819 1883 1883 1904 vero

179 1922 287 1949 similes
311 1921 443 1950 ﬂosculos
459 1930 492 1949 ex
518 1921 582 1949 aliis
612 1922 741 1956 ejusdem
770 1920 874 1948 areolis
902 1922 1053 1955 decerpere
1079 1925 1198 1954 vacaret,
1217 1921 1298 1948 facile
1326 1921 1450 1954 integras
1479 1920 1600 1948 corollas
1622 1924 1736 1948 nectere
1759 1928 1881 1955 possem.

179 1966 316 1993 Ceterum
346 1974 379 1993 ex
409 1966 470 1993 sola
494 1969 521 1993 et
550 1973 735 2000 quaecumque
762 1965 828 2000 styli
856 1965 1056 1998 discordantia,
1075 1966 1131 1993 nisi
1160 1965 1281 1993 aliorum
1306 1968 1333 1992 et
1362 1965 1521 2000 graviorum
1538 1965 1653 2001 quidem
1681 1968 1881 2000 argumentum

178 2010 353 2037 adminicula
377 2013 559 2042 concurrant,
576 2010 622 2037 vix
650 2013 791 2037 auctorem
829 2013 990 2044 suspectum
1020 2009 1091 2045 ﬁeri,
1121 2018 1157 2038 ne
1186 2009 1290 2042 dicam,
1319 2009 1424 2045 aliquid
1463 2013 1563 2037 contra
1599 2010 1730 2037 eumdem
1765 2009 1883 2052 decerni

178 2063 272 2089 posse,
291 2055 398 2089 pridem
419 2062 532 2082 sensere
547 2054 595 2082 alii
622 2055 737 2090 optima:
762 2058 836 2082 nota:
859 2054 962 2088 critici,
979 2062 1011 2082 ex
1040 2054 1144 2089 quibus
1172 2054 1214 2081 vel
1239 2062 1329 2082 unum
1352 2055 1461 2082 adduco
1476 2054 1659 2082 Guillelmum
1684 2055 1815 2089 Caveum,
1832 2053 1883 2089 qul

177 2099 206 2126 in
235 2100 302 2126 Hist.
320 2107 376 2126 sum
406 2100 524 2126 litterar.
543 2098 765 2133 Prolegomenis.
785 2103 853 2126 sect.
882 2107 919 2133 IV,
946 2106 1026 2126 num.
1051 2099 1097 2132 64,
1126 2101 1189 2126 tum
1217 2099 1346 2132 demum,
1374 2106 1425 2126 ceu
1453 2099 1658 2134 suppositionis
1683 2102 1884 2135 argumentum

179 2144 292 2177 probari
321 2143 370 2178 ait,
386 2155 400 2168 α
419 2144 441 2170 si
456 2143 545 2178 stylus
576 2144 720 2179 totiusque
748 2143 1026 2178 rationiscontexlus,
1042 2143 1079 2170 sit
1106 2143 1189 2178 longe
1217 2144 1344 2170 diversus
1373 2143 1408 2170 ab
1436 2150 1469 2170 eo
1492 2143 1605 2172 dicendi
1632 2144 1803 2175 charactere,
1826 2150 1881 2178 quo

176 2188 206 2216 in
235 2189 368 2222 genuinis
397 2188 454 2216 suis
484 2196 550 2215 usus
581 2191 622 2215 est
650 2190 758 2215 auctor.
778 2198 790 2211 η
804 2189 889 2222 Atqui
919 2195 982 2215 vero
998 2187 1069 2215 adeo
1084 2196 1141 2215 non
1159 2188 1241 2222 longe
1257 2187 1398 2215 diversum
1414 2187 1504 2222 quivis
1519 2187 1615 2222 legens
1630 2187 1833 2223 deprehendet,
1849 2190 1882 2215 ut.

177 2233 270 2267 potius
286 2237 386 2268 praeter
402 2241 505 2268 paucas
520 2229 655 2268 quasdam
674 2232 799 2266 phrases,
814 2233 897 2267 paulo
913 2232 1102 2266 excitatiores,
1119 2236 1145 2259 et
1160 2232 1190 2259 in
1214 2232 1278 2259 aliis
1294 2231 1462 2259 Tertulliani
1487 2232 1599 2267 scriptis
1618 2232 1662 2260 vix
1687 2235 1880 2266 occurrentes,

177 2278 275 2304 Afrum
291 2277 361 2304 illud
378 2285 412 2305 ac
423 2278 569 2305 concisum
587 2277 692 2311 eloquii
707 2284 807 2311 genus,
826 2277 873 2303 uni
890 2277 977 2304 ferme
992 2277 1168 2304 Tertulliano
1190 2277 1348 2312 proprium,
1365 2275 1414 2304 illa
1435 2277 1537 2304 deinde
1562 2277 1627 2313 styli
1649 2277 1725 2305 velut
1754 2277 1883 2312 quasdam

177 2322 321 2356 majestas,
338 2329 534 2356 sensuumque
551 2321 580 2348 in
594 2321 715 2356 singulis
733 2329 818 2356 prope
828 2321 921 2348 verbis
935 2321 1067 2355 ubertas;
1085 2321 1132 2348 illa
1146 2321 1259 2356 grandis
1275 2321 1447 2356 eloquentia,
1463 2329 1535 2356 quas,
1553 2325 1615 2349 utut
1628 2322 1697 2349 dura
1711 2322 1757 2355 sit,
1773 2321 1880 2355 nescio,

177 2367 317 2401 quomodo
334 2371 428 2394 tamen
445 2366 578 2394 lectorem
595 2365 639 2393 vel
652 2366 771 2393 invitum
787 2367 820 2393 ad
838 2373 867 2393 se
882 2374 980 2400 rapere
997 2369 1097 2400 potest,
1110 2374 1166 2394 non
1183 2366 1278 2393 minus
1295 2367 1322 2393 in
1341 2366 1393 2393 hoc
1410 2366 1481 2393 libro
1497 2366 1670 2401 triumphet:
1684 2369 1715 2394 ut
1730 2367 1769 2394 nil
1786 2366 1881 2394 dicam

177 2412 211 2438 de
225 2412 289 2439 aliis
306 2411 464 2446 phrasibus,
482 2419 515 2439 ex
532 2411 594 2438 aliis
612 2411 739 2445 ejusdem
756 2411 836 2438 libris
853 2415 907 2438 tam
925 2411 1025 2439 I225
1044 2411 1141 2438 sedulo
1157 2412 1306 2446 expressis.
1325 2412 1436 2439 Fatetur
1452 2412 1517 2439 dein
1537 2411 1596 2447 ipse
1611 2412 1712 2440 Beatus
1726 2412 1883 2440 Rhenanus

178 2466 191 2479 ‹‹
204 2460 348 2483 auctorem
366 2456 448 2490 hujus
464 2456 527 2483 libri
544 2456 643 2483 verbis
661 2459 688 2483 ct
704 2456 800 2491 ﬁguris
816 2456 916 2483 iisdem
944 2456 993 2490 uti,
1005 2458 1033 2483 et
1058 2457 1184 2491 quisquis
1212 2456 1304 2490 fuerit,
1321 2457 1382 2491 ejus
1411 2457 1528 2484 indubie
1558 2465 1620 2485 esse
1648 2457 1756 2491 seaculi,
1774 2461 1802 2485 et
1816 2458 1883 2485 Ter-

177 2501 288 2527 tulliani
305 2500 565 2533 studiosissimum;
585 2511 597 2524 ››
614 2500 748 2535 quidquid
766 2501 1045 2528 veroTertullianum
1061 2500 1152 2535 ipsum
1167 2502 1177 2528 Ρ
1192 2501 1259 2534 Quis
1275 2501 1351 2528 enim
1364 2501 1436 2528 alius
1461 2502 1563 2537 stylum
1581 2502 1652 2537 ejus,
1668 2506 1742 2530 certe
1758 2501 1884 2536 singula-

177 2552 236 2571 rem
260 2549 286 2571 et
316 2544 360 2572 vix
383 2554 399 2572 a
427 2545 558 2580 quopiam
590 2544 770 2579 imitabilem,
785 2549 840 2572 tam
871 2545 940 2572 scite
967 2545 1145 2579 expresserit,
1163 2549 1189 2572 ut
1208 2546 1281 2580 apud
1311 2545 1339 2573 S.
1367 2545 1531 2579 Pacianum,
1562 2554 1626 2574 sec.
1652 2555 1678 2575 Iv
1703 2546 1881 2580 scriptorem,

177 2596 332 2624 omnesque
347 2589 418 2616 alios
433 2597 481 2624 per
497 2588 646 2624 plusquam
663 2589 795 2616 undecim
811 2589 915 2616 secula
930 2590 963 2616 ad
980 2591 1127 2616 Erasmum
1144 2598 1241 2624 usque,
1259 2598 1308 2625 pro
1325 2591 1387 2625 ipso
1402 2590 1575 2617 Tertulliano
1603 2590 1743 2623 fefellerit,
1761 2594 1787 2618 et
1807 2590 1880 2618 nulli

178 2640 301 2668 unquam
319 2641 352 2660 ex
369 2633 434 2667 styli
449 2633 611 2660 diversitate
626 2633 770 2667 quidpiam
786 2634 820 2660 de
843 2633 898 2660 alio
914 2633 978 2660 libri
1005 2633 1087 2668 hujus
1111 2638 1224 2661 auctore
1247 2634 1424 2669 supoluerit?
1440 2635 1563 2661 Tandem
1589 2643 1654 2669 ergo
1677 2643 1711 2662 ex
1733 2635 1782 2662 illa
1810 2642 1882 2669 qua-

179 2678 320 2712 licumque
345 2678 459 2706 demum
490 2677 555 2712 styli
583 2677 773 2705 discordantia
804 2678 866 2712 plus
895 2678 973 2712 argui
1002 2686 1059 2706 non
1090 2687 1171 2714 posse
1194 2687 1353 2711 censentes,
1371 2687 1454 2714 quam
1471 2678 1687 2713 Tertullianum,
1705 2687 1769 2707 cum
1785 2679 1880 2707 adhuc

177 2723 311 2757 vegetiori
335 2726 407 2751 esset
432 2727 512 2750 aelate
541 2722 728 2757 vivacioriqne
751 2722 876 2757 ingenio,
894 2722 968 2749 hanc
997 2723 1181 2758 soriptionem
1208 2724 1374 2759 suscepisse.
1388 2723 1484 2750 Solent
1499 2723 1575 2750 enim
1599 2723 1714 2758 ingenia
1742 2723 1882 2758 ejusmodi

176 2767 281 2795 fervida
293 2775 326 2795 ac
342 2767 436 2803 agilia,
454 2768 542 2795 instar
558 2775 655 2802 apum,
671 2775 720 2801 per
737 2768 828 2794 varios
844 2770 927 2795 ﬂores
956 2767 1194 2803 circumvolitare,
1211 2772 1294 2803 atque
1323 2777 1357 2796 ex
1386 2768 1487 2795 alienis
1517 2768 1600 2795 etiam
1625 2768 1708 2795 rebus
1733 2768 1883 2803 allegorias

177 2815 203 2839 et
232 2813 410 2847 metaphoras
440 2820 586 2848 exsugere,
613 2820 751 2847 suumque
786 2812 815 2840 in
844 2813 952 2840 alveare
981 2820 1027 2840 eas
1050 2817 1238 2847 comportare.
1270 2813 1346 2840 Solet
1377 2813 1443 2841 itera
1472 2815 1553 2840 aetate
1577 2814 1683 2840 sensim
1713 2813 1884 2849 provectiori

177 2855 321 2884 subsidere
343 2856 434 2891 stilus,
451 2856 687 2892 temperatiorque
702 2864 728 2883 et
744 2856 884 2884 robustior
911 2856 982 2884 ﬁeri.
999 2857 1033 2883 Et
1060 2857 1182 2892 denique
1210 2857 1282 2885 haud
1312 2857 1395 2885 facile
1424 2857 1590 2892 scriptorem
1620 2858 1768 2893 quisquam
1803 2866 1882 2893 repe-

177 2899 240 2933 riet,
256 2901 304 2936 qui
331 2904 466 2937 perpetuo
495 2901 550 2929 sibi
578 2902 701 2937 constet,
718 2901 875 2936 praesertim
903 2901 926 2928 si
955 2908 1013 2929 non
1030 2908 1086 2928 uno
1103 2901 1240 2930 continuo
1255 2909 1338 2937 opere
1353 2901 1531 2937 protraxerit,
1547 2901 1594 2930 sed
1612 2909 1660 2937 per
1675 2901 1777 2937 varias,
1788 2910 1881 2938 neque
