4050 6388
397 379 553 441 1335
937 380 1460 442 TERTULLIANI
1505 379 1824 442 OPERUM
1869 378 2067 439 PARS
2110 377 2158 438 Ι.
2191 411 2268 421 -
2295 376 2566 438 SERIES
2611 377 2689 449 II,
2736 375 3215 438 DOGMATIGA.
3633 376 3796 437 I336

396 510 744 566 cohaerentes
799 510 1078 576 materias,
1111 511 1278 566 variis
1327 512 1678 582 temporibus
1722 511 1999 580 annisque
2045 510 2182 581 ipsis
2229 510 2608 578 interpolatae,
2653 508 3097 564 circumduxerit
3143 508 3446 563 calamum.
3483 509 3582 563 Est
3631 509 3790 563 enim

395 600 650 666 quaedam
713 603 912 666 suapte
968 607 1168 652 natura
1221 599 1432 653 tristior
1486 606 1583 653 aut
1639 599 1930 663 humilior,
1960 604 2125 666 atque
2168 611 2412 652 exsucca
2441 595 2639 664 magis,
2671 611 2792 665 quae
2818 595 3086 664 juvenilis
3121 610 3345 666 quoque
3374 596 3591 663 ingenii
3633 597 3790 666 vigo-

393 698 512 740 rem
569 683 702 738 satis
763 685 1025 737 retundat
1086 692 1251 753 atque
1308 683 1605 754 deprimat,
1639 691 1694 738 et
1749 693 1817 738 ad
1873 698 2039 752 quam
2092 682 2418 738 succulenta
2461 682 2805 749 czeteroquin
2838 682 3083 736 virorum
3133 681 3792 750 eloquentiavelutexa-

391 780 576 827 rescat
610 779 729 826 :est
782 781 970 826 autem
1023 773 1134 841 alia
1180 786 1375 828 rursus
1429 774 1662 828 materia
1717 773 1939 826 suavior
1985 771 2391 838 amteniorque,
2427 775 2484 824 et
2511 769 2692 837 ipsius
2719 769 2962 824 auctoris
3012 769 3241 839 ingenio
3285 770 3792 835 accommodatior,

389 876 514 929 quas
571 860 896 930 languidius
951 862 1290 930 caeteroquin
1348 861 1640 930 ingenium
1701 861 1837 914 satis
1891 859 2130 914 excitare
2181 875 2246 913 ac
2303 859 2590 913 stimulare
2643 865 2810 927 queat
2858 872 2874 911 :
2922 864 3007 913 est
3057 859 3302 927 denique
3356 858 3432 912 ita
3488 859 3642 912 vivax
3701 875 3772 913 ac

392 948 684 1003 radiosum
723 949 1010 1017 quidpiam
1040 947 1384 1018 diffundens,
1417 965 1540 1019 qua:
1571 948 1910 1004 scribentem
1941 947 2167 1016 penitus
2197 947 2502 1002 incendere
2548 961 2614 1001 ac
2644 948 3020 1012 inﬂammare,
3051 961 3218 1014 quem
3261 953 3314 1000 et
3375 961 3443 1000 ex
3491 953 3790 1002 senectute

383 1035 622 1105 jamjam
668 1035 938 1091 cinericia
995 1037 1090 1090 diu
1141 1037 1461 1106 consopitos
1515 1037 1800 1108 igniculos
1855 1036 2193 1106 quandoque
2250 1035 2520 1089 suscitare
2565 1034 2766 1089 valeat.
2793 1038 2938 1089 Sunt
2991 1034 3197 1090 deinde
3225 1032 3336 1088 alia
3365 1050 3606 1104 quoque,
3642 1035 3794 1088 scri-

392 1123 547 1177 benti
576 1123 824 1191 aliunde,
857 1139 922 1178 ac
957 1123 1105 1178 velut
1139 1140 1235 1192 per
1266 1123 1590 1193 obliquum,
1617 1125 1995 1193 advenientis,
2030 1139 2150 1194 quae
2201 1131 2384 1177 tamen
2429 1124 2497 1176 ad
2542 1122 2662 1190 ejus
2709 1123 3023 1192 ingenium,
3055 1129 3114 1176 ut
3162 1122 3239 1176 ita
3285 1121 3495 1187 dicam,
3541 1122 3795 1177 alterun-

385 1213 523 1266 dum
554 1213 892 1281 quandoque
935 1213 1173 1266 multum
1229 1220 1478 1283 possunt.
1507 1214 1650 1276 Quid
1691 1215 1896 1267 mirum
1950 1211 2144 1284 igitur.
2185 1211 2243 1266 si
2289 1227 2474 1280 neque
2521 1209 2904 1266 Tertullianus
2959 1211 3329 1280 undequaque
3379 1209 3487 1264 sibi
3543 1218 3792 1277 constet,

382 1301 500 1364 sed,
549 1315 682 1356 cum
734 1300 1018 1368 primitus,
1051 1301 1182 1356 licet
1223 1302 1349 1370 jam
1388 1301 1656 1357 adultiori
1699 1309 1883 1367 aetate,
1915 1318 1977 1356 se
2023 1301 2092 1354 ad
2144 1299 2503 1354 scribendum
2555 1299 2814 1366 contulit,
2846 1299 3111 1355 nonnihil
3140 1298 3398 1354 alacriori
3449 1299 3595 1366 stylo
3645 1313 3786 1352 usus

384 1389 570 1455 fuerit,
603 1389 870 1458 deinceps
920 1389 1048 1443 aliis
1097 1390 1156 1444 in
1205 1390 1326 1458 ejus
1375 1390 1642 1460 operibus
1691 1388 1956 1445 nonnihil
1991 1389 2170 1459 magis
2217 1387 2566 1454 subsidente,
2597 1388 2909 1458 majorique
2937 1388 3272 1443 eruditionis
3299 1395 3567 1457 apparatu
3620 1403 3792 1441 orna-

385 1484 508 1531 tum
540 1476 678 1531 velit
707 1491 1070 1546 compensare
1095 1477 1123 1531 ?

450 1565 509 1622 Si
533 1566 652 1636 jam
679 1581 812 1623 vero
843 1573 1064 1636 tempus
1093 1568 1297 1636 ipsum,
1332 1583 1441 1638 quo
1498 1568 1649 1624 hunc
1702 1575 1999 1623 tractatum
2053 1568 2379 1632 exaraverit,
2422 1566 2588 1636 paulo
2641 1565 3012 1636 propinquius
3059 1565 3399 1634 (quanquam
3450 1563 3504 1619 id
3553 1565 3794 1634 praecise

383 1653 505 1710 ﬁeri
555 1655 814 1724 nequeat)
864 1656 1278 1726 designandum
1325 1656 1415 1722 sit,
1450 1657 1525 1711 ita
1568 1658 1792 1725 opinor,
1837 1657 1982 1712 hanc
2029 1657 2422 1710 tractationem
2465 1663 2618 1710 certo
2667 1663 2797 1710 ante
2843 1669 3060 1708 annum
3102 1654 3310 1708 Christi
3365 1653 3470 1706 200
3500 1661 3553 1708 et
3583 1655 3792 1708 verisi-

384 1743 590 1797 militer
632 1759 784 1798 anno
829 1743 929 1796 197
970 1752 1069 1798 aut
1113 1744 1345 1800 fortasse
1395 1747 1695 1811 maturius,
1729 1744 1930 1799 litteris
1978 1747 2365 1813 consignatam
2412 1743 2605 1812 fuisse,
2655 1750 2806 1798 certe
2860 1751 3048 1798 autem
3091 1749 3145 1797 et
3196 1743 3392 1812 hujus,
3443 1748 3496 1795 et
3552 1742 3795 1797 alterius

385 1831 454 1885 de
480 1829 757 1900 baptismo
787 1831 1009 1901 scripti,
1041 1839 1263 1901 tempus
1296 1831 1439 1886 haud
1473 1832 1667 1903 procul
1701 1833 1943 1887 invicem
1975 1831 2201 1886 distare.
2237 1834 2321 1886 An
2353 1847 2481 1886 vero
2531 1831 2735 1885 librum
2800 1836 2883 1885 De
2946 1832 3228 1897 Baptismo
3279 1829 3412 1884 huic
3455 1830 3531 1884 de
3587 1830 3790 1884 Poeni-

384 1921 582 1987 tentia,
622 1935 696 1973 an
728 1919 880 1974 hunc
911 1919 1021 1986 illi,
1053 1919 1342 1974 scribendi
1371 1921 1595 1990 ordine,
1624 1920 2008 1990 subjunxerit,
2043 1919 2128 1972 vix
2162 1920 2471 1991 quidquam
2504 1919 2874 1975 determinari
2918 1926 3119 1988 potest.
3152 1917 3536 1974 Verisimilius
3583 1926 3785 1973 tamen

385 2005 528 2059 mihi
587 2005 817 2074 quidem
875 2006 1113 2077 videtur,
1147 2007 1549 2077 subjunxisse;
1581 2009 1627 2063 si
1676 2008 1832 2063 enim
1893 2007 2047 2062 hunc
2103 2007 2175 2062 de
2212 2009 2539 2062 Ptenitentia
2598 2005 2982 2075 praemisisset,
3012 2008 3202 2072 credo,
3262 2007 3324 2060 in
3381 2021 3505 2075 cap.
3559 2004 3667 2059 ult.
3715 2005 3790 2059 de

383 2093 685 2163 Baptismo,
719 2094 814 2148 ubi
862 2095 932 2150 de
986 2096 1342 2164 poenitentia,
1376 2096 1656 2166 baptismo
1715 2098 1894 2152 instar
1951 2112 2062 2165 prae
2117 2097 2394 2152 orationis
2450 2096 2864 2165 prtemittenda,
2894 2096 3030 2163 agit,
3065 2095 3254 2163 hujus,
3304 2109 3404 2149 ceu
3457 2095 3577 2162 jam
3635 2093 3787 2148 alibi

379 2181 563 2237 fusius
618 2193 988 2254 pertractatas,
1051 2186 1255 2240 I226
1314 2185 1655 2242 nonnullam
1712 2186 2060 2241 mentionem
2125 2185 2399 2241 facturum
2453 2186 2647 2240 fuisse.
2706 2184 2864 2239 Certe
2943 2191 3130 2239 autem
3212 2183 3271 2238 in
3329 2183 3455 2251 ipso
3512 2183 3656 2238 libro
3716 2183 3790 2238 de

377 2272 661 2341 Baptismo
711 2273 781 2326 ad
840 2274 1016 2328 ﬁnem
1074 2289 1201 2344 cap.
1235 2275 1304 2329 45
1358 2275 1594 2330 lectores
1624 2291 1753 2330 suos
1809 2276 1876 2328 ad
1938 2275 2112 2328 alium
2145 2275 2213 2329 de
2270 2275 2467 2328 eodem
2530 2273 2996 2341 Iractatum,iam
3059 2280 3226 2327 antea
3286 2271 3468 2328 Graeco
3523 2287 3789 2327 sermone

378 2366 686 2426 exaratum,
719 2359 956 2417 solerter
985 2363 1239 2418 remittit.
1265 2362 1400 2427 Quis
1429 2378 1559 2434 ergo
1591 2363 1740 2418 male
1769 2363 1988 2418 videtur
2029 2362 2272 2432 cpinari,
2300 2362 2346 2415 si
2407 2361 2699 2416 materiam
2759 2361 2909 2416 hanc
2964 2360 3031 2415 de
3087 2361 3443 2425 Pwnitencia,
3477 2375 3642 2429 quam
3703 2361 3782 2415 ad

377 2450 596 2506 calcem
654 2449 786 2505 libri
843 2450 907 2506 de
956 2452 1116 2523 Bapt.
1164 2451 1431 2509 nonnihil
1490 2452 1714 2509 brevius
1765 2452 2188 2522 perstrinxerat,
2222 2466 2368 2507 novo
2426 2449 2688 2514 consilio,
2721 2457 2772 2505 et
2833 2449 2894 2504 in
2925 2447 3195 2518 peculiari
3240 2447 3386 2504 libro
3435 2448 3781 2518 ampliorem

379 2539 504 2610 ejus
566 2539 958 2595 tractationem
1015 2546 1208 2609 postea
1264 2541 1580 2609 suscepisse
1633 2541 1875 2611 dicatur,
1908 2549 1962 2596 et
2013 2540 2243 2611 quidem
2301 2539 2504 2610 partim
2563 2539 2623 2593 in
2683 2538 3226 2594 catechumenorum
3282 2536 3544 2606 gratiam,
3602 2544 3666 2592 ut
3719 2531 3783 2592 hi

378 2641 444 2682 eo
506 2627 784 2696 majorem
842 2628 911 2682 de
970 2627 1234 2698 baptismi
1291 2629 1469 2700 pretio
1525 2629 1960 2685 aestimationem
2019 2629 2410 2699 conciperent,
2442 2643 2608 2697 quem
2666 2626 3045 2697 intelligerent
3102 2633 3212 2682 tam
3257 2624 3556 2681 laboriosis
3584 2625 3778 2695 poeni-

384 2715 581 2771 tentiae
611 2715 877 2786 cperibus
901 2719 1352 2787 comparandum
1383 2717 1551 2775 esse?
1582 2719 1790 2785 Quidni
1821 2701 1950 2788 ergo
1979 2718 2042 2773 in
2093 2718 2180 2774 his
2216 2733 2277 2773 se
2323 2733 2390 2772 eo
2431 2715 2739 2773 ardentiori
2777 2715 3048 2785 deinceps
3105 2715 3290 2771 studio
3325 2717 3675 2782 exercerent,
3710 2719 3784 2770 ut

379 2809 496 2859 tam
546 2804 771 2874 largiter
826 2806 1176 2875 pr0positum
1234 2806 1498 2878 baptismi
1555 2808 1874 2878 praemium,
1907 2808 2140 2878 ejusque
2196 2807 2457 2876 gratiam,
2487 2821 2553 2861 eo
2597 2803 2808 2861 certius
2836 2809 3340 2874 consequerentur,
3371 2819 3549 2874 eoque
3594 2805 3784 2859 tutius

380 2893 652 2963 deinceps
683 2903 1080 2950 conservarent
1103 2894 1130 2949 ?

451 2983 706 3054 Denique
759 3000 887 3042 vero
946 2970 1280 3057 praeclarum
1339 2988 1410 3044 de
1447 2987 1554 3044 hoc
1607 2986 1751 3043 libro
1803 2986 2084 3056 judicium
2142 2987 2491 3042 audiendum
2547 2992 2652 3051 est,
2683 2985 2832 3056 quod
2889 2985 3009 3055 ipse
3064 2983 3264 3040 Beatus
3324 2983 3658 3049 Rhenanus,
3687 2983 3788 3040 vir

382 3073 576 3143 magni
599 3073 823 3142 judicii,
856 3073 914 3129 in
952 3076 1241 3143 praemisso
1270 3076 1343 3130 ad
1392 3077 1652 3132 eumdem
1684 3085 2018 3146 argumento
2072 3076 2221 3145 tulit,
2244 3092 2453 3145 nempe
2487 3095 2510 3124 ι
2541 3076 3016 3132 commentarium
3075 3073 3228 3130 hunc
3280 3089 3403 3130 esse
3458 3073 3783 3144 ejusmodi,

387 3167 450 3216 ut
481 3159 725 3232 theologi
751 3177 881 3217 eum
911 3162 1156 3219 debeant
1185 3164 1252 3219 ad
1283 3179 1525 3234 unguem
1577 3164 1864 3231 ediscere;
1898 3180 2029 3221 nam
2060 3165 2368 3235 egregium,
2403 3185 2433 3214 »
2465 3164 2665 3235 pergit,
2699 3184 2728 3213 «
2763 3168 3200 3219 monumentum
3238 3170 3322 3218 est
3377 3160 3739 3232 antiquitatis
3767 3179 3784 3228 ;

382 3256 496 3304 tam
533 3258 729 3306 sancte
758 3251 944 3320 docet,
978 3260 1090 3307 tam
1124 3253 1213 3322 pie
1238 3255 1458 3322 suadet,
1490 3257 1606 3308 tam
1655 3254 1931 3309 instanter
1961 3261 2120 3322 urget
2180 3269 2298 3308 rem
2341 3253 2744 3310 ecclesiasticas
2785 3251 3110 3321 disciplinis
3149 3266 3510 3320 summopere
3567 3265 3782 3306 neces-

381 3339 606 3406 sariam,
642 3339 1081 3406 Exonosocssm,
1115 3342 1221 3398 hoc
1277 3349 1380 3408 est,
1407 3346 1600 3398 actum
1658 3349 1711 3398 et
1761 3342 2143 3398 ministerium
2202 3343 2570 3412 paenitentiae.
2600 3364 2622 3391 ι
2657 3341 2819 3397 Certe
2869 3347 3058 3396 autem
3109 3347 3169 3395 ut
3208 3339 3418 3410 passim
3451 3355 3518 3394 ex
3549 3338 3788 3394 Tertul-

380 3425 536 3482 liano
591 3427 798 3482 veteris
850 3429 1119 3485 Ecclesiae
1177 3431 1510 3488 traditiones
1559 3439 1613 3486 et
1669 3431 2032 3502 disciplinam
2089 3431 2458 3501 addiscimus,
2491 3432 2569 3486 ita
2597 3430 2768 3486 etiam
2803 3429 2916 3498 hic,
2951 3429 3162 3498 insigni
3214 3436 3412 3486 contra
3465 3435 3775 3483 novatores

379 3522 606 3570 nostros
640 3514 899 3586 utilitate,
935 3519 1164 3574 modum
1189 3520 1424 3588 agendae
1455 3521 1826 3590 paenitentiae,
1860 3528 2027 3591 prout
2057 3535 2118 3575 ea
2152 3520 2349 3589 primis
2381 3535 2509 3575 mox
2531 3519 2755 3575 saeculis
2785 3526 2841 3574 et
2873 3519 3064 3589 utique
3092 3534 3162 3574 ex
3189 3515 3500 3588 apostolica
3532 3516 3779 3572 institu-

381 3601 556 3668 tione,
587 3601 676 3671 agi
707 3614 1096 3671 consueverat,
1130 3607 1366 3676 pulchre
1395 3607 1687 3678 solidaque
1715 3609 2006 3664 docemur.
2037 3607 2207 3663 Laur.

451 3711 854 3763 ARGUMENTUM.
896 3708 1182 3781 Principio
1221 3714 1536 3780 generatim
1566 3716 1635 3770 de
1666 3715 2004 3784 paenitentia
2034 3720 2333 3784 pertractat
2366 3713 2512 3782 (cap.
2548 3713 2600 3783 1)
2631 3729 2871 3784 eamque
2928 3713 3310 3769 necessariam
3369 3709 3612 3766 adstruit
3669 3726 3780 3779 pro

381 3794 647 3850 omnibus
707 3797 950 3865 peccatis
998 3809 1051 3853 et
1107 3800 1348 3868 delictis,
1379 3818 1476 3857 seu
1533 3817 1728 3867 carne,
1759 3819 1857 3858 seu
1898 3802 2125 3871 Spiritu,
2157 3817 2253 3856 seu
2288 3801 2458 3865 facto,
2487 3818 2583 3858 seu
2616 3800 2901 3857 voluntate
2929 3801 3256 3857 commissis
3310 3801 3456 3872 (cap.
3491 3799 3570 3871 4).
3633 3799 3781 3856 Dein

379 3884 492 3938 duo
534 3884 828 3952 distinguit
883 3887 1231 3957 poenitentiae
1279 3906 1504 3959 genera.
1539 3891 1696 3946 Prior
1731 3899 1836 3958 est,
1884 3908 2008 3961 quae
2058 3890 2343 3961 baptismo
2391 3891 2560 3946 debet
2604 3891 2869 3962 praemitti
2921 3908 2954 3946 a
3009 3891 3457 3956 catechumenis,
3499 3905 3597 3944 seu
3649 3904 3782 3959 qua

379 3972 565 4040 agitur
612 3983 747 4029 ante
794 3973 1136 4044 baptismum
1184 3981 1330 4047 (cap.
1379 3980 1471 4048 6);
1518 3981 1794 4048 posterior
1841 3995 2062 4049 eorum,
2114 3980 2211 4050 qui
2257 3979 2316 4035 in
2369 3987 2596 4049 peccata
2645 3980 2838 4043 gravia
2887 3986 3010 4050 post
3077 3979 3422 4048 baptismum
3470 3979 3782 4034 infeliciter

381 4059 548 4129 lapsi,
578 4077 645 4116 ex
696 4062 766 4117 iis
821 4072 1130 4133 exsurgunt
1187 4082 1422 4134 operosa
1479 4068 1828 4138 pmnitentia.
1868 4067 1930 4122 In
1992 4069 2162 4137 priori
2223 4082 2377 4137 parte
2406 4067 2800 4123 necessitatem
2833 4083 2956 4122 sese
2985 4067 3265 4137 prodendi
3317 4074 3502 4135 urget,
3535 4075 3587 4122 et
3647 4082 3779 4123 sese

382 4149 737 4217 praeparandi
783 4151 851 4204 ad
903 4150 1166 4220 baptismi
1215 4153 1451 4221 gratiam
1507 4171 1636 4208 vera
1676 4155 2030 4224 paenitentia.
2065 4154 2413 4224 Baptismum
2464 4154 2694 4210 inanem
2746 4169 2869 4209 esse
2899 4169 3016 4210 non
3058 4161 3279 4210 veretur
3335 4169 3606 4222 asserere,
3640 4168 3778 4210 cum

377 4235 624 4305 aliquem
657 4245 1016 4306 peccatorum
1067 4256 1301 4297 suorum
1351 4259 1467 4297 non
1514 4243 1800 4311 pcnnituit,
1833 4259 1940 4300 nec
1989 4243 2106 4299 vita
2151 4242 2495 4308 emendavit,
2527 4250 2580 4299 et
2627 4259 2830 4298 vanam
2879 4258 3002 4299 esse
3048 4241 3338 4313 ﬁduciam,
3371 4242 3481 4299 sibi
3539 4242 3778 4313 ﬁngere,

378 4338 505 4380 cum
539 4326 665 4396 quis
695 4342 863 4396 prave
889 4329 957 4382 ad
994 4328 1258 4398 baptismi
1289 4347 1464 4400 usque
1493 4332 1648 4387 diem
1683 4333 1902 4398 vixerit,
1934 4349 2062 4388 eum
2096 4339 2328 4402 repente
2356 4332 2413 4387 in
2461 4332 2652 4389 virum
2692 4335 2952 4389 sanctum
3006 4347 3326 4402 evasurum,
3357 4339 3414 4388 et
3458 4349 3492 4387 a
3539 4338 3775 4403 peccato

376 4411 711 4484 desiturum,
745 4414 842 4470 ubi
887 4416 1136 4486 primum
1195 4416 1336 4473 illud
1405 4429 1826 4475 sacramentum
1889 4421 2166 4491 receperit
2194 4425 2346 4492 (cap.
2377 4421 2455 4491 6).
2489 4420 2782 4477 Tractatus
2825 4421 2991 4490 hujus
3048 4437 3176 4491 pars
3227 4420 3508 4492 posterior
3547 4411 3646 4476 est
3701 4421 3777 4476 de

377 4501 721 4570 ptenitencia
768 4511 894 4573 post
949 4503 1311 4575 baptismum,
1347 4522 1471 4576 quae
1522 4509 1946 4578 Exomologesis
1997 4509 2225 4564 dicitur.
2258 4508 2519 4564 Testatur
2563 4523 2689 4578 cap.
2739 4507 2797 4572 7)
2841 4507 2998 4565 illico
3045 4524 3107 4565 se
3135 4525 3283 4580 aegre
3310 4510 3382 4565 de
3413 4508 3519 4565 hac
3574 4515 3766 4579 poste-

375 4589 523 4645 riore
559 4592 894 4660 paenitentia
940 4593 1115 4663 IOqui,
1148 4611 1270 4664 quae
1316 4606 1602 4665 postrema
1649 4613 1777 4666 spes
1825 4605 1909 4652 est
1955 4597 2026 4653 iis
2077 4597 2312 4667 reliqua,
2361 4597 2458 4666 qui
2522 4595 2884 4665 criminibus,
2935 4596 2996 4652 h.
3047 4612 3098 4653 e.
3159 4597 3409 4668 peccatis
3484 4595 3772 4653 atrocibus

373 4683 504 4748 post
533 4679 878 4748 baptismum
907 4697 966 4737 se
986 4683 1434 4753 obstrinxerunt,
1463 4702 1556 4751 ne,
1590 4688 1799 4757 inquit,
1831 4688 1902 4742 de
1941 4687 2046 4744 hac
2096 4702 2242 4742 nova
2279 4703 2313 4742 a
2351 4687 2598 4756 peccatis
2647 4687 2986 4758 exsurgendi
3043 4687 3265 4743 ratione
3300 4688 3540 4758 agendo,
3571 4703 3604 4741 a
3656 4687 3770 4742 Deo

375 4767 540 4823 nobis
577 4767 783 4836 oblata,
814 4769 884 4826 de
931 4787 1076 4827 novo
1114 4775 1389 4842 peccandi
1445 4775 1587 4829 viam
1629 4775 1848 4845 aperire
1896 4775 2167 4830 videatur.
2209 4774 2372 4830 Illius
2417 4781 2616 4846 postea
2660 4775 3010 4845 poenitentia:
3060 4774 3302 4844 publica:
3340 4774 3771 4842 Exomologesis

371 4853 536 4913 dictae
565 4873 798 4927 operosa
827 4858 1078 4929 depingit
1108 4863 1374 4917 exercitia
1408 4864 1550 4932 (cap.
1586 4864 1664 4934 9),
1695 4865 1819 4932 ejus
1848 4863 2246 4920 necessitatem
2273 4863 2624 4919 demonstrat
2651 4865 2798 4935 (cap.
2836 4865 2948 4933 11),
2979 4879 3046 4921 ac
3078 4863 3308 4920 tandem
3338 4880 3436 4921 eos
3485 4864 3768 4935 obiurgat,

370 4961 512 5016 quos
538 4962 663 5004 eam
692 4947 959 5017 amplecti
989 4949 1255 5018 pudebat,
1289 4951 1625 5008 criminibus
1657 4961 1780 5023 post
1815 4951 2161 5024 baptismum
2191 4951 2458 5008 admissis
2483 4951 2633 5024 (cap.
2669 4953 2780 5024 10).

781 5321 983 5376 ηπ
1019 5319 1245 5377 CAPUT
1287 5322 1596 5378 PRIMUM.
2116 5323 2229 5396 ipsi
2261 5328 2413 5380 retro
2445 5323 2685 5390 fuimus,
2711 5322 2869 5389 caeci,
2901 5322 3027 5379 sine
3045 5322 3276 5379 Domini
3301 5322 3766 5390 1umine,natura

437 5408 836 5464 Paenitentiam
870 5409 948 5480 (1)
975 5409 1085 5465 hoc
1124 5425 1311 5482 genus
1360 5410 1688 5479 hominum,
1751 5414 1906 5483 quod
1950 5417 2008 5469 et
2114 5417 2286 5470 tenus
2311 5417 2526 5469 norunt
2555 5412 2889 5484 passionem
2921 5411 3105 5468 animi
3139 5412 3434 5484 quandam
3469 5428 3600 5468 esse
3630 5429 3766 5485 quae

1791 5558 2313 5622 Commentarios.

432 5673 509 5744 (1)
537 5676 718 5753 Multa
749 5677 1075 5753 fuereolim
1104 5681 1160 5733 et
1189 5680 1480 5753 recentius
1537 5681 1703 5737 docte
1761 5680 1990 5753 sapien-
2101 5681 2278 5738 simul
2309 5681 2381 5738 de
2414 5680 2722 5753 multiplici
2747 5683 3007 5753 veterum
3038 5680 3506 5737 Christianorum
3567 5679 3757 5753 paeni-

367 5745 567 5817 terque
597 5747 752 5805 dicta
795 5749 867 5805 de
909 5749 1152 5818 hujusce
1200 5748 1335 5806 libri
1391 5757 1755 5825 argumento,
1813 5745 1998 5811 multa
2105 5754 2308 5823 tentia,
2329 5769 2395 5811 ac
2426 5745 2748 5828 prtesértim
2777 5752 2849 5810 de
2876 5768 2945 5810 ea
2972 5768 3098 5826 qua
3125 5757 3363 5810 vocatur
3389 5745 3754 5821 Exomblogw
