4050 6344
326 362 471 422 1341

1554 366 1785 427 LIBER
1826 366 1927 426 DE
1971 365 2509 431 PCENITENTIA.

3577 371 3732 431 1342

324 495 477 562 ciat;
511 496 901 553 dubitandum
936 502 1047 563 est,
1082 500 1235 555 sicut
1283 500 1340 555 in
1389 500 1679 555 universis
1737 500 1966 555 actibus
1997 501 2049 566 Α
2080 500 2448 569 injudicium
2490 504 2883 558 suscitentur:
2919 503 3057 574 quia
3097 502 3319 558 scilicet
3376 502 3592 574 pariter
3638 507 3739 558 aut

327 590 567 655 nostris,
603 585 683 641 ita
716 588 772 640 in
807 589 1157 659 pmnitentiaa
1179 607 1412 660 quoque
1444 608 1642 656 causa,
1679 591 1975 661 justitiam

323 674 440 729 Deo
474 677 865 745 prestandam
899 678 1073 732 esse?
1117 680 1272 749 quod
1306 680 1545 749 quidem
1606 680 1688 734 ita
1742 680 1973 749 impleri

324 763 546 831 licebit,
579 764 628 819 si
661 767 915 836 peccatis
949 767 1321 823 solummodo
1363 769 1733 823 adhibeatur.
1800 769 1974 824 Porro

324 858 658 923 peccatum,
693 853 805 908 nisi
839 856 1057 910 malum
1097 857 1337 925 factum,
1370 858 1483 911 dici
1519 875 1629 911 non
1675 862 1970 926 meretur;

324 956 430 996 nec
460 940 771 1012 quisquam
804 944 1220 1000 benelaciendo
1242 945 1553 1016 delinquit.
1586 948 1747 1010 Quod
1774 947 1821 1001 si
1857 964 1971 1001 non

320 1027 632 1100 delinquit.
664 1032 864 1087 I23]
906 1048 1011 1088 cur
1042 1035 1441 1105 pmnitentiam
1484 1035 1727 1099 invadit,
1783 1036 1972 1091 delin-

320 1120 626 1189 quentium
662 1120 701 1155 ³⁸
746 1121 1038 1192 privatum
1084 1124 1218 1195 (20),
1275 1140 1380 1181 cur
1416 1124 1653 1179 malitiae
1708 1125 1968 1180 officium

322 1206 571 1263 bonitati
604 1226 725 1265 sua;
754 1211 1046 1281 imponit?
1079 1212 1159 1266 ita
1188 1213 1398 1282 evenit,
1451 1222 1514 1268 ut
1570 1230 1703 1269 cum
1746 1213 1969 1284 aliquid

323 1296 421 1351 ubi
455 1313 569 1353 non
602 1304 829 1370 oportet
848 1300 1184 1371 adhibetur,
1234 1300 1357 1358 illic
1389 1303 1489 1357 ubi
1522 1310 1751 1374 oportet
1785 1303 1968 1375 negli-

321 1390 458 1456 gatu
470 1403 513 1439 r.

955 1478 1191 1535 CAPUT
1249 1480 1345 1536 IIl.

395 1568 654 1629 Quorum
683 1581 819 1636 ergo
854 1568 1381 1640 pmnitentiajusto
1412 1574 1469 1625 et
1528 1569 1718 1625 debita
1775 1569 1967 1625 videa-

319 1656 435 1719 tur,
470 1653 528 1707 id
552 1659 660 1724 est,
695 1671 825 1725 qua
855 1656 1066 1712 delicto
1097 1659 1433 1729 deputanda
1466 1660 1605 1726 sint,
1629 1658 1790 1715 locus
1834 1660 1970 1730 qui-

320 1742 454 1796 dem
490 1743 820 1813 expostulat
862 1746 1161 1812 denotare,
1204 1748 1303 1802 sed
1332 1750 1587 1804 otiosum
1623 1748 1805 1803 videri
1866 1765 1967 1819 po-

2087 591 2569 661 deliquerint,aut
2599 594 2638 627 ίτ
2672 595 3015 647 innocenter
3032 592 3480 663 cgerint.Hoceo
3506 592 3735 663 praemi-

2086 681 2433 744 serimus,ut
2465 699 2575 735 non
2609 684 2891 737 minorem
2911 682 3074 735 alteri
3098 697 3274 751 quam
3301 680 3537 751 utrique
3560 681 3733 751 parti,

2085 769 2303 838 siquid
2352 770 2684 840 deliquerit,
2739 770 3091 842 pmnitentize
3150 770 3352 825 I232
3412 770 3736 825 necessita-

2082 860 2199 910 tem
2250 857 2649 927 intelligamus
2710 860 3063 929 impendere.
3126 859 3467 913 Communis
3535 863 3731 913 reatus

2083 946 2389 1001 amborum
2410 954 2519 1013 est,
2553 949 2886 1002 communis
2916 954 2973 1001 et
3012 948 3218 1015 judex,
3269 947 3423 1002 Deus
3473 946 3727 1001 scilicet:

2081 1036 2413 1090 communis
2446 1036 2624 1101 igitur
2655 1042 2709 1092 et
2728 1036 3084 1108 poenitentiae
3105 1035 3348 1091 medela.
3374 1036 3593 1091 Exinde
3616 1035 3736 1106 spi-

2081 1122 2272 1178 ritalia
2302 1127 2361 1179 et
2393 1126 2718 1195 corporalia
2770 1125 3172 1189 nominantur,
3234 1124 3391 1196 quod
3450 1123 3734 1179 delictum

2080 1228 2272 1281 omne,
2304 1218 2406 1268 aut
2436 1216 2649 1285 agitur,
2683 1223 2786 1269 aut
2834 1216 3150 1285 cogitatur,
3186 1219 3248 1268 ut
3291 1213 3589 1284 corporale
3637 1214 3733 1275 sit,

2079 1302 2232 1370 quod
2268 1302 2325 1355 in
2358 1302 2510 1357 facto
2542 1310 2671 1358 est:
2705 1304 2842 1371 quia
2874 1304 3119 1369 factum,
3156 1308 3217 1357 ut
3248 1319 3483 1374 corpus,
3534 1307 3590 1356 et
3649 1302 3735 1355 vi-

2080 1390 2204 1444 deri
2237 1396 2296 1445 et
2317 1392 2579 1463 contingi
2612 1392 2803 1447 habet.
2840 1392 3115 1463 Spiritale
3147 1409 3301 1447 vero.
3334 1392 3491 1462 quod
3513 1391 3569 1445 in
3604 1391 3734 1445 ani-

2079 1484 2298 1541 moest,
2353 1481 2493 1550 quia
2523 1482 2767 1551 spiritus
2818 1497 3008 1551 neque
3058 1480 3305 1548 videtur,
3358 1494 3544 1550 neque
3579 1483 3735 1533 tene-

2076 1583 2213 1637 tur;
2251 1583 2355 1638 per
2378 1570 2531 1639 quod
2556 1570 2887 1625 ostenditur
2910 1586 3024 1624 non
3056 1569 3215 1638 :facti
3258 1570 3472 1632 solum,
3529 1583 3736 1622 verum

2078 1662 2133 1709 et
2164 1656 2481 1712 voluntatis
2528 1658 2741 1712 delicta
2790 1658 3028 1712 vitanda
3082 1662 3141 1712 et
3199 1655 3541 1727 pmnitentia
3597 1671 3736 1726 pur-

2074 1746 2267 1814 ganda
2302 1762 2453 1801 esse.
2486 1746 2685 1817 Neque
2710 1747 2867 1801 enim
2921 1747 2968 1801 si
3029 1746 3398 1801 mediocritas
3454 1744 3737 1808 humana,

319 1834 436 1884 test
465 1831 601 1902 (21),
638 1833 881 1888 Domino
910 1836 1068 1890 enim
1115 1836 1369 1907 cognito,
1432 1836 1583 1892 ultro
1634 1838 1876 1906 spiritus
1937 1854 1970 1891 a
2004 1875 2050 1938 Β
2082 1834 2215 1888 facti
2252 1835 2292 1871 ¹⁸
2324 1834 2519 1889 solum
2545 1836 2938 1906 judicat(22),
2974 1836 3113 1906 quia
3144 1834 3464 1890 voluntatis
3497 1834 3737 1888 latebris

323 1935 432 1973 suo
474 1924 714 1976 auctore
744 1928 1045 1994 respectus
1077 1926 1325 1995 emergit
1356 1926 1426 1980 ad
1461 1926 1731 1981 notitiam
1763 1926 1973 1981 verita-

324 2006 425 2074 tis,
459 2012 515 2062 et
539 2009 840 2065 admissus
871 2012 941 2065 ad
988 2011 1291 2068 Dominica
1352 2020 1663 2086 przscepta,
1716 2032 1786 2069 ex
1835 2013 1983 2085 ipsis

338 2096 543 2151 statim
575 2098 859 2166 eruditur,
900 2098 955 2154 id
1019 2107 1253 2171 peccata
1292 2102 1718 2174 deputandum,
1781 2120 1813 2158 a
1867 2118 1981 2173 quo

336 2183 493 2240 Deus
528 2189 1037 2253 arceat.Quoniam
1070 2206 1203 2244 cum
1224 2191 1406 2245 Deum
1431 2193 1651 2264 grande
1673 2191 1813 2263 quid
1847 2191 1981 2247 boni

337 2279 565 2329 constet
594 2292 742 2338 esse,
781 2277 983 2349 utique
1018 2278 1168 2333 bono
1200 2279 1313 2335 nisi
1342 2280 1563 2335 malum
1618 2298 1730 2336 non
1774 2282 1980 2354 displi-

336 2369 513 2431 ceret,
544 2366 698 2435 quod
723 2366 874 2420 inter
899 2367 1190 2422 contraria
1218 2368 1329 2423 sibi
1364 2370 1525 2425 nulla
1565 2371 1825 2427 amicitia
1869 2378 1979 2428 est.

336 2450 735 2524 Perstringere
769 2459 966 2510 tamen
1000 2473 1112 2511 non
1147 2457 1385 2528 pigebit,
1429 2458 1774 2515 delictorum
1831 2479 1981 2531 quaa-

335 2540 469 2594 dam
515 2557 645 2596 esse
705 2544 985 2612 carnalia,
1046 2546 1101 2599 id
1163 2551 1251 2601 est
1307 2547 1654 2619 corporalia,
1715 2550 1981 2620 quaedam

334 2645 469 2683 vero
493 2630 799 2701 spiritalia.
830 2633 975 2689 Nam
1008 2650 1139 2689 cum
1175 2651 1242 2689 ex
1274 2634 1383 2691 hoc
1414 2636 1666 2708 duplicis
1705 2638 1981 2694 substan-

338 2716 430 2773 tiae
455 2720 905 2791 congregatione
936 2724 1237 2779 confectus
1256 2724 1429 2780 homo
1461 2726 1557 2792 sit,
1619 2743 1733 2781 non
1792 2727 1981 2783 aliun-

338 2805 409 2860 de
442 2806 745 2878 delinquit,
779 2826 957 2880 quam
991 2813 1145 2867 unde
1177 2814 1554 2870 constat.Sed
1590 2832 1703 2869 non
1737 2832 1802 2871 eo
1834 2818 1984 2872 inter

340 2910 401 2949 se
424 2896 726 2964 differunt,
769 2900 922 2969 quod
984 2916 1197 2972 corpus
1261 2907 1318 2957 et
1357 2902 1603 2975 spiritus
1666 2905 1780 2960 duo
1806 2910 1982 2973 sunt;

338 2984 597 3055 alioquin
632 3003 697 3042 eo
731 2988 915 3059 magis
949 2990 1105 3061 patia
1137 2997 1297 3058 sunt,
1329 2991 1468 3061 quia
1498 2992 1614 3047 duo
1651 3010 1834 3048 unum
1867 2994 1985 3049 efﬁ-

339 3072 532 3128 ciunt:
565 3092 636 3131 ne
681 3077 814 3148 quis
868 3094 971 3149 pro
1025 3079 1356 3135 diversitate
1416 3081 1792 3137 materiarum
1852 3100 1983 3155 pec-

340 3167 465 3216 cata
498 3180 695 3219 eorum
729 3166 1050 3232 discerunt,
1083 3173 1144 3222 ut
1168 3167 1414 3223 alterum
1438 3169 1619 3225 altero
1668 3169 1851 3227 levius
1882 3176 1985 3227 aut

2094 1940 2197 1994 par
2220 1940 2333 1978 non
2366 1930 2473 1989 est,
2507 1925 2722 1979 idcirco
2754 1924 3002 1979 crimina
3044 1927 3172 1993 ejus
3212 1923 3388 1978 etiam
3450 1922 3559 1977 sub
3620 1921 3736 1976 Deo

2094 2011 2483 2083 negligemus,
2520 2021 2666 2068 Deus
2697 2014 2755 2067 in
2789 2014 2986 2068 omnia
3025 2013 3263 2067 sufficit.
3325 2011 3478 2067 Nihil
3529 2028 3562 2065 a
3604 2026 3740 2065 cou-

2093 2108 2296 2173 spectu
2329 2102 2457 2172 ejus
2481 2108 2790 2169 remotum,
2842 2102 2998 2157 unde
3058 2103 3297 2157 omnino
3354 2100 3740 2172 delinquitur.

2094 2190 2240 2255 Quia
2270 2207 2383 2246 non
2416 2190 2647 2263 ignorat
2667 2207 2769 2245 nes
2803 2191 3041 2256 omittit,
3106 2190 3423 2260 quominus
3471 2189 3531 2243 in
3590 2187 3743 2261 judi-

2092 2279 2247 2335 cium
2280 2281 2571 2335 decernat.
2604 2278 3018 2335 Dissimulator
3064 2283 3120 2334 et
3161 2278 3569 2350 praevaricator
3623 2277 3737 2348 (23)

2094 2368 2460 2439 perspicaciaa
2492 2385 2610 2423 suae
2643 2384 2757 2423 non
2790 2372 2895 2423 est.
2930 2368 3077 2431 Quid
3136 2367 3292 2438 quod
3340 2368 3610 2421 voluntas
3667 2366 3744 2421 fa-

2093 2457 2169 2512 cti
2200 2458 2360 2529 origo
2390 2456 2517 2512 est?
2548 2456 2814 2512 Viderint
2844 2458 3029 2524 enim,
3064 2455 3114 2511 si
3145 2473 3261 2526 qua
3292 2455 3477 2521 casui,
3510 2460 3611 2509 aut
3642 2470 3740 2509 ne-

2093 2546 2374 2611 cessitati,
2404 2552 2506 2601 aut
2537 2547 2882 2619 ignorantia:
2924 2546 3332 2617 imputantur:
3386 2544 3603 2615 quibus
3647 2559 3740 2599 ex-

2092 2634 2278 2705 ceptis
2303 2635 2429 2704 jam
2460 2651 2575 2690 nou
2607 2636 2735 2706 [nisi
2792 2635 3093 2691 voluntate
3152 2634 3535 2706 delinquitur.
3596 2633 3741 2689 Cum

2092 2739 2228 2793 ergo
2260 2724 2395 2778 facti
2427 2723 2588 2795 origo
2620 2732 2727 2788 est,
2761 2740 2875 2779 non
2922 2729 3086 2778 tanto
3143 2724 3335 2795 potior
3386 2724 3456 2777 ad
3507 2737 3738 2793 poenam

2093 2817 2201 2878 est,
2225 2817 2441 2881 quanto
2473 2812 2815 2884 principalis
2847 2814 2915 2867 ad
2950 2812 3216 2883 culpam:
3281 2828 3412 2883 quas
3467 2826 3539 2866 ne
3597 2817 3741 2865 tunc

2094 2900 2331 2970 quidem
2356 2899 2658 2967 liberatur,
2692 2917 2825 2955 cum
2858 2900 3055 2972 aliqua
3085 2900 3407 2955 difﬁcultas
3439 2903 3734 2971 perpetra-

2091 2988 2309 3043 tionem
2351 2990 2478 3059 ejus
2511 2989 2821 3061 intercipit.
2866 2990 2999 3061 Ipsa
3029 2988 3183 3045 enim
3217 2989 3326 3043 sibi
3388 2989 3737 3059 imputatur,

2094 3094 2198 3132 nec
2219 3078 2485 3133 excusari
2518 3079 2729 3150 poterit
2761 3095 2861 3150 per
2891 3078 3052 3133 illam
3108 3077 3445 3149 perﬁciendi
3502 3074 3747 3130 infelici-

2094 3172 2273 3221 tatem
2307 3169 2442 3239 (24),
2475 3173 2711 3239 operata
2759 3169 2913 3239 quod
2975 3184 3149 3222 suum
3210 3168 3417 3221 fuerat.
3479 3164 3741 3235 Denique

340 3250 575 3322 gravius
598 3255 909 3310 existimet.
946 3256 1247 3327 Siquidem
1307 3262 1363 3312 et
1419 3276 1552 3314 caro
1611 3265 1666 3313 et
1716 3260 1982 3331 spiritus,
2014 3240 2057 3308 (ἶ
2095 3256 2378 3311 Dominus
2410 3257 2907 3327 quemadmodum
2941 3272 3002 3311 se
3033 3254 3418 3326 adjectionem
3470 3253 3583 3325 legi
3644 3268 3743 3307 su-

339 3338 438 3394 Dei
469 3358 597 3398 res:
631 3342 767 3411 alia,
814 3362 991 3401 manu
1041 3346 1169 3417 ejus
1226 3363 1538 3419 expressa;
1599 3348 1735 3419 alia,
1782 3349 1985 3405 afﬂatu

337 3428 465 3498 ejus
494 3438 902 3489 consummata
933 3434 1333 3506 (Gen.u).Cum
1360 3452 1496 3507 ergo
1528 3453 1596 3492 ex
1627 3437 1752 3508 pari
1783 3438 1853 3492 ad
1869 3438 1987 3493 Do-

342 3516 567 3572 minum
599 3520 966 3590 pertineant:
1001 3524 1415 3596 quodcumque
1429 3542 1630 3581 eorum
1647 3526 1986 3597 deliquerit,

338 3618 407 3658 ex
430 3607 551 3674 pari
582 3606 897 3666 Dominum
923 3612 1186 3667 offendit.
1218 3616 1303 3668 An
1337 3617 1396 3669 tu
1456 3615 1759 3671 discernes
1820 3621 1989 3671 actus

340 3693 535 3749 carnis
566 3700 624 3751 et
646 3697 893 3769 spiritus
921 3702 943 3755 Ρ
972 3717 1224 3772 quorum
1255 3706 1311 3757 et
1345 3702 1401 3757 in
1432 3702 1556 3758 vita
1586 3703 1722 3759 etin
1781 3710 1990 3770 morte,

339 3784 470 3838 etin
504 3789 1184 3861 resurrectione,tantum
1202 3794 1639 3849 communionis
1661 3800 1839 3866 atque
1864 3812 1995 3850 con-

342 3872 506 3927 sortii
532 3879 623 3931 est
652 3877 833 3948 (Joan.
865 3885 945 3951 v),
976 3885 1040 3936 ut
1066 3881 1285 3953 pariter
1305 3885 1445 3937 tunc
1477 3886 1578 3937 aut
1608 3884 1665 3937 in
1688 3883 1867 3938 vitam
1894 3886 1995 3938 aut

2094 3350 2421 3415 perstruere
2452 3346 2817 3400 demonstrat
2847 3346 3024 3415 (Matt.
3056 3345 3131 3415 v),
3192 3343 3302 3398 nisi
3351 3350 3410 3398 et
3464 3341 3735 3396 volunta-

2094 3434 2173 3489 tis
2200 3433 2600 3489 interdicendo
2630 3433 2845 3488 delicta
2863 3433 2891 3489 ?
2918 3433 3063 3488 Cum
3090 3432 3421 3488 adulterum
3452 3447 3567 3486 non
3601 3445 3735 3485 eum

2096 3522 2287 3578 solum
2311 3524 2536 3593 deﬁnit,
2578 3523 2676 3594 qui
2726 3524 2998 3577 cominus
3042 3522 3100 3576 in
3132 3521 3389 3577 alienum
3435 3520 3738 3575 matrimo-

2097 3613 2261 3667 nium
2295 3612 2601 3667 cecidisset
2622 3613 2755 3684 (25),
2787 3628 2989 3667 verum
3012 3612 3187 3667 etiam
3219 3609 3406 3675 illum,
3440 3607 3541 3682 qui
3573 3624 3745 3680 aspe-

2098 3707 2228 3757 ctus
2279 3701 2751 3773 concupiscentia
2800 3701 3310 3757 contaminasset:
3366 3699 3507 3754 adeo
3591 3698 3747 3769 quod

2102 3791 2445 3847 urobibetur
2470 3790 2908 3857 administrare,
2943 3790 3088 3845 satis
3111 3788 3435 3861 periculose
3476 3788 3589 3857 (26)
3620 3786 3749 3840 ani-

2105 3897 2237 3935 mus
2276 3880 2389 3936 sibi
2420 3883 2798 3951 repraesentat
2826 3881 2967 3951 (27),
2997 3884 3055 3933 et
3084 3884 3300 3935 temere
3331 3892 3434 3948 per
3481 3875 3749 3930 volunta-

1737 4039 1941 4101 Varizs
1970 4037 2292 4101 lectiones.

418 4169 460 4203 η
491 4167 787 4245 Privatum
818 4172 1196 4245 albestnLatin.
1231 4171 1699 4243 delinquentium
1760 4172 2106 4245 privatum?
2162 4173 2421 4227 Wouwer.
2484 4171 2557 4245 M.
2599 4170 2653 4226 S.
2708 4171 2841 4245 Rig,
2869 4169 3331 4245 delinquentium
3393 4166 3746 4245 peccatum?

338 4235 466 4312 ζαη.
501 4240 968 4312 delinquentium
995 4243 1022 4297 ?
1048 4245 1341 4299 Privatum
1373 4235 1479 4302 cur
1510 4235 2010 4301 malitiasSemler.

339 4307 497 4385 Leop.

2091 4246 2133 4281 1⁷
2160 4247 2503 4299 lnnocentes
2537 4244 2655 4313 ltig.
2736 4239 2995 4297 “Factis
3054 4239 3224 4297 Pam.
3287 4243 3452 4297 Semt.
3494 4257 3525 4295 e
3578 4239 3747 4294 factis

1744 4424 1888 4485 Com
1900 4421 2261 4483 mentarius.

408 4554 647 4632 (20)Cur
673 4554 1052 4632 paenitentiam
1098 4554 1326 4632 incedit,
1362 4555 1817 4632 delinquentium
1865 4559 1987 4632 pri-
2019 4560 2065 4632 Β

337 4633 541 4683 vatum.
572 4626 667 4682 Sic
699 4626 911 4697 legitur
940 4626 999 4679 in
1022 4628 1149 4681 cod.
1184 4626 1396 4681 Ursini.
1436 4626 1841 4683 Pmnitentiam
1867 4626 1873 4627 7
1897 4627 1982 4682 di-

339 4701 418 4755 cit
449 4716 576 4755 esse
605 4697 1084 4769 delinquentium
1121 4699 1433 4769 privatum,
1467 4698 1575 4753 hoc
1606 4705 1695 4754 est
1750 4716 1872 4754 rem
1933 4704 1989 4753 et

339 4788 537 4826 curam
570 4770 994 4841 deliquentium
1024 4771 1316 4841 propriam
1333 4777 1389 4825 et
1420 4772 1725 4841 privatam.
1759 4772 1984 4841 Injuste

342 4846 535 4898 autem
569 4842 837 4914 facit,qui
874 4842 1113 4913 privatis
1146 4844 1330 4897 utitur
1376 4847 1658 4914 tanquam
1721 4859 1984 4898 commu-

343 4860 535 4898 autem
569 4860 837 4968 racit,qu1
874 4860 1113 4913 privatis
1146 4860 1330 4897 uritur
1376 4860 1658 4914 tanquam
1721 4860 1984 4898 commu-

343 4915 516 4970 nibus
547 4920 603 4988 et
634 4915 750 4985 pub
780 4915 903 4988 icis.
937 4914 1231 4988 Privatum
1265 4914 1549 4981 absolute,
1577 4933 1679 4988 pro
1711 4933 1848 4987 agro
1874 4915 1986 4987 pri-

342 4992 498 5052 vato,
532 4987 668 5042 dicit
702 4986 963 5055 Ovidius,
994 5002 1030 5038 v
1057 4987 1263 5042 Faster.

472 5099 673 5144 Vindice
701 5099 925 5144 servabat
952 5097 1083 5144 nullo
1110 5111 1201 5144 sua
1230 5099 1419 5157 publica
1445 5100 1649 5156 vulgus:

525 5162 724 5218 Jamque
751 5162 799 5205 in
828 5162 1011 5219 privato
1041 5173 1242 5218 pascere
1270 5163 1432 5207 inertis
1458 5174 1577 5208 erat.
1686 5163 1799 5209 R10.

410 5271 525 5341 (21)
558 5272 811 5327 Oriosum
840 5269 1019 5325 rideri
1046 5276 1235 5341 potest.
1289 5269 1795 5342 Supersedendum
1857 5284 1985 5324 esse

340 5350 539 5399 censet
572 5346 641 5399 de
690 5344 904 5415 pietate
961 5346 1017 5396 et
1068 5341 1346 5413 religione
1376 5341 1984 5415 icatechumenorum,

339 5416 439 5486 qui
470 5432 603 5470 cum
635 5413 731 5470 Dei
764 5416 951 5486 legem
986 5419 1347 5485 perspectam
1382 5414 1681 5479 haberent,
1717 5413 1986 5485 ultroque

342 5486 739 5569 paenitentiam
771 5488 1283 5568 amplecterentur,
1318 5486 1480 5541 illius
1509 5486 1698 5556 elogia
1755 5491 1856 5541 aut
1913 5486 1985 5541 ad

342 5558 502 5613 illam
537 5561 973 5615 adhortationes
1004 5575 1117 5612 non
1144 5558 1540 5615 postulabant.
1575 5559 1652 5613 Ls
1678 5574 1771 5613 pa.

414 5577 502 5613 am
537 5576 973 5615 adhortationes
1004 5576 1117 5612 non
1144 5576 1540 5631 postuiaoant.
1576 5576 1652 5613 LE
1678 5576 1771 5613 pa.

414 5632 520 5701 (22)
553 5631 922 5688 Factisolum
942 5630 1184 5702 judicat.
1239 5628 1417 5699 Facti,
1479 5631 1702 5687 scilicet
1750 5628 1983 5685 delicta.

344 5702 570 5776 Etenim
603 5703 921 5776 princessit.
957 5724 985 5753 «
1017 5702 1142 5776 Non
1176 5703 1310 5759 facti
1327 5704 1541 5773 solum,
1571 5718 1773 5761 verum
1805 5706 1862 5757 et
1889 5718 1989 5759 vo-

346 5772 834 5834 luntatis'delicta
858 5774 1119 5832 vitanda.
1154 5796 1176 5827 ι
1212 5779 1341 5834 Rm.

2168 4553 2279 4625 (23)
2319 4552 2739 4608 Prwvaricator.
2807 4552 3037 4625 Proprie
3094 4551 3201 4625 qui
3244 4549 3437 4621 prodit
3480 4564 3741 4625 causam.

2094 4621 2567 4699 Nametglossaa
2602 4642 2714 4699 non
2763 4621 2953 4699 solum
3001 4621 3361 4699 cuaooivmc,
3415 4622 3521 4699 sed
3570 4621 3745 4699 etiam

2096 4688 2393 4769 προδιδοὺξ
2446 4696 2544 4764 τὴν
2604 4693 2739 4749 ἰδίαν
2795 4692 2974 4765 δίκην,
3020 4694 3105 4748 καὶ
3149 4688 3237 4765 ’τῷ
3289 4688 3549 4764 ἄν’τιδίκῳ
3604 4692 3741 4767 βοη-

2096 4772 2224 4831 θῶν.
2262 4774 2390 4823 LAC.

2142 4840 2636 4963 ((24)RPerﬁciendi
2667 4839 3074 4910 infelicitatem.
3135 4838 3565 4894 Frustationem
3615 4834 3746 4888 ἀτυ-

2158 4932 2239 4963 αν.
2322 4929 2397 4963 re.

2093 4930 2130 4967 ’ί
2142 4912 2239 4964 ίαν.
2271 4912 2397 4967 RIG.

2100 4932 2239 5024 xm:
2262 4932 2587 5053 aii/idenm
2608 4981 3015 5052 infelicitatem.
3042 4981 3379 5053 Metaphora
3412 4978 3512 5035 illa
3540 4979 3613 5033 ab
3658 4994 3747 5033 ar-

2096 5056 2339 5131 boribus
2368 5054 2622 5131 ducitur,
2656 5071 2783 5125 quas
2804 5070 2938 5131 cum
2974 5055 3199 5110 fructus
3231 5069 3344 5131 non
3405 5053 3609 5131 ferant.
3641 5066 3745 5131 seu

2095 5128 2373 5198 temporis
2404 5127 2641 5198 injuria,
2674 5122 2774 5181 seu
2809 5127 3104 5181 cultorum
3160 5122 3539 5195 negligentia,
3597 5122 3743 5177 infe-

2095 5199 2236 5255 lices
2266 5206 2566 5254 vocantur.
2604 5199 2682 5253 Ls
2714 5215 2803 5252 pa.

2167 5272 2278 5340 (25)
2313 5271 2571 5325 Cominus
2599 5272 2659 5324 in
2689 5269 2945 5323 alienum
2978 5269 3396 5323 matrimonium
3440 5263 3742 5319 cecidisset.

2098 5345 2375 5398 Adultero
2408 5344 2628 5398 scilicet
2650 5342 2985 5396 concubitu.
3017 5342 3143 5395 Rm.

2170 5416 2281 5485 (26)
2325 5417 2473 5488 Satis
2522 5414 2842 5486 periculose.
2907 5418 3039 5488 Ipse
3068 5409 3473 5488 _'l‘ertu_llianus
3502 5405 3624 5488 _lib.
3674 5406 3746 5487 de

2097 5482 2281 5557 Moth
2316 5504 2329 5543 :
2364 5510 2391 5537 «
2426 5482 2610 5542 Habet
2632 5501 2831 5557 secum
2865 5482 3043 5539 animi
3067 5482 3385 5557 licentiam,
3414 5482 3513 5557 qui
3546 5482 3746 5532 omnia

2097 5554 2343 5626 homini,
2377 5576 2503 5629 quae
2535 5575 2649 5613 non
2683 5556 2878 5626 habet,
2910 5555 3257 5629 imaginario
3292 5554 3481 5608 fructu
3530 5566 3742 5622 repun-

2098 5635 2309 5687 sentat.
2335 5653 2361 5679 ‹‹
2396 5634 2522 5685 Rio.

2170 5704 2281 5774 (27)
2314 5703 2433 5759 Sibi
2463 5705 2855 5774 repraesentat.
2886 5700 2966 5755 Ex
2995 5700 3105 5774 hoc
3152 5697 3277 5774 loco
3330 5696 3532 5752 Petrus
3590 5696 3742 5774 Mer-

2099 5771 2193 5846 tyr
2222 5771 2279 5833 et
2299 5773 2489 5831 caeteri
2518 5771 2778 5831 haeretici
2808 5772 2974 5831 aiunt
3000 5772 3111 5830 hoc
3138 5771 3383 5830 verbum
3413 5772 3745 5841 praesentem
