  <div class='ocr_page' id='page_1' title='image "/cluster/home/n/w/nwhite01/storage/ocr_20150623/1/umn.31951002477295j/673.png"; bbox 0 0 4050 6400; ppageno 0'>
   <div class='ocr_carea' id='block_1_1' title="bbox 367 356 522 418">
    <p class='ocr_par' dir='ltr' id='par_1_1' title="bbox 367 356 522 418">
     <span class='ocr_line' id='line_1_1' title="bbox 367 356 522 418; baseline 0.026 -4"><span class='ocrx_word' id='word_1_1' title='bbox 367 356 522 418; x_wconf 67' lang='grc'>1343</span> 
     </span>
    </p>
   </div>
   <div class='ocr_carea' id='block_1_2' title="bbox 906 344 3196 420">
    <p class='ocr_par' dir='ltr' id='par_1_2' title="bbox 906 344 3196 420">
     <span class='ocr_line' id='line_1_2' title="bbox 906 344 3196 420; baseline -0.003 -5"><span class='ocrx_word' id='word_1_2' title='bbox 906 353 1430 416; x_wconf 84' lang='lat' dir='ltr'>TERTULLIANI</span> <span class='ocrx_word' id='word_1_3' title='bbox 1475 350 1800 414; x_wconf 83' lang='lat' dir='ltr'>OPERUM</span> <span class='ocrx_word' id='word_1_4' title='bbox 1842 349 2042 410; x_wconf 79' lang='lat' dir='ltr'>PARS</span> <span class='ocrx_word' id='word_1_5' title='bbox 2087 347 2138 409; x_wconf 90' lang='grc' dir='ltr'>Ι.</span> <span class='ocrx_word' id='word_1_6' title='bbox 2170 381 2247 394; x_wconf 91' lang='lat'>--</span> <span class='ocrx_word' id='word_1_7' title='bbox 2281 347 2551 410; x_wconf 81' lang='lat' dir='ltr'>SERIES</span> <span class='ocrx_word' id='word_1_8' title='bbox 2598 348 2674 420; x_wconf 89' lang='lat' dir='ltr'>II,</span> <span class='ocrx_word' id='word_1_9' title='bbox 2721 344 3196 408; x_wconf 84' lang='lat' dir='ltr'>DOGMATIGA.</span> 
     </span>
    </p>
   </div>
   <div class='ocr_carea' id='block_1_3' title="bbox 3599 342 3772 402">
    <p class='ocr_par' dir='ltr' id='par_1_3' title="bbox 3599 342 3772 402">
     <span class='ocr_line' id='line_1_3' title="bbox 3599 342 3772 402; baseline -0.006 0"><span class='ocrx_word' id='word_1_10' title='bbox 3599 342 3772 402; x_wconf 69' lang='grc'>1344</span> 
     </span>
    </p>
   </div>
   <div class='ocr_carea' id='block_1_4' title="bbox 363 474 3759 556">
    <p class='ocr_par' dir='ltr' id='par_1_4' title="bbox 363 474 3759 556">
     <span class='ocr_line' id='line_1_4' title="bbox 363 474 3759 556; baseline -0.004 -16"><span class='ocrx_word' id='word_1_11' title='bbox 363 491 481 542; x_wconf 90' lang='lat' dir='ltr'>tem</span> <span class='ocrx_word' id='word_1_12' title='bbox 512 487 618 554; x_wconf 90' lang='lat'>(28)</span> <span class='ocrx_word' id='word_1_13' title='bbox 652 484 932 556; x_wconf 81' lang='lat' dir='ltr'>expungit</span> <span class='ocrx_word' id='word_1_14' title='bbox 955 484 1239 539; x_wconf 75' lang='lat' dir='ltr'>effectum.</span> <span class='ocrx_word' id='word_1_15' title='bbox 1273 485 1452 554; x_wconf 87' lang='lat' dir='ltr'>Cujus</span> <span class='ocrx_word' id='word_1_16' title='bbox 1482 481 1798 537; x_wconf 73' lang='lat' dir='ltr'>voluntatis</span> <span class='ocrx_word' id='word_1_17' title='bbox 1857 496 1989 536; x_wconf 92' lang='lat' dir='ltr'>cum</span> <span class='ocrx_word' id='word_1_18' title='bbox 2022 482 2076 548; x_wconf 80' lang='grc' dir='ltr'><strong>Α</strong></span> <span class='ocrx_word' id='word_1_19' title='bbox 2103 480 2284 549; x_wconf 78' lang='lat' dir='ltr'>ﬁguli,</span> <span class='ocrx_word' id='word_1_20' title='bbox 2315 479 2488 534; x_wconf 87' lang='lat' dir='ltr'>arbor</span> <span class='ocrx_word' id='word_1_21' title='bbox 2516 477 2723 534; x_wconf 83' lang='lat' dir='ltr'>exinde</span> <span class='ocrx_word' id='word_1_22' title='bbox 2749 477 2855 532; x_wconf 80' lang='lat' dir='ltr'>tias</span> <span class='ocrx_word' id='word_1_23' title='bbox 2877 475 2997 543; x_wconf 88' lang='lat' dir='ltr'>illa,</span> <span class='ocrx_word' id='word_1_24' title='bbox 3033 492 3158 548; x_wconf 66' lang='lat' dir='ltr'>quas</span> <span class='ocrx_word' id='word_1_25' title='bbox 3185 491 3354 548; x_wconf 82' lang='lat' dir='ltr'>penes</span> <span class='ocrx_word' id='word_1_26' title='bbox 3373 490 3544 545; x_wconf 87' lang='lat' dir='ltr'>aquas</span> <span class='ocrx_word' id='word_1_27' title='bbox 3601 474 3759 527; x_wconf 77' lang='lat' dir='ltr'>seri-</span> 
     </span>
    </p>
   </div>
   <div class='ocr_carea' id='block_1_5' title="bbox 361 571 1997 641">
    <p class='ocr_par' dir='ltr' id='par_1_5' title="bbox 361 571 1997 641">
     <span class='ocr_line' id='line_1_5' title="bbox 361 571 1997 641; baseline -0.005 -11"><span class='ocrx_word' id='word_1_28' title='bbox 361 575 449 630; x_wconf 88' lang='lat' dir='ltr'>vis</span> <span class='ocrx_word' id='word_1_29' title='bbox 480 578 642 630; x_wconf 85' lang='lat' dir='ltr'>tanta</span> <span class='ocrx_word' id='word_1_30' title='bbox 669 573 768 641; x_wconf 87' lang='lat' dir='ltr'>sit,</span> <span class='ocrx_word' id='word_1_31' title='bbox 794 574 998 628; x_wconf 73' lang='lat'>1238</span> <span class='ocrx_word' id='word_1_32' title='bbox 1025 577 1089 627; x_wconf 91' lang='lat' dir='ltr'>ut</span> <span class='ocrx_word' id='word_1_33' title='bbox 1124 573 1166 607; x_wconf 80' lang='grc'>¹⁹</span> <span class='ocrx_word' id='word_1_34' title='bbox 1198 588 1312 626; x_wconf 90' lang='lat' dir='ltr'>non</span> <span class='ocrx_word' id='word_1_35' title='bbox 1359 571 1631 626; x_wconf 81' lang='lat' dir='ltr'>solatium</span> <span class='ocrx_word' id='word_1_36' title='bbox 1692 572 1782 624; x_wconf 84' lang='lat' dir='ltr'>sui</span> <span class='ocrx_word' id='word_1_37' title='bbox 1843 575 1997 624; x_wconf 86' lang='lat' dir='ltr'>satu-</span> 
     </span>
    </p>
   </div>
   <div class='ocr_carea' id='block_1_6' title="bbox 365 655 2002 733">
    <p class='ocr_par' dir='ltr' id='par_1_6' title="bbox 365 655 2002 733">
     <span class='ocr_line' id='line_1_6' title="bbox 365 655 2002 733; baseline -0.004 -17"><span class='ocrx_word' id='word_1_38' title='bbox 365 679 501 716; x_wconf 92' lang='lat' dir='ltr'>rans</span> <span class='ocrx_word' id='word_1_39' title='bbox 520 679 622 733; x_wconf 93' lang='lat' dir='ltr'>pro</span> <span class='ocrx_word' id='word_1_40' title='bbox 653 663 804 716; x_wconf 89' lang='lat' dir='ltr'>facto</span> <span class='ocrx_word' id='word_1_41' title='bbox 837 662 1004 715; x_wconf 83' lang='lat' dir='ltr'><strong>cedat</strong></span> <span class='ocrx_word' id='word_1_42' title='bbox 1032 661 1168 730; x_wconf 87' lang='lat'>(29),</span> <span class='ocrx_word' id='word_1_43' title='bbox 1199 676 1335 730; x_wconf 83' lang='lat' dir='ltr'>ergo</span> <span class='ocrx_word' id='word_1_44' title='bbox 1378 659 1681 729; x_wconf 90' lang='lat' dir='ltr'>plectetur.</span> <span class='ocrx_word' id='word_1_45' title='bbox 1747 655 2002 712; x_wconf 86' lang='lat' dir='ltr'>Vanissi-</span> 
     </span>
    </p>
   </div>
   <div class='ocr_carea' id='block_1_7' title="bbox 364 743 2001 816">
    <p class='ocr_par' dir='ltr' id='par_1_7' title="bbox 364 743 2001 816">
     <span class='ocr_line' id='line_1_7' title="bbox 364 743 2001 816; baseline -0.004 -12"><span class='ocrx_word' id='word_1_46' title='bbox 364 766 525 804; x_wconf 91' lang='lat' dir='ltr'>mum</span> <span class='ocrx_word' id='word_1_47' title='bbox 556 754 642 804; x_wconf 90' lang='lat' dir='ltr'>est</span> <span class='ocrx_word' id='word_1_48' title='bbox 691 750 902 804; x_wconf 85' lang='lat' dir='ltr'>dicere.</span> <span class='ocrx_word' id='word_1_49' title='bbox 953 748 1136 814; x_wconf 89' lang='lat' dir='ltr'>Volui,</span> <span class='ocrx_word' id='word_1_50' title='bbox 1198 764 1300 802; x_wconf 91' lang='lat' dir='ltr'>nec</span> <span class='ocrx_word' id='word_1_51' title='bbox 1343 752 1533 802; x_wconf 88' lang='lat' dir='ltr'>tamen</span> <span class='ocrx_word' id='word_1_52' title='bbox 1595 747 1723 800; x_wconf 83' lang='lat' dir='ltr'>feci.</span> <span class='ocrx_word' id='word_1_53' title='bbox 1784 743 2001 816; x_wconf 81' lang='lat' dir='ltr'>Atquin</span> 
     </span>
    </p>
   </div>
   <div class='ocr_carea' id='block_1_8' title="bbox 365 834 2001 908">
    <p class='ocr_par' dir='ltr' id='par_1_8' title="bbox 365 834 2001 908">
     <span class='ocr_line' id='line_1_8' title="bbox 365 834 2001 908; baseline -0.004 -16"><span class='ocrx_word' id='word_1_54' title='bbox 365 839 642 908; x_wconf 83' lang='lat' dir='ltr'>perﬁcere</span> <span class='ocrx_word' id='word_1_55' title='bbox 663 838 838 892; x_wconf 89' lang='lat' dir='ltr'>debes</span> <span class='ocrx_word' id='word_1_56' title='bbox 871 837 1009 908; x_wconf 87' lang='lat' dir='ltr'>quia</span> <span class='ocrx_word' id='word_1_57' title='bbox 1040 836 1160 890; x_wconf 88' lang='lat' dir='ltr'>vis:</span> <span class='ocrx_word' id='word_1_58' title='bbox 1196 841 1297 890; x_wconf 89' lang='lat' dir='ltr'>aut</span> <span class='ocrx_word' id='word_1_59' title='bbox 1330 852 1432 890; x_wconf 87' lang='lat' dir='ltr'>nec</span> <span class='ocrx_word' id='word_1_60' title='bbox 1488 835 1654 900; x_wconf 83' lang='lat' dir='ltr'>velle,</span> <span class='ocrx_word' id='word_1_61' title='bbox 1704 834 1842 904; x_wconf 88' lang='lat' dir='ltr'>quia</span> <span class='ocrx_word' id='word_1_62' title='bbox 1896 847 2001 886; x_wconf 82' lang='lat' dir='ltr'>nec</span> 
     </span>
    </p>
   </div>
   <div class='ocr_carea' id='block_1_9' title="bbox 362 923 2001 996">
    <p class='ocr_par' dir='ltr' id='par_1_9' title="bbox 362 923 2001 996">
     <span class='ocr_line' id='line_1_9' title="bbox 362 923 2001 996; baseline -0.004 -16"><span class='ocrx_word' id='word_1_63' title='bbox 362 926 612 996; x_wconf 81' lang='lat' dir='ltr'>perﬁcis.</span> <span class='ocrx_word' id='word_1_64' title='bbox 647 926 754 980; x_wconf 88' lang='lat' dir='ltr'>Sed</span> <span class='ocrx_word' id='word_1_65' title='bbox 798 925 922 996; x_wconf 88' lang='lat' dir='ltr'>ipse</span> <span class='ocrx_word' id='word_1_66' title='bbox 945 925 1308 980; x_wconf 83' lang='lat' dir='ltr'>conscientias</span> <span class='ocrx_word' id='word_1_67' title='bbox 1339 930 1450 978; x_wconf 70' lang='lat' dir='ltr'>tuae</span> <span class='ocrx_word' id='word_1_68' title='bbox 1474 923 1836 978; x_wconf 81' lang='lat' dir='ltr'>confessione</span> <span class='ocrx_word' id='word_1_69' title='bbox 1870 936 2001 991; x_wconf 90' lang='lat' dir='ltr'>pro-</span> 
     </span>
    </p>
   </div>
   <div class='ocr_carea' id='block_1_10' title="bbox 360 1010 2000 1083">
    <p class='ocr_par' dir='ltr' id='par_1_10' title="bbox 360 1010 2000 1083">
     <span class='ocr_line' id='line_1_10' title="bbox 360 1010 2000 1083; baseline -0.003 -15"><span class='ocrx_word' id='word_1_70' title='bbox 360 1014 620 1069; x_wconf 90' lang='lat' dir='ltr'>nuntias.</span> <span class='ocrx_word' id='word_1_71' title='bbox 647 1014 792 1068; x_wconf 89' lang='lat' dir='ltr'>Nam</span> <span class='ocrx_word' id='word_1_72' title='bbox 843 1014 891 1068; x_wconf 91' lang='lat' dir='ltr'>si</span> <span class='ocrx_word' id='word_1_73' title='bbox 925 1014 1142 1068; x_wconf 90' lang='lat' dir='ltr'>bonum</span> <span class='ocrx_word' id='word_1_74' title='bbox 1203 1012 1668 1083; x_wconf 89' lang='lat' dir='ltr'>concupisceres,</span> <span class='ocrx_word' id='word_1_75' title='bbox 1730 1010 2000 1081; x_wconf 72' lang='lat' dir='ltr'>perficere</span> 
     </span>
    </p>
   </div>
   <div class='ocr_carea' id='block_1_11' title="bbox 361 1098 2000 1175">
    <p class='ocr_par' dir='ltr' id='par_1_11' title="bbox 361 1098 2000 1175">
     <span class='ocr_line' id='line_1_11' title="bbox 361 1098 2000 1175; baseline -0.004 -17"><span class='ocrx_word' id='word_1_76' title='bbox 361 1103 677 1175; x_wconf 87' lang='lat' dir='ltr'>gestisses;</span> <span class='ocrx_word' id='word_1_77' title='bbox 712 1119 878 1173; x_wconf 89' lang='lat' dir='ltr'>porro</span> <span class='ocrx_word' id='word_1_78' title='bbox 923 1102 1076 1157; x_wconf 92' lang='lat' dir='ltr'>sicut</span> <span class='ocrx_word' id='word_1_79' title='bbox 1137 1101 1357 1156; x_wconf 82' lang='lat' dir='ltr'>malum</span> <span class='ocrx_word' id='word_1_80' title='bbox 1410 1118 1526 1156; x_wconf 91' lang='lat' dir='ltr'>non</span> <span class='ocrx_word' id='word_1_81' title='bbox 1568 1098 1817 1170; x_wconf 79' lang='lat' dir='ltr'>perticis,</span> <span class='ocrx_word' id='word_1_82' title='bbox 1895 1112 2000 1152; x_wconf 86' lang='lat' dir='ltr'>nec</span> 
     </span>
    </p>
   </div>
   <div class='ocr_carea' id='block_1_12' title="bbox 361 1185 1998 1261">
    <p class='ocr_par' dir='ltr' id='par_1_12' title="bbox 361 1185 1998 1261">
     <span class='ocr_line' id='line_1_12' title="bbox 361 1185 1998 1261; baseline -0.002 -17"><span class='ocrx_word' id='word_1_83' title='bbox 361 1191 772 1261; x_wconf 85' lang='lat' dir='ltr'>concupiscere</span> <span class='ocrx_word' id='word_1_84' title='bbox 803 1191 1114 1246; x_wconf 81' lang='lat' dir='ltr'>debueras.</span> <span class='ocrx_word' id='word_1_85' title='bbox 1149 1191 1392 1260; x_wconf 81' lang='lat' dir='ltr'>Quaque</span> <span class='ocrx_word' id='word_1_86' title='bbox 1433 1194 1488 1244; x_wconf 90' lang='lat' dir='ltr'>te</span> <span class='ocrx_word' id='word_1_87' title='bbox 1509 1190 1555 1223; x_wconf 63' lang='lat'>2°</span> <span class='ocrx_word' id='word_1_88' title='bbox 1603 1185 1998 1255; x_wconf 86' lang='lat' dir='ltr'>constitueris,</span> 
     </span>
    </p>
   </div>
   <div class='ocr_carea' id='block_1_13' title="bbox 359 1275 2001 1349">
    <p class='ocr_par' dir='ltr' id='par_1_13' title="bbox 359 1275 2001 1349">
     <span class='ocr_line' id='line_1_13' title="bbox 359 1275 2001 1349; baseline -0.004 -17"><span class='ocrx_word' id='word_1_89' title='bbox 359 1278 600 1333; x_wconf 86' lang='lat' dir='ltr'>crimine</span> <span class='ocrx_word' id='word_1_90' title='bbox 631 1278 992 1349; x_wconf 85' lang='lat' dir='ltr'>astringeris,</span> <span class='ocrx_word' id='word_1_91' title='bbox 1028 1280 1167 1349; x_wconf 88' lang='lat' dir='ltr'>quia</span> <span class='ocrx_word' id='word_1_92' title='bbox 1189 1285 1291 1333; x_wconf 90' lang='lat' dir='ltr'>aut</span> <span class='ocrx_word' id='word_1_93' title='bbox 1327 1277 1545 1332; x_wconf 89' lang='lat' dir='ltr'>malum</span> <span class='ocrx_word' id='word_1_94' title='bbox 1580 1275 1851 1338; x_wconf 84' lang='lat' dir='ltr'>volueris,</span> <span class='ocrx_word' id='word_1_95' title='bbox 1897 1276 2001 1327; x_wconf 87' lang='lat' dir='ltr'>aut</span> 
     </span>
    </p>
   </div>
   <div class='ocr_carea' id='block_1_14' title="bbox 359 1367 1187 1438">
    <p class='ocr_par' dir='ltr' id='par_1_14' title="bbox 359 1367 1187 1438">
     <span class='ocr_line' id='line_1_14' title="bbox 359 1367 1187 1438; baseline -0.001 -17"><span class='ocrx_word' id='word_1_96' title='bbox 359 1367 577 1422; x_wconf 88' lang='lat' dir='ltr'>bonum</span> <span class='ocrx_word' id='word_1_97' title='bbox 613 1383 724 1421; x_wconf 93' lang='lat' dir='ltr'>non</span> <span class='ocrx_word' id='word_1_98' title='bbox 758 1367 1187 1438; x_wconf 86' lang='lat' dir='ltr'>adimpleveris.</span> 
     </span>
    </p>
   </div>
   <div class='ocr_carea' id='block_1_15' title="bbox 994 1455 1360 1510">
    <p class='ocr_par' dir='ltr' id='par_1_15' title="bbox 994 1455 1360 1510">
     <span class='ocr_line' id='line_1_15' title="bbox 994 1455 1360 1510; baseline -0.005 0"><span class='ocrx_word' id='word_1_99' title='bbox 994 1455 1226 1510; x_wconf 84' lang='lat' dir='ltr'><strong>CAPUT</strong></span> <span class='ocrx_word' id='word_1_100' title='bbox 1269 1455 1360 1509; x_wconf 93' lang='lat' dir='ltr'>IV.</span> 
     </span>
    </p>
   </div>
   <div class='ocr_carea' id='block_1_16' title="bbox 429 1541 1999 1615">
    <p class='ocr_par' dir='ltr' id='par_1_16' title="bbox 429 1541 1999 1615">
     <span class='ocr_line' id='line_1_16' title="bbox 429 1541 1999 1615; baseline -0.001 -18"><span class='ocrx_word' id='word_1_101' title='bbox 429 1543 715 1599; x_wconf 87' lang='lat' dir='ltr'>Omnibus</span> <span class='ocrx_word' id='word_1_102' title='bbox 737 1560 873 1614; x_wconf 85' lang='lat' dir='ltr'>ergo</span> <span class='ocrx_word' id='word_1_103' title='bbox 906 1544 1136 1599; x_wconf 89' lang='lat' dir='ltr'>delictis</span> <span class='ocrx_word' id='word_1_104' title='bbox 1167 1545 1276 1615; x_wconf 85' lang='lat'>(30)</span> <span class='ocrx_word' id='word_1_105' title='bbox 1308 1561 1408 1600; x_wconf 92' lang='lat' dir='ltr'>seu</span> <span class='ocrx_word' id='word_1_106' title='bbox 1461 1559 1658 1608; x_wconf 89' lang='lat' dir='ltr'>carne,</span> <span class='ocrx_word' id='word_1_107' title='bbox 1716 1559 1818 1597; x_wconf 82' lang='lat' dir='ltr'>seu</span> <span class='ocrx_word' id='word_1_108' title='bbox 1877 1541 1999 1612; x_wconf 88' lang='lat' dir='ltr'>spi-</span> 
     </span>
    </p>
   </div>
   <div class='ocr_carea' id='block_1_17' title="bbox 361 1630 1998 1703">
    <p class='ocr_par' dir='ltr' id='par_1_17' title="bbox 361 1630 1998 1703">
     <span class='ocr_line' id='line_1_17' title="bbox 361 1630 1998 1703; baseline 0.001 -18"><span class='ocrx_word' id='word_1_109' title='bbox 361 1631 500 1701; x_wconf 87' lang='lat' dir='ltr'>ritu,</span> <span class='ocrx_word' id='word_1_110' title='bbox 557 1649 658 1686; x_wconf 91' lang='lat' dir='ltr'>seu</span> <span class='ocrx_word' id='word_1_111' title='bbox 713 1634 883 1701; x_wconf 82' lang='lat' dir='ltr'>tacto,</span> <span class='ocrx_word' id='word_1_112' title='bbox 937 1649 1037 1688; x_wconf 83' lang='lat' dir='ltr'>seu</span> <span class='ocrx_word' id='word_1_113' title='bbox 1096 1631 1420 1700; x_wconf 79' lang='lat' dir='ltr'>voluntate,</span> <span class='ocrx_word' id='word_1_114' title='bbox 1475 1630 1830 1697; x_wconf 86' lang='lat' dir='ltr'>commissis,</span> <span class='ocrx_word' id='word_1_115' title='bbox 1901 1630 1998 1703; x_wconf 87' lang='lat' dir='ltr'>qui</span> 
     </span>
    </p>
   </div>
   <div class='ocr_carea' id='block_1_18' title="bbox 365 1719 1996 1791">
    <p class='ocr_par' dir='ltr' id='par_1_18' title="bbox 365 1719 1996 1791">
     <span class='ocr_line' id='line_1_18' title="bbox 365 1719 1996 1791; baseline -0.001 -17"><span class='ocrx_word' id='word_1_116' title='bbox 365 1736 593 1790; x_wconf 68' lang='lat' dir='ltr'>poenam</span> <span class='ocrx_word' id='word_1_117' title='bbox 629 1720 1045 1791; x_wconf 87' lang='lat' dir='ltr'>perjudicium</span> <span class='ocrx_word' id='word_1_118' title='bbox 1098 1719 1427 1784; x_wconf 73' lang='lat' dir='ltr'>destinavit,</span> <span class='ocrx_word' id='word_1_119' title='bbox 1462 1719 1610 1774; x_wconf 87' lang='lat' dir='ltr'>idem</span> <span class='ocrx_word' id='word_1_120' title='bbox 1664 1724 1720 1772; x_wconf 91' lang='lat' dir='ltr'>et</span> <span class='ocrx_word' id='word_1_121' title='bbox 1770 1719 1996 1773; x_wconf 85' lang='lat' dir='ltr'>veniam</span> 
     </span>
    </p>
   </div>
   <div class='ocr_carea' id='block_1_19' title="bbox 355 1805 2073 1907">
    <p class='ocr_par' dir='ltr' id='par_1_19' title="bbox 355 1805 2073 1907">
     <span class='ocr_line' id='line_1_19' title="bbox 355 1805 2073 1907; baseline 0 -45"><span class='ocrx_word' id='word_1_122' title='bbox 355 1825 458 1878; x_wconf 90' lang='lat' dir='ltr'>per</span> <span class='ocrx_word' id='word_1_123' title='bbox 489 1808 889 1907; x_wconf 63' lang='lat' dir='ltr'>pmnitentiam</span> <span class='ocrx_word' id='word_1_124' title='bbox 921 1809 1255 1880; x_wconf 88' lang='lat' dir='ltr'>spopondit,</span> <span class='ocrx_word' id='word_1_125' title='bbox 1302 1807 1498 1907; x_wconf 62' lang='lat' dir='ltr'>dicens</span> <span class='ocrx_word' id='word_1_126' title='bbox 1558 1807 1627 1907; x_wconf 79' lang='lat' dir='ltr'>ad</span> <span class='ocrx_word' id='word_1_127' title='bbox 1674 1805 1993 1907; x_wconf 63' lang='lat' dir='ltr'>populum:</span> <span class='ocrx_word' id='word_1_128' title='bbox 2026 1842 2073 1907; x_wconf 82' lang='grc' dir='ltr'>Β</span> 
     </span>
    </p>
   </div>
   <div class='ocr_carea' id='block_1_20' title="bbox 356 1894 1990 1966">
    <p class='ocr_par' dir='ltr' id='par_1_20' title="bbox 356 1894 1990 1966">
     <span class='ocr_line' id='line_1_20' title="bbox 356 1894 1990 1966; baseline -0.001 -17"><span class='ocrx_word' id='word_1_129' title='bbox 356 1898 630 1951; x_wconf 73' lang='grc' dir='ltr'>Ρωηίιθνε</span> <span class='ocrx_word' id='word_1_130' title='bbox 659 1897 725 1962; x_wconf 80' lang='grc'>²¹,</span> <span class='ocrx_word' id='word_1_131' title='bbox 767 1907 820 1952; x_wconf 84' lang='lat' dir='ltr'>et</span> <span class='ocrx_word' id='word_1_132' title='bbox 849 1899 1061 1952; x_wconf 81' lang='lat' dir='ltr'>salvum</span> <span class='ocrx_word' id='word_1_133' title='bbox 1091 1898 1300 1966; x_wconf 83' lang='lat' dir='ltr'>facium</span> <span class='ocrx_word' id='word_1_134' title='bbox 1333 1901 1383 1951; x_wconf 85' lang='lat' dir='ltr'>le</span> <span class='ocrx_word' id='word_1_135' title='bbox 1427 1894 1637 1966; x_wconf 61' lang='lat' dir='ltr'>(Ezech.</span> <span class='ocrx_word' id='word_1_136' title='bbox 1696 1911 1854 1963; x_wconf 84' lang='lat' dir='ltr'>xvm,</span> <span class='ocrx_word' id='word_1_137' title='bbox 1904 1895 1990 1959; x_wconf 92' lang='lat'>21,</span> 
     </span>
    </p>
   </div>
   <div class='ocr_carea' id='block_1_21' title="bbox 353 1983 1989 2055">
    <p class='ocr_par' dir='ltr' id='par_1_21' title="bbox 353 1983 1989 2055">
     <span class='ocr_line' id='line_1_21' title="bbox 353 1983 1989 2055; baseline -0.001 -18"><span class='ocrx_word' id='word_1_138' title='bbox 353 1984 466 2054; x_wconf 87' lang='lat'>23).</span> <span class='ocrx_word' id='word_1_139' title='bbox 495 1985 564 2038; x_wconf 92' lang='lat' dir='ltr'>Et</span> <span class='ocrx_word' id='word_1_140' title='bbox 595 1984 832 2053; x_wconf 88' lang='lat' dir='ltr'>iterum,</span> <span class='ocrx_word' id='word_1_141' title='bbox 871 1986 1014 2052; x_wconf 86' lang='lat' dir='ltr'>Vivo,</span> <span class='ocrx_word' id='word_1_142' title='bbox 1046 1984 1239 2055; x_wconf 87' lang='lat' dir='ltr'>inquit</span> <span class='ocrx_word' id='word_1_143' title='bbox 1272 1983 1575 2048; x_wconf 86' lang='lat' dir='ltr'>Dominus,</span> <span class='ocrx_word' id='word_1_144' title='bbox 1622 1986 1672 2037; x_wconf 85' lang='lat' dir='ltr'>et</span> <span class='ocrx_word' id='word_1_145' title='bbox 1719 1986 1989 2052; x_wconf 73' lang='lat' dir='ltr'>paeniten-</span> 
     </span>
    </p>
   </div>
   <div class='ocr_carea' id='block_1_22' title="bbox 353 2069 1993 2144">
    <p class='ocr_par' dir='ltr' id='par_1_22' title="bbox 353 2069 1993 2144">
     <span class='ocr_line' id='line_1_22' title="bbox 353 2069 1993 2144; baseline -0.002 -17"><span class='ocrx_word' id='word_1_146' title='bbox 353 2073 497 2127; x_wconf 82' lang='lat' dir='ltr'>tiam</span> <span class='ocrx_word' id='word_1_147' title='bbox 545 2073 692 2128; x_wconf 88' lang='lat' dir='ltr'>malo</span> <span class='ocrx_word' id='word_1_148' title='bbox 758 2089 922 2144; x_wconf 84' lang='lat' dir='ltr'>quam</span> <span class='ocrx_word' id='word_1_149' title='bbox 993 2083 1239 2128; x_wconf 78' lang='lat' dir='ltr'>mortem.</span> <span class='ocrx_word' id='word_1_150' title='bbox 1291 2073 1438 2143; x_wconf 86' lang='lat' dir='ltr'>Ergo</span> <span class='ocrx_word' id='word_1_151' title='bbox 1479 2071 1819 2143; x_wconf 74' lang='lat' dir='ltr'>poenitentia</span> <span class='ocrx_word' id='word_1_152' title='bbox 1875 2069 1993 2125; x_wconf 90' lang='lat' dir='ltr'>vita</span> 
     </span>
    </p>
   </div>
   <div class='ocr_carea' id='block_1_23' title="bbox 353 2160 1988 2233">
    <p class='ocr_par' dir='ltr' id='par_1_23' title="bbox 353 2160 1988 2233">
     <span class='ocr_line' id='line_1_23' title="bbox 353 2160 1988 2233; baseline -0.003 -17"><span class='ocrx_word' id='word_1_153' title='bbox 353 2165 444 2215; x_wconf 84' lang='lat' dir='ltr'>est</span> <span class='ocrx_word' id='word_1_154' title='bbox 463 2161 599 2231; x_wconf 90' lang='lat'>(31),</span> <span class='ocrx_word' id='word_1_155' title='bbox 634 2178 766 2216; x_wconf 91' lang='lat' dir='ltr'>cum</span> <span class='ocrx_word' id='word_1_156' title='bbox 799 2162 1155 2233; x_wconf 68' lang='lat' dir='ltr'>praeponitur</span> <span class='ocrx_word' id='word_1_157' title='bbox 1185 2160 1378 2216; x_wconf 80' lang='lat' dir='ltr'>morti.</span> <span class='ocrx_word' id='word_1_158' title='bbox 1412 2161 1548 2214; x_wconf 82' lang='lat' dir='ltr'>Eam</span> <span class='ocrx_word' id='word_1_159' title='bbox 1583 2165 1642 2213; x_wconf 91' lang='lat' dir='ltr'>tu</span> <span class='ocrx_word' id='word_1_160' title='bbox 1704 2161 1988 2229; x_wconf 84' lang='lat' dir='ltr'>peccator,</span> 
     </span>
    </p>
   </div>
   <div class='ocr_carea' id='block_1_24' title="bbox 355 2248 1987 2321">
    <p class='ocr_par' dir='ltr' id='par_1_24' title="bbox 355 2248 1987 2321">
     <span class='ocr_line' id='line_1_24' title="bbox 355 2248 1987 2321; baseline -0.002 -18"><span class='ocrx_word' id='word_1_161' title='bbox 355 2249 464 2304; x_wconf 90' lang='lat' dir='ltr'>mei</span> <span class='ocrx_word' id='word_1_162' title='bbox 493 2249 707 2304; x_wconf 92' lang='lat' dir='ltr'>similis</span> <span class='ocrx_word' id='word_1_163' title='bbox 731 2250 873 2318; x_wconf 92' lang='lat' dir='ltr'>(imo</span> <span class='ocrx_word' id='word_1_164' title='bbox 904 2267 998 2304; x_wconf 91' lang='lat' dir='ltr'>me</span> <span class='ocrx_word' id='word_1_165' title='bbox 1037 2251 1231 2306; x_wconf 91' lang='lat' dir='ltr'>minor</span> <span class='ocrx_word' id='word_1_166' title='bbox 1289 2249 1424 2321; x_wconf 86' lang='grc'>(32),</span> <span class='ocrx_word' id='word_1_167' title='bbox 1475 2265 1579 2319; x_wconf 84' lang='lat' dir='ltr'>ego</span> <span class='ocrx_word' id='word_1_168' title='bbox 1631 2248 1783 2302; x_wconf 88' lang='lat' dir='ltr'>enim</span> <span class='ocrx_word' id='word_1_169' title='bbox 1847 2264 1987 2318; x_wconf 72' lang='lat' dir='ltr'>prta-</span> 
     </span>
    </p>
   </div>
   <div class='ocr_carea' id='block_1_25' title="bbox 352 2335 1989 2410">
    <p class='ocr_par' dir='ltr' id='par_1_25' title="bbox 352 2335 1989 2410">
     <span class='ocr_line' id='line_1_25' title="bbox 352 2335 1989 2410; baseline -0.002 -17"><span class='ocrx_word' id='word_1_170' title='bbox 352 2339 624 2393; x_wconf 84' lang='lat' dir='ltr'>stantiam</span> <span class='ocrx_word' id='word_1_171' title='bbox 659 2339 716 2392; x_wconf 93' lang='lat' dir='ltr'>in</span> <span class='ocrx_word' id='word_1_172' title='bbox 748 2338 975 2394; x_wconf 87' lang='lat' dir='ltr'>delictis</span> <span class='ocrx_word' id='word_1_173' title='bbox 1007 2355 1196 2393; x_wconf 87' lang='lat' dir='ltr'>meam</span> <span class='ocrx_word' id='word_1_174' title='bbox 1231 2336 1530 2410; x_wconf 88' lang='lat' dir='ltr'>agnosco),</span> <span class='ocrx_word' id='word_1_175' title='bbox 1565 2335 1645 2390; x_wconf 92' lang='lat' dir='ltr'>ita</span> <span class='ocrx_word' id='word_1_176' title='bbox 1670 2335 1989 2400; x_wconf 89' lang='lat' dir='ltr'>invade,ita</span> 
     </span>
    </p>
   </div>
   <div class='ocr_carea' id='block_1_26' title="bbox 353 2423 1986 2499">
    <p class='ocr_par' dir='ltr' id='par_1_26' title="bbox 353 2423 1986 2499">
     <span class='ocr_line' id='line_1_26' title="bbox 353 2423 1986 2499; baseline -0.002 -20"><span class='ocrx_word' id='word_1_177' title='bbox 353 2425 1108 2499; x_wconf 83' lang='lat' dir='ltr'>amplexare,utnaufragus</span> <span class='ocrx_word' id='word_1_178' title='bbox 1143 2427 1391 2497; x_wconf 85' lang='lat' dir='ltr'>alicujus</span> <span class='ocrx_word' id='word_1_179' title='bbox 1420 2423 1631 2480; x_wconf 68' lang='lat' dir='ltr'>tabulae</span> <span class='ocrx_word' id='word_1_180' title='bbox 1655 2424 1827 2477; x_wconf 84' lang='lat' dir='ltr'>ﬁdem</span> <span class='ocrx_word' id='word_1_181' title='bbox 1852 2423 1986 2493; x_wconf 91' lang='lat'>(33).</span> 
     </span>
    </p>
   </div>
   <div class='ocr_carea' id='block_1_27' title="bbox 352 2509 1984 2585">
    <p class='ocr_par' dir='ltr' id='par_1_27' title="bbox 352 2509 1984 2585">
     <span class='ocr_line' id='line_1_27' title="bbox 352 2509 1984 2585; baseline -0.002 -17"><span class='ocrx_word' id='word_1_182' title='bbox 352 2512 480 2568; x_wconf 64' lang='lat' dir='ltr'>Haec</span> <span class='ocrx_word' id='word_1_183' title='bbox 514 2518 570 2569; x_wconf 91' lang='lat' dir='ltr'>te</span> <span class='ocrx_word' id='word_1_184' title='bbox 629 2520 1001 2585; x_wconf 87' lang='lat' dir='ltr'>peccatorum</span> <span class='ocrx_word' id='word_1_185' title='bbox 1062 2514 1339 2570; x_wconf 89' lang='lat' dir='ltr'>ﬂuctibus</span> <span class='ocrx_word' id='word_1_186' title='bbox 1399 2529 1680 2581; x_wconf 91' lang='lat' dir='ltr'>mersum,</span> <span class='ocrx_word' id='word_1_187' title='bbox 1728 2509 1984 2581; x_wconf 88' lang='lat' dir='ltr'>proleva-</span> 
     </span>
    </p>
   </div>
   <div class='ocr_carea' id='block_1_28' title="bbox 353 2597 1986 2674">
    <p class='ocr_par' dir='ltr' id='par_1_28' title="bbox 353 2597 1986 2674">
     <span class='ocr_line' id='line_1_28' title="bbox 353 2597 1986 2674; baseline -0.003 -17"><span class='ocrx_word' id='word_1_188' title='bbox 353 2603 439 2657; x_wconf 92' lang='lat' dir='ltr'>bit</span> <span class='ocrx_word' id='word_1_189' title='bbox 460 2603 506 2636; x_wconf 82' lang='grc'>²²</span> <span class='ocrx_word' id='word_1_190' title='bbox 537 2603 646 2674; x_wconf 82' lang='grc'>(34)</span> <span class='ocrx_word' id='word_1_191' title='bbox 678 2608 734 2658; x_wconf 91' lang='lat' dir='ltr'>et</span> <span class='ocrx_word' id='word_1_192' title='bbox 764 2604 824 2657; x_wconf 91' lang='lat' dir='ltr'>in</span> <span class='ocrx_word' id='word_1_193' title='bbox 849 2608 1079 2674; x_wconf 91' lang='lat' dir='ltr'>portum</span> <span class='ocrx_word' id='word_1_194' title='bbox 1114 2602 1324 2658; x_wconf 71' lang='lat' dir='ltr'>divinas</span> <span class='ocrx_word' id='word_1_195' title='bbox 1362 2601 1682 2656; x_wconf 75' lang='lat' dir='ltr'>clementiae</span> <span class='ocrx_word' id='word_1_196' title='bbox 1733 2597 1986 2670; x_wconf 89' lang='lat' dir='ltr'>protela-</span> 
     </span>
    </p>
   </div>
   <div class='ocr_carea' id='block_1_29' title="bbox 351 2685 1987 2762">
    <p class='ocr_par' dir='ltr' id='par_1_29' title="bbox 351 2685 1987 2762">
     <span class='ocr_line' id='line_1_29' title="bbox 351 2685 1987 2762; baseline -0.001 -18"><span class='ocrx_word' id='word_1_197' title='bbox 351 2691 454 2744; x_wconf 89' lang='lat' dir='ltr'>bit.</span> <span class='ocrx_word' id='word_1_198' title='bbox 491 2691 646 2762; x_wconf 87' lang='lat' dir='ltr'>Rape</span> <span class='ocrx_word' id='word_1_199' title='bbox 676 2692 1038 2746; x_wconf 85' lang='lat' dir='ltr'>occasionem</span> <span class='ocrx_word' id='word_1_200' title='bbox 1071 2691 1383 2762; x_wconf 72' lang='lat' dir='ltr'>inopinatae</span> <span class='ocrx_word' id='word_1_201' title='bbox 1417 2689 1726 2753; x_wconf 89' lang='lat' dir='ltr'>felicitatis,</span> <span class='ocrx_word' id='word_1_202' title='bbox 1780 2692 1842 2741; x_wconf 89' lang='lat' dir='ltr'>ut</span> <span class='ocrx_word' id='word_1_203' title='bbox 1889 2685 1987 2742; x_wconf 88' lang='lat' dir='ltr'>ille</span> 
     </span>
    </p>
   </div>
   <div class='ocr_carea' id='block_1_30' title="bbox 353 2775 1987 2850">
    <p class='ocr_par' dir='ltr' id='par_1_30' title="bbox 353 2775 1987 2850">
     <span class='ocr_line' id='line_1_30' title="bbox 353 2775 1987 2850; baseline -0.002 -18"><span class='ocrx_word' id='word_1_204' title='bbox 353 2785 414 2833; x_wconf 91' lang='lat' dir='ltr'>tu</span> <span class='ocrx_word' id='word_1_205' title='bbox 449 2779 592 2834; x_wconf 90' lang='lat' dir='ltr'>nihil</span> <span class='ocrx_word' id='word_1_206' title='bbox 624 2780 920 2850; x_wconf 89' lang='lat' dir='ltr'>quondam</span> <span class='ocrx_word' id='word_1_207' title='bbox 949 2796 1125 2850; x_wconf 89' lang='lat' dir='ltr'>penes</span> <span class='ocrx_word' id='word_1_208' title='bbox 1157 2781 1364 2845; x_wconf 91' lang='lat' dir='ltr'>Deum,</span> <span class='ocrx_word' id='word_1_209' title='bbox 1398 2779 1507 2834; x_wconf 91' lang='lat' dir='ltr'>nisi</span> <span class='ocrx_word' id='word_1_210' title='bbox 1541 2779 1674 2848; x_wconf 85' lang='lat' dir='ltr'>(lsa.</span> <span class='ocrx_word' id='word_1_211' title='bbox 1718 2793 1810 2844; x_wconf 74' lang='lat' dir='ltr'>xc,</span> <span class='ocrx_word' id='word_1_212' title='bbox 1871 2775 1936 2828; x_wconf 87' lang='grc'>15</span> <span class='ocrx_word' id='word_1_213' title='bbox 1974 2797 1987 2842; x_wconf 78' lang='lat'>-,</span> 
     </span>
    </p>
   </div>
   <div class='ocr_carea' id='block_1_31' title="bbox 353 2863 1984 2935">
    <p class='ocr_par' dir='ltr' id='par_1_31' title="bbox 353 2863 1984 2935">
     <span class='ocr_line' id='line_1_31' title="bbox 353 2863 1984 2935; baseline -0.004 -13"><span class='ocrx_word' id='word_1_214' title='bbox 353 2884 498 2933; x_wconf 76' lang='lat' dir='ltr'>LXIV,</span> <span class='ocrx_word' id='word_1_215' title='bbox 549 2870 628 2935; x_wconf 90' lang='lat'>8;</span> <span class='ocrx_word' id='word_1_216' title='bbox 689 2869 828 2923; x_wconf 85' lang='lat' dir='ltr'>Dan.</span> <span class='ocrx_word' id='word_1_217' title='bbox 883 2884 959 2923; x_wconf 71' lang='grc' dir='ltr'>ιιι</span> <span class='ocrx_word' id='word_1_218' title='bbox 1020 2869 1144 2923; x_wconf 84' lang='lat' dir='ltr'>Psal</span> <span class='ocrx_word' id='word_1_219' title='bbox 1219 2886 1256 2934; x_wconf 85' lang='grc' dir='ltr'>ι,</span> <span class='ocrx_word' id='word_1_220' title='bbox 1317 2869 1398 2934; x_wconf 80' lang='lat'>3;</span> <span class='ocrx_word' id='word_1_221' title='bbox 1448 2869 1646 2922; x_wconf 86' lang='lat' dir='ltr'>Jercm.</span> <span class='ocrx_word' id='word_1_222' title='bbox 1703 2882 1818 2929; x_wconf 69' lang='lat' dir='ltr'><strong>xxx,</strong></span> <span class='ocrx_word' id='word_1_223' title='bbox 1879 2863 1984 2931; x_wconf 85' lang='lat'>11;</span> 
     </span>
    </p>
   </div>
   <div class='ocr_carea' id='block_1_32' title="bbox 352 2953 1987 3028">
    <p class='ocr_par' dir='ltr' id='par_1_32' title="bbox 352 2953 1987 3028">
     <span class='ocr_line' id='line_1_32' title="bbox 352 2953 1987 3028; baseline -0.003 -18"><span class='ocrx_word' id='word_1_224' title='bbox 352 2957 537 3012; x_wconf 78' lang='lat' dir='ltr'>Matth.</span> <span class='ocrx_word' id='word_1_225' title='bbox 569 2959 658 3026; x_wconf 82' lang='grc' dir='ltr'>ιιι)</span> <span class='ocrx_word' id='word_1_226' title='bbox 687 2958 840 3012; x_wconf 85' lang='lat' dir='ltr'>stilla</span> <span class='ocrx_word' id='word_1_227' title='bbox 859 2959 1060 3025; x_wconf 72' lang='lat' dir='ltr'>situlaa,</span> <span class='ocrx_word' id='word_1_228' title='bbox 1093 2966 1146 3012; x_wconf 83' lang='lat' dir='ltr'>et</span> <span class='ocrx_word' id='word_1_229' title='bbox 1183 2973 1324 3012; x_wconf 69' lang='lat' dir='ltr'>arcta</span> <span class='ocrx_word' id='word_1_230' title='bbox 1364 2957 1546 3028; x_wconf 82' lang='lat' dir='ltr'>pulvis</span> <span class='ocrx_word' id='word_1_231' title='bbox 1601 2963 1656 3011; x_wconf 82' lang='lat' dir='ltr'>et</span> <span class='ocrx_word' id='word_1_232' title='bbox 1707 2953 1987 3010; x_wconf 78' lang='lat' dir='ltr'>vasculum</span> 
     </span>
    </p>
   </div>
   <div class='ocr_carea' id='block_1_33' title="bbox 2110 563 3750 638">
    <p class='ocr_par' dir='ltr' id='par_1_33' title="bbox 2110 563 3750 638">
     <span class='ocr_line' id='line_1_33' title="bbox 2110 563 3750 638; baseline -0.004 -16"><span class='ocrx_word' id='word_1_233' title='bbox 2110 576 2220 634; x_wconf 88' lang='lat' dir='ltr'>tur,</span> <span class='ocrx_word' id='word_1_234' title='bbox 2242 572 2297 622; x_wconf 81' lang='lat' dir='ltr'>et</span> <span class='ocrx_word' id='word_1_235' title='bbox 2325 569 2383 622; x_wconf 82' lang='lat' dir='ltr'>in</span> <span class='ocrx_word' id='word_1_236' title='bbox 2410 569 2572 624; x_wconf 74' lang='lat' dir='ltr'>loliis</span> <span class='ocrx_word' id='word_1_237' title='bbox 2588 583 2885 638; x_wconf 83' lang='lat' dir='ltr'>parennas,</span> <span class='ocrx_word' id='word_1_238' title='bbox 2906 575 2954 620; x_wconf 85' lang='lat' dir='ltr'>et</span> <span class='ocrx_word' id='word_1_239' title='bbox 2975 571 3218 635; x_wconf 82' lang='lat' dir='ltr'>tempora</span> <span class='ocrx_word' id='word_1_240' title='bbox 3232 579 3328 619; x_wconf 86' lang='lat' dir='ltr'>suo</span> <span class='ocrx_word' id='word_1_241' title='bbox 3356 567 3577 634; x_wconf 82' lang='lat' dir='ltr'>fructus</span> <span class='ocrx_word' id='word_1_242' title='bbox 3605 563 3750 630; x_wconf 81' lang='lat' dir='ltr'>agit,</span> 
     </span>
    </p>
   </div>
   <div class='ocr_carea' id='block_1_34' title="bbox 2111 651 3749 727">
    <p class='ocr_par' dir='ltr' id='par_1_34' title="bbox 2111 651 3749 727">
     <span class='ocr_line' id='line_1_34' title="bbox 2111 651 3749 727; baseline -0.004 -16"><span class='ocrx_word' id='word_1_243' title='bbox 2111 673 2236 727; x_wconf 68' lang='lat' dir='ltr'>quae</span> <span class='ocrx_word' id='word_1_244' title='bbox 2259 674 2372 711; x_wconf 91' lang='lat' dir='ltr'>non</span> <span class='ocrx_word' id='word_1_245' title='bbox 2396 659 2598 727; x_wconf 81' lang='lat' dir='ltr'>ignem,</span> <span class='ocrx_word' id='word_1_246' title='bbox 2623 673 2734 710; x_wconf 93' lang='lat' dir='ltr'>non</span> <span class='ocrx_word' id='word_1_247' title='bbox 2763 655 3003 710; x_wconf 81' lang='lat' dir='ltr'>securim</span> <span class='ocrx_word' id='word_1_248' title='bbox 3030 654 3268 708; x_wconf 89' lang='lat' dir='ltr'>videbit.</span> <span class='ocrx_word' id='word_1_249' title='bbox 3311 651 3595 707; x_wconf 74' lang='lat' dir='ltr'>Pmniteat</span> <span class='ocrx_word' id='word_1_250' title='bbox 3652 667 3749 705; x_wconf 63' lang='lat' dir='ltr'>erv</span> 
     </span>
    </p>
   </div>
   <div class='ocr_carea' id='block_1_35' title="bbox 2110 743 3756 816">
    <p class='ocr_par' dir='ltr' id='par_1_35' title="bbox 2110 743 3756 816">
     <span class='ocr_line' id='line_1_35' title="bbox 2110 743 3756 816; baseline -0.004 -18"><span class='ocrx_word' id='word_1_251' title='bbox 2110 761 2330 809; x_wconf 89' lang='lat' dir='ltr'>rorum,</span> <span class='ocrx_word' id='word_1_252' title='bbox 2392 750 2621 816; x_wconf 88' lang='lat' dir='ltr'>reperta</span> <span class='ocrx_word' id='word_1_253' title='bbox 2673 745 2954 811; x_wconf 86' lang='lat' dir='ltr'>veritate;</span> <span class='ocrx_word' id='word_1_254' title='bbox 3009 743 3282 814; x_wconf 70' lang='lat' dir='ltr'>poeniteat</span> <span class='ocrx_word' id='word_1_255' title='bbox 3330 757 3564 797; x_wconf 86' lang='lat' dir='ltr'>amasse</span> <span class='ocrx_word' id='word_1_256' title='bbox 3623 755 3756 810; x_wconf 70' lang='lat' dir='ltr'>qum</span> 
     </span>
    </p>
   </div>
   <div class='ocr_carea' id='block_1_36' title="bbox 2111 828 3749 904">
    <p class='ocr_par' dir='ltr' id='par_1_36' title="bbox 2111 828 3749 904">
     <span class='ocr_line' id='line_1_36' title="bbox 2111 828 3749 904; baseline -0.005 -16"><span class='ocrx_word' id='word_1_257' title='bbox 2111 835 2260 888; x_wconf 90' lang='lat' dir='ltr'>Deus</span> <span class='ocrx_word' id='word_1_258' title='bbox 2293 850 2407 888; x_wconf 93' lang='lat' dir='ltr'>non</span> <span class='ocrx_word' id='word_1_259' title='bbox 2439 838 2616 897; x_wconf 87' lang='lat' dir='ltr'>amat,</span> <span class='ocrx_word' id='word_1_260' title='bbox 2649 833 2881 904; x_wconf 90' lang='lat' dir='ltr'>quando</span> <span class='ocrx_word' id='word_1_261' title='bbox 2912 848 2985 886; x_wconf 92' lang='lat' dir='ltr'>ne</span> <span class='ocrx_word' id='word_1_262' title='bbox 3016 848 3121 886; x_wconf 90' lang='lat' dir='ltr'>nos</span> <span class='ocrx_word' id='word_1_263' title='bbox 3172 831 3406 902; x_wconf 86' lang='lat' dir='ltr'>quidem</span> <span class='ocrx_word' id='word_1_264' title='bbox 3457 828 3570 900; x_wconf 88' lang='lat' dir='ltr'>ipsi</span> <span class='ocrx_word' id='word_1_265' title='bbox 3623 843 3749 882; x_wconf 86' lang='lat' dir='ltr'>ser-</span> 
     </span>
    </p>
   </div>
   <div class='ocr_carea' id='block_1_37' title="bbox 2107 918 3746 992">
    <p class='ocr_par' dir='ltr' id='par_1_37' title="bbox 2107 918 3746 992">
     <span class='ocr_line' id='line_1_37' title="bbox 2107 918 3746 992; baseline -0.004 -17"><span class='ocrx_word' id='word_1_266' title='bbox 2107 921 2258 976; x_wconf 91' lang='lat' dir='ltr'>vulis</span> <span class='ocrx_word' id='word_1_267' title='bbox 2281 922 2497 976; x_wconf 87' lang='lat' dir='ltr'>nostris</span> <span class='ocrx_word' id='word_1_268' title='bbox 2528 937 2596 976; x_wconf 89' lang='lat' dir='ltr'>ea</span> <span class='ocrx_word' id='word_1_269' title='bbox 2619 922 2828 977; x_wconf 70' lang='lat'>1234</span> <span class='ocrx_word' id='word_1_270' title='bbox 2853 920 3070 992; x_wconf 88' lang='lat' dir='ltr'>quibus</span> <span class='ocrx_word' id='word_1_271' title='bbox 3127 919 3481 974; x_wconf 72' lang='lat' dir='ltr'>offendimur</span> <span class='ocrx_word' id='word_1_272' title='bbox 3527 918 3574 951; x_wconf 78' lang='grc'>³³</span> <span class='ocrx_word' id='word_1_273' title='bbox 3629 932 3746 971; x_wconf 83' lang='grc' dir='ltr'>ιιοι]</span> 
     </span>
    </p>
   </div>
   <div class='ocr_carea' id='block_1_38' title="bbox 2107 1005 3750 1082">
    <p class='ocr_par' dir='ltr' id='par_1_38' title="bbox 2107 1005 3750 1082">
     <span class='ocr_line' id='line_1_38' title="bbox 2107 1005 3750 1082; baseline -0.004 -18"><span class='ocrx_word' id='word_1_274' title='bbox 2107 1009 2300 1065; x_wconf 90' lang='lat' dir='ltr'>odisse</span> <span class='ocrx_word' id='word_1_275' title='bbox 2335 1011 2749 1082; x_wconf 87' lang='lat' dir='ltr'>permittimus.</span> <span class='ocrx_word' id='word_1_276' title='bbox 2784 1009 3060 1080; x_wconf 88' lang='lat' dir='ltr'>Obsequii</span> <span class='ocrx_word' id='word_1_277' title='bbox 3093 1008 3250 1064; x_wconf 90' lang='lat' dir='ltr'>enim</span> <span class='ocrx_word' id='word_1_278' title='bbox 3280 1006 3426 1063; x_wconf 86' lang='lat' dir='ltr'>ratio</span> <span class='ocrx_word' id='word_1_279' title='bbox 3462 1005 3525 1060; x_wconf 90' lang='lat' dir='ltr'>in</span> <span class='ocrx_word' id='word_1_280' title='bbox 3579 1005 3750 1060; x_wconf 88' lang='lat' dir='ltr'>simi-</span> 
     </span>
    </p>
   </div>
   <div class='ocr_carea' id='block_1_39' title="bbox 2106 1093 3750 1166">
    <p class='ocr_par' dir='ltr' id='par_1_39' title="bbox 2106 1093 3750 1166">
     <span class='ocr_line' id='line_1_39' title="bbox 2106 1093 3750 1166; baseline -0.003 -15"><span class='ocrx_word' id='word_1_281' title='bbox 2106 1097 2352 1154; x_wconf 90' lang='lat' dir='ltr'>litudine</span> <span class='ocrx_word' id='word_1_282' title='bbox 2383 1099 2714 1154; x_wconf 90' lang='lat' dir='ltr'>animorum</span> <span class='ocrx_word' id='word_1_283' title='bbox 2745 1097 3067 1153; x_wconf 90' lang='lat' dir='ltr'>constituta</span> <span class='ocrx_word' id='word_1_284' title='bbox 3087 1101 3195 1153; x_wconf 89' lang='lat' dir='ltr'>est.</span> <span class='ocrx_word' id='word_1_285' title='bbox 3224 1095 3303 1150; x_wconf 92' lang='lat' dir='ltr'>De</span> <span class='ocrx_word' id='word_1_286' title='bbox 3351 1096 3504 1150; x_wconf 89' lang='lat' dir='ltr'>bono</span> <span class='ocrx_word' id='word_1_287' title='bbox 3561 1093 3750 1166; x_wconf 79' lang='lat' dir='ltr'>pmni-</span> 
     </span>
    </p>
   </div>
   <div class='ocr_carea' id='block_1_40' title="bbox 2105 1180 3752 1254">
    <p class='ocr_par' dir='ltr' id='par_1_40' title="bbox 2105 1180 3752 1254">
     <span class='ocr_line' id='line_1_40' title="bbox 2105 1180 3752 1254; baseline -0.003 -14"><span class='ocrx_word' id='word_1_288' title='bbox 2105 1188 2304 1242; x_wconf 58' lang='lat' dir='ltr'>tentiis</span> <span class='ocrx_word' id='word_1_289' title='bbox 2334 1187 2756 1254; x_wconf 84' lang='lat' dir='ltr'>enumerando,</span> <span class='ocrx_word' id='word_1_290' title='bbox 2789 1184 3007 1240; x_wconf 82' lang='lat' dir='ltr'>diﬂ‘usa</span> <span class='ocrx_word' id='word_1_291' title='bbox 3027 1191 3080 1238; x_wconf 89' lang='lat' dir='ltr'>et</span> <span class='ocrx_word' id='word_1_292' title='bbox 3137 1198 3240 1254; x_wconf 88' lang='lat' dir='ltr'>per</span> <span class='ocrx_word' id='word_1_293' title='bbox 3269 1180 3315 1215; x_wconf 78' lang='grc'>²⁴</span> <span class='ocrx_word' id='word_1_294' title='bbox 3365 1181 3474 1236; x_wconf 86' lang='lat' dir='ltr'>hoc</span> <span class='ocrx_word' id='word_1_295' title='bbox 3533 1197 3752 1250; x_wconf 81' lang='lat' dir='ltr'>magno</span> 
     </span>
    </p>
   </div>
   <div class='ocr_carea' id='block_1_41' title="bbox 2106 1269 3750 1346">
    <p class='ocr_par' dir='ltr' id='par_1_41' title="bbox 2106 1269 3750 1346">
     <span class='ocr_line' id='line_1_41' title="bbox 2106 1269 3750 1346; baseline -0.004 -17"><span class='ocrx_word' id='word_1_296' title='bbox 2106 1273 2336 1346; x_wconf 90' lang='lat' dir='ltr'>eloquio</span> <span class='ocrx_word' id='word_1_297' title='bbox 2385 1275 2739 1330; x_wconf 88' lang='lat' dir='ltr'>comittenda</span> <span class='ocrx_word' id='word_1_298' title='bbox 2778 1275 3023 1329; x_wconf 80' lang='lat' dir='ltr'>materia</span> <span class='ocrx_word' id='word_1_299' title='bbox 3084 1276 3192 1326; x_wconf 88' lang='lat' dir='ltr'>est.</span> <span class='ocrx_word' id='word_1_300' title='bbox 3249 1269 3366 1325; x_wconf 89' lang='lat' dir='ltr'>Nos</span> <span class='ocrx_word' id='word_1_301' title='bbox 3446 1285 3581 1324; x_wconf 91' lang='lat' dir='ltr'>vero</span> <span class='ocrx_word' id='word_1_302' title='bbox 3639 1284 3750 1338; x_wconf 92' lang='lat' dir='ltr'>pro</span> 
     </span>
    </p>
   </div>
   <div class='ocr_carea' id='block_1_42' title="bbox 2108 1359 3750 1434">
    <p class='ocr_par' dir='ltr' id='par_1_42' title="bbox 2108 1359 3750 1434">
     <span class='ocr_line' id='line_1_42' title="bbox 2108 1359 3750 1434; baseline -0.005 -17"><span class='ocrx_word' id='word_1_303' title='bbox 2108 1363 2323 1418; x_wconf 90' lang='lat' dir='ltr'>nostris</span> <span class='ocrx_word' id='word_1_304' title='bbox 2345 1363 2637 1434; x_wconf 90' lang='lat' dir='ltr'>augustiis</span> <span class='ocrx_word' id='word_1_305' title='bbox 2669 1378 2848 1416; x_wconf 92' lang='lat' dir='ltr'>unum</span> <span class='ocrx_word' id='word_1_306' title='bbox 2876 1361 3281 1415; x_wconf 82' lang='lat' dir='ltr'>inculcamus:</span> <span class='ocrx_word' id='word_1_307' title='bbox 3317 1359 3536 1412; x_wconf 90' lang='lat' dir='ltr'>bonum</span> <span class='ocrx_word' id='word_1_308' title='bbox 3567 1362 3750 1426; x_wconf 85' lang='lat' dir='ltr'>atque</span> 
     </span>
    </p>
   </div>
   <div class='ocr_carea' id='block_1_43' title="bbox 2107 1444 3743 1522">
    <p class='ocr_par' dir='ltr' id='par_1_43' title="bbox 2107 1444 3743 1522">
     <span class='ocr_line' id='line_1_43' title="bbox 2107 1444 3743 1522; baseline -0.005 -16"><span class='ocrx_word' id='word_1_309' title='bbox 2107 1453 2390 1522; x_wconf 89' lang='lat' dir='ltr'>optimum</span> <span class='ocrx_word' id='word_1_310' title='bbox 2426 1468 2574 1520; x_wconf 86' lang='lat' dir='ltr'>esse,</span> <span class='ocrx_word' id='word_1_311' title='bbox 2607 1451 2758 1522; x_wconf 92' lang='lat' dir='ltr'>quod</span> <span class='ocrx_word' id='word_1_312' title='bbox 2793 1450 2947 1505; x_wconf 90' lang='lat' dir='ltr'>Deus</span> <span class='ocrx_word' id='word_1_313' title='bbox 2979 1449 3250 1520; x_wconf 63' lang='lat' dir='ltr'>pracepit</span> <span class='ocrx_word' id='word_1_314' title='bbox 3289 1447 3356 1500; x_wconf 78' lang='grc'>³⁸.</span> <span class='ocrx_word' id='word_1_315' title='bbox 3416 1444 3743 1501; x_wconf 85' lang='lat' dir='ltr'>Audaciam</span> 
     </span>
    </p>
   </div>
   <div class='ocr_carea' id='block_1_44' title="bbox 2106 1535 3744 1608">
    <p class='ocr_par' dir='ltr' id='par_1_44' title="bbox 2106 1535 3744 1608">
     <span class='ocr_line' id='line_1_44' title="bbox 2106 1535 3744 1608; baseline -0.004 -14"><span class='ocrx_word' id='word_1_316' title='bbox 2106 1540 2399 1605; x_wconf 85' lang='lat' dir='ltr'>existimo,</span> <span class='ocrx_word' id='word_1_317' title='bbox 2449 1539 2521 1594; x_wconf 91' lang='lat' dir='ltr'>de</span> <span class='ocrx_word' id='word_1_318' title='bbox 2603 1539 2754 1595; x_wconf 90' lang='lat' dir='ltr'>bono</span> <span class='ocrx_word' id='word_1_319' title='bbox 2838 1537 3015 1592; x_wconf 89' lang='lat' dir='ltr'>divini</span> <span class='ocrx_word' id='word_1_320' title='bbox 3081 1536 3350 1608; x_wconf 66' lang='lat' dir='ltr'>pracepti</span> <span class='ocrx_word' id='word_1_321' title='bbox 3403 1535 3744 1606; x_wconf 54' lang='lat' dir='ltr'>.disputare.</span> 
     </span>
    </p>
   </div>
   <div class='ocr_carea' id='block_1_45' title="bbox 2105 1622 3749 1698">
    <p class='ocr_par' dir='ltr' id='par_1_45' title="bbox 2105 1622 3749 1698">
     <span class='ocr_line' id='line_1_45' title="bbox 2105 1622 3749 1698; baseline -0.004 -17"><span class='ocrx_word' id='word_1_322' title='bbox 2105 1627 2476 1698; x_wconf 89' lang='lat' dir='ltr'>Nequeenim</span> <span class='ocrx_word' id='word_1_323' title='bbox 2504 1625 2641 1697; x_wconf 90' lang='lat' dir='ltr'>quia</span> <span class='ocrx_word' id='word_1_324' title='bbox 2700 1626 2915 1681; x_wconf 88' lang='lat' dir='ltr'>bonum</span> <span class='ocrx_word' id='word_1_325' title='bbox 2975 1629 3084 1691; x_wconf 88' lang='lat' dir='ltr'>est,</span> <span class='ocrx_word' id='word_1_326' title='bbox 3135 1623 3352 1679; x_wconf 90' lang='lat' dir='ltr'>idcirco</span> <span class='ocrx_word' id='word_1_327' title='bbox 3407 1622 3749 1678; x_wconf 87' lang='lat' dir='ltr'>auscultare</span> 
     </span>
    </p>
   </div>
   <div class='ocr_carea' id='block_1_46' title="bbox 2107 1710 3746 1785">
    <p class='ocr_par' dir='ltr' id='par_1_46' title="bbox 2107 1710 3746 1785">
     <span class='ocr_line' id='line_1_46' title="bbox 2107 1710 3746 1785; baseline -0.004 -15"><span class='ocrx_word' id='word_1_328' title='bbox 2107 1715 2408 1781; x_wconf 90' lang='lat' dir='ltr'>debemus,</span> <span class='ocrx_word' id='word_1_329' title='bbox 2455 1715 2554 1770; x_wconf 88' lang='lat' dir='ltr'>sed</span> <span class='ocrx_word' id='word_1_330' title='bbox 2588 1715 2726 1785; x_wconf 90' lang='lat' dir='ltr'>quia</span> <span class='ocrx_word' id='word_1_331' title='bbox 2777 1714 2929 1769; x_wconf 88' lang='lat' dir='ltr'>Deus</span> <span class='ocrx_word' id='word_1_332' title='bbox 2953 1713 2998 1747; x_wconf 80' lang='grc'>²⁶</span> <span class='ocrx_word' id='word_1_333' title='bbox 3037 1712 3331 1784; x_wconf 64' lang='lat' dir='ltr'>praecepit.</span> <span class='ocrx_word' id='word_1_334' title='bbox 3379 1711 3462 1764; x_wconf 88' lang='lat' dir='ltr'>Ad</span> <span class='ocrx_word' id='word_1_335' title='bbox 3516 1710 3746 1766; x_wconf 82' lang='lat' dir='ltr'>exhibi-</span> 
     </span>
    </p>
   </div>
   <div class='ocr_carea' id='block_1_47' title="bbox 2103 1799 3749 1873">
    <p class='ocr_par' dir='ltr' id='par_1_47' title="bbox 2103 1799 3749 1873">
     <span class='ocr_line' id='line_1_47' title="bbox 2103 1799 3749 1873; baseline -0.003 -17"><span class='ocrx_word' id='word_1_336' title='bbox 2103 1804 2320 1856; x_wconf 89' lang='lat' dir='ltr'>tionem</span> <span class='ocrx_word' id='word_1_337' title='bbox 2352 1801 2640 1873; x_wconf 89' lang='lat' dir='ltr'>obsequii,</span> <span class='ocrx_word' id='word_1_338' title='bbox 2672 1801 2829 1872; x_wconf 89' lang='lat' dir='ltr'>prior</span> <span class='ocrx_word' id='word_1_339' title='bbox 2859 1806 2949 1856; x_wconf 90' lang='lat' dir='ltr'>est</span> <span class='ocrx_word' id='word_1_340' title='bbox 2983 1801 3263 1871; x_wconf 85' lang='lat' dir='ltr'>majestas</span> <span class='ocrx_word' id='word_1_341' title='bbox 3315 1799 3523 1853; x_wconf 73' lang='lat' dir='ltr'>divinas</span> <span class='ocrx_word' id='word_1_342' title='bbox 3583 1803 3749 1869; x_wconf 85' lang='lat' dir='ltr'>pote-</span> 
     </span>
    </p>
   </div>
   <div class='ocr_carea' id='block_1_48' title="bbox 2104 1886 3750 1961">
    <p class='ocr_par' dir='ltr' id='par_1_48' title="bbox 2104 1886 3750 1961">
     <span class='ocr_line' id='line_1_48' title="bbox 2104 1886 3750 1961; baseline -0.004 -17"><span class='ocrx_word' id='word_1_343' title='bbox 2104 1891 2308 1945; x_wconf 89' lang='lat' dir='ltr'>statis:</span> <span class='ocrx_word' id='word_1_344' title='bbox 2345 1891 2502 1961; x_wconf 90' lang='lat' dir='ltr'>prior</span> <span class='ocrx_word' id='word_1_345' title='bbox 2532 1896 2619 1944; x_wconf 89' lang='lat' dir='ltr'>est</span> <span class='ocrx_word' id='word_1_346' title='bbox 2642 1890 2955 1944; x_wconf 86' lang='lat' dir='ltr'>auctoritas</span> <span class='ocrx_word' id='word_1_347' title='bbox 2987 1887 3350 1959; x_wconf 85' lang='lat' dir='ltr'>imperantis,</span> <span class='ocrx_word' id='word_1_348' title='bbox 3405 1902 3580 1957; x_wconf 88' lang='lat' dir='ltr'>quam</span> <span class='ocrx_word' id='word_1_349' title='bbox 3630 1886 3750 1939; x_wconf 90' lang='lat' dir='ltr'>uti-</span> 
     </span>
    </p>
   </div>
   <div class='ocr_carea' id='block_1_49' title="bbox 2102 1974 3746 2048">
    <p class='ocr_par' dir='ltr' id='par_1_49' title="bbox 2102 1974 3746 2048">
     <span class='ocr_line' id='line_1_49' title="bbox 2102 1974 3746 2048; baseline -0.003 -15"><span class='ocrx_word' id='word_1_350' title='bbox 2102 1979 2233 2034; x_wconf 87' lang='lat' dir='ltr'>litas</span> <span class='ocrx_word' id='word_1_351' title='bbox 2265 1979 2590 2034; x_wconf 88' lang='lat' dir='ltr'>servientis.</span> <span class='ocrx_word' id='word_1_352' title='bbox 2615 1978 2840 2033; x_wconf 91' lang='lat' dir='ltr'>Bonum</span> <span class='ocrx_word' id='word_1_353' title='bbox 2870 1984 2959 2032; x_wconf 92' lang='lat' dir='ltr'>est</span> <span class='ocrx_word' id='word_1_354' title='bbox 2985 1980 3280 2048; x_wconf 64' lang='lat' dir='ltr'>paenitere,</span> <span class='ocrx_word' id='word_1_355' title='bbox 3313 1991 3506 2030; x_wconf 90' lang='lat' dir='ltr'>annon</span> <span class='ocrx_word' id='word_1_356' title='bbox 3527 1974 3555 2028; x_wconf 85' lang='lat'><strong>?</strong></span> <span class='ocrx_word' id='word_1_357' title='bbox 3589 1974 3746 2038; x_wconf 87' lang='lat' dir='ltr'>Quid</span> 
     </span>
    </p>
   </div>
   <div class='ocr_carea' id='block_1_50' title="bbox 2103 2063 3744 2138">
    <p class='ocr_par' dir='ltr' id='par_1_50' title="bbox 2103 2063 3744 2138">
     <span class='ocr_line' id='line_1_50' title="bbox 2103 2063 3744 2138; baseline -0.003 -17"><span class='ocrx_word' id='word_1_358' title='bbox 2103 2067 2347 2121; x_wconf 91' lang='lat' dir='ltr'>revolvis</span> <span class='ocrx_word' id='word_1_359' title='bbox 2376 2067 2403 2120; x_wconf 66' lang='grc' dir='ltr'>Τ</span> <span class='ocrx_word' id='word_1_360' title='bbox 2441 2068 2587 2121; x_wconf 88' lang='lat' dir='ltr'>Deus</span> <span class='ocrx_word' id='word_1_361' title='bbox 2620 2066 2898 2138; x_wconf 64' lang='lat' dir='ltr'>praecipit.</span> <span class='ocrx_word' id='word_1_362' title='bbox 2935 2069 3006 2120; x_wconf 88' lang='lat' dir='ltr'>At</span> <span class='ocrx_word' id='word_1_363' title='bbox 3035 2065 3191 2120; x_wconf 90' lang='lat' dir='ltr'>enim</span> <span class='ocrx_word' id='word_1_364' title='bbox 3223 2065 3267 2098; x_wconf 77' lang='grc'>⁸⁷</span> <span class='ocrx_word' id='word_1_365' title='bbox 3295 2063 3391 2118; x_wconf 91' lang='lat' dir='ltr'>ille</span> <span class='ocrx_word' id='word_1_366' title='bbox 3421 2080 3533 2119; x_wconf 90' lang='lat' dir='ltr'>non</span> <span class='ocrx_word' id='word_1_367' title='bbox 3594 2079 3744 2133; x_wconf 69' lang='lat' dir='ltr'>prae-</span> 
     </span>
    </p>
   </div>
   <div class='ocr_carea' id='block_1_51' title="bbox 2098 2150 3738 2225">
    <p class='ocr_par' dir='ltr' id='par_1_51' title="bbox 2098 2150 3738 2225">
     <span class='ocr_line' id='line_1_51' title="bbox 2098 2150 3738 2225; baseline -0.002 -16"><span class='ocrx_word' id='word_1_368' title='bbox 2098 2155 2239 2225; x_wconf 92' lang='lat' dir='ltr'>cipit</span> <span class='ocrx_word' id='word_1_369' title='bbox 2268 2160 2518 2221; x_wconf 90' lang='lat' dir='ltr'>tantum,</span> <span class='ocrx_word' id='word_1_370' title='bbox 2553 2155 2650 2210; x_wconf 91' lang='lat' dir='ltr'>sed</span> <span class='ocrx_word' id='word_1_371' title='bbox 2700 2155 2875 2209; x_wconf 89' lang='lat' dir='ltr'>etiam</span> <span class='ocrx_word' id='word_1_372' title='bbox 2927 2154 3218 2208; x_wconf 86' lang='lat' dir='ltr'>hortatur.</span> <span class='ocrx_word' id='word_1_373' title='bbox 3264 2153 3471 2207; x_wconf 88' lang='lat' dir='ltr'>Invitat</span> <span class='ocrx_word' id='word_1_374' title='bbox 3516 2150 3738 2222; x_wconf 68' lang='lat' dir='ltr'>(Eucti.</span> 
     </span>
    </p>
   </div>
   <div class='ocr_carea' id='block_1_52' title="bbox 2097 2240 3742 2313">
    <p class='ocr_par' dir='ltr' id='par_1_52' title="bbox 2097 2240 3742 2313">
     <span class='ocr_line' id='line_1_52' title="bbox 2097 2240 3742 2313; baseline -0.002 -17"><span class='ocrx_word' id='word_1_375' title='bbox 2097 2259 2294 2312; x_wconf 83' lang='lat' dir='ltr'><strong>xxxm,</strong></span> <span class='ocrx_word' id='word_1_376' title='bbox 2331 2241 2675 2313; x_wconf 70' lang='lat' dir='ltr'>1l)praemio</span> <span class='ocrx_word' id='word_1_377' title='bbox 2698 2240 2950 2296; x_wconf 89' lang='lat' dir='ltr'>salutem</span> <span class='ocrx_word' id='word_1_378' title='bbox 2973 2241 3038 2311; x_wconf 74' lang='grc'>³⁸,</span> <span class='ocrx_word' id='word_1_379' title='bbox 3092 2242 3320 2310; x_wconf 89' lang='lat' dir='ltr'>jurans,</span> <span class='ocrx_word' id='word_1_380' title='bbox 3378 2240 3554 2294; x_wconf 88' lang='lat' dir='ltr'>etiam</span> <span class='ocrx_word' id='word_1_381' title='bbox 3607 2241 3742 2295; x_wconf 84' lang='lat' dir='ltr'>Vivo</span> 
     </span>
    </p>
   </div>
   <div class='ocr_carea' id='block_1_53' title="bbox 2096 2329 3739 2400">
    <p class='ocr_par' dir='ltr' id='par_1_53' title="bbox 2096 2329 3739 2400">
     <span class='ocr_line' id='line_1_53' title="bbox 2096 2329 3739 2400; baseline -0.001 -16"><span class='ocrx_word' id='word_1_382' title='bbox 2096 2330 2316 2396; x_wconf 89' lang='lat' dir='ltr'>dicens,</span> <span class='ocrx_word' id='word_1_383' title='bbox 2348 2330 2509 2400; x_wconf 89' lang='lat' dir='ltr'>cupit</span> <span class='ocrx_word' id='word_1_384' title='bbox 2528 2329 2684 2384; x_wconf 88' lang='lat' dir='ltr'>credi</span> <span class='ocrx_word' id='word_1_385' title='bbox 2726 2330 2859 2384; x_wconf 87' lang='lat' dir='ltr'>sibi.</span> <span class='ocrx_word' id='word_1_386' title='bbox 2915 2330 2959 2386; x_wconf 92' lang='grc' dir='ltr'>Ο</span> <span class='ocrx_word' id='word_1_387' title='bbox 3000 2329 3199 2384; x_wconf 87' lang='lat' dir='ltr'>beatos</span> <span class='ocrx_word' id='word_1_388' title='bbox 3256 2345 3362 2384; x_wconf 90' lang='lat' dir='ltr'>nos</span> <span class='ocrx_word' id='word_1_389' title='bbox 3382 2329 3428 2363; x_wconf 74' lang='lat'><strong>&quot;</strong></span> <span class='ocrx_word' id='word_1_390' title='bbox 3482 2344 3739 2399; x_wconf 87' lang='lat' dir='ltr'>quorum</span> 
     </span>
    </p>
   </div>
   <div class='ocr_carea' id='block_1_54' title="bbox 2096 2416 3740 2488">
    <p class='ocr_par' dir='ltr' id='par_1_54' title="bbox 2096 2416 3740 2488">
     <span class='ocr_line' id='line_1_54' title="bbox 2096 2416 3740 2488; baseline -0.001 -15"><span class='ocrx_word' id='word_1_391' title='bbox 2096 2435 2274 2473; x_wconf 88' lang='lat' dir='ltr'>causa</span> <span class='ocrx_word' id='word_1_392' title='bbox 2304 2418 2457 2473; x_wconf 92' lang='lat' dir='ltr'>Deus</span> <span class='ocrx_word' id='word_1_393' title='bbox 2482 2417 2682 2488; x_wconf 89' lang='lat' dir='ltr'>juratl</span> <span class='ocrx_word' id='word_1_394' title='bbox 2710 2417 2752 2472; x_wconf 94' lang='grc' dir='ltr'>Ο</span> <span class='ocrx_word' id='word_1_395' title='bbox 2813 2416 3199 2484; x_wconf 85' lang='lat' dir='ltr'>miserrimos,</span> <span class='ocrx_word' id='word_1_396' title='bbox 3259 2417 3308 2471; x_wconf 89' lang='lat' dir='ltr'>si</span> <span class='ocrx_word' id='word_1_397' title='bbox 3365 2431 3472 2471; x_wconf 89' lang='lat' dir='ltr'>nec</span> <span class='ocrx_word' id='word_1_398' title='bbox 3505 2416 3740 2486; x_wconf 78' lang='lat' dir='ltr'>juranti</span> 
     </span>
    </p>
   </div>
   <div class='ocr_carea' id='block_1_55' title="bbox 2093 2504 3742 2577">
    <p class='ocr_par' dir='ltr' id='par_1_55' title="bbox 2093 2504 3742 2577">
     <span class='ocr_line' id='line_1_55' title="bbox 2093 2504 3742 2577; baseline 0.001 -18"><span class='ocrx_word' id='word_1_399' title='bbox 2093 2506 2338 2560; x_wconf 90' lang='lat' dir='ltr'>Domino</span> <span class='ocrx_word' id='word_1_400' title='bbox 2385 2505 2719 2560; x_wconf 79' lang='lat' dir='ltr'>credimus!</span> <span class='ocrx_word' id='word_1_401' title='bbox 2772 2505 2934 2571; x_wconf 89' lang='lat' dir='ltr'>Quod</span> <span class='ocrx_word' id='word_1_402' title='bbox 2984 2504 3166 2577; x_wconf 79' lang='lat' dir='ltr'>igitur</span> <span class='ocrx_word' id='word_1_403' title='bbox 3228 2509 3381 2560; x_wconf 91' lang='lat' dir='ltr'>Deus</span> <span class='ocrx_word' id='word_1_404' title='bbox 3428 2509 3742 2575; x_wconf 87' lang='lat' dir='ltr'>tantopere</span> 
     </span>
    </p>
   </div>
   <div class='ocr_carea' id='block_1_56' title="bbox 2094 2593 3736 2664">
    <p class='ocr_par' dir='ltr' id='par_1_56' title="bbox 2094 2593 3736 2664">
     <span class='ocr_line' id='line_1_56' title="bbox 2094 2593 3736 2664; baseline -0.002 -13"><span class='ocrx_word' id='word_1_405' title='bbox 2094 2593 2486 2659; x_wconf 87' lang='lat' dir='ltr'>commendat,</span> <span class='ocrx_word' id='word_1_406' title='bbox 2513 2593 2665 2664; x_wconf 92' lang='lat' dir='ltr'>quod</span> <span class='ocrx_word' id='word_1_407' title='bbox 2697 2593 2874 2649; x_wconf 90' lang='lat' dir='ltr'>etiam</span> <span class='ocrx_word' id='word_1_408' title='bbox 2900 2593 3157 2648; x_wconf 89' lang='lat' dir='ltr'>humano</span> <span class='ocrx_word' id='word_1_409' title='bbox 3195 2609 3355 2649; x_wconf 87' lang='lat' dir='ltr'>more</span> <span class='ocrx_word' id='word_1_410' title='bbox 3411 2594 3518 2649; x_wconf 93' lang='lat' dir='ltr'>sub</span> <span class='ocrx_word' id='word_1_411' title='bbox 3568 2594 3736 2663; x_wconf 86' lang='lat' dir='ltr'>deje-</span> 
     </span>
    </p>
   </div>
   <div class='ocr_carea' id='block_1_57' title="bbox 2097 2681 3740 2754">
    <p class='ocr_par' dir='ltr' id='par_1_57' title="bbox 2097 2681 3740 2754">
     <span class='ocr_line' id='line_1_57' title="bbox 2097 2681 3740 2754; baseline -0.001 -17"><span class='ocrx_word' id='word_1_412' title='bbox 2097 2683 2318 2737; x_wconf 89' lang='lat' dir='ltr'>ratione</span> <span class='ocrx_word' id='word_1_413' title='bbox 2347 2685 2615 2748; x_wconf 87' lang='lat' dir='ltr'>testatur,</span> <span class='ocrx_word' id='word_1_414' title='bbox 2651 2698 2883 2736; x_wconf 89' lang='lat' dir='ltr'>summa</span> <span class='ocrx_word' id='word_1_415' title='bbox 2925 2681 3128 2753; x_wconf 89' lang='lat' dir='ltr'>utique</span> <span class='ocrx_word' id='word_1_416' title='bbox 3182 2682 3467 2754; x_wconf 82' lang='lat' dir='ltr'>gravitate</span> <span class='ocrx_word' id='word_1_417' title='bbox 3522 2685 3579 2736; x_wconf 82' lang='lat' dir='ltr'>et</span> <span class='ocrx_word' id='word_1_418' title='bbox 3635 2698 3740 2754; x_wconf 81' lang='lat' dir='ltr'>ag-</span> 
     </span>
    </p>
   </div>
   <div class='ocr_carea' id='block_1_58' title="bbox 2094 2769 3739 2843">
    <p class='ocr_par' dir='ltr' id='par_1_58' title="bbox 2094 2769 3739 2843">
     <span class='ocr_line' id='line_1_58' title="bbox 2094 2769 3739 2843; baseline 0.002 -19"><span class='ocrx_word' id='word_1_419' title='bbox 2094 2771 2255 2843; x_wconf 82' lang='lat' dir='ltr'>gredi</span> <span class='ocrx_word' id='word_1_420' title='bbox 2289 2774 2345 2824; x_wconf 92' lang='lat' dir='ltr'>et</span> <span class='ocrx_word' id='word_1_421' title='bbox 2365 2769 2658 2825; x_wconf 89' lang='lat' dir='ltr'>custodire</span> <span class='ocrx_word' id='word_1_422' title='bbox 2701 2770 3004 2841; x_wconf 86' lang='lat' dir='ltr'>debemus,</span> <span class='ocrx_word' id='word_1_423' title='bbox 3057 2776 3120 2825; x_wconf 90' lang='lat' dir='ltr'>ut</span> <span class='ocrx_word' id='word_1_424' title='bbox 3180 2771 3241 2824; x_wconf 92' lang='lat' dir='ltr'>in</span> <span class='ocrx_word' id='word_1_425' title='bbox 3301 2769 3739 2827; x_wconf 81' lang='lat' dir='ltr'>asseveratione</span> 
     </span>
    </p>
   </div>
   <div class='ocr_carea' id='block_1_59' title="bbox 2094 2858 3739 2930">
    <p class='ocr_par' dir='ltr' id='par_1_59' title="bbox 2094 2858 3739 2930">
     <span class='ocr_line' id='line_1_59' title="bbox 2094 2858 3739 2930; baseline 0 -17"><span class='ocrx_word' id='word_1_426' title='bbox 2094 2859 2300 2914; x_wconf 69' lang='lat' dir='ltr'>divinas</span> <span class='ocrx_word' id='word_1_427' title='bbox 2330 2858 2525 2930; x_wconf 78' lang='lat' dir='ltr'>gratias</span> <span class='ocrx_word' id='word_1_428' title='bbox 2558 2864 2990 2930; x_wconf 88' lang='lat' dir='ltr'>permanentes,</span> <span class='ocrx_word' id='word_1_429' title='bbox 3021 2859 3079 2914; x_wconf 92' lang='lat' dir='ltr'>in</span> <span class='ocrx_word' id='word_1_430' title='bbox 3100 2859 3289 2914; x_wconf 86' lang='lat' dir='ltr'>fructu</span> <span class='ocrx_word' id='word_1_431' title='bbox 3313 2875 3543 2930; x_wconf 90' lang='lat' dir='ltr'>quoque</span> <span class='ocrx_word' id='word_1_432' title='bbox 3599 2859 3739 2930; x_wconf 80' lang='lat' dir='ltr'>ejus</span> 
     </span>
    </p>
   </div>
   <div class='ocr_carea' id='block_1_60' title="bbox 2094 2945 3584 3019">
    <p class='ocr_par' dir='ltr' id='par_1_60' title="bbox 2094 2945 3584 3019">
     <span class='ocr_line' id='line_1_60' title="bbox 2094 2945 3584 3019; baseline 0 -15"><span class='ocrx_word' id='word_1_433' title='bbox 2094 2951 2150 3004; x_wconf 90' lang='lat' dir='ltr'>et</span> <span class='ocrx_word' id='word_1_434' title='bbox 2170 2945 2566 3002; x_wconf 89' lang='lat' dir='ltr'>emolumento</span> <span class='ocrx_word' id='word_1_435' title='bbox 2598 2946 2841 3017; x_wconf 91' lang='lat' dir='ltr'>proinde</span> <span class='ocrx_word' id='word_1_436' title='bbox 2868 2963 3233 3018; x_wconf 87' lang='lat' dir='ltr'>perseverare</span> <span class='ocrx_word' id='word_1_437' title='bbox 3263 2947 3584 3019; x_wconf 86' lang='lat' dir='ltr'>possimus.</span> 
     </span>
    </p>
   </div>
   <div class='ocr_carea' id='block_1_61' title="bbox 1729 3089 2285 3156">
    <p class='ocr_par' dir='ltr' id='par_1_61' title="bbox 1729 3089 2285 3156">
     <span class='ocr_line' id='line_1_61' title="bbox 1729 3089 2285 3156; baseline -0.011 -2"><span class='ocrx_word' id='word_1_438' title='bbox 1729 3095 1931 3156; x_wconf 77' lang='lat' dir='ltr'>Varias</span> <span class='ocrx_word' id='word_1_439' title='bbox 1963 3089 2285 3152; x_wconf 89' lang='lat' dir='ltr'>lectiones.</span> 
     </span>
    </p>
   </div>
   <div class='ocr_carea' id='block_1_62' title="bbox 409 3201 3734 3286">
    <p class='ocr_par' dir='ltr' id='par_1_62' title="bbox 409 3201 3734 3286">
     <span class='ocr_line' id='line_1_62' title="bbox 409 3201 3734 3286; baseline -0.002 -20"><span class='ocrx_word' id='word_1_440' title='bbox 409 3213 478 3286; x_wconf 69' lang='lat'>‘°_</span> <span class='ocrx_word' id='word_1_441' title='bbox 507 3213 621 3286; x_wconf 81' lang='lat' dir='ltr'>Cur</span> <span class='ocrx_word' id='word_1_442' title='bbox 670 3215 923 3286; x_wconf 42' lang='lat' dir='ltr'>Franeq,</span> <span class='ocrx_word' id='word_1_443' title='bbox 960 3215 1147 3286; x_wconf 54' lang='lat' dir='ltr'>faris.</span> <span class='ocrx_word' id='word_1_444' title='bbox 1209 3214 1399 3284; x_wconf 83' lang='lat' dir='ltr'>Rigalt.</span> <span class='ocrx_word' id='word_1_445' title='bbox 1475 3213 1525 3286; x_wconf 71' lang='lat'>_’°</span> <span class='ocrx_word' id='word_1_446' title='bbox 1581 3207 1944 3286; x_wconf 72' lang='lat' dir='ltr'>converteris</span> <span class='ocrx_word' id='word_1_447' title='bbox 1992 3205 2192 3286; x_wconf 44' lang='lat' dir='ltr'>Lat-in;</span> <span class='ocrx_word' id='word_1_448' title='bbox 2231 3204 2409 3286; x_wconf 46' lang='lat' dir='ltr'>Jun.“</span> <span class='ocrx_word' id='word_1_449' title='bbox 2438 3202 2511 3286; x_wconf 69' lang='lat'>“_</span> <span class='ocrx_word' id='word_1_450' title='bbox 2545 3201 2821 3286; x_wconf 46' lang='lat' dir='ltr'>Poeni-teat</span> <span class='ocrx_word' id='word_1_451' title='bbox 2874 3203 3304 3286; x_wconf 43' lang='lat' dir='ltr'>temWouynM.</span> <span class='ocrx_word' id='word_1_452' title='bbox 3500 3205 3734 3286; x_wconf 58' lang='lat' dir='ltr'>9:_Pe_r_-</span> 
     </span>
    </p>
   </div>
   <div class='ocr_carea' id='block_1_63' title="bbox 338 3282 809 3357">
    <p class='ocr_par' dir='ltr' id='par_1_63' title="bbox 338 3282 809 3357">
     <span class='ocr_line' id='line_1_63' title="bbox 338 3282 809 3357; baseline 0.004 -21"><span class='ocrx_word' id='word_1_453' title='bbox 338 3282 553 3357; x_wconf 68' lang='lat' dir='ltr'>levabit</span> <span class='ocrx_word' id='word_1_454' title='bbox 580 3289 809 3357; x_wconf 80' lang='lat' dir='ltr'>Francg.</span> 
     </span>
    </p>
   </div>
   <div class='ocr_carea' id='block_1_64' title="bbox 334 3354 731 3427">
    <p class='ocr_par' dir='ltr' id='par_1_64' title="bbox 334 3354 731 3427">
     <span class='ocr_line' id='line_1_64' title="bbox 334 3354 731 3427; baseline 0.003 -18"><span class='ocrx_word' id='word_1_455' title='bbox 334 3354 379 3389; x_wconf 69' lang='grc' dir='ltr'>ετ</span> <span class='ocrx_word' id='word_1_456' title='bbox 408 3355 592 3410; x_wconf 81' lang='lat' dir='ltr'>Atille</span> <span class='ocrx_word' id='word_1_457' title='bbox 616 3356 731 3427; x_wconf 76' lang='lat' dir='ltr'>Rig.</span> 
     </span>
    </p>
   </div>
   <div class='ocr_carea' id='block_1_65' title="bbox 809 3349 2014 3422">
    <p class='ocr_par' dir='ltr' id='par_1_65' title="bbox 809 3349 2014 3422">
     <span class='ocr_line' id='line_1_65' title="bbox 809 3349 2014 3422; baseline -0.007 -10"><span class='ocrx_word' id='word_1_458' title='bbox 809 3356 854 3390; x_wconf 67' lang='grc'>³⁸</span> <span class='ocrx_word' id='word_1_459' title='bbox 874 3355 1089 3411; x_wconf 89' lang='lat' dir='ltr'>Salutis</span> <span class='ocrx_word' id='word_1_460' title='bbox 1116 3358 1230 3411; x_wconf 79' lang='lat' dir='ltr'>Pet.</span> <span class='ocrx_word' id='word_1_461' title='bbox 1266 3355 1635 3422; x_wconf 83' lang='lat' dir='ltr'>Ciaconnius;</span> <span class='ocrx_word' id='word_1_462' title='bbox 1675 3353 1864 3408; x_wconf 89' lang='lat' dir='ltr'>salute</span> <span class='ocrx_word' id='word_1_463' title='bbox 1899 3349 2014 3419; x_wconf 81' lang='lat' dir='ltr'>Rig.</span> 
     </span>
    </p>
   </div>
   <div class='ocr_carea' id='block_1_66' title="bbox 887 3271 3732 3348">
    <p class='ocr_par' dir='ltr' id='par_1_66' title="bbox 887 3271 3732 3348">
     <span class='ocr_line' id='line_1_66' title="bbox 887 3271 3732 3348; baseline -0.002 -10"><span class='ocrx_word' id='word_1_464' title='bbox 887 3285 930 3318; x_wconf 84' lang='grc'>²³</span> <span class='ocrx_word' id='word_1_465' title='bbox 959 3284 1139 3339; x_wconf 90' lang='lat' dir='ltr'>Nosse</span> <span class='ocrx_word' id='word_1_466' title='bbox 1173 3271 1336 3339; x_wconf 48' lang='lat' dir='ltr'>Rhein.</span> <span class='ocrx_word' id='word_1_467' title='bbox 1374 3284 1535 3338; x_wconf 88' lang='lat' dir='ltr'>male.</span> <span class='ocrx_word' id='word_1_468' title='bbox 1611 3283 1657 3318; x_wconf 78' lang='grc'>²⁴</span> <span class='ocrx_word' id='word_1_469' title='bbox 1689 3286 1795 3336; x_wconf 86' lang='lat' dir='ltr'>Pro</span> <span class='ocrx_word' id='word_1_470' title='bbox 1848 3282 1977 3335; x_wconf 86' lang='lat' dir='ltr'>Jun.</span> <span class='ocrx_word' id='word_1_471' title='bbox 2053 3271 2439 3348; x_wconf 35' lang='lat' dir='ltr'>&quot;HPraecipit</span> <span class='ocrx_word' id='word_1_472' title='bbox 2467 3277 2634 3348; x_wconf 70' lang='lat' dir='ltr'>Fran.</span> <span class='ocrx_word' id='word_1_473' title='bbox 2678 3274 2866 3348; x_wconf 67' lang='lat' dir='ltr'>Paris.</span> <span class='ocrx_word' id='word_1_474' title='bbox 2922 3275 3041 3345; x_wconf 85' lang='lat' dir='ltr'>Rig.</span> <span class='ocrx_word' id='word_1_475' title='bbox 3117 3276 3162 3310; x_wconf 78' lang='grc'>³⁸</span> <span class='ocrx_word' id='word_1_476' title='bbox 3201 3275 3473 3348; x_wconf 73' lang='lat' dir='ltr'>Praecipit</span> <span class='ocrx_word' id='word_1_477' title='bbox 3517 3277 3732 3346; x_wconf 83' lang='lat' dir='ltr'>Rigalt.</span> 
     </span>
    </p>
   </div>
   <div class='ocr_carea' id='block_1_67' title="bbox 2091 3345 2708 3400">
    <p class='ocr_par' dir='ltr' id='par_1_67' title="bbox 2091 3345 2708 3400">
     <span class='ocr_line' id='line_1_67' title="bbox 2091 3345 2708 3400; baseline 0 0"><span class='ocrx_word' id='word_1_478' title='bbox 2091 3346 2137 3380; x_wconf 79' lang='grc'>²⁹</span> <span class='ocrx_word' id='word_1_479' title='bbox 2165 3345 2278 3400; x_wconf 89' lang='lat' dir='ltr'>Nos</span> <span class='ocrx_word' id='word_1_480' title='bbox 2307 3345 2513 3400; x_wconf 87' lang='lat' dir='ltr'>omittit</span> <span class='ocrx_word' id='word_1_481' title='bbox 2541 3345 2708 3400; x_wconf 84' lang='lat' dir='ltr'>Seml.</span> 
     </span>
    </p>
   </div>
   <div class='ocr_carea' id='block_1_68' title="bbox 1731 3459 2255 3528">
    <p class='ocr_par' dir='ltr' id='par_1_68' title="bbox 1731 3459 2255 3528">
     <span class='ocr_line' id='line_1_68' title="bbox 1731 3459 2255 3528; baseline -0.019 0"><span class='ocrx_word' id='word_1_482' title='bbox 1731 3459 2255 3528; x_wconf 81' lang='lat' dir='ltr'>Commentarius.</span> 
     </span>
    </p>
   </div>
   <div class='ocr_carea' id='block_1_69' title="bbox 338 3565 1979 3649">
    <p class='ocr_par' dir='ltr' id='par_1_69' title="bbox 338 3575 1963 3649">
     <span class='ocr_line' id='line_1_69' title="bbox 338 3575 1963 3649; baseline -0.002 -16"><span class='ocrx_word' id='word_1_483' title='bbox 338 3579 772 3649; x_wconf 76' lang='lat' dir='ltr'>cxhibere,apud</span> <span class='ocrx_word' id='word_1_484' title='bbox 798 3581 1096 3634; x_wconf 86' lang='lat' dir='ltr'>Auctorem</span> <span class='ocrx_word' id='word_1_485' title='bbox 1115 3596 1224 3635; x_wconf 88' lang='lat' dir='ltr'>non</span> <span class='ocrx_word' id='word_1_486' title='bbox 1251 3579 1580 3649; x_wconf 82' lang='lat' dir='ltr'>significare</span> <span class='ocrx_word' id='word_1_487' title='bbox 1596 3594 1609 3643; x_wconf 90' lang='lat'><strong>;</strong></span> <span class='ocrx_word' id='word_1_488' title='bbox 1625 3583 1799 3647; x_wconf 91' lang='lat' dir='ltr'>atque</span> <span class='ocrx_word' id='word_1_489' title='bbox 1822 3575 1963 3629; x_wconf 90' lang='lat' dir='ltr'>adeo</span> 
     </span>
    </p>
   </div>
   <div class='ocr_carea' id='block_1_70' title="bbox 2098 3565 3728 3649">
    <p class='ocr_par' dir='ltr' id='par_1_70' title="bbox 2098 3565 3728 3649">
     <span class='ocr_line' id='line_1_70' title="bbox 2098 3565 3728 3649; baseline 0.004 -28"><span class='ocrx_word' id='word_1_490' title='bbox 2098 3565 2548 3649; x_wconf 50' lang='lat' dir='ltr'>ironparticulari</span> <span class='ocrx_word' id='word_1_491' title='bbox 2582 3566 2932 3649; x_wconf 70' lang='lat' dir='ltr'>poenitentia</span> <span class='ocrx_word' id='word_1_492' title='bbox 2951 3568 3160 3649; x_wconf 77' lang='lat' dir='ltr'>facere,</span> <span class='ocrx_word' id='word_1_493' title='bbox 3205 3572 3380 3641; x_wconf 90' lang='lat' dir='ltr'>atque</span> <span class='ocrx_word' id='word_1_494' title='bbox 3409 3570 3554 3649; x_wconf 84' lang='lat' dir='ltr'>adeo</span> <span class='ocrx_word' id='word_1_495' title='bbox 3616 3588 3728 3643; x_wconf 91' lang='lat' dir='ltr'>pro</span> 
     </span>
    </p>
   </div>
   <div class='ocr_carea' id='block_1_71' title="bbox 340 3651 1966 3721">
    <p class='ocr_par' dir='ltr' id='par_1_71' title="bbox 340 3651 1966 3721">
     <span class='ocr_line' id='line_1_71' title="bbox 340 3651 1966 3721; baseline -0.002 -17"><span class='ocrx_word' id='word_1_496' title='bbox 340 3666 473 3704; x_wconf 90' lang='lat' dir='ltr'>cum</span> <span class='ocrx_word' id='word_1_497' title='bbox 506 3651 588 3704; x_wconf 85' lang='lat' dir='ltr'>ait</span> <span class='ocrx_word' id='word_1_498' title='bbox 619 3651 1071 3720; x_wconf 86' lang='lat' dir='ltr'>paneChristum</span> <span class='ocrx_word' id='word_1_499' title='bbox 1087 3654 1966 3721; x_wconf 71' lang='lat' dir='ltr'>corpussuumreprmsentasse,</span> 
     </span>
    </p>
   </div>
   <div class='ocr_carea' id='block_1_72' title="bbox 342 3719 1970 3793">
    <p class='ocr_par' dir='ltr' id='par_1_72' title="bbox 342 3719 1970 3793">
     <span class='ocr_line' id='line_1_72' title="bbox 342 3719 1970 3793; baseline -0.002 -18"><span class='ocrx_word' id='word_1_500' title='bbox 342 3737 454 3775; x_wconf 90' lang='lat' dir='ltr'>non</span> <span class='ocrx_word' id='word_1_501' title='bbox 493 3723 578 3793; x_wconf 86' lang='lat' dir='ltr'>ita</span> <span class='ocrx_word' id='word_1_502' title='bbox 601 3719 1001 3793; x_wconf 85' lang='lat' dir='ltr'>accipiendum</span> <span class='ocrx_word' id='word_1_503' title='bbox 1027 3728 1087 3776; x_wconf 91' lang='lat' dir='ltr'>ut</span> <span class='ocrx_word' id='word_1_504' title='bbox 1121 3719 1373 3792; x_wconf 68' lang='lat' dir='ltr'>praesens</span> <span class='ocrx_word' id='word_1_505' title='bbox 1404 3737 1613 3793; x_wconf 89' lang='lat' dir='ltr'>corpus</span> <span class='ocrx_word' id='word_1_506' title='bbox 1639 3719 1970 3793; x_wconf 78' lang='lat' dir='ltr'>tradiderit;</span> 
     </span>
    </p>
   </div>
   <div class='ocr_carea' id='block_1_73' title="bbox 343 3789 1973 3864">
    <p class='ocr_par' dir='ltr' id='par_1_73' title="bbox 343 3789 1973 3864">
     <span class='ocr_line' id='line_1_73' title="bbox 343 3789 1973 3864; baseline -0.002 -18"><span class='ocrx_word' id='word_1_507' title='bbox 343 3808 548 3846; x_wconf 91' lang='lat' dir='ltr'>verum</span> <span class='ocrx_word' id='word_1_508' title='bbox 571 3789 836 3847; x_wconf 42' lang='lat' dir='ltr'>huic—uni</span> <span class='ocrx_word' id='word_1_509' title='bbox 871 3789 1173 3848; x_wconf 80' lang='lat' dir='ltr'>sexcentos</span> <span class='ocrx_word' id='word_1_510' title='bbox 1218 3789 1521 3864; x_wconf 77' lang='lat' dir='ltr'>opponere</span> <span class='ocrx_word' id='word_1_511' title='bbox 1564 3808 1817 3862; x_wconf 89' lang='lat' dir='ltr'>possem,</span> <span class='ocrx_word' id='word_1_512' title='bbox 1873 3789 1973 3844; x_wconf 91' lang='lat' dir='ltr'>ubi</span> 
     </span>
    </p>
   </div>
   <div class='ocr_carea' id='block_1_74' title="bbox 328 3864 1968 3934">
    <p class='ocr_par' dir='ltr' id='par_1_74' title="bbox 328 3864 1968 3934">
     <span class='ocr_line' id='line_1_74' title="bbox 328 3864 1968 3934; baseline 0 -18"><span class='ocrx_word' id='word_1_513' title='bbox 328 3870 658 3934; x_wconf 68' lang='lat' dir='ltr'>praesentem</span> <span class='ocrx_word' id='word_1_514' title='bbox 679 3879 796 3918; x_wconf 80' lang='lat' dir='ltr'>rem</span> <span class='ocrx_word' id='word_1_515' title='bbox 827 3865 1002 3933; x_wconf 85' lang='lat' dir='ltr'>ipsam</span> <span class='ocrx_word' id='word_1_516' title='bbox 1047 3879 1317 3933; x_wconf 77' lang='lat' dir='ltr'>exponere</span> <span class='ocrx_word' id='word_1_517' title='bbox 1353 3864 1663 3933; x_wconf 76' lang='lat' dir='ltr'>signiﬁcat.</span> <span class='ocrx_word' id='word_1_518' title='bbox 1725 3871 1968 3917; x_wconf 77' lang='lat' dir='ltr'>ALBASP.</span> 
     </span>
    </p>
   </div>
   <div class='ocr_carea' id='block_1_75' title="bbox 411 3935 1974 4002">
    <p class='ocr_par' dir='ltr' id='par_1_75' title="bbox 411 3935 1974 4002">
     <span class='ocr_line' id='line_1_75' title="bbox 411 3935 1974 4002; baseline 0 -15"><span class='ocrx_word' id='word_1_519' title='bbox 411 3937 527 4002; x_wconf 75' lang='lat'>(28)</span> <span class='ocrx_word' id='word_1_520' title='bbox 562 3940 628 3990; x_wconf 86' lang='lat' dir='ltr'>Es</span> <span class='ocrx_word' id='word_1_521' title='bbox 660 3945 861 3990; x_wconf 71' lang='lat' dir='ltr'>temere</span> <span class='ocrx_word' id='word_1_522' title='bbox 888 3952 985 4002; x_wconf 79' lang='lat' dir='ltr'>per</span> <span class='ocrx_word' id='word_1_523' title='bbox 1012 3937 1368 3990; x_wconf 74' lang='lat' dir='ltr'>voluntatem.</span> <span class='ocrx_word' id='word_1_524' title='bbox 1405 3935 1464 3989; x_wconf 88' lang='lat' dir='ltr'>In</span> <span class='ocrx_word' id='word_1_525' title='bbox 1521 3935 1785 3989; x_wconf 89' lang='lat' dir='ltr'>eamdem</span> <span class='ocrx_word' id='word_1_526' title='bbox 1837 3949 1974 3988; x_wconf 90' lang='lat' dir='ltr'>sen-</span> 
     </span>
    </p>
   </div>
   <div class='ocr_carea' id='block_1_76' title="bbox 343 4005 1379 4062">
    <p class='ocr_par' dir='ltr' id='par_1_76' title="bbox 343 4005 1379 4062">
     <span class='ocr_line' id='line_1_76' title="bbox 343 4005 1379 4062; baseline 0.001 -3"><span class='ocrx_word' id='word_1_527' title='bbox 343 4005 588 4061; x_wconf 87' lang='lat' dir='ltr'>tentiam</span> <span class='ocrx_word' id='word_1_528' title='bbox 621 4007 844 4061; x_wconf 87' lang='lat' dir='ltr'>dixerat</span> <span class='ocrx_word' id='word_1_529' title='bbox 862 4005 1126 4062; x_wconf 85' lang='lat' dir='ltr'>Juvenal.</span> <span class='ocrx_word' id='word_1_530' title='bbox 1152 4013 1260 4061; x_wconf 89' lang='lat' dir='ltr'>sat.</span> <span class='ocrx_word' id='word_1_531' title='bbox 1296 4007 1379 4061; x_wconf 87' lang='grc'>13.</span> 
     </span>
    </p>
   </div>
   <div class='ocr_carea' id='block_1_77' title="bbox 470 4119 1630 4176">
    <p class='ocr_par' dir='ltr' id='par_1_77' title="bbox 470 4119 1630 4176">
     <span class='ocr_line' id='line_1_77' title="bbox 470 4119 1630 4176; baseline -0.002 -13"><span class='ocrx_word' id='word_1_532' title='bbox 470 4119 573 4164; x_wconf 83' lang='lat' dir='ltr'>Has</span> <span class='ocrx_word' id='word_1_533' title='bbox 603 4131 772 4176; x_wconf 72' lang='lat' dir='ltr'>pmnas</span> <span class='ocrx_word' id='word_1_534' title='bbox 795 4121 965 4175; x_wconf 83' lang='lat' dir='ltr'>patitur</span> <span class='ocrx_word' id='word_1_535' title='bbox 995 4119 1218 4176; x_wconf 87' lang='lat' dir='ltr'>peccandi</span> <span class='ocrx_word' id='word_1_536' title='bbox 1238 4119 1346 4165; x_wconf 89' lang='lat' dir='ltr'>sola</span> <span class='ocrx_word' id='word_1_537' title='bbox 1382 4119 1630 4164; x_wconf 81' lang='lat' dir='ltr'>voluntas:</span> 
     </span>
    </p>
   </div>
   <div class='ocr_carea' id='block_1_78' title="bbox 470 4179 1737 4238">
    <p class='ocr_par' dir='ltr' id='par_1_78' title="bbox 470 4179 1737 4238">
     <span class='ocr_line' id='line_1_78' title="bbox 470 4179 1737 4238; baseline -0.002 -13"><span class='ocrx_word' id='word_1_538' title='bbox 470 4180 596 4225; x_wconf 83' lang='lat' dir='ltr'>Nam</span> <span class='ocrx_word' id='word_1_539' title='bbox 625 4180 788 4225; x_wconf 80' lang='lat' dir='ltr'>scelus</span> <span class='ocrx_word' id='word_1_540' title='bbox 817 4180 941 4224; x_wconf 82' lang='lat' dir='ltr'>intra</span> <span class='ocrx_word' id='word_1_541' title='bbox 964 4192 1018 4224; x_wconf 87' lang='lat' dir='ltr'>se</span> <span class='ocrx_word' id='word_1_542' title='bbox 1050 4181 1241 4226; x_wconf 83' lang='lat' dir='ltr'>tacitum</span> <span class='ocrx_word' id='word_1_543' title='bbox 1270 4180 1348 4238; x_wconf 89' lang='lat' dir='ltr'>qui</span> <span class='ocrx_word' id='word_1_544' title='bbox 1373 4181 1553 4237; x_wconf 76' lang='lat' dir='ltr'>cogitat</span> <span class='ocrx_word' id='word_1_545' title='bbox 1588 4179 1737 4224; x_wconf 90' lang='lat' dir='ltr'>ullum</span> 
     </span>
    </p>
   </div>
   <div class='ocr_carea' id='block_1_79' title="bbox 468 4240 1706 4288">
    <p class='ocr_par' dir='ltr' id='par_1_79' title="bbox 468 4240 1706 4288">
     <span class='ocr_line' id='line_1_79' title="bbox 468 4240 1706 4288; baseline 0.003 -5"><span class='ocrx_word' id='word_1_546' title='bbox 468 4240 599 4286; x_wconf 81' lang='lat' dir='ltr'>Facti</span> <span class='ocrx_word' id='word_1_547' title='bbox 624 4243 807 4287; x_wconf 89' lang='lat' dir='ltr'>crimen</span> <span class='ocrx_word' id='word_1_548' title='bbox 835 4242 991 4287; x_wconf 77' lang='lat' dir='ltr'>habet.</span> <span class='ocrx_word' id='word_1_549' title='bbox 1591 4243 1706 4288; x_wconf 78' lang='lat' dir='ltr'>Rm.</span> 
     </span>
    </p>
   </div>
   <div class='ocr_carea' id='block_1_80' title="bbox 414 4347 1973 4421">
    <p class='ocr_par' dir='ltr' id='par_1_80' title="bbox 414 4347 1973 4421">
     <span class='ocr_line' id='line_1_80' title="bbox 414 4347 1973 4421; baseline 0.002 -20"><span class='ocrx_word' id='word_1_550' title='bbox 414 4348 525 4418; x_wconf 87' lang='lat'>(29)</span> <span class='ocrx_word' id='word_1_551' title='bbox 554 4347 718 4421; x_wconf 81' lang='lat' dir='ltr'>Cujus</span> <span class='ocrx_word' id='word_1_552' title='bbox 748 4349 1042 4405; x_wconf 73' lang='lat' dir='ltr'>voluntatis</span> <span class='ocrx_word' id='word_1_553' title='bbox 1071 4366 1193 4404; x_wconf 89' lang='lat' dir='ltr'>cum</span> <span class='ocrx_word' id='word_1_554' title='bbox 1222 4352 1304 4404; x_wconf 82' lang='lat' dir='ltr'>vis</span> <span class='ocrx_word' id='word_1_555' title='bbox 1358 4354 1509 4405; x_wconf 84' lang='lat' dir='ltr'>tanta</span> <span class='ocrx_word' id='word_1_556' title='bbox 1564 4351 1658 4418; x_wconf 78' lang='lat' dir='ltr'>sit,</span> <span class='ocrx_word' id='word_1_557' title='bbox 1688 4365 1816 4421; x_wconf 73' lang='lat' dir='ltr'>cur</span> <span class='ocrx_word' id='word_1_558' title='bbox 1864 4367 1973 4406; x_wconf 85' lang='lat' dir='ltr'>non</span> 
     </span>
    </p>
   </div>
   <div class='ocr_carea' id='block_1_81' title="bbox 337 4419 1974 4491">
    <p class='ocr_par' dir='ltr' id='par_1_81' title="bbox 337 4419 1974 4491">
     <span class='ocr_line' id='line_1_81' title="bbox 337 4419 1974 4491; baseline 0.002 -19"><span class='ocrx_word' id='word_1_559' title='bbox 337 4419 592 4491; x_wconf 81' lang='lat' dir='ltr'>solatium</span> <span class='ocrx_word' id='word_1_560' title='bbox 622 4419 739 4476; x_wconf 82' lang='lat' dir='ltr'>suis</span> <span class='ocrx_word' id='word_1_561' title='bbox 767 4425 1157 4491; x_wconf 85' lang='lat' dir='ltr'>saturans,pro</span> <span class='ocrx_word' id='word_1_562' title='bbox 1202 4426 1349 4491; x_wconf 85' lang='lat' dir='ltr'>[acto</span> <span class='ocrx_word' id='word_1_563' title='bbox 1395 4424 1600 4476; x_wconf 77' lang='lat' dir='ltr'>cedat?</span> <span class='ocrx_word' id='word_1_564' title='bbox 1643 4419 1734 4491; x_wconf 70' lang='lat' dir='ltr'>Sic</span> <span class='ocrx_word' id='word_1_565' title='bbox 1791 4423 1974 4476; x_wconf 88' lang='lat' dir='ltr'>edidit</span> 
     </span>
    </p>
   </div>
   <div class='ocr_carea' id='block_1_82' title="bbox 336 4490 1971 4564">
    <p class='ocr_par' dir='ltr' id='par_1_82' title="bbox 336 4490 1971 4564">
     <span class='ocr_line' id='line_1_82' title="bbox 336 4490 1971 4564; baseline 0.002 -20"><span class='ocrx_word' id='word_1_566' title='bbox 336 4490 674 4564; x_wconf 85' lang='lat' dir='ltr'>Rhenanus.</span> <span class='ocrx_word' id='word_1_567' title='bbox 719 4493 827 4547; x_wconf 90' lang='lat' dir='ltr'>Sed</span> <span class='ocrx_word' id='word_1_568' title='bbox 859 4490 1221 4548; x_wconf 88' lang='lat' dir='ltr'>retinendam</span> <span class='ocrx_word' id='word_1_569' title='bbox 1253 4509 1461 4548; x_wconf 89' lang='lat' dir='ltr'>censeo</span> <span class='ocrx_word' id='word_1_570' title='bbox 1493 4490 1706 4564; x_wconf 90' lang='lat' dir='ltr'>codicis</span> <span class='ocrx_word' id='word_1_571' title='bbox 1734 4493 1971 4564; x_wconf 79' lang='lat' dir='ltr'>antiqui</span> 
     </span>
    </p>
   </div>
   <div class='ocr_carea' id='block_1_83' title="bbox 336 4563 1972 4634">
    <p class='ocr_par' dir='ltr' id='par_1_83' title="bbox 336 4563 1972 4634">
     <span class='ocr_line' id='line_1_83' title="bbox 336 4563 1972 4634; baseline 0.002 -18"><span class='ocrx_word' id='word_1_572' title='bbox 336 4563 687 4634; x_wconf 81' lang='lat' dir='ltr'>scripturam</span> <span class='ocrx_word' id='word_1_573' title='bbox 746 4563 1116 4634; x_wconf 89' lang='lat' dir='ltr'>hujusmodi:</span> <span class='ocrx_word' id='word_1_574' title='bbox 1177 4565 1412 4634; x_wconf 82' lang='lat' dir='ltr'>«Cujus</span> <span class='ocrx_word' id='word_1_575' title='bbox 1459 4563 1779 4617; x_wconf 87' lang='lat' dir='ltr'>voluntatis</span> <span class='ocrx_word' id='word_1_576' title='bbox 1838 4563 1972 4620; x_wconf 87' lang='lat' dir='ltr'>cum</span> 
     </span>
    </p>
   </div>
   <div class='ocr_carea' id='block_1_84' title="bbox 332 4632 1971 4706">
    <p class='ocr_par' dir='ltr' id='par_1_84' title="bbox 332 4632 1971 4706">
     <span class='ocr_line' id='line_1_84' title="bbox 332 4632 1971 4706; baseline 0.004 -21"><span class='ocrx_word' id='word_1_577' title='bbox 332 4632 611 4706; x_wconf 89' lang='lat' dir='ltr'>visitanta</span> <span class='ocrx_word' id='word_1_578' title='bbox 642 4636 740 4698; x_wconf 91' lang='lat' dir='ltr'>sit,</span> <span class='ocrx_word' id='word_1_579' title='bbox 774 4632 840 4706; x_wconf 77' lang='lat' dir='ltr'>ut</span> <span class='ocrx_word' id='word_1_580' title='bbox 870 4652 981 4690; x_wconf 90' lang='lat' dir='ltr'>non</span> <span class='ocrx_word' id='word_1_581' title='bbox 1016 4634 1291 4690; x_wconf 87' lang='lat' dir='ltr'>solatium</span> <span class='ocrx_word' id='word_1_582' title='bbox 1315 4632 1406 4689; x_wconf 76' lang='lat' dir='ltr'>sui</span> <span class='ocrx_word' id='word_1_583' title='bbox 1439 4639 1712 4689; x_wconf 86' lang='lat' dir='ltr'>saturans</span> <span class='ocrx_word' id='word_1_584' title='bbox 1736 4651 1837 4706; x_wconf 91' lang='lat' dir='ltr'>pro</span> <span class='ocrx_word' id='word_1_585' title='bbox 1883 4637 1971 4692; x_wconf 86' lang='lat' dir='ltr'>fa-</span> 
     </span>
    </p>
   </div>
   <div class='ocr_carea' id='block_1_85' title="bbox 333 4705 1968 4777">
    <p class='ocr_par' dir='ltr' id='par_1_85' title="bbox 333 4705 1968 4777">
     <span class='ocr_line' id='line_1_85' title="bbox 333 4705 1968 4777; baseline 0.004 -20"><span class='ocrx_word' id='word_1_586' title='bbox 333 4707 424 4777; x_wconf 81' lang='lat' dir='ltr'>cto</span> <span class='ocrx_word' id='word_1_587' title='bbox 448 4705 634 4769; x_wconf 87' lang='lat' dir='ltr'>cedat,</span> <span class='ocrx_word' id='word_1_588' title='bbox 662 4722 762 4776; x_wconf 90' lang='lat' dir='ltr'>pro</span> <span class='ocrx_word' id='word_1_589' title='bbox 814 4705 958 4761; x_wconf 85' lang='lat' dir='ltr'>facto</span> <span class='ocrx_word' id='word_1_590' title='bbox 1016 4722 1151 4777; x_wconf 87' lang='lat' dir='ltr'>ergo</span> <span class='ocrx_word' id='word_1_591' title='bbox 1210 4705 1511 4777; x_wconf 90' lang='lat' dir='ltr'>plectetur.</span> <span class='ocrx_word' id='word_1_592' title='bbox 1541 4729 1562 4754; x_wconf 76' lang='grc' dir='ltr'>ι</span> <span class='ocrx_word' id='word_1_593' title='bbox 1625 4706 1717 4760; x_wconf 86' lang='lat' dir='ltr'>Sic</span> <span class='ocrx_word' id='word_1_594' title='bbox 1738 4705 1750 4706; x_wconf 30' lang='grc' dir='ltr'>ί</span> <span class='ocrx_word' id='word_1_595' title='bbox 1774 4711 1968 4763; x_wconf 89' lang='lat' dir='ltr'>autem</span> 
     </span>
    </p>
   </div>
   <div class='ocr_carea' id='block_1_86' title="bbox 335 4774 1967 4846">
    <p class='ocr_par' dir='ltr' id='par_1_86' title="bbox 335 4774 1967 4846">
     <span class='ocr_line' id='line_1_86' title="bbox 335 4774 1967 4846; baseline 0.004 -18"><span class='ocrx_word' id='word_1_596' title='bbox 335 4774 719 4846; x_wconf 76' lang='lat' dir='ltr'>interpretor:</span> <span class='ocrx_word' id='word_1_597' title='bbox 754 4777 858 4840; x_wconf 89' lang='lat' dir='ltr'>Qui</span> <span class='ocrx_word' id='word_1_598' title='bbox 889 4774 1164 4831; x_wconf 73' lang='lat' dir='ltr'>feminam</span> <span class='ocrx_word' id='word_1_599' title='bbox 1193 4774 1302 4832; x_wconf 78' lang='lat' dir='ltr'>non</span> <span class='ocrx_word' id='word_1_600' title='bbox 1338 4793 1503 4832; x_wconf 89' lang='lat' dir='ltr'>suam</span> <span class='ocrx_word' id='word_1_601' title='bbox 1547 4782 1782 4846; x_wconf 82' lang='lat' dir='ltr'>aspectu</span> <span class='ocrx_word' id='word_1_602' title='bbox 1831 4795 1967 4834; x_wconf 90' lang='lat' dir='ltr'>con-</span> 
     </span>
    </p>
   </div>
   <div class='ocr_carea' id='block_1_87' title="bbox 329 4847 1970 4921">
    <p class='ocr_par' dir='ltr' id='par_1_87' title="bbox 329 4847 1970 4921">
     <span class='ocr_line' id='line_1_87' title="bbox 329 4847 1970 4921; baseline 0.002 -19"><span class='ocrx_word' id='word_1_603' title='bbox 329 4847 700 4921; x_wconf 78' lang='lat' dir='ltr'>cupiscentiae</span> <span class='ocrx_word' id='word_1_604' title='bbox 732 4849 1462 4921; x_wconf 85' lang='lat' dir='ltr'>contaminat,imaginaria</span> <span class='ocrx_word' id='word_1_605' title='bbox 1493 4850 1806 4918; x_wconf 89' lang='lat' dir='ltr'>voluptatis</span> <span class='ocrx_word' id='word_1_606' title='bbox 1830 4867 1970 4921; x_wconf 70' lang='lat' dir='ltr'>prte-</span> 
     </span>
    </p>
   </div>
   <div class='ocr_carea' id='block_1_88' title="bbox 331 4919 1964 4990">
    <p class='ocr_par' dir='ltr' id='par_1_88' title="bbox 331 4919 1964 4990">
     <span class='ocr_line' id='line_1_88' title="bbox 331 4919 1964 4990; baseline 0.002 -18"><span class='ocrx_word' id='word_1_607' title='bbox 331 4920 520 4973; x_wconf 88' lang='lat' dir='ltr'>sentia</span> <span class='ocrx_word' id='word_1_608' title='bbox 553 4919 750 4974; x_wconf 88' lang='lat' dir='ltr'>animo</span> <span class='ocrx_word' id='word_1_609' title='bbox 765 4921 914 4989; x_wconf 91' lang='lat' dir='ltr'>quod</span> <span class='ocrx_word' id='word_1_610' title='bbox 945 4920 1429 4990; x_wconf 85' lang='lat' dir='ltr'>concupivit,jam</span> <span class='ocrx_word' id='word_1_611' title='bbox 1457 4921 1780 4976; x_wconf 80' lang='lat' dir='ltr'>mcscbatus</span> <span class='ocrx_word' id='word_1_612' title='bbox 1805 4919 1964 4976; x_wconf 82' lang='lat' dir='ltr'>estin</span> 
     </span>
    </p>
   </div>
   <div class='ocr_carea' id='block_1_89' title="bbox 331 4991 1962 5061">
    <p class='ocr_par' dir='ltr' id='par_1_89' title="bbox 331 4991 1962 5061">
     <span class='ocr_line' id='line_1_89' title="bbox 331 4991 1962 5061; baseline 0.002 -17"><span class='ocrx_word' id='word_1_613' title='bbox 331 4991 503 5044; x_wconf 89' lang='lat' dir='ltr'>corde</span> <span class='ocrx_word' id='word_1_614' title='bbox 527 5007 654 5045; x_wconf 88' lang='lat' dir='ltr'>suo.</span> <span class='ocrx_word' id='word_1_615' title='bbox 685 4991 826 5046; x_wconf 88' lang='lat' dir='ltr'>Jure</span> <span class='ocrx_word' id='word_1_616' title='bbox 858 4991 1330 5061; x_wconf 75' lang='lat' dir='ltr'>igitur‘voluntas</span> <span class='ocrx_word' id='word_1_617' title='bbox 1362 4993 1530 5061; x_wconf 90' lang='lat' dir='ltr'>cujus</span> <span class='ocrx_word' id='word_1_618' title='bbox 1561 4992 1824 5046; x_wconf 88' lang='lat' dir='ltr'>tantavis</span> <span class='ocrx_word' id='word_1_619' title='bbox 1855 4999 1962 5061; x_wconf 85' lang='lat' dir='ltr'>est,</span> 
     </span>
    </p>
   </div>
   <div class='ocr_carea' id='block_1_90' title="bbox 331 5037 2045 5134">
    <p class='ocr_par' dir='ltr' id='par_1_90' title="bbox 331 5037 2045 5134">
     <span class='ocr_line' id='line_1_90' title="bbox 331 5037 2045 5134; baseline 0.003 -19"><span class='ocrx_word' id='word_1_620' title='bbox 331 5066 392 5115; x_wconf 91' lang='lat' dir='ltr'>ut</span> <span class='ocrx_word' id='word_1_621' title='bbox 432 5063 745 5134; x_wconf 87' lang='lat' dir='ltr'>peripsam</span> <span class='ocrx_word' id='word_1_622' title='bbox 789 5037 1021 5116; x_wconf 53' lang='lat' dir='ltr'>animus</span> <span class='ocrx_word' id='word_1_623' title='bbox 1079 5037 1452 5134; x_wconf 38' lang='lat' dir='ltr'>imaginario“</span> <span class='ocrx_word' id='word_1_624' title='bbox 1473 5063 1661 5118; x_wconf 84' lang='lat' dir='ltr'>fructu</span> <span class='ocrx_word' id='word_1_625' title='bbox 1720 5037 1965 5120; x_wconf 58' lang='lat' dir='ltr'>delecto:</span> <span class='ocrx_word' id='word_1_626' title='bbox 1996 5037 2045 5102; x_wconf 71' lang='grc' dir='ltr'><strong>Β</strong></span> 
     </span>
    </p>
   </div>
   <div class='ocr_carea' id='block_1_91' title="bbox 328 5134 1256 5205">
    <p class='ocr_par' dir='ltr' id='par_1_91' title="bbox 328 5134 1256 5205">
     <span class='ocr_line' id='line_1_91' title="bbox 328 5134 1256 5205; baseline 0 -19"><span class='ocrx_word' id='word_1_627' title='bbox 328 5136 444 5199; x_wconf 86' lang='lat' dir='ltr'>tur,</span> <span class='ocrx_word' id='word_1_628' title='bbox 480 5149 582 5205; x_wconf 90' lang='lat' dir='ltr'>pro</span> <span class='ocrx_word' id='word_1_629' title='bbox 616 5135 763 5188; x_wconf 80' lang='lat' dir='ltr'>facto</span> <span class='ocrx_word' id='word_1_630' title='bbox 805 5134 1094 5205; x_wconf 79' lang='lat' dir='ltr'>plectitur.</span> <span class='ocrx_word' id='word_1_631' title='bbox 1132 5135 1256 5189; x_wconf 78' lang='lat' dir='ltr'>Ric.</span> 
     </span>
    </p>
   </div>
   <div class='ocr_carea' id='block_1_92' title="bbox 399 5204 1970 5274">
    <p class='ocr_par' dir='ltr' id='par_1_92' title="bbox 399 5204 1970 5274">
     <span class='ocr_line' id='line_1_92' title="bbox 399 5204 1970 5274; baseline 0.001 -15"><span class='ocrx_word' id='word_1_632' title='bbox 399 5204 765 5260; x_wconf 80' lang='lat' dir='ltr'>——Solalium</span> <span class='ocrx_word' id='word_1_633' title='bbox 795 5209 883 5259; x_wconf 86' lang='lat' dir='ltr'>sui</span> <span class='ocrx_word' id='word_1_634' title='bbox 923 5212 1200 5260; x_wconf 64' lang='lat' dir='ltr'>saturnus.</span> <span class='ocrx_word' id='word_1_635' title='bbox 1263 5207 1506 5258; x_wconf 82' lang='lat' dir='ltr'>Animus</span> <span class='ocrx_word' id='word_1_636' title='bbox 1561 5222 1658 5274; x_wconf 81' lang='lat' dir='ltr'>per</span> <span class='ocrx_word' id='word_1_637' title='bbox 1715 5205 1970 5261; x_wconf 84' lang='lat' dir='ltr'>volunta-</span> 
     </span>
    </p>
   </div>
   <div class='ocr_carea' id='block_1_93' title="bbox 326 5277 1965 5348">
    <p class='ocr_par' dir='ltr' id='par_1_93' title="bbox 326 5277 1965 5348">
     <span class='ocr_line' id='line_1_93' title="bbox 326 5277 1965 5348; baseline 0.002 -20"><span class='ocrx_word' id='word_1_638' title='bbox 326 5278 435 5348; x_wconf 80' lang='lat' dir='ltr'>tem</span> <span class='ocrx_word' id='word_1_639' title='bbox 468 5277 622 5348; x_wconf 89' lang='lat' dir='ltr'>apud</span> <span class='ocrx_word' id='word_1_640' title='bbox 658 5278 920 5348; x_wconf 91' lang='lat' dir='ltr'>seipsum</span> <span class='ocrx_word' id='word_1_641' title='bbox 955 5278 1087 5332; x_wconf 84' lang='lat' dir='ltr'>fecit</span> <span class='ocrx_word' id='word_1_642' title='bbox 1117 5283 1174 5332; x_wconf 93' lang='lat' dir='ltr'>et</span> <span class='ocrx_word' id='word_1_643' title='bbox 1198 5277 1444 5346; x_wconf 89' lang='lat' dir='ltr'>adeptus</span> <span class='ocrx_word' id='word_1_644' title='bbox 1472 5281 1560 5331; x_wconf 92' lang='lat' dir='ltr'>est</span> <span class='ocrx_word' id='word_1_645' title='bbox 1591 5278 1744 5346; x_wconf 89' lang='lat' dir='ltr'>quod</span> <span class='ocrx_word' id='word_1_646' title='bbox 1766 5278 1965 5339; x_wconf 87' lang='lat' dir='ltr'>libuit;</span> 
     </span>
    </p>
   </div>
   <div class='ocr_carea' id='block_1_94' title="bbox 330 5345 1965 5418">
    <p class='ocr_par' dir='ltr' id='par_1_94' title="bbox 330 5345 1965 5418">
     <span class='ocr_line' id='line_1_94' title="bbox 330 5345 1965 5418; baseline 0.004 -21"><span class='ocrx_word' id='word_1_647' title='bbox 330 5345 528 5418; x_wconf 83' lang='lat' dir='ltr'>itaque</span> <span class='ocrx_word' id='word_1_648' title='bbox 558 5347 665 5402; x_wconf 92' lang='lat' dir='ltr'>boc</span> <span class='ocrx_word' id='word_1_649' title='bbox 689 5345 813 5417; x_wconf 77' lang='lat' dir='ltr'>jam</span> <span class='ocrx_word' id='word_1_650' title='bbox 853 5348 1064 5403; x_wconf 81' lang='lat' dir='ltr'>fruitur</span> <span class='ocrx_word' id='word_1_651' title='bbox 1095 5352 1151 5402; x_wconf 93' lang='lat' dir='ltr'>et</span> <span class='ocrx_word' id='word_1_652' title='bbox 1183 5345 1478 5403; x_wconf 80' lang='lat' dir='ltr'>saturatur</span> <span class='ocrx_word' id='word_1_653' title='bbox 1535 5345 1759 5403; x_wconf 89' lang='lat' dir='ltr'>solatio.</span> <span class='ocrx_word' id='word_1_654' title='bbox 1820 5349 1965 5404; x_wconf 89' lang='lat' dir='ltr'>Nam</span> 
     </span>
    </p>
   </div>
   <div class='ocr_carea' id='block_1_95' title="bbox 326 5419 1889 5489">
    <p class='ocr_par' dir='ltr' id='par_1_95' title="bbox 326 5419 1889 5489">
     <span class='ocr_line' id='line_1_95' title="bbox 326 5419 1889 5489; baseline 0.002 -18"><span class='ocrx_word' id='word_1_655' title='bbox 326 5419 475 5486; x_wconf 85' lang='lat' dir='ltr'>quod</span> <span class='ocrx_word' id='word_1_656' title='bbox 503 5425 767 5488; x_wconf 89' lang='lat' dir='ltr'>superest</span> <span class='ocrx_word' id='word_1_657' title='bbox 799 5437 910 5474; x_wconf 91' lang='lat' dir='ltr'>non</span> <span class='ocrx_word' id='word_1_658' title='bbox 945 5426 1032 5474; x_wconf 75' lang='lat' dir='ltr'>est</span> <span class='ocrx_word' id='word_1_659' title='bbox 1061 5421 1263 5485; x_wconf 88' lang='lat' dir='ltr'>animi,</span> <span class='ocrx_word' id='word_1_660' title='bbox 1299 5421 1395 5474; x_wconf 87' lang='lat' dir='ltr'>sed</span> <span class='ocrx_word' id='word_1_661' title='bbox 1430 5421 1711 5489; x_wconf 88' lang='lat' dir='ltr'>corporis.</span> <span class='ocrx_word' id='word_1_662' title='bbox 1766 5420 1889 5475; x_wconf 77' lang='lat' dir='ltr'>RIG.</span> 
     </span>
    </p>
   </div>
   <div class='ocr_carea' id='block_1_96' title="bbox 396 5489 1965 5562">
    <p class='ocr_par' dir='ltr' id='par_1_96' title="bbox 396 5489 1965 5562">
     <span class='ocr_line' id='line_1_96' title="bbox 396 5489 1965 5562; baseline 0.002 -20"><span class='ocrx_word' id='word_1_663' title='bbox 396 5489 508 5562; x_wconf 80' lang='lat'>(30)</span> <span class='ocrx_word' id='word_1_664' title='bbox 539 5491 797 5545; x_wconf 84' lang='lat' dir='ltr'>Omnibus</span> <span class='ocrx_word' id='word_1_665' title='bbox 827 5507 956 5560; x_wconf 85' lang='lat' dir='ltr'>ergo</span> <span class='ocrx_word' id='word_1_666' title='bbox 986 5491 1222 5546; x_wconf 81' lang='lat' dir='ltr'>delictis.</span> <span class='ocrx_word' id='word_1_667' title='bbox 1259 5492 1336 5546; x_wconf 92' lang='lat' dir='ltr'>De</span> <span class='ocrx_word' id='word_1_668' title='bbox 1380 5491 1567 5562; x_wconf 87' lang='lat' dir='ltr'>prima</span> <span class='ocrx_word' id='word_1_669' title='bbox 1627 5490 1965 5562; x_wconf 81' lang='lat' dir='ltr'>pmnitentia</span> 
     </span>
    </p>
   </div>
   <div class='ocr_carea' id='block_1_97' title="bbox 328 5556 1962 5633">
    <p class='ocr_par' dir='ltr' id='par_1_97' title="bbox 328 5556 1962 5633">
     <span class='ocr_line' id='line_1_97' title="bbox 328 5556 1962 5633; baseline 0.004 -22"><span class='ocrx_word' id='word_1_670' title='bbox 328 5556 613 5633; x_wconf 77' lang='lat' dir='ltr'>loquitur,</span> <span class='ocrx_word' id='word_1_671' title='bbox 646 5563 800 5633; x_wconf 91' lang='lat' dir='ltr'>quod</span> <span class='ocrx_word' id='word_1_672' title='bbox 833 5556 946 5618; x_wconf 77' lang='lat' dir='ltr'>non</span> <span class='ocrx_word' id='word_1_673' title='bbox 982 5556 1452 5618; x_wconf 77' lang='lat' dir='ltr'>animadverteris</span> <span class='ocrx_word' id='word_1_674' title='bbox 1484 5556 1802 5621; x_wconf 79' lang='lat' dir='ltr'>Pamelius.</span> <span class='ocrx_word' id='word_1_675' title='bbox 1865 5579 1962 5618; x_wconf 83' lang='lat' dir='ltr'>ne-</span> 
     </span>
    </p>
   </div>
   <div class='ocr_carea' id='block_1_98' title="bbox 329 5630 1964 5706">
    <p class='ocr_par' dir='ltr' id='par_1_98' title="bbox 329 5630 1964 5706">
     <span class='ocr_line' id='line_1_98' title="bbox 329 5630 1964 5706; baseline 0.006 -25"><span class='ocrx_word' id='word_1_676' title='bbox 329 5630 613 5706; x_wconf 22' lang='lat' dir='ltr'>scioAqui‘d</span> <span class='ocrx_word' id='word_1_677' title='bbox 639 5630 858 5701; x_wconf 83' lang='lat' dir='ltr'>turbat,</span> <span class='ocrx_word' id='word_1_678' title='bbox 904 5639 1004 5688; x_wconf 91' lang='lat' dir='ltr'>aut</span> <span class='ocrx_word' id='word_1_679' title='bbox 1054 5650 1158 5689; x_wconf 91' lang='lat' dir='ltr'>cur</span> <span class='ocrx_word' id='word_1_680' title='bbox 1211 5636 1458 5706; x_wconf 85' lang='lat' dir='ltr'>primam</span> <span class='ocrx_word' id='word_1_681' title='bbox 1502 5651 1669 5706; x_wconf 21' lang='lat' dir='ltr'>cum,</span> <span class='ocrx_word' id='word_1_682' title='bbox 1708 5637 1964 5691; x_wconf 87' lang='lat' dir='ltr'>secunda</span> 
     </span>
    </p>
   </div>
   <div class='ocr_carea' id='block_1_99' title="bbox 331 5701 1963 5778">
    <p class='ocr_par' dir='ltr' id='par_1_99' title="bbox 331 5701 1963 5778">
     <span class='ocr_line' id='line_1_99' title="bbox 331 5701 1963 5778; baseline 0.006 -25"><span class='ocrx_word' id='word_1_683' title='bbox 331 5701 673 5772; x_wconf 84' lang='lat' dir='ltr'>confundit;</span> <span class='ocrx_word' id='word_1_684' title='bbox 709 5721 841 5760; x_wconf 89' lang='lat' dir='ltr'>nam</span> <span class='ocrx_word' id='word_1_685' title='bbox 892 5720 1130 5761; x_wconf 87' lang='lat' dir='ltr'>necesse</span> <span class='ocrx_word' id='word_1_686' title='bbox 1165 5701 1254 5761; x_wconf 78' lang='lat' dir='ltr'>est</span> <span class='ocrx_word' id='word_1_687' title='bbox 1296 5704 1441 5761; x_wconf 89' lang='lat' dir='ltr'>mihi</span> <span class='ocrx_word' id='word_1_688' title='bbox 1482 5705 1598 5778; x_wconf 89' lang='lat' dir='ltr'>dei,</span> <span class='ocrx_word' id='word_1_689' title='bbox 1657 5705 1766 5762; x_wconf 87' lang='lat' dir='ltr'>hoc</span> <span class='ocrx_word' id='word_1_690' title='bbox 1811 5706 1963 5762; x_wconf 88' lang='lat' dir='ltr'>nihil</span> 
     </span>
    </p>
   </div>
   <div class='ocr_carea' id='block_1_100' title="bbox 2079 3638 3724 3712">
    <p class='ocr_par' dir='ltr' id='par_1_100' title="bbox 2079 3638 3724 3712">
     <span class='ocr_line' id='line_1_100' title="bbox 2079 3638 3724 3712; baseline 0.002 -18"><span class='ocrx_word' id='word_1_691' title='bbox 2079 3638 2443 3712; x_wconf 78' lang='lat' dir='ltr'>confessione</span> <span class='ocrx_word' id='word_1_692' title='bbox 2481 3643 2537 3692; x_wconf 92' lang='lat' dir='ltr'>et</span> <span class='ocrx_word' id='word_1_693' title='bbox 2589 3638 2935 3712; x_wconf 81' lang='lat' dir='ltr'>remissione</span> <span class='ocrx_word' id='word_1_694' title='bbox 2986 3641 3250 3694; x_wconf 88' lang='lat' dir='ltr'>omnium</span> <span class='ocrx_word' id='word_1_695' title='bbox 3284 3638 3724 3712; x_wconf 58' lang='lat' dir='ltr'>peccatorum,</span> 
     </span>
    </p>
   </div>
   <div class='ocr_carea' id='block_1_101' title="bbox 2079 3709 3726 3786">
    <p class='ocr_par' dir='ltr' id='par_1_101' title="bbox 2079 3709 3726 3786">
     <span class='ocr_line' id='line_1_101' title="bbox 2079 3709 3726 3786; baseline 0.002 -21"><span class='ocrx_word' id='word_1_696' title='bbox 2079 3726 2210 3765; x_wconf 90' lang='lat' dir='ltr'>cum</span> <span class='ocrx_word' id='word_1_697' title='bbox 2235 3710 2305 3786; x_wconf 90' lang='lat' dir='ltr'>de</span> <span class='ocrx_word' id='word_1_698' title='bbox 2335 3711 2522 3786; x_wconf 80' lang='lat' dir='ltr'>prima</span> <span class='ocrx_word' id='word_1_699' title='bbox 2551 3709 2628 3763; x_wconf 89' lang='lat' dir='ltr'>sit</span> <span class='ocrx_word' id='word_1_700' title='bbox 2683 3711 2925 3786; x_wconf 84' lang='lat' dir='ltr'>mentio,</span> <span class='ocrx_word' id='word_1_701' title='bbox 2993 3712 3143 3786; x_wconf 72' lang='lat' dir='ltr'>quia</span> <span class='ocrx_word' id='word_1_702' title='bbox 3191 3709 3374 3786; x_wconf 77' lang='lat' dir='ltr'>nemo,</span> <span class='ocrx_word' id='word_1_703' title='bbox 3433 3709 3726 3786; x_wconf 74' lang='lat' dir='ltr'>inquam,</span> 
     </span>
    </p>
   </div>
   <div class='ocr_carea' id='block_1_102' title="bbox 2081 3781 3616 3852">
    <p class='ocr_par' dir='ltr' id='par_1_102' title="bbox 2081 3781 3616 3852">
     <span class='ocr_line' id='line_1_102' title="bbox 2081 3781 3616 3852; baseline 0.001 -15"><span class='ocrx_word' id='word_1_704' title='bbox 2081 3785 2316 3850; x_wconf 88' lang='lat' dir='ltr'>negavit</span> <span class='ocrx_word' id='word_1_705' title='bbox 2345 3782 2541 3836; x_wconf 88' lang='lat' dir='ltr'>omnia</span> <span class='ocrx_word' id='word_1_706' title='bbox 2571 3782 2810 3835; x_wconf 87' lang='lat' dir='ltr'>omnino</span> <span class='ocrx_word' id='word_1_707' title='bbox 2841 3789 3072 3852; x_wconf 85' lang='lat' dir='ltr'>peccata</span> <span class='ocrx_word' id='word_1_708' title='bbox 3113 3781 3312 3837; x_wconf 86' lang='lat' dir='ltr'>deleri.</span> <span class='ocrx_word' id='word_1_709' title='bbox 3375 3781 3616 3840; x_wconf 75' lang='lat' dir='ltr'>ALBASP.</span> 
     </span>
    </p>
   </div>
   <div class='ocr_carea' id='block_1_103' title="bbox 2155 3851 3730 3922">
    <p class='ocr_par' dir='ltr' id='par_1_103' title="bbox 2155 3851 3730 3922">
     <span class='ocr_line' id='line_1_103' title="bbox 2155 3851 3730 3922; baseline 0.005 -18"><span class='ocrx_word' id='word_1_710' title='bbox 2155 3851 2266 3922; x_wconf 88' lang='grc'>(31)</span> <span class='ocrx_word' id='word_1_711' title='bbox 2298 3852 2440 3920; x_wconf 85' lang='lat' dir='ltr'>Ergo</span> <span class='ocrx_word' id='word_1_712' title='bbox 2465 3853 2804 3922; x_wconf 73' lang='lat' dir='ltr'>paenitentiae</span> <span class='ocrx_word' id='word_1_713' title='bbox 2833 3851 2948 3908; x_wconf 84' lang='lat' dir='ltr'>vita</span> <span class='ocrx_word' id='word_1_714' title='bbox 2971 3864 3068 3908; x_wconf 84' lang='lat' dir='ltr'>est.</span> <span class='ocrx_word' id='word_1_715' title='bbox 3100 3855 3194 3908; x_wconf 84' lang='lat' dir='ltr'>Ait</span> <span class='ocrx_word' id='word_1_716' title='bbox 3231 3855 3532 3921; x_wconf 90' lang='lat' dir='ltr'>Dominus,</span> <span class='ocrx_word' id='word_1_717' title='bbox 3593 3861 3730 3912; x_wconf 61' lang='lat' dir='ltr'>Pte-</span> 
     </span>
    </p>
   </div>
   <div class='ocr_carea' id='block_1_104' title="bbox 2080 3923 3724 4004">
    <p class='ocr_par' dir='ltr' id='par_1_104' title="bbox 2080 3923 3724 4004">
     <span class='ocr_line' id='line_1_104' title="bbox 2080 3923 3724 4004; baseline 0.004 -29"><span class='ocrx_word' id='word_1_718' title='bbox 2080 3923 2555 4004; x_wconf 39' lang='lat' dir='ltr'>nitcntiaminal‘o</span> <span class='ocrx_word' id='word_1_719' title='bbox 2585 3939 2743 4004; x_wconf 77' lang='lat' dir='ltr'>quam</span> <span class='ocrx_word' id='word_1_720' title='bbox 2762 3929 2997 4004; x_wconf 80' lang='lat' dir='ltr'>mortem</span> <span class='ocrx_word' id='word_1_721' title='bbox 3019 3943 3044 4004; x_wconf 82' lang='lat'>;_</span> <span class='ocrx_word' id='word_1_722' title='bbox 3071 3941 3413 4004; x_wconf 37' lang='lat' dir='ltr'>opponens“</span> <span class='ocrx_word' id='word_1_723' title='bbox 3433 3928 3724 4004; x_wconf 45' lang='lat' dir='ltr'>paeniteat</span> 
     </span>
    </p>
   </div>
   <div class='ocr_carea' id='block_1_105' title="bbox 2081 3993 3727 4067">
    <p class='ocr_par' dir='ltr' id='par_1_105' title="bbox 2081 3993 3727 4067">
     <span class='ocr_line' id='line_1_105' title="bbox 2081 3993 3727 4067; baseline 0.004 -19"><span class='ocrx_word' id='word_1_724' title='bbox 2081 3995 2226 4048; x_wconf 91' lang='lat' dir='ltr'>tiam</span> <span class='ocrx_word' id='word_1_725' title='bbox 2261 3993 2450 4067; x_wconf 52' lang='lat' dir='ltr'>morti:</span> <span class='ocrx_word' id='word_1_726' title='bbox 2491 3993 2647 4067; x_wconf 69' lang='lat' dir='ltr'>Quid</span> <span class='ocrx_word' id='word_1_727' title='bbox 2677 4003 2870 4050; x_wconf 83' lang='lat' dir='ltr'>autem</span> <span class='ocrx_word' id='word_1_728' title='bbox 2929 3993 3498 4067; x_wconf 54' lang='lat' dir='ltr'>verius&#39;opponitur</span> <span class='ocrx_word' id='word_1_729' title='bbox 3549 3999 3727 4054; x_wconf 88' lang='lat' dir='ltr'>morti</span> 
     </span>
    </p>
   </div>
   <div class='ocr_carea' id='block_1_106' title="bbox 2082 4064 3731 4190">
    <p class='ocr_par' dir='ltr' id='par_1_106' title="bbox 2082 4064 3731 4190">
     <span class='ocr_line' id='line_1_106' title="bbox 2082 4064 3731 4190; baseline 0.004 -71"><span class='ocrx_word' id='word_1_730' title='bbox 2082 4081 2277 4190; x_wconf 48' lang='grc' dir='ltr'>(ιιιὶιιῐῐρι</span> <span class='ocrx_word' id='word_1_731' title='bbox 2290 4064 2455 4120; x_wconf 85' lang='lat' dir='ltr'>vita?</span> <span class='ocrx_word' id='word_1_732' title='bbox 2485 4065 2633 4136; x_wconf 75' lang='lat' dir='ltr'>Ergo</span> <span class='ocrx_word' id='word_1_733' title='bbox 2679 4067 2949 4137; x_wconf 89' lang='lat' dir='ltr'>opposita</span> <span class='ocrx_word' id='word_1_734' title='bbox 2992 4067 3162 4122; x_wconf 92' lang='lat' dir='ltr'>morti</span> <span class='ocrx_word' id='word_1_735' title='bbox 3207 4064 3551 4139; x_wconf 79' lang='lat' dir='ltr'>poenitentia</span> <span class='ocrx_word' id='word_1_736' title='bbox 3604 4072 3731 4126; x_wconf 88' lang='lat' dir='ltr'>vita</span> 
     </span>
     <span class='ocr_line' id='line_1_107' title="bbox 2082 4153 2357 4190; baseline 0 0"><span class='ocrx_word' id='word_1_737' title='bbox 2082 4153 2196 4190; x_wconf 87' lang='lat' dir='ltr'>es.</span> <span class='ocrx_word' id='word_1_738' title='bbox 2280 4153 2357 4190; x_wconf 79' lang='lat' dir='ltr'>re.</span> 
     </span>
    </p>
   </div>
   <div class='ocr_carea' id='block_1_107' title="bbox 2082 4141 2357 4192">
    <p class='ocr_par' dir='ltr' id='par_1_107' title="bbox 2082 4141 2357 4192">
     <span class='ocr_line' id='line_1_108' title="bbox 2082 4141 2357 4192; baseline -0.007 0"><span class='ocrx_word' id='word_1_739' title='bbox 2082 4141 2196 4192; x_wconf 91' lang='lat' dir='ltr'>est.</span> <span class='ocrx_word' id='word_1_740' title='bbox 2232 4141 2357 4191; x_wconf 76' lang='lat' dir='ltr'>ltro.</span> 
     </span>
    </p>
   </div>
   <div class='ocr_carea' id='block_1_108' title="bbox 2153 4207 3721 4279">
    <p class='ocr_par' dir='ltr' id='par_1_108' title="bbox 2153 4207 3721 4279">
     <span class='ocr_line' id='line_1_109' title="bbox 2153 4207 3721 4279; baseline 0.004 -19"><span class='ocrx_word' id='word_1_741' title='bbox 2153 4208 2266 4278; x_wconf 91' lang='lat'>(32)</span> <span class='ocrx_word' id='word_1_742' title='bbox 2337 4208 2447 4261; x_wconf 87' lang='lat' dir='ltr'>Imo</span> <span class='ocrx_word' id='word_1_743' title='bbox 2492 4221 2578 4261; x_wconf 82' lang='lat' dir='ltr'>me</span> <span class='ocrx_word' id='word_1_744' title='bbox 2651 4208 2850 4279; x_wconf 86' lang='lat' dir='ltr'>minor.</span> <span class='ocrx_word' id='word_1_745' title='bbox 2889 4207 3184 4279; x_wconf 81' lang='lat' dir='ltr'>Quidquid</span> <span class='ocrx_word' id='word_1_746' title='bbox 3241 4213 3376 4264; x_wconf 89' lang='lat' dir='ltr'>ante</span> <span class='ocrx_word' id='word_1_747' title='bbox 3417 4209 3721 4268; x_wconf 87' lang='lat' dir='ltr'>lavacrum</span> 
     </span>
    </p>
   </div>
   <div class='ocr_carea' id='block_1_109' title="bbox 2082 4278 3728 4347">
    <p class='ocr_par' dir='ltr' id='par_1_109' title="bbox 2082 4278 3728 4347">
     <span class='ocr_line' id='line_1_110' title="bbox 2082 4278 3728 4347; baseline 0.005 -15"><span class='ocrx_word' id='word_1_748' title='bbox 2082 4283 2554 4332; x_wconf 86' lang='lat' dir='ltr'>commeruerant</span> <span class='ocrx_word' id='word_1_749' title='bbox 2584 4278 2988 4333; x_wconf 88' lang='lat' dir='ltr'>catechumeni</span> <span class='ocrx_word' id='word_1_750' title='bbox 3021 4286 3122 4333; x_wconf 90' lang='lat' dir='ltr'>aut</span> <span class='ocrx_word' id='word_1_751' title='bbox 3151 4279 3426 4347; x_wconf 89' lang='lat' dir='ltr'>fecerant,</span> <span class='ocrx_word' id='word_1_752' title='bbox 3465 4282 3522 4337; x_wconf 91' lang='lat' dir='ltr'>id</span> <span class='ocrx_word' id='word_1_753' title='bbox 3549 4300 3728 4340; x_wconf 88' lang='lat' dir='ltr'>omne</span> 
     </span>
    </p>
   </div>
   <div class='ocr_carea' id='block_1_110' title="bbox 2081 4347 3722 4421">
    <p class='ocr_par' dir='ltr' id='par_1_110' title="bbox 2081 4347 3722 4421">
     <span class='ocr_line' id='line_1_111' title="bbox 2081 4347 3722 4421; baseline 0.005 -19"><span class='ocrx_word' id='word_1_754' title='bbox 2081 4354 2307 4421; x_wconf 67' lang='lat' dir='ltr'>naturae</span> <span class='ocrx_word' id='word_1_755' title='bbox 2342 4349 2531 4420; x_wconf 89' lang='lat' dir='ltr'>magis</span> <span class='ocrx_word' id='word_1_756' title='bbox 2561 4347 2783 4418; x_wconf 89' lang='lat' dir='ltr'>impetu</span> <span class='ocrx_word' id='word_1_757' title='bbox 2817 4365 2990 4421; x_wconf 92' lang='lat' dir='ltr'>quam</span> <span class='ocrx_word' id='word_1_758' title='bbox 3025 4350 3322 4408; x_wconf 86' lang='lat' dir='ltr'>voluntate</span> <span class='ocrx_word' id='word_1_759' title='bbox 3353 4353 3556 4410; x_wconf 90' lang='lat' dir='ltr'>fecisse</span> <span class='ocrx_word' id='word_1_760' title='bbox 3598 4356 3722 4410; x_wconf 84' lang='lat' dir='ltr'>exi-</span> 
     </span>
    </p>
   </div>
   <div class='ocr_carea' id='block_1_111' title="bbox 2080 4420 3724 4506">
    <p class='ocr_par' dir='ltr' id='par_1_111' title="bbox 2080 4420 3724 4506">
     <span class='ocr_line' id='line_1_112' title="bbox 2080 4420 3724 4506; baseline 0.005 -32"><span class='ocrx_word' id='word_1_761' title='bbox 2080 4420 2585 4506; x_wconf 39' lang='lat' dir='ltr'>stimabanturhut</span> <span class='ocrx_word' id='word_1_762' title='bbox 2610 4420 2939 4506; x_wconf 43' lang='lat' dir='ltr'>Auctorﬁe</span> <span class='ocrx_word' id='word_1_763' title='bbox 2980 4422 3198 4506; x_wconf 52' lang='lat' dir='ltr'>Fadio,</span> <span class='ocrx_word' id='word_1_764' title='bbox 3249 4423 3315 4478; x_wconf 92' lang='lat' dir='ltr'>D.</span> <span class='ocrx_word' id='word_1_765' title='bbox 3365 4425 3567 4506; x_wconf 75' lang='lat' dir='ltr'>Cypr.,_</span> <span class='ocrx_word' id='word_1_766' title='bbox 3618 4430 3724 4506; x_wconf 74' lang='lat' dir='ltr'>aut</span> 
     </span>
    </p>
   </div>
   <div class='ocr_carea' id='block_1_112' title="bbox 2083 4442 3722 4563">
    <p class='ocr_par' dir='ltr' id='par_1_112' title="bbox 2083 4442 3722 4563">
     <span class='ocr_line' id='line_1_113' title="bbox 2083 4442 3722 4506; baseline 0.004 -32"><span class='ocrx_word' id='word_1_767' title='bbox 2083 4442 2585 4483; x_wconf 64' lang='lat' dir='ltr'>eumauanwr,un</span> <span class='ocrx_word' id='word_1_768' title='bbox 2610 4442 2824 4474; x_wconf 65' lang='lat' dir='ltr'>nucwr</span> <span class='ocrx_word' id='word_1_769' title='bbox 2872 4442 2939 4475; x_wconf 82' lang='lat' dir='ltr'>ae</span> <span class='ocrx_word' id='word_1_770' title='bbox 2980 4442 3198 4485; x_wconf 66' lang='lat' dir='ltr'>ruma,</span> <span class='ocrx_word' id='word_1_771' title='bbox 3249 4442 3315 4478; x_wconf 85' lang='grc' dir='ltr'>υ.</span> <span class='ocrx_word' id='word_1_772' title='bbox 3365 4442 3406 4479; x_wconf 80' lang='lat' dir='ltr'>U</span> <span class='ocrx_word' id='word_1_773' title='bbox 3447 4442 3557 4506; x_wconf 60' lang='lat' dir='ltr'>ph,</span> <span class='ocrx_word' id='word_1_774' title='bbox 3618 4442 3722 4481; x_wconf 80' lang='lat' dir='ltr'>aut</span> 
     </span>
     <span class='ocr_line' id='line_1_114' title="bbox 2083 4442 3722 4563; baseline 0.005 -19"><span class='ocrx_word' id='word_1_775' title='bbox 2083 4491 2630 4563; x_wconf 78' lang='lat' dir='ltr'>quisquislibellum</span> <span class='ocrx_word' id='word_1_776' title='bbox 2654 4491 2719 4546; x_wconf 86' lang='lat' dir='ltr'>de</span> <span class='ocrx_word' id='word_1_777' title='bbox 2746 4492 2947 4546; x_wconf 88' lang='lat' dir='ltr'>Pedum</span> <span class='ocrx_word' id='word_1_778' title='bbox 2994 4493 3282 4549; x_wconf 81' lang='lat' dir='ltr'>Ablulione</span> <span class='ocrx_word' id='word_1_779' title='bbox 3327 4442 3495 4552; x_wconf 59' lang='lat' dir='ltr'>nobis</span> <span class='ocrx_word' id='word_1_780' title='bbox 3536 4497 3722 4563; x_wconf 89' lang='lat' dir='ltr'>dedit,</span> 
     </span>
    </p>
   </div>
   <div class='ocr_carea' id='block_1_113' title="bbox 2081 4561 3720 4636">
    <p class='ocr_par' dir='ltr' id='par_1_113' title="bbox 2081 4561 3720 4636">
     <span class='ocr_line' id='line_1_115' title="bbox 2081 4561 3720 4636; baseline 0.004 -18"><span class='ocrx_word' id='word_1_781' title='bbox 2081 4561 2320 4636; x_wconf 78' lang='lat' dir='ltr'>Hermes</span> <span class='ocrx_word' id='word_1_782' title='bbox 2377 4568 2433 4618; x_wconf 93' lang='lat' dir='ltr'>et</span> <span class='ocrx_word' id='word_1_783' title='bbox 2483 4561 2753 4636; x_wconf 85' lang='lat' dir='ltr'>Justinus</span> <span class='ocrx_word' id='word_1_784' title='bbox 2811 4563 3145 4618; x_wconf 75' lang='lat' dir='ltr'>affirmant:</span> <span class='ocrx_word' id='word_1_785' title='bbox 3187 4569 3571 4636; x_wconf 83' lang='lat' dir='ltr'>quamobrem</span> <span class='ocrx_word' id='word_1_786' title='bbox 3636 4561 3720 4624; x_wconf 84' lang='lat' dir='ltr'>ait</span> 
     </span>
    </p>
   </div>
   <div class='ocr_carea' id='block_1_114' title="bbox 2081 4633 3466 4706">
    <p class='ocr_par' dir='ltr' id='par_1_114' title="bbox 2081 4633 3466 4706">
     <span class='ocr_line' id='line_1_116' title="bbox 2081 4633 3466 4706; baseline 0.004 -18"><span class='ocrx_word' id='word_1_787' title='bbox 2081 4633 2562 4706; x_wconf 87' lang='lat' dir='ltr'>catechumenum</span> <span class='ocrx_word' id='word_1_788' title='bbox 2598 4633 2793 4706; x_wconf 86' lang='lat' dir='ltr'>minus</span> <span class='ocrx_word' id='word_1_789' title='bbox 2816 4650 2878 4689; x_wconf 90' lang='lat' dir='ltr'>se</span> <span class='ocrx_word' id='word_1_790' title='bbox 2914 4633 3466 4706; x_wconf 51' lang='lat' dir='ltr'>peccassefALaAsP.</span> 
     </span>
    </p>
   </div>
   <div class='ocr_carea' id='block_1_115' title="bbox 2149 4705 3718 4780">
    <p class='ocr_par' dir='ltr' id='par_1_115' title="bbox 2149 4705 3718 4780">
     <span class='ocr_line' id='line_1_117' title="bbox 2149 4705 3718 4780; baseline 0.004 -22"><span class='ocrx_word' id='word_1_791' title='bbox 2149 4705 2788 4780; x_wconf 64' lang='lat' dir='ltr'>(33)_Alicujustabulw.</span> <span class='ocrx_word' id='word_1_792' title='bbox 2840 4705 3079 4768; x_wconf 83' lang='lat' dir='ltr'>Quando</span> <span class='ocrx_word' id='word_1_793' title='bbox 3121 4707 3286 4762; x_wconf 90' lang='lat' dir='ltr'>aiunt</span> <span class='ocrx_word' id='word_1_794' title='bbox 3341 4711 3539 4767; x_wconf 82' lang='lat' dir='ltr'>Patres</span> <span class='ocrx_word' id='word_1_795' title='bbox 3594 4726 3718 4780; x_wconf 80' lang='lat' dir='ltr'>pca-</span> 
     </span>
    </p>
   </div>
   <div class='ocr_carea' id='block_1_116' title="bbox 2081 4775 3714 4854">
    <p class='ocr_par' dir='ltr' id='par_1_116' title="bbox 2081 4775 3714 4854">
     <span class='ocr_line' id='line_1_118' title="bbox 2081 4775 3714 4854; baseline 0.006 -26"><span class='ocrx_word' id='word_1_796' title='bbox 2081 4775 2384 4854; x_wconf 85' lang='lat' dir='ltr'>_nitenti_am</span> <span class='ocrx_word' id='word_1_797' title='bbox 2417 4792 2546 4830; x_wconf 89' lang='lat' dir='ltr'>esse</span> <span class='ocrx_word' id='word_1_798' title='bbox 2575 4777 2915 4854; x_wconf 9' lang='lat' dir='ltr'>secundam,</span> <span class='ocrx_word' id='word_1_799' title='bbox 2944 4782 3075 4854; x_wconf 80' lang='lat' dir='ltr'>post</span> <span class='ocrx_word' id='word_1_800' title='bbox 3120 4781 3517 4854; x_wconf 75' lang='lat' dir='ltr'>nanfragium</span> <span class='ocrx_word' id='word_1_801' title='bbox 3544 4775 3714 4854; x_wconf 68' lang='lat' dir='ltr'>tabu-</span> 
     </span>
    </p>
   </div>
   <div class='ocr_carea' id='block_1_117' title="bbox 2078 4846 3715 4925">
    <p class='ocr_par' dir='ltr' id='par_1_117' title="bbox 2078 4846 3715 4925">
     <span class='ocr_line' id='line_1_119' title="bbox 2078 4846 3715 4925; baseline 0.004 -23"><span class='ocrx_word' id='word_1_802' title='bbox 2078 4846 2216 4925; x_wconf 79' lang='lat' dir='ltr'>lam,</span> <span class='ocrx_word' id='word_1_803' title='bbox 2264 4848 2341 4925; x_wconf 78' lang='lat' dir='ltr'>de</span> <span class='ocrx_word' id='word_1_804' title='bbox 2397 4847 2651 4925; x_wconf 82' lang='lat' dir='ltr'>secunda</span> <span class='ocrx_word' id='word_1_805' title='bbox 2681 4853 2738 4902; x_wconf 88' lang='lat' dir='ltr'>et</span> <span class='ocrx_word' id='word_1_806' title='bbox 2779 4846 3715 4925; x_wconf 44' lang='lat' dir='ltr'>post:baptismumvpcenitentia</span> 
     </span>
    </p>
   </div>
   <div class='ocr_carea' id='block_1_118' title="bbox 2078 4917 3719 4994">
    <p class='ocr_par' dir='ltr' id='par_1_118' title="bbox 2078 4917 3719 4994">
     <span class='ocr_line' id='line_1_120' title="bbox 2078 4917 3719 4994; baseline 0.006 -23"><span class='ocrx_word' id='word_1_807' title='bbox 2078 4918 2132 4972; x_wconf 92' lang='lat' dir='ltr'>id</span> <span class='ocrx_word' id='word_1_808' title='bbox 2159 4917 2582 4994; x_wconf 79' lang='lat' dir='ltr'>accipiendum,</span> <span class='ocrx_word' id='word_1_809' title='bbox 2617 4917 2832 4994; x_wconf 81' lang='lat' dir='ltr'>nonde</span> <span class='ocrx_word' id='word_1_810' title='bbox 2862 4917 3072 4990; x_wconf 89' lang='lat' dir='ltr'>prima,</span> <span class='ocrx_word' id='word_1_811' title='bbox 3102 4938 3228 4994; x_wconf 71' lang='lat' dir='ltr'>qum</span> <span class='ocrx_word' id='word_1_812' title='bbox 3281 4917 3397 4980; x_wconf 79' lang='lat' dir='ltr'>non</span> <span class='ocrx_word' id='word_1_813' title='bbox 3441 4930 3566 4980; x_wconf 89' lang='lat' dir='ltr'>erat</span> <span class='ocrx_word' id='word_1_814' title='bbox 3630 4941 3719 4980; x_wconf 85' lang='lat' dir='ltr'>se-</span> 
     </span>
    </p>
   </div>
   <div class='ocr_carea' id='block_1_119' title="bbox 2078 4989 3064 5060">
    <p class='ocr_par' dir='ltr' id='par_1_119' title="bbox 2078 4989 3064 5060">
     <span class='ocr_line' id='line_1_121' title="bbox 2078 4989 3064 5060; baseline 0.002 -16"><span class='ocrx_word' id='word_1_815' title='bbox 2078 4990 2289 5055; x_wconf 89' lang='lat' dir='ltr'>cunda,</span> <span class='ocrx_word' id='word_1_816' title='bbox 2325 4990 2424 5044; x_wconf 89' lang='lat' dir='ltr'>sed</span> <span class='ocrx_word' id='word_1_817' title='bbox 2457 4989 2645 5060; x_wconf 90' lang='lat' dir='ltr'>prima</span> <span class='ocrx_word' id='word_1_818' title='bbox 2674 4989 2892 5045; x_wconf 86' lang='lat' dir='ltr'>tabula.</span> <span class='ocrx_word' id='word_1_819' title='bbox 2929 4998 3064 5046; x_wconf 80' lang='lat' dir='ltr'>ALB.</span> 
     </span>
    </p>
   </div>
   <div class='ocr_carea' id='block_1_120' title="bbox 2147 5061 3717 5150">
    <p class='ocr_par' dir='ltr' id='par_1_120' title="bbox 2147 5061 3717 5150">
     <span class='ocr_line' id='line_1_122' title="bbox 2147 5061 3717 5150; baseline 0.006 -37"><span class='ocrx_word' id='word_1_820' title='bbox 2147 5061 2991 5150; x_wconf 12' lang='lat' dir='ltr'>feiiA‘li&#39;cujus‘tal‘Jultc.‘“Optime</span> <span class='ocrx_word' id='word_1_821' title='bbox 3040 5063 3270 5150; x_wconf 72' lang='lat' dir='ltr'>monuit</span> <span class='ocrx_word' id='word_1_822' title='bbox 3319 5066 3717 5150; x_wconf 35' lang='lat' dir='ltr'>Aol‘baspineus</span> 
     </span>
    </p>
   </div>
   <div class='ocr_carea' id='block_1_121' title="bbox 2078 5131 3712 5207">
    <p class='ocr_par' dir='ltr' id='par_1_121' title="bbox 2078 5131 3712 5207">
     <span class='ocr_line' id='line_1_123' title="bbox 2078 5131 3712 5207; baseline 0.006 -22"><span class='ocrx_word' id='word_1_823' title='bbox 2078 5132 2398 5207; x_wconf 84' lang='lat' dir='ltr'>secundam</span> <span class='ocrx_word' id='word_1_824' title='bbox 2428 5131 2689 5207; x_wconf 75' lang='lat' dir='ltr'>tabulam</span> <span class='ocrx_word' id='word_1_825' title='bbox 2712 5131 2827 5207; x_wconf 80' lang='lat' dir='ltr'>diui</span> <span class='ocrx_word' id='word_1_826' title='bbox 2857 5137 3081 5189; x_wconf 88' lang='lat' dir='ltr'>tantum</span> <span class='ocrx_word' id='word_1_827' title='bbox 3105 5136 3176 5190; x_wconf 94' lang='lat' dir='ltr'>de</span> <span class='ocrx_word' id='word_1_828' title='bbox 3222 5131 3566 5207; x_wconf 73' lang='lat' dir='ltr'>pmnitsntia</span> <span class='ocrx_word' id='word_1_829' title='bbox 3620 5154 3712 5194; x_wconf 83' lang='lat' dir='ltr'>se-</span> 
     </span>
    </p>
   </div>
   <div class='ocr_carea' id='block_1_122' title="bbox 2077 5203 3715 5280">
    <p class='ocr_par' dir='ltr' id='par_1_122' title="bbox 2077 5203 3715 5280">
     <span class='ocr_line' id='line_1_124' title="bbox 2077 5203 3715 5280; baseline 0.005 -24"><span class='ocrx_word' id='word_1_830' title='bbox 2077 5205 2267 5280; x_wconf 82' lang='lat' dir='ltr'>cundo</span> <span class='ocrx_word' id='word_1_831' title='bbox 2291 5221 2391 5280; x_wconf 90' lang='lat' dir='ltr'>seu</span> <span class='ocrx_word' id='word_1_832' title='bbox 2428 5211 2559 5275; x_wconf 91' lang='lat' dir='ltr'>post</span> <span class='ocrx_word' id='word_1_833' title='bbox 2589 5203 2946 5280; x_wconf 75' lang='lat' dir='ltr'>baptismum</span> <span class='ocrx_word' id='word_1_834' title='bbox 2970 5203 3470 5280; x_wconf 76' lang='lat' dir='ltr'>_suscepta.Prima</span> <span class='ocrx_word' id='word_1_835' title='bbox 3497 5210 3715 5280; x_wconf 88' lang='lat' dir='ltr'>quippe</span> 
     </span>
    </p>
   </div>
   <div class='ocr_carea' id='block_1_123' title="bbox 2081 5274 3712 5352">
    <p class='ocr_par' dir='ltr' id='par_1_123' title="bbox 2081 5274 3712 5352">
     <span class='ocr_line' id='line_1_125' title="bbox 2081 5274 3712 5352; baseline 0.004 -23"><span class='ocrx_word' id='word_1_836' title='bbox 2081 5274 2565 5352; x_wconf 33' lang='lat' dir='ltr'>pcenitentia’qua</span> <span class='ocrx_word' id='word_1_837' title='bbox 2595 5274 3168 5352; x_wconf 79' lang='lat' dir='ltr'>ﬁdelesaccedebant</span> <span class='ocrx_word' id='word_1_838' title='bbox 3221 5281 3292 5334; x_wconf 89' lang='lat' dir='ltr'>ad</span> <span class='ocrx_word' id='word_1_839' title='bbox 3348 5274 3712 5352; x_wconf 75' lang='lat' dir='ltr'>baptismum</span> 
     </span>
    </p>
   </div>
   <div class='ocr_carea' id='block_1_124' title="bbox 2077 5347 3711 5422">
    <p class='ocr_par' dir='ltr' id='par_1_124' title="bbox 2077 5347 3711 5422">
     <span class='ocr_line' id='line_1_126' title="bbox 2077 5347 3711 5422; baseline 0.005 -23"><span class='ocrx_word' id='word_1_840' title='bbox 2077 5347 2514 5422; x_wconf 84' lang='lat' dir='ltr'>suscipiendum</span> <span class='ocrx_word' id='word_1_841' title='bbox 2548 5347 2710 5422; x_wconf 78' lang='lat' dir='ltr'>navis</span> <span class='ocrx_word' id='word_1_842' title='bbox 2741 5347 3062 5422; x_wconf 80' lang='lat' dir='ltr'>dicebatur,</span> <span class='ocrx_word' id='word_1_843' title='bbox 3105 5368 3221 5422; x_wconf 91' lang='lat' dir='ltr'>qua</span> <span class='ocrx_word' id='word_1_844' title='bbox 3252 5347 3475 5407; x_wconf 79' lang='lat' dir='ltr'>scilicet</span> <span class='ocrx_word' id='word_1_845' title='bbox 3509 5356 3711 5422; x_wconf 75' lang='lat' dir='ltr'>fracta,</span> 
     </span>
    </p>
   </div>
   <div class='ocr_carea' id='block_1_125' title="bbox 2075 5417 3711 5496">
    <p class='ocr_par' dir='ltr' id='par_1_125' title="bbox 2075 5417 3711 5496">
     <span class='ocr_line' id='line_1_127' title="bbox 2075 5417 3711 5496; baseline 0.005 -25"><span class='ocrx_word' id='word_1_846' title='bbox 2075 5417 2696 5496; x_wconf 30' lang='lat' dir='ltr'>sec‘un_da_p(enitentia</span> <span class='ocrx_word' id='word_1_847' title='bbox 2719 5435 2821 5476; x_wconf 91' lang='lat' dir='ltr'>ceu</span> <span class='ocrx_word' id='word_1_848' title='bbox 2875 5419 3072 5476; x_wconf 88' lang='lat' dir='ltr'>tabula</span> <span class='ocrx_word' id='word_1_849' title='bbox 3123 5417 3195 5477; x_wconf 82' lang='lat' dir='ltr'>in</span> <span class='ocrx_word' id='word_1_850' title='bbox 3255 5424 3561 5496; x_wconf 85' lang='lat' dir='ltr'>naufragio</span> <span class='ocrx_word' id='word_1_851' title='bbox 3618 5417 3711 5479; x_wconf 50' lang='lat' dir='ltr'>re;</span> 
     </span>
    </p>
   </div>
   <div class='ocr_carea' id='block_1_126' title="bbox 2075 5490 2530 5545">
    <p class='ocr_par' dir='ltr' id='par_1_126' title="bbox 2075 5490 2530 5545">
     <span class='ocr_line' id='line_1_128' title="bbox 2075 5490 2530 5545; baseline 0.004 -2"><span class='ocrx_word' id='word_1_852' title='bbox 2075 5490 2286 5544; x_wconf 85' lang='lat' dir='ltr'>stabat.</span> <span class='ocrx_word' id='word_1_853' title='bbox 2323 5491 2398 5544; x_wconf 79' lang='lat' dir='ltr'>La</span> <span class='ocrx_word' id='word_1_854' title='bbox 2429 5495 2530 5545; x_wconf 79' lang='lat' dir='ltr'>Pa.</span> 
     </span>
    </p>
   </div>
   <div class='ocr_carea' id='block_1_127' title="bbox 2144 5561 3714 5638">
    <p class='ocr_par' dir='ltr' id='par_1_127' title="bbox 2144 5561 3714 5638">
     <span class='ocr_line' id='line_1_129' title="bbox 2144 5561 3714 5638; baseline 0.004 -24"><span class='ocrx_word' id='word_1_855' title='bbox 2144 5561 2254 5638; x_wconf 50' lang='lat' dir='ltr'>(3i)</span> <span class='ocrx_word' id='word_1_856' title='bbox 2301 5563 2630 5638; x_wconf 61' lang='lat' dir='ltr'>Prglcvabit.</span> <span class='ocrx_word' id='word_1_857' title='bbox 2689 5563 2779 5620; x_wconf 88' lang='lat' dir='ltr'>Sic</span> <span class='ocrx_word' id='word_1_858' title='bbox 2834 5562 3050 5636; x_wconf 86' lang='lat' dir='ltr'>legitur</span> <span class='ocrx_word' id='word_1_859' title='bbox 3094 5566 3155 5621; x_wconf 92' lang='lat' dir='ltr'>in</span> <span class='ocrx_word' id='word_1_860' title='bbox 3207 5565 3469 5638; x_wconf 87' lang='lat' dir='ltr'>antiquis</span> <span class='ocrx_word' id='word_1_861' title='bbox 3525 5582 3714 5621; x_wconf 81' lang='lat' dir='ltr'>exem-</span> 
     </span>
    </p>
   </div>
   <div class='ocr_carea' id='block_1_128' title="bbox 2073 5631 2492 5703">
    <p class='ocr_par' dir='ltr' id='par_1_128' title="bbox 2073 5631 2492 5703">
     <span class='ocr_line' id='line_1_130' title="bbox 2073 5631 2492 5703; baseline 0.007 -16"><span class='ocrx_word' id='word_1_862' title='bbox 2073 5631 2336 5703; x_wconf 90' lang='lat' dir='ltr'>plaribus</span> <span class='ocrx_word' id='word_1_863' title='bbox 2365 5633 2492 5690; x_wconf 79' lang='lat' dir='ltr'>Rm.</span> 
     </span>
    </p>
   </div>
  </div>
