2025 3191
170 193 249 223 £345
735 183 738 188 ’
782 191 901 222 LIBER
922 191 974 222 DE
998 190 1264 222 PtENITENTiA.
1797 191 1879 235 1348‘

204 302 262 330 Hoc
274 302 351 330 enim
369 302 444 337 dico,
461 301 666 338 paenitentiam
688 310 751 334 quas
776 309 828 338 per
854 301 902 329 Dei
927 309 992 337 gra-

167 347 239 375 tiam
256 349 374 375 ostensa
389 349 418 374 et
434 347 544 374 indicta
561 346 655 379 nobis,
669 346 698 373 in
715 347 838 382 gratiam
856 354 910 373 nos
936 346 991 374 Do-

169 391 249 419 mino
274 394 398 424 revocat,
424 391 513 418 semel
539 391 687 426 cognitam
712 393 799 426 atque
823 392 990 426 susceptam

169 444 321 471 nunquam
339 438 404 471 post
433 436 486 463 hoc
513 435 665 462 iteratione
689 434 787 462 delicti
812 434 952 470 resignari
969 435 991 452 ³ο

169 483 311 516 oportere.
328 481 393 507 Jam
411 479 528 515 quidem
546 478 660 507 nullum
677 478 847 514 ignorantia
870 481 991 515 prastex-

170 527 231 552 tum
249 524 304 561 (35)
330 523 383 551 tibi
408 523 619 559 patrocinatur.
642 524 718 559 quod
745 523 868 551 Domino
891 523 990 559 agnito

169 569 378 605 praeceptisque
406 568 470 603 ejus
494 567 645 600 admissis,
668 567 795 603 denique
820 567 991 603 pmnitentia

169 613 342 642 delictorum
368 613 497 645 iunctus,
523 620 627 640 rursus
659 614 687 639 te
715 611 745 639 in
773 612 879 639 delicta
907 611 990 640 resti-

167 658 229 686 tuis
243 657 264 675 "
294 657 360 693 (36).
388 656 430 684 Ita
455 656 484 684 in
514 660 660 692 quantum
690 656 791 685 1285
822 655 992 692 ignorantia

169 702 346 738 segregaris,
375 701 404 728 in
427 703 541 729 tantum
567 701 756 728 contumacia:
786 700 990 737 agglutinaris.

168 747 241 774 Nam
257 746 281 774 si
298 745 405 773 idcirco
422 748 450 773 te
465 745 625 781 deliquisse
641 745 827 781 pmnituerat,
844 745 912 780 quia
938 745 991 773 Do-

169 791 284 819 minum
307 798 440 826 cmperao
464 790 578 823 timere,
604 797 656 817 cur
680 789 758 825 quod
779 791 877 817 metus
898 789 992 826 gratia

169 834 285 872 gessisti
314 834 480 862 rescindere
509 833 649 867 maluisti,
681 833 736 861 nisi
766 833 836 869 quia
865 836 992 861 metuere

168 879 296 908 desisti?
313 879 415 915 Neque
430 878 508 906 enim
526 878 662 906 timorem
678 877 735 905 alia
750 886 807 912 res,
819 886 908 913 quam
923 886 992 905 con-

170 923 298 952 tumacia
311 922 463 950 subvertit.
489 923 560 949 Cum
588 922 676 948 etiam
701 921 871 957 ignorantes
895 921 992 948 Domi-

169 976 241 995 num
258 967 315 1003 (37)
337 966 419 994 nulla
447 966 578 1002 exceptio
603 967 724 993 tueatur
747 965 770 982 ⁸³
799 965 834 993 ad
859 974 994 1001 poenam;

171 1012 242 1048 quia
257 1014 349 1039 Deum
364 1010 394 1038 in
411 1013 511 1046 aperto
532 1010 736 1044 constitutum,
753 1011 781 1037 et
801 1009 846 1037 vel
865 1017 897 1037 ex
922 1009 996 1046 ipsis

174 1056 342 1084 coelestibus
359 1055 441 1083 bonis
457 1053 762 1090 comprehensibilem,
783 1054 911 1089 ignorari
938 1063 996 1082 non

174 1102 259 1129 licet:
292 1102 402 1136 quanto
429 1098 452 1117 ³³
479 1099 627 1134 cognitum
658 1097 769 1133 despici
799 1098 995 1133 periculosum

174 1145 238 1174 est!
257 1145 381 1181 Despicit
398 1152 493 1180 porro,
511 1143 560 1179 qui
576 1144 719 1171 bonorum
736 1151 769 1170 ac
786 1142 930 1171 malorum
952 1143 995 1170 in-

173 1190 323 1218 tellectum
341 1190 376 1216 ab
401 1188 450 1215 illo
475 1190 661 1221 consecutus,
688 1188 765 1222 quod
790 1187 928 1223 intelligit
951 1188 994 1215 fu-

172 1235 323 1271 giendum,
340 1234 547 1269 quodquejaui
561 1231 645 1268 fugit,
657 1240 821 1267 resumens,
833 1232 994 1260 intellectui

172 1288 236 1313 suo,
253 1279 280 1305 id
297 1280 341 1306 est
357 1277 405 1305 Dei
423 1277 510 1309 dono,
528 1276 738 1304 contumeliam
768 1277 855 1305 facit:
882 1278 995 1312 respuit

171 1325 303 1352 datorem
318 1330 385 1349 cum
401 1322 502 1349 datum
518 1321 637 1355 deserit,
666 1324 751 1356 negat
765 1321 787 1338 ³⁸
806 1321 994 1357 beneﬁcium,

173 1377 239 1396 cum
257 1367 430 1394 beneficium
448 1374 505 1393 non
530 1364 665 1393 honorat.
690 1366 943 1398 Quemadmodum
968 1367 992 1394 ei

172 1416 269 1449 potest
285 1412 408 1447 placere,
425 1410 509 1444 cujus
526 1418 630 1437 manus
646 1409 700 1436 sibi
716 1410 875 1446 displicet?
893 1412 934 1438 ita
962 1411 992 1438 in

171 1457 326 1484 Dominum
344 1463 400 1482 non
417 1454 504 1481 modo
519 1456 687 1487 contumax,
705 1454 754 1481 sed
780 1454 867 1481 etiam
893 1455 991 1490 ingra-

169 1504 218 1529 tus
234 1503 364 1536 apparet.
394 1501 533 1526 Caeterum
563 1506 620 1525 non
648 1497 747 1525 leviter
776 1499 805 1525 in
835 1499 991 1527 Dominum

169 1549 280 1582 peccat,
297 1544 358 1580 qui,
379 1551 444 1571 cum
460 1541 564 1570 aemulo
589 1542 654 1577 ejus
681 1541 796 1570 diabolo
822 1543 992 1578 poenitentia

169 1590 376 1622 renuntiasset,
394 1590 423 1615 et
438 1587 493 1614 hoc
509 1586 627 1614 nomine
642 1585 725 1613 illum
742 1586 864 1615 Domino
889 1588 989 1623 subje-

1008 257 1036 290 Α
1050 255 1275 285 exsultationem
1291 258 1356 293 ejus
1371 257 1502 295 seipsum
1518 257 1597 292 facit,
1613 259 1646 286 ut
1657 257 1754 286 denuo
1764 256 1872 291 malus,

1048 304 1219 337 recuperata
1236 303 1333 337 prada
1356 311 1420 338 sua,
1448 303 1590 331 adversus
1617 302 1774 331 Dominum
1799 309 1876 340 gau-

1045 345 1122 373 deat.
1141 348 1243 373 Nonne
1259 347 1334 382 quod
1352 346 1448 374 dicere
1470 354 1588 382 quoque
1604 345 1803 382 periculosum
1817 349 1873 381 est,

1047 390 1098 418 sed
1114 390 1149 417 ad
1163 389 1383 418 aedificationem
1401 390 1609 426 proferendum
1620 390 1643 408 ⁸⁵
1653 393 1708 424 est,
1723 390 1874 420 diabolum

1047 433 1171 461 Domino
1187 433 1352 469 praeponit?
1377 434 1633 470 Comparationem
1659 434 1737 463 enim
1760 435 1879 464 videtur

1047 479 1152 514 egisse,
1169 479 1219 514 qui
1239 482 1397 514 utrumque
1413 478 1592 515 cognoverit,
1612 481 1641 506 et
1656 479 1791 514 judicato
1806 487 1876 515 pro-

1045 523 1199 551 nuntiasse
1214 531 1282 550 eum
1299 523 1459 556 meliorem,
1475 523 1561 559 cujus
1577 531 1608 551 se
1624 531 1727 552 rursus
1739 531 1803 552 esse
1813 532 1874 552 ma-

1047 566 1199 602 1uerit.Ita
1218 567 1268 602 qui
1290 575 1340 602 per
1359 567 1532 595 delictorum
1559 567 1763 603 pcsnitentiam
1785 568 1874 596 insti-

1045 614 1141 639 tuerat
1171 611 1292 639 Domino
1320 611 1501 644 satisfacere,
1526 612 1643 639 diabolo
1680 612 1785 641 1280
1822 621 1876 649 per

1046 655 1134 684 aliam
1151 656 1330 691 paanitentiie
1345 656 1547 691 pcenitentiam
1569 656 1631 692 (38)
1656 656 1818 686 satisfaciet
1830 657 1873 687 “:

1045 700 1159 736 eritque
1174 702 1255 728 tanto
1272 703 1365 737 magis
1382 708 1503 736 perosus
1534 703 1601 734 Deo,
1629 703 1740 737 quanto
1766 702 1874 731 amulo

1046 745 1109 780 ejus
1124 747 1273 780 acceptus.
1289 746 1343 772 Sed
1357 745 1441 772 aiunt
1455 745 1577 780 quidam
1600 745 1657 781 (39)
1681 746 1754 774 satis
1779 745 1874 775 Deum

1046 789 1164 823 habere,
1179 792 1208 817 et
1222 789 1308 817 corde
1323 792 1352 817 et
1370 789 1470 817 animo
1485 789 1677 825 suspiciatur,
1708 789 1777 818 licet
1806 793 1875 820 actu

1046 833 1145 861 minus
1160 833 1220 861 ﬂat.
1239 833 1339 870 Itaque
1354 841 1385 861 se
1400 833 1479 861 salvo
1495 836 1574 861 metu
1590 837 1618 862 et
1646 834 1703 862 fide
1727 842 1848 871 peccare
1864 843 1872 863 :

1047 878 1101 906 hoc
1116 877 1261 910 est,salva
1275 877 1409 906 castitate
1437 878 1625 906 matrimonia
1649 878 1768 913 violare,
1792 879 1874 908 salva

1048 922 1157 958 pietate
1173 921 1285 958 parenti
1305 930 1449 950 venenum
1475 924 1649 958 temperare.
1679 923 1724 951 sic
1750 931 1819 960 ergo
1844 926 1874 953 et

1051 966 1107 1002 ipsi
1131 966 1209 994 salva
1233 966 1317 994 venia
1341 967 1370 994 in
1390 966 1554 1002 gehennam
1575 967 1777 1003 detruduntur,
1802 968 1873 997 dum
1899 987 1901 989 ι

1051 1010 1130 1038 salvo
1141 1014 1220 1038 metu
1238 1012 1368 1046 peccant.
1386 1009 1515 1038 Primum
1537 1010 1704 1046 exemplum
1730 1012 1873 1047 perversi-

1050 1055 1128 1089 tatis,
1150 1054 1218 1090 quia
1234 1054 1348 1088 timent,
1365 1053 1559 1090 delinquunt:
1576 1054 1681 1090 opinor
1699 1063 1756 1083 non
1782 1055 1874 1084 delin-

1051 1102 1183 1134 querent,
1200 1098 1225 1126 si
1242 1106 1298 1126 non
1314 1098 1461 1126 timerent.
1479 1097 1579 1134 igitur,
1606 1098 1657 1134 qui
1684 1100 1772 1127 Deum
1798 1099 1874 1129 nolit

1050 1143 1205 1175 offensum,
1224 1151 1276 1171 nec
1292 1145 1457 1170 revereatur
1475 1143 1606 1176 omnino,
1621 1143 1645 1170 si
1667 1145 1755 1171 timor
1777 1144 1872 1173 citen-

1049 1187 1137 1215 dendi
1154 1186 1348 1223 patrocinium
1364 1190 1417 1214 est.
1433 1187 1486 1214 Sed
1503 1186 1560 1214 ista
1578 1187 1694 1223 ingenia
1708 1187 1743 1216 de
1759 1189 1871 1217 semine

1050 1232 1268 1268 hypocritarum
1285 1231 1431 1266 pullulare
1447 1235 1635 1264 consuerunt,
1653 1240 1779 1267 quorum
1790 1233 1814 1250 δ”
1828 1233 1872 1261 in-

1049 1277 1168 1304 dividua
1183 1284 1249 1303 cum
1280 1275 1395 1303 diabolo
1418 1275 1546 1303 amicitia
1574 1278 1619 1303 est
1643 1276 1710 1312 (40),
1744 1285 1870 1312 quorum

1048 1321 1219 1356 pmnitentia
1235 1328 1386 1356 nunquam
1404 1319 1510 1347 ﬁdelis.

1368 1391 1484 1419 CAPUT
1495 1391 1531 1419 VI
1539 1412 1545 1420 .

1083 1453 1230 1489 Quidquid
1247 1461 1314 1489 ergo
1336 1453 1521 1480 mediocritas
1543 1455 1642 1481 nostra
1657 1454 1714 1490 (41)
1729 1455 1764 1482 ad
1780 1456 1872 1491 paeni-

1047 1498 1167 1526 tentiam
1185 1497 1273 1525 semel
1291 1497 1501 1533 capessendam
1518 1500 1546 1525 et
1562 1501 1702 1533 perpetuo
1717 1499 1872 1529 continen-

1047 1544 1113 1570 dam
1130 1550 1284 1578 suggerere
1300 1544 1404 1569 conata
1418 1544 1473 1575 est,
1489 1549 1592 1569 omnes
1614 1542 1732 1577 quidem
1756 1543 1870 1573 deditos

1049 1587 1170 1615 Domino
1186 1589 1306 1622 spectat,
1325 1589 1356 1613 ut
1372 1586 1468 1613 omnis
1483 1586 1505 1603 ³⁸
1520 1586 1662 1614 salutisin
1675 1590 1868 1622 promerendo

169 1635 266 1667 cisset,
290 1641 394 1660 rursus
423 1632 557 1659 eumdem
587 1638 722 1666 regressu
753 1639 806 1658 suo
833 1632 929 1667 erigit,
963 1625 1027 1660 etC
1048 1635 1104 1660 Deo
1128 1631 1277 1667 petitores,
1303 1630 1353 1657 sed
1379 1630 1524 1666 praecipue
1549 1630 1695 1659 novitiolis
1721 1631 1786 1661 istis
1811 1633 1868 1671 (42)

880 1691 980 1721 Variae
996 1691 1154 1722 lectiones.

199 1747 221 1764 ³ο
238 1746 393 1781 Resignare
411 1745 499 1781 Venet.

163 1784 198 1810 ad
216 1779 334 1818 poenam
346 1780 428 1818 Sami.
460 1780 489 1818 3'
503 1779 727 1818 Qua_nto_mag_is
741 1781 852 1807 Junius.

553 1744 574 1762 δι
588 1742 668 1770 lta...
686 1744 767 1779 Leop.
785 1743 931 1771 Restitues
946 1745 1030 1773 Sami.
1047 1746 1130 1772 Fran.
1147 1744 1237 1771 Paris.
1256 1744 1314 1778 Βία.
1373 1742 1395 1759 ³³
1413 1746 1434 1769 Α
1452 1751 1535 1778 pcena
1551 1745 1636 1771 Fran.
1661 1744 1751 1772 Paris.
1775 1745 1836 1780 Rig.
1852 1755 1865 1779 ,'

553 1782 616 1798 anin
633 1780 726 1798 munit:
748 1781 841 1798 Inmane
907 1781 929 1798 ³6
948 1781 1121 1798 μοηοηηίιινη
1145 1781 1190 1798 Iun
1254 1779 1277 1798 al
1294 1779 1506 1798 Drsnfnnanrln'm
1526 1778 1596 1798 ςιννιΙ
1658 1780 1680 1797 86
1695 1781 1861 1798 Rntiai‘nnini

166 1784 198 1810 ad
216 1790 329 1818 poenam
346 1781 428 1808 Seml.
467 1781 489 1796 ³³
503 1781 616 1810 Quanto
633 1781 727 1814 magis
741 1781 852 1807 Junius.
907 1781 929 1798 ³⁸
946 1783 983 1808 Be

166 1818 251 1846 Sami.
289 1818 310 1836 ³⁷
327 1817 440 1845 Invidia
455 1816 539 1843 Fran.
557 1816 648 1842 Paris.
686 1816 708 1832 ⁸⁸
724 1818 831 1844 Omnes
848 1817 939 1844 Parit.
951 1818 985 1844 Ju

1047 1781 1123 1808 cium
1138 1781 1202 1808 Jun.

1254 1779 1277 1800 ³⁵
1292 1779 1507 1806 Prmierendum
1525 1778 1607 1806 Seml.
1658 1780 1680 1797 ³⁶
1694 1778 1862 1811 Satisi‘aciat

889 1874 1147 1905 Gommentarius.

201 1930 256 1966 (35)
285 1927 450 1965 Ignorantia:
478 1931 651 1966 praetextum.
666 1926 811 1966 _Gentile_s
841 1927 906 1966 sive»
933 1937 984 1955 au~

165 1963 278 1993 dientes
294 1963 347 1992 hac
363 1973 421 1992 una
436 1964 548 1991 ratione
565 1963 689 1999 peccatis
711 1963 774 1990 suis
795 1963 907 1999 ignosci
935 1972 984 1991 vo-

164 2002 273 2037 lebant,
289 2001 365 2036 quod
382 2000 451 2035 quid
473 2000 617 2037 optimum
644 2002 721 2027 esset
738 2000 825 2037 iactu
848 2000 984 2035 ignoras-

164 2041 245 2065 sent:
267 2035 339 2071 'q’ua
366 2036 551 2063 excusatione
584 2036 620 2062 iis
650 2043 706 2062 non
738 2035 838 2062 liceret
863 2037 905 2062 uti
935 2036 983 2070 qui

163 2073 268 2102 Christi
287 2072 432 2099 mandatis
449 2071 555 2098 imbuti
571 2075 681 2103 essent,
698 2072 775 2098 unde
804 2072 891 2098 etiam
915 2080 984 2099 con-

163 2110 252 2138 stabit
266 2111 361 2136 totum
379 2108 431 2134 hoc
447 2110 535 2142 caput
560 2108 595 2134 ad
618 2107 771 2134 audientes
794 2109 822 2133 et
845 2108 984 2135 catechu—

163 2153 265 2173 menos
283 2144 436 2180 pertinere.
453 2144 574 2170 ALBASP.

197 2186 253 2221 (36)
271 2185 372 2211 Rursus
387 2186 413 2221 te
438 2184 469 2210 in
498 2183 598 2210 delicta
620 2183 753 2221 restituis.
783 2182 983 2221 stultissimus

163 2219 212 2257 qui
230 2229 365 2257 pugnans
381 2220 520 2257 adversus
537 2219 833 2257 propriacommoda,
850 2221 877 2245 et
891 2220 918 2245 in
934 2219 983 2246 de-

160 2254 295 2284 teriorem
318 2259 427 2283 statum
446 2255 558 2281 restitui
577 2254 717 2290 postulas.
734 2254 797 2281 RiG.

197 2298 256 2332 (37)
272 2297 340 2323 Cum
356 2296 440 2332 etiam.
456 2296 612 2328 ignorantes
630 2295 786 2332 Dominum,
806 2294 886 2321 Facit
904 2293 984 2321 locus

161 2330 210 2360 ille
225 2342 312 2360 conra
328 2339 416 2359 novos
433 2331 505 2357 istos
531 2330 712 2365 evangelicos
738 2330 785 2365 qui
811 2331 846 2356 ab
868 2333 981 2363 aposto—

161 2369 257 2396 lorum
271 2371 402 2403 tempore
419 2367 543 2401 majores
560 2370 676 2393 nostros
692 2366 719 2392 in
739 2366 903 2403 ignorantia
920 2374 983 2401 per~

163 2386 257 2396 ιυιυη.
274 2386 402 2403 tempe“,
420 2386 543 2401 .....,c.w
561 2386 676 2393 ...,.....,.,
740 2386 744 2392 .
921 2386 965 2401 γυ.

163 2408 247 2440 petua
263 2405 368 2431 vixisse
384 2403 496 2436 dicunt,
514 2405 541 2429 et
568 2405 663 2440 tamen
680 2411 695 2429 a
712 2386 798 2434 culpa
814 2406 979 2440 excusatos.

162 2438 311 2476 imprimis
333 2443 511 2476 autem__pro
540 2439 671 2476 Auctoris
701 2438 845 2476 sententia
874 2439 984 2465 faciunt

161 2473 401 2512 frequentissima
419 2474 467 2512 illa
493 2474 635 2512 sacriﬁcia
661 2473 808 2512 immolari
824 2474 909 2508 jussa
934 2482 984 2512 pro

161 2509 287 2548 peccatis
303 2510 590 2548 ignorantiaeLLevit.
607 2518 634 2536 ιν
651 2512 678 2548 et
693 2512 767 2548 v,__et
787 2509 870 2548 Num.
888 2518 933 2548 xv,
950 2510 984 2536 de

163 2545 270 2584 quibus
285 2545 412 2584 et‘Hebr.
430 2555 467 2584 in.
486 2545 594 2573 Deinde
610 2548 639 2584 et
661 2545 692 2584 in
718 2545 796 2584 Novo
819 2547 893 2571 Tesl.
920 2547 981 2584 Act.

159 2581 189 2617 Ii,
207 2585 225 2612 Β
253 2586 355 2610 Petrus
373 2583 406 2609 arl
428 2582 493 2609 illos
510 2590 584 2616 quos
600 2581 709 2608 sciebat
727 2581 982 2616 perigncrantiam

159 2628 305 2655 peccasse.
326 2619 517 2651 Paenitenlini,
535 2618 655 2655 inquitL
670 2622 696 2644 et
723 2617 925 2655 convertimini,
952 2619 982 2643 ut

158 2652 305 2684 deleantur
318 2656 427 2690 peccata
444 2659 539 2681 vestra.
558 2654 629 2690 Hinc
643 2654 755 2690 Patrum
769 2652 899 2679 omnium
913 2661 982 2680 cons

157 2692 260 2720 formis
276 2694 319 2719 est
335 2690 480 2718 sententia
497 2690 574 2724 quod
593 2689 769 2724 ignorantia,
787 2697 875 2723 quam
900 2697 980 2715 cras-

158 2736 221 2756 sam
242 2727 374 2755 msderni
404 2726 530 2761 theologi
558 2727 671 2758 vocant,
700 2724 982 2761 neminemraculpa

158 2766 286 2798 excuset,
309 2762 405 2799 qualis
421 2761 471 2789 illa
488 2760 565 2789 haud
585 2761 672 2788 dubie
700 2761 811 2794 fuisset,
829 2760 852 2787 si
879 2768 980 2788 verum

159 2801 202 2828 illi
219 2798 359 2827 dicerent.
378 2798 450 2826 ΡΛΜ.

195 2837 249 2872 (38)
265 2835 418 2872 Pericliam
441 2834 606 2872 pwnitentize
630 2832 829 2868 paenitentiam.
856 2831 979 2872 Plinius,

158 2867 247 2907 epist;
262 2873 295 2898 10
311 2871 361 2898 lib.
376 2879 416 2897 vu
428 2867 466 2897 ;”‹‹
482 2870 618 2907 Superest
631 2867 669 2896 ne
697 2877 798 2896 rursus
826 2867 979 2907 provinciae

159 2904 236 2944 quod
253 2909 410 2936 damnasse
426 2906 544 2941 dicitur,
561 2905 673 2941 placeat
687 2907 813 2941 agatque
837 2904 980 2941 poeniten-

1040 1928 1112 1955 tiam
1128 1926 1303 1962 poenitentiae
1320 1934 1390 1953 sum.
1409 1936 1422 1950 »
1439 1928 1501 1954 Rio.

1075 1964 1130 1999 (39)
1154 1962 1204 1990 Sed
1224 1963 1304 1990 aiunt
1326 1962 1449 1997 quidam.
1476 1962 1622 1990 Adnotatu
1645 1963 1753 1999 dignus
1776 1963 1865 1993 etiam

1040 1999 1095 2027 iste
1110 1999 1192 2026 locus
1207 1999 1348 2037 adversus
1361 2006 1465 2037 novam
1481 1999 1823 2037 quorumdamheresim
1837 2002 1865 2037 (a

1040 2043 1097 2071 qua
1112 2043 1164 2062 nec
1184 2035 1352 2071 Galvinistee
1369 2034 1548 2069 abhorrent),
1575 2034 1624 2069 qui
1650 2034 1706 2062 sibi
1731 2034 1865 2065 sufﬁcere

1040 2071 1230 2104 arbitrantur,
1247 2070 1271 2097 si
1288 2070 1373 2107 corde
1400 2070 1552 2107 et_animo
1580 2079 1664 2098 suam
1689 2070 1861 2107 religionem

1040 2108 1194 2140 retineant,
1224 2105 1359 2140 quamvis
1384 2105 1598 2133 Catholicorum
1623 2105 1775 2134 contrarie
1807 2108 1863 2136 sibi

1041 2142 1172 2177 religioni
1196 2141 1341 2169 exercitiis
1365 2149 1398 2168 ac
1424 2141 1570 2176 mysteriis
1595 2150 1625 2168 se
1663 2142 1860 2177 immisceant,

1040 2178 1097 2205 imo
1114 2182 1140 2205 et
1156 2177 1385 2205 communicent.
1405 2179 1477 2204 Pam.

1075 2214 1131 2249 (40)
1147 2214 1268 2246 Quorum
1284 2213 1429 2239 individua
1444 2221 1506 2239 cum
1530 2212 1642 2239 diabolo
1662 2214 1793 2249 (amicitia
1811 2219 1861 2242 est.

1039 2251 1213 2277 Rectissime
1242 2249 1397 2283 scriptura,
1423 2256 1475 2275 nec
1500 2248 1601 2275 debuit
1627 2248 1787 2277 sollicitari.
1814 2252 1864 2278 Est

1039 2286 1116 2312 enim
1145 2293 1240 2312 sermo
1270 2285 1305 2311 de
1333 2292 1438 2321 genere
1460 2284 1696 2321 hypocritarum,
1735 2294 1861 2321 quorum

1040 2321 1210 2356 pmnitentia
1227 2328 1378 2355 nunquam
1400 2319 1505 2351 ﬁdelis,
1523 2328 1647 2355 quorum
1664 2319 1861 2349 scilicetindi-

1000 2358 1022 2389 D
1040 2355 1125 2384 vidua
1140 2365 1205 2383 cum
1219 2356 1332 2382 diabolo
1359 2355 1487 2382 amicitia
1502 2359 1564 2388 est;
1592 2356 1722 2392 adscque
1746 2366 1862 2393 semper

1040 2393 1074 2420 ad
1092 2394 1156 2428 ejus
1170 2394 1266 2419 castra.
1282 2394 1477 2418 revertuntur.
1495 2393 1558 2418 R10.

1074 2433 1130 2467 (41)
1144 2431 1281 2467 Quidquid
1296 2439 1359 2465 ergo
1381 2431 1556 2458 mediocritas
1568 2433 1670 2464 nostra,
1682 2434 1736 2459 etc.
1754 2433 1862 2461 Docere

1038 2469 1154 2505 videtur
1169 2467 1370 2495 Tcrtullianus
1387 2467 1440 2494 hoc
1456 2467 1518 2494 loco
1539 2467 1762 2496 catechumenos
1788 2478 1862 2505 quos

1038 2504 1148 2531 tirones
1163 2507 1248 2530 vocat
1269 2504 1468 2538 pmnitentiam
1495 2512 1588 2538 usque
1617 2504 1652 2530 ad
1679 2504 1859 2538 baptismum

1039 2541 1195 2575 aliquando
1214 2540 1407 2574 protraxisse;
1425 2547 1490 2576 cum
1513 2539 1696 2576 enimprobe
1717 2540 1862 2576 intellige-

1038 2580 1102 2603 rent
1121 2576 1220 2603 omnia.
1246 2578 1362 2610 peccata
1391 2575 1537 2609 baptismo
1564 2574 1663 2608 deleri,
1686 2574 1860 2609 poenitentia

1038 2612 1231 2647 suscipiende:
1249 2616 1363 2644 tempus
1380 2611 1577 2647 producebant
1606 2614 1749 2647 quantum
1775 2612 1804 2639 in
1831 2621 1861 2640 se

1037 2651 1108 2682 erat,
1126 2648 1255 2681 adeoque
1273 2656 1328 2674 non
1359 2646 1548 2673 includebant
1568 2646 1778 2681 paenitentiam,
1804 2648 1858 2676 hoc

1037 2687 1082 2711 est
1098 2692 1153 2711 non
1173 2684 1361 2719 peragebant.
1379 2683 1440 2714 Qua
1467 2682 1496 2708 in
1512 2682 1761 2719 interpretatione
1777 2692 1793 2710 a
1808 2684 1857 2719 Bi-

1037 2720 1126 2756 galtio
1142 2717 1284 2756 tantisper
1299 2719 1426 2752 discedo,
1443 2717 1551 2745 etenim
1567 2717 1716 2746 includere
1727 2721 1771 2746 est
1785 2718 1858 2755 πλη‹

1037 2754 1132 2792 puncti,
1149 2754 1303 2782 τελειῶσαι.
1321 2757 1354 2781 LE
1376 2756 1423 2781 PR.

1072 2797 1128 2831 ('12)
1144 2796 1288 2823 Novitiolis
1305 2795 1372 2821 istis.
1398 2792 1558 2831 Novitiolos
1582 2792 1654 2831 istos
1678 2796 1744 2831 post
1772 2796 1860 2831 paulo

1036 2829 1112 2860 dicet
1129 2831 1292 2862 audientes,
1309 2833 1337 2857 et
1353 2830 1519 2857 auditorum
1539 2829 1682 2856 tirocinia.
1701 2830 1762 2858 Rm.

1077 2884 1104 2889 -
1120 2867 1263 2897 Noviu‘olis
1280 2867 1349 2894 istis.
1366 2869 1488 2894 Notetur
1505 2865 1731 2894 catechumenos
1748 2867 1788 2895 ita
1813 2869 1860 2896 di-

1035 2906 1109 2939 ctos,
1122 2905 1199 2932 unde
1215 2905 1339 2932 fortasse
1354 2905 1473 2939 sumpta
1496 2911 1550 2930 vox
1577 2903 1745 2932 monasticae
1769 2904 1857 2934 dieci<
