4050 6390
370 328 528 387 1347

909 323 1434 385 TERTULLIANI
1475 325 1798 388 OPERUM
1843 327 2045 388 PARS
2090 327 2138 389 l.
2168 359 2248 376 —
2283 329 2557 393 SERIES
2599 331 2680 405 II,
2724 331 3198 395 DOGMATICA.

3592 335 3760 396 i348

363 456 653 513 imminet.
685 455 793 521 Qui
824 471 958 510 cum
997 454 1250 510 maxime
1294 454 1587 526 incipiunt
1627 456 1841 513 divinis
1871 473 1996 513 ser-
2025 460 2080 528 Α
2107 458 2316 530 ditant,
2349 463 2512 532 prius
2538 479 2870 532 nummum,
2901 482 3018 539 quo
3065 466 3472 539 paciscuntur,
3523 469 3758 524 exami-

364 546 637 600 monibus
659 560 828 599 aures
851 544 1060 614 rigare,
1084 543 1304 614 quique
1325 545 1503 598 catuli
1528 544 1788 600 infantia:
1812 547 2004 602 adhuc

362 633 632 702 recentis,
667 648 769 686 nec
804 631 1074 702 perfectis
1108 631 1429 686 luminibus
1468 634 1691 688 incerta
1726 640 1999 706 reptant;

359 727 419 776 et
465 722 668 775 dicunt
716 721 955 790 quidem
985 720 1030 752 ³³
1063 719 1323 790 pristinis
1375 721 1710 776 renuntiare
1759 724 1893 793 (43),
1947 730 2005 779 et

362 807 764 880 paenitentiam
825 813 1140 862 assumunt
1190 808 1325 877 (44),
1379 809 1479 862 sed
1527 808 1826 865 includere
1874 829 2001 866 eam

375 897 682 968 negligunt
721 896 852 966 (45).
895 894 1234 965 lnterpellat
1275 896 1429 950 enim
1479 897 1609 952 illos
1653 899 1724 952 ad
1773 900 2004 954 deside-

363 987 612 1041 randum
646 1001 714 1038 ex
745 983 974 1054 pritinis
1007 984 1204 1038 1237
1253 983 1498 1054 aliquid,
1541 985 1667 1054 ipse
1716 987 1851 1042 finis
1901 989 2001 1042 de-

363 1073 699 1130 siderandi:
753 1072 912 1126 velut
966 1088 1140 1142 poma
1187 1087 1318 1126 cum
1361 1075 1488 1141 jam
1529 1074 1585 1127 in
1636 1090 1866 1129 acorem
1914 1078 2001 1131 vel

367 1161 823 1218 amaritudinem
854 1175 1156 1214 senescere
1208 1160 1520 1230 incipiunt,
1570 1177 1638 1216 ex
1687 1168 1847 1232 parte
1895 1163 2001 1218 ali-

365 1266 482 1321 qua
540 1255 733 1304 tamen
787 1247 976 1302 adhuc
1043 1246 1155 1317 ipsi
1211 1249 1406 1318 gratiae
1463 1265 1581 1303 suaa
1664 1250 1998 1306 adulantur.

366 1338 552 1394 Omne
580 1342 856 1408 praeterea
885 1335 1272 1390 cunctationis
1303 1341 1360 1391 et
1392 1337 1882 1408 tervigersationis
1913 1356 2002 1394 er-

365 1444 440 1499 ga
494 1427 897 1497 ptenitentiam
947 1426 1155 1479 vitium
1213 1427 1590 1496 praisumptio
1636 1426 2002 1483 intinctionis

366 1517 478 1587 (46)
510 1517 809 1586 importat.
845 1513 1000 1568 Certi
1029 1514 1184 1568 enim
1219 1513 1559 1569 indubitata:
1590 1516 1770 1569 veniae
1823 1517 2001 1572 delic-

364 1609 584 1670 torum,
621 1602 876 1658 medium
910 1607 1142 1672 tempus
1176 1600 1405 1656 interim
1439 1604 1726 1672 furantur,
1758 1608 1815 1659 et
1838 1621 1994 1660 com-

366 1697 626 1748 meatum
658 1690 768 1746 sibi
802 1689 1020 1744 faciunt
1050 1690 1161 1760 (47)
1193 1688 1592 1759 delinquendi,
1638 1708 1814 1762 quam
1869 1710 2000 1748 eru-

2113 554 2274 614 nant,
2335 566 2405 605 ne
2460 552 2742 623 scalptus,
2790 571 2930 610 neve
2971 572 3162 621 rasus,
3226 571 3298 610 ne
3348 556 3579 612 adulter
3639 557 3756 628 (49)

2113 638 2286 692 etiam
2317 655 2330 694 :
2366 642 2673 696 Dominum
2701 643 2992 698 credimus
3054 645 3404 716 puanitentiee
3459 645 3758 716 probatio-

2113 741 2244 780 nem
2277 727 2438 796 prius
2468 728 2634 797 inire,
2667 734 2886 784 tantam
2918 732 3087 786 nobis
3117 735 3435 788 mercedem
3468 733 3509 766 ⁶¹
3545 749 3756 805 peren-

2113 814 2205 868 nis
2259 815 2480 870 scilicet
2534 817 2665 872 vitaa
2718 820 3188 875 concessurum?
3237 822 3348 876 Sed
3403 822 3754 876 differamus

2111 903 2399 974 tantisper
2430 906 2780 976 pcenitentiae
2797 908 3115 962 veritatem.
3138 909 3299 964 Tunc
3318 909 3760 980 Opinor,emen-

2111 990 2276 1046 datos
2307 991 2353 1026 ⁴²
2392 992 2654 1064 liquebit,
2697 1010 2830 1048 cum
2879 994 3289 1051 absolvimur?
3336 996 3506 1052 Nullo
3556 1003 3757 1069 pacto.

2112 1079 2220 1134 Sed
2254 1097 2386 1136 cum
2417 1084 2701 1153 pendente
2727 1082 2915 1153 venia,
2967 1100 3136 1154 pmna
3188 1086 3562 1156 prospicitur,
3614 1103 3755 1141 cum

2111 1169 2302 1225 adhuc
2332 1170 2563 1226 liberari
2597 1172 2801 1228 I288
2835 1188 2948 1226 non
2985 1188 3276 1228 meremur
3337 1177 3400 1228 ut
3449 1175 3755 1245 possimus

2113 1259 2320 1312 mereri
2376 1260 2508 1330 (50),
2566 1277 2700 1315 cum
2745 1265 2895 1316 Deus
2947 1261 3364 1328 comminatur,
3426 1279 3542 1317 non
3615 1279 3755 1318 cum

2110 1344 2378 1417 ignoscit.
2424 1349 2564 1414 Quis
2620 1349 2776 1404 enim
2837 1366 3061 1418 servus,
3116 1355 3427 1421 postquam
3485 1350 3761 1406 libertate

2111 1441 2374 1490 mutatus
2405 1442 2490 1491 est
2513 1438 2645 1509 (51),
2679 1438 2832 1492 furta
2861 1455 2970 1492 sua
2999 1443 3057 1492 et
3090 1440 3255 1508 fugas
3287 1439 3399 1493 sibi
3450 1439 3707 1510 imputat
3729 1439 3759 1494 ?

2109 1523 2249 1586 Quis
2302 1524 2470 1580 miles
2517 1531 2824 1596 postquam
2875 1525 3086 1581 castris
3138 1527 3264 1582 suis
3303 1527 3585 1598 emissus,
3646 1544 3756 1598 pro

2111 1611 2264 1666 notis
2320 1614 2444 1668 suis
2501 1614 2712 1682 satagit
2764 1613 2926 1684 (52)?
2977 1618 3252 1670 Peccator
3307 1621 3441 1670 ante
3521 1616 3754 1670 veniam

2109 1699 2320 1754 deﬂere
2349 1717 2411 1755 se
2447 1702 2655 1767 debet;
2719 1703 2858 1773 quia
2901 1708 3136 1774 tempus
3188 1703 3565 1773 paenitentia,
3615 1703 3672 1758 id
3704 1704 3757 1738 "

367 1781 654 1876 ditionem
683 1795 796 1832 non
829 1776 1226 1886 delinquendi:
1268 1776 1449 1838 Quam
1501 1795 1668 1886 porjro
1713 1779 1997 1886 ineptum,
2034 1823 2079 1886 Β
2108 1793 2213 1853 est,
2243 1789 2398 1858 quod
2431 1789 2668 1859 periculi
2712 1796 2769 1844 et
2819 1790 3077 1846 timoris.
3143 1791 3340 1860 Neque
3384 1807 3523 1862 ergo
3567 1808 3758 1847 renuo

365 1884 542 1939 quam
576 1866 870 1936 iniquum,
923 1864 1322 1935 paenitentiam
1380 1880 1494 1918 non
1543 1866 1885 1938 adimplere,
1946 1877 2004 1924 et
2034 1864 2079 1886 ”
2111 1876 2372 1931 divinum
2405 1878 2772 1946 beneficium,
2805 1878 2860 1932 id
2881 1884 2989 1946 est,
3015 1877 3386 1934 abolitionem
3407 1879 3761 1935 delictorum

369 1956 600 2012 veniam
642 1953 989 2007 delictorum
1047 1952 1356 2017 sustinere,
1417 1953 1524 2007 hoc
1582 1959 1689 2020 est,
1758 1958 2007 2025 pretium

373 2060 491 2098 non
523 2040 794 2097 exhibere
822 2040 886 2104 ‘0,
947 2040 1015 2093 ad
1072 2039 1180 2109 (48)
1236 2055 1486 2094 mercem
1542 2057 1783 2096 manum
1841 2045 2008 2099 emit-

368 2130 524 2186 terel
559 2130 677 2184 Hoc
708 2129 861 2184 enim
896 2130 1084 2199 pretio
1138 2127 1416 2183 Dominus
1460 2129 1687 2184 veniam
1742 2132 2008 2189 addicere

367 2218 671 2286 instituit;
728 2215 834 2271 hac
893 2214 1239 2286 pcenitentiae
1305 2217 1780 2287 compensatione
1862 2222 2008 2276 redi-

374 2307 647 2364 mendam
682 2305 953 2376 pr0ponit
983 2303 1414 2373 impunitatem.
1447 2305 1500 2358 Si
1535 2321 1669 2376 ergo
1717 2306 1816 2376 qui
1863 2325 2004 2365 van-

2115 1964 2353 2019 inituris
2382 1981 2595 2036 aquam
2625 1965 2963 2021 omnimodo
2995 1966 3220 2021 salvum
3258 1983 3427 2022 esse:
3461 1969 3560 2022 sed
3596 1973 3660 2022 ut
3688 1985 3764 2024 eo

2118 2051 2412 2123 pervenire
2443 2058 2762 2126 contingat,
2795 2053 3216 2110 elaborandum
3250 2061 3353 2110 est.
3407 2056 3548 2120 Quis
3597 2057 3763 2112 enim

2115 2139 2221 2194 tibi
2270 2147 2388 2196 tam
2448 2139 2636 2196 inﬁda:
2687 2143 3042 2212 paenitentiae
3109 2144 3232 2199 viro
3282 2145 3329 2178 “
3385 2144 3761 2216 asperginem

2116 2244 2293 2282 unam
2353 2228 2668 2298 cujuslibet
2724 2247 2881 2298 aquae
2941 2231 3336 2286 commodabit
3391 2232 3544 2303 (35)?
3601 2233 3763 2288 furto

2111 2315 2348 2385 quidem
2381 2317 2636 2388 aggredi,
2663 2317 2716 2372 ei
2745 2319 3122 2389 praepositum
3158 2319 3206 2353 “
3237 2319 3417 2390 hujus
3469 2320 3550 2376 rei
3601 2335 3766 2376 asse-

1759 2449 1960 2510 Variae
2044 2453 2359 2517 lectiones.

434 2562 480 2596 ³ο
511 2561 590 2614 Ita
617 2557 736 2614 edd.
773 2559 1229 2628 omnes,rexcepl.
1283 2557 1438 2628 Leop.
1489 2561 1583 2628 qui
1629 2561 1865 2617 scribit:
1907 2581 1970 2619 se
2025 2569 2379 2625 renuntiare.

363 2634 408 2668 ⁸³
445 2630 656 2686 Licebit
687 2628 856 2683 Rhea.
957 2627 1000 2661 ⁴³
1041 2630 1201 2701 idem
1232 2627 1395 2683 Franl
1426 2627 1546 2701 Rig.

375 2705 581 2760 Wouw.
615 2702 682 2755 Μ.
718 2701 772 2754 S.
804 2701 923 2769 Βία.
956 2698 1175 2754 melius.

1655 2631 1699 2665 “
1725 2635 2108 2706 Asparginem
2135 2642 2263 2697 Jun.
2295 2658 2368 2698 ex
2394 2642 2460 2697 Μ.
2495 2643 2549 2698 8.

2483 2572 2526 2644 αξ
2579 2573 2896 2628 Mercedem
2944 2573 3065 2644 Big.
3154 2574 3214 2644 7“
3258 2577 3504 2629 Meroem
3561 2574 3760 2630 Latin.

2652 2644 2696 2678 ‘5
2728 2643 3088 2716 Propositum
3138 2643 3303 2700 Seml.
3364 2646 3758 2718 Praepositum

1799 2820 2317 2888 Commentarius.

373 2959 544 3034 plinas
575 2973 700 3034 quae
732 2954 905 3034 hodie
935 2953 1240 3034 retinetur,
1268 2953 1356 3034 ita
1390 2959 1490 3034 _ut_
1527 2957 1726 3034 novitii
1776 2960 2007 3032 religio-

377 3026 515 3088 num
542 3026 659 3083 sint
687 3027 859 3082 veluli
895 3026 1196 3080 audientes
1227 3030 1285 3081 et
1314 3027 1735 3082 catechumeni.
1774 3026 1897 3086 Lac:

449 3103 559 3173 (43)
591 3099 850 3173 Pristinis
880 3100 1218 3173 renuntiare.
1270 3101 1387 3152 Hoc
1434 3105 1522 3152 est
1564 3099 1903 3156 idololatria:
1951 3109 2009 3160 et
2113 3093 2392 3173 C_O_l‘n._d6
2439 3098 2578 3173 fgL;

378 3169 630 3239 negotiis
661 3171 786 3225 vitae
813 3170 1128 3223 saecularis.
1168 3169 1292 3223 Bia.
1563 3228 1566 3232 ,

447 3241 1072 3324 (tl-11)Et‘pwnilenliam.
1109 3243 1418 3324 ussumunt.
1461 3247 1775 3324 assumere
1825 3245 2004 3324 ρωηί-

371 3308 610 3370 tentiam
645 3308 937 3388 dicun_tur,
976 3308 1072 3381 qui
1108 3309 1257 3364 inter
1285 3309 1586 3367 audientes
1613 3308 1849 3371 nomina
1870 3333 2004 3388 pro-

371 3389 611 3442 fitentur
641 3400 765 3438 sua.
803 3382 927 3436 R16.

441 3487 510 3497 —-
561 3456 950 3510 Paenitentiam
999 3455 1300 3505 assumunt.
1362 3451 1604 3525 Notatur
1659 3454 1714 3508 in
1800 3457 2004 3525 primis

372 3528 769 3599 paenitentiam
801 3539 1101 3599 assumere
1133 3538 1260 3599 esse
1316 3524 2002 3599 propriamlocutionem

371 3595 571 3654 eorum
593 3599 691 3668 qui
719 3595 1069 3669 invadebant
1091 3595 1512 3669 paenitentiam,
1544 3597 1713 3664 cujus
1738 3600 1859 3668 ipse
1885 3602 2000 3669 pri-

371 3687 505 3724 mus
535 3665 727 3738 aditus
758 3665 1059 3738 dicebatur
1089 3665 1433 3738 assumptio.
1467 3667 1532 3720 Et
1562 3665 1797 3738 quidem
1852 3665 2002 3726 hanc

372 3756 500 3796 esse
538 3737 1239 3812 propriam_l_ocuti_onem__
1268 3736 1664 3812 invadentiu‘m
1717 3742 1997 3812 poeniten-

371 3813 510 3868 tiam
538 3807 793 3865 'no'tavit
846 3807 1148 3872 Heraldus,
1184 3809 1284 3862 lib.
1319 3824 1357 3871 ι,
1390 3825 1440 3863 c.
1475 3810 1526 3873 4,
1579 3807 1849 3882 digréss.,
1899 3815 1996 3868 sed

376 3884 538 3940 nulla
571 3899 632 3938 re
665 3882 943 3951 probavit.
983 3886 1106 3932 Lac.

438 3956 546 4026 (45)
581 3947 681 4009 Sed
711 3950 988 4026 includere
1015 3966 1134 4026 eam
1157 3947 1491 4026 “negligugt.
1509 4021 1521 4026 _
1541 3952 1851 4026 Baptismo
1873 3954 1999 4026 sci-

369 4018 658 4095 licet,'qui
699 4029 753 4077 et
783 4020 1109 4095 obsignatio
1142 4018 1377 4095 dicitur.
1413 4021 1479 4075 Et
1507 4018 1637 4092 ipse
1663 4039 1795 4095 mox
1825 4025 1997 4095 dicet,

371 4120 398 4148 «
427 4091 791 4151 intinctionis
824 4091 1012 4167 seram
1044 4091 1432 4167 obstructam.
1459 4113 1487 4141 »
1521 4091 1869 4167 Panitentia
1895 4091 2002 4167 igi-

366 4175 463 4224 tur
491 4173 549 4222 et
579 4168 722 4221 fides
750 4171 890 4237 tunc
951 4161 1295 4237 includitur,
1343 4178 1475 4237 cum
1521 4164 1579 4237 in
1639 4161 1996 4237 baptismuvm

365 4239 711 4313 deducitur;
781 4236 935 4313 sicut
966 4235 1250 4313 actiones
1275 4234 1514 4313 judicio-
1542 4234 1796 4313 inclusas
1856 4239 2001 4292 dixit

366 4311 559 4374 Caius,
613 4325 739 4379 quae
778 4312 918 4361 sunt
965 4305 1024 4359 in
1066 4305 1359 4379 judicium
1409 4306 1688 4379 deductae,
1725 4309 1764 4362 l.
1796 4326 2001 4364 cxxx1x

365 4383 434 4438 de
482 4398 589 4462 reg.
768 4379 959 4462 .Porro
1019 4376 1412 4462 paenitentiam
1470 4376 1766 4462 includere
1816 4381 1998 4462 uegji-

366 4448 660 4524 guntfqui
697 4448 958 4520 pristinis
987 4463 1134 4518 egre
1159 4448 1501 4524 renuntiant
1530 4468 1543 4516 ;
1578 4452 1762 4524 quasi
1815 4448 1964 4524 male

367 4517 629 4579 iiciorum
663 4517 917 4585 summa,
951 4535 1123 4588 quam
1156 4517 1373 4572 includi
1432 4517 1722 4591 baptismo
1775 4521 1997 4587 volunt,

366 4595 626 4650 nondum
659 4593 937 4647 confecta.
973 4596 1094 4643 me.

439 4666 552 4735 (46)
584 4665 944 4736 Ρνέεεᾳηψιίο
976 4659 1335 4736 inti-nclignis.
1389 4659 1624 4716 Fiducia
1671 4662 1850 4718 veniae
1898 4680 1998 4736 per

369 4730 622 4807 baptism
636 4753 728 4788 um
763 4730 1159 4807 impetrandae.
1190 4730 1320 4807 the.

438 4802 551 4877 (47)
593 4809 964 4877 Commealum
1017 4802 1125 4857 sibi
1175 4803 1408 4868 faciunt.
1477 4803 1844 4877 Docebantur
1897 4821 2000 4858 au-

367 4875 596 4933 dientes
628 4893 740 4931 non
802 4875 991 4930 solum
1043 4888 1218 4944 quam
1270 4887 1441 4944 grave
1495 4877 1552 4926 et
1611 4875 2000 4944 periculosum

365 4955 521 5006 esset
551 4962 806 5021 peccare,
843 4947 1140 5021 Deumque
1170 4943 1385 5021 iratum
1417 4943 1629 5021 habere
1683 4948 1783 5021 sed
1821 4948 1996 5021 etiam

366 5015 568 5077 omnia
618 5026 770 5075 retro
825 5017 1037 5071 delicta
1087 5015 1380 5084 baptismo
1439 5018 1775 5082 condonari,
1846 5019 1998 5072 unde

366 5093 446 5148 ait
473 5091 869 5147 Tertullianus
900 5086 1246 5157 quibusdam
1282 5087 1555 5154 peccandi
1588 5089 1892 5143 audaciam
1943 5092 2000 5143 et

367 5165 733 5220 securitatem
767 5159 1059 5230 ejusmodi
1093 5157 1394 5230 praeceptis
1426 5158 1569 5212 ﬁeri.
1604 5169 1852 5217 Aesasp.

435 5237 547 5305 (48)
579 5237 684 5290 Hoc
703 5238 780 5290 est
798 5228 1042 5302 pretium
1069 5245 1186 5305 nou
1204 5228 1482 5305 rexbibere.
1511 5231 1574 5284 Id
1607 5238 1839 5305 cautum
1870 5231 1997 5305 fue-

366 5299 456 5361 rat
486 5299 610 5378 lege
643 5308 708 5361 12
738 5299 855 5359 tab.
903 5318 974 5357 ne
1020 5299 1339 5378 venditoris
1392 5316 1481 5353 res
1539 5303 1784 5378 emptori
1808 5301 2001 5378 “aliter

364 5370 782 5450 acquii‘eretur.
816 5391 990 5446 quam
1029 5370 1451 5450 si_is.p_retium
1479 5370 1768 5450 solvisset,
1863 5389 1998 5450 ven-

365 5442 521 5503 ditor
551 5454 692 5504 Inst.
726 5449 798 5502 de
830 5442 1049 5514 rerum;
1072 5442 1382 5514 divisione,
1407 5448 1463 5496 et
1513 5461 1579 5498 ex
1620 5447 1753 5514 jure
1809 5442 1997 5498 Attico

369 5521 613 5601 petitum
641 5537 652 5573 :
679 5519 764 5601 _id
800 5517 998 5601 enim.
1021 5512 1265 5601 Graecari:
1301 5512 1472 5601 ﬁdem
1520 5512 1683 5601 siccat
1732 5515 1996 5601 Plautus,

368 5585 424 5645 in
460 5593 757 5656 Asinaria;
784 5586 1098 5656 Ausonius,
1134 5585 1188 5638 in
1217 5585 1502 5654 Epistolis,
1530 5586 1709 5641 Graeca
1733 5604 1839 5643 non
1864 5588 1999 5642 bona

370 5661 492 5729 ﬁde.
525 5655 776 5717 Turneb.
809 5661 1022 5715 advers.
1055 5655 1156 5710 lib.
1187 5671 1289 5720 xu,
1311 5659 1557 5729 cap.718.
1595 5663 1838 5714 ALBASP.

441 5731 552 5801 (49)
578 5735 658 5788 Ne
682 5732 921 5801 sculptus
950 5745 1018 5784 ne
1045 5743 1224 5792 rasas,
1267 5741 1338 5782 ne
1383 5728 1618 5786 adulter.
1669 5736 1817 5804 Lege
1864 5732 1998 5787 Cor-

2117 2950 2368 3026 neliade
2398 2952 2580 3025 falsis,
2615 2954 2857 3026 punitur
2885 2954 2983 3025 qui
3008 2970 3292 3026 nummos
3308 2971 3516 3010 aureos
3537 2954 3761 3026 partim

2113 3025 2342 3095 raserit,
2376 3027 2586 3095 partim
2624 3025 2880 3092 tinxerit,
2937 3025 3023 3080 vel
3075 3025 3326 3092 ﬁnxerit,
3376 3027 3413 3081 l.
3447 3025 3549 3080 vui
3599 3028 3671 3080 ad
3711 3026 3756 3082 l.

2626 3098 2721 3151 ubi
2774 3097 3156 3151 Basilicarum
3213 3103 3482 3152 auctores
3535 3096 3756 3168 legisse

2114 3165 2400 3238 videntur,
2430 3170 2689 3238 cinxerit,
2725 3185 2837 3238 non
2869 3170 3120 3223 tinxerit.
3158 3170 3391 3223 Etenim
3424 3165 3641 3238 dixere,
3683 3170 3756 3222 Oi

2111 3237 2176 3289 τὰ
2195 3237 2508 3312 γομίοςματα
2537 3236 2740 3312 ξᾷοντες
2780 3237 2815 3306 ἢ
2847 3238 3286 3312 περικόπτοντες·
3320 3243 3446 3295 Rm.

2185 3310 2295 3380 (50)
2325 3310 2457 3364 Cum
2484 3311 2665 3364 adhuc
2721 3310 2954 3366 liberari
2999 3327 3110 3366 non
3155 3327 3433 3365 meremur
3477 3318 3536 3364 ut
3576 3312 3760 3380 possi-

2036 3385 2077 3450 C
2113 3379 2235 3453 mus
2266 3384 2489 3436 mereri.
2522 3382 2612 3436 Sic
2645 3382 2757 3436 ista
2786 3398 2900 3436 uno
2932 3383 3163 3452 spiritu,
3199 3383 3420 3453 absque
3456 3379 3593 3453 ulla;
3624 3381 3753 3436 dis-

2113 3452 2392 3507 tinctione
2423 3461 2559 3507 sunt
2611 3451 2998 3523 perducenda.
3054 3451 3759 3523 Disputati'l‘ertullianus

2112 3523 2183 3576 de
2216 3523 2614 3607 pmnitentium
2651 3541 2946 3607 processu.
2980 3523 3049 3604 Et
3101 3525 3336 3594 quando
3369 3539 3496 3589 nos,
3530 3523 3752 3607 inquit,

2110 3594 2506 3717 Emnitentiam
2567 3593 2665 3666 qui
2727 3595 3182 3665 assumpsimus,
3245 3613 3345 3665 pro
3417 3593 3757 3651 emendatis

2154 3666 2458 3717 abebimur
2477 3665 2503 3717 ?
2525 3670 2600 3717 An
2619 3683 2747 3717 cum
2772 3667 3148 3717 absolvimur-
3167 3667 3388 3717 lavacro
3410 3667 3753 3717 imnetrato-

2154 3666 2458 3720 abebimur
2477 3665 2503 3718 ?
2525 3665 2600 3720 An
2619 3683 2747 3721 cum
2772 3667 3148 3729 absolvimur.
3167 3667 3388 3721 lavacro
3410 3667 3754 3736 impetrato,

2111 3752 2262 3806 aqua
2294 3737 2613 3792 concessa?
2641 3738 2894 3803 Minime,
2929 3738 3118 3806 inquit
3141 3755 3154 3803 ;
3175 3739 3275 3793 sed
3297 3754 3429 3794 cum
3454 3737 3752 3808 pendente

2108 3808 2276 3862 venia
2310 3809 2700 3879 prospicimus
2746 3826 2943 3879 pcenas
2992 3813 3271 3865 anteactae
3323 3807 3465 3864 vitai
3501 3807 3748 3879 piaculi,

2109 3879 2479 3938 constitutas.
2515 3897 2648 3935 cum
2697 3879 2889 3935 adhuc
2938 3879 3173 3935 liberari
3221 3897 3334 3934 non
3385 3880 3574 3934 dicam
3628 3895 3751 3934 non

2109 3967 2437 4017 meremur;
2475 3968 2610 4006 nam
2643 3953 2776 4022 quis
2809 3951 3014 4005 merita
3046 3967 3149 4006 sua
3180 3968 3373 4006 coram
3409 3957 3519 4006 Deo
3568 3966 3747 4021 repu-

2107 4028 2230 4077 tare
2259 4023 2411 4077 ausit
2435 4039 2689 4092 unquam
2713 4023 2741 4077 ?
2772 4023 2873 4078 sed
2904 4037 3035 4076 cum
3065 4023 3258 4078 adhuc
3289 4040 3399 4077 non
3447 4038 3751 4076 meremur

2109 4101 2173 4147 ut
2205 4095 2747 4166 possimustdivina
2776 4094 3171 4149 misericordia
3201 4096 3284 4148 sic
3341 4094 3625 4166 largiente
3672 4095 3752 4148 de

2108 4181 2233 4224 suo.
2270 4163 2492 4219 mereri.
2531 4165 2653 4220 RIG.

2177 4236 2289 4307 (51)
2324 4236 2517 4292 Servus
2567 4236 2819 4290 libertate
2871 4237 3118 4307 mutatus
3166 4237 3609 4307 Sacramentum
3669 4233 3749 4288 li-

2107 4303 2366 4375 hei-tatis,
2400 4308 2636 4375 vertigo,
2672 4306 3016 4361 mutationis
3045 4307 3302 4378 signum.
3338 4305 3483 4360 Hine
3513 4303 3637 4370 illa,

2476 4396 2677 4454 Quibus
2710 4407 2820 4443 una
2848 4394 3120 4452 Quiritem.

2572 4459 2769 4520 Virtigo
2797 4457 2938 4506 facit.

2107 4521 2196 4585 Et,
2477 4591 2744 4638 Memento
2777 4588 3004 4638 turbinis
3039 4589 3163 4639 exit.

2568 4651 2775 4700 Marcus
2804 4653 2986 4700 Dama.

2031 4750 2076 4814 ι)
2108 4731 2174 4786 Et
2203 4732 2297 4813 qui
2334 4731 2866 4814 de-‘ethnicis‘l‘iunt
2894 4730 3233 4812 Christiani,
3284 4730 3562 4814 dicuntur
3607 4745 3750 4783 con-

2100 4804 2254 4858 .versi
2297 4805 2365 4857 ad
2403 4808 2578 4858 Deum
2608 4802 2826 4858 scilicet
2855 4819 3076 4870 verum,
3108 4802 3198 4856 cui
3223 4802 3329 4857 soli
3362 4802 3578 4856 servire
3609 4817 3752 4855 vera

2111 4880 2199 4930 est
2222 4873 2481 4929 libertas.
2515 4878 2638 4928 Ito.

2179 4945 2288 5013 (5‘3)
2319 4951 2426 5000 Pro
2455 4946 2599 4999 notis
2628 4945 2743 4998 suis
2764 4944 2982 5013 satagit.
3016 4947 3195 4999 Notas
3250 4942 3533 4997 militares
3580 4941 3749 5006 dicit,

2109 5017 2324 5084 quibus
2359 5015 2525 5070 miles
2557 5019 2884 5082 denotatur,
2919 5014 2990 5068 ob
3018 5015 3229 5070 delicta
3270 5013 3567 5082 militaria,
3602 5020 3752 5084 puta

2107 5089 2154 5142 si
2189 5088 2382 5153 fuerit,
2415 5103 2705 5152 emansor,
2755 5087 3035 5151 desertor,
3094 5087 3429 5151 seditiosus,
3480 5090 3589 5139 etc.
3641 5089 3749 5138 Ea-

2107 5159 2237 5213 dem
2299 5160 2639 5230 metaphora
2702 5159 2774 5212 de
2857 5158 3292 5230 seipsogdicet,
3379 5164 3745 5230 peccatorem

2106 5230 2368 5285 omnium
2405 5228 2693 5294 notarum,
2729 5230 2837 5283 sub
2866 5229 3039 5283 finem
3077 5228 3255 5300 hujus
3295 5228 3506 5299 operis.
3542 5233 3669 5280 me.

2177 5302 2288 5372 (53)
2321 5304 2452 5371 Qui:
2483 5305 2631 5357 enim
2669 5302 2770 5356 tibi
2820 5299 3176 5372 tamdinﬁdaz
3231 5300 3576 5372 paenitentia
3627 5300 3748 5372 viro

2105 5369 2444 5449 asperginem
2477 5390 2689 5449 unam‘
2743 5369 3055 5439 cujuslibet
3105 5369 3265 5444 aqua?
3338 5369 3751 5449 commodaret?

2106 5445 2306 5507 Qualis
2338 5445 2437 5500 illa
2469 5445 2578 5498 fuit
2618 5445 2955 5515 Isiacorum,
3005 5443 3182 5514 quam
3228 5445 3487 5515 apertius
3536 5443 3749 5495 descri-

2107 5515 2194 5571 bit
2227 5517 2324 5571 lib.
2356 5517 2420 5572 de
2450 5518 2656 5587 Baptis.
2691 5533 2704 5570 :
2745 5538 2766 5563 ι
2801 5512 3003 5587 Villas,
3026 5512 3748 5587 domos,'teinpla,_totas-

2108 5603 2220 5656 que
2253 5589 2426 5646 urbes
2457 5585 2759 5661 aspergine
2817 5586 3164 5642 circumlatae
3214 5603 3376 5658 aquae
3427 5585 3682 5656 expiant.
3719 5603 3748 5630 η

2107 5662 2233 5714 Rue.

2179 5761 2248 5771 --
2304 5731 2661 5802 Asperginem
2709 5747 2879 5789 unam
2952 5731 3248 5806 cujuslibet
3311 5743 3493 5801 aquae.
3570 5731 3754 5798 Aquae
