4050 6392
252 364 280 424 1
291 364 408 425 349

1473 349 1707 411 LIBER
1748 350 1850 411 DE
1890 349 2398 411 PCENITEN'I‘IA
2413 394 2427 410 .

3502 354 3660 413 1350

246 490 645 550 verationibus
708 487 829 544 tuis
885 483 1246 541 circumduci
1282 481 1449 537 facile
1479 487 1567 536 est
1596 482 1724 551 (54).
1785 479 1892 535 Sed
1928 482 1981 546 Α
2009 479 2273 550 integer;
2306 480 2513 535 exinde
2539 480 2583 516 ⁸⁸
2625 483 2814 552 quoad
2866 481 3179 536 Dominum
3229 482 3483 537 senseris
3514 483 3654 551 (6t),

246 584 400 640 Deus
449 581 727 635 thesauro
786 592 891 632 suo
940 574 1223 646 providet,
1276 588 1380 626 nec
1428 571 1570 625 sinit
1618 571 1893 640 obrepere

246 673 539 742 indignos.
590 668 737 731 Quid
771 664 1022 735 denique
1066 662 1194 717 ait?
1240 661 1390 716 Nihil
1435 660 1725 726 occultum,
1757 657 1897 730 quod

246 778 355 817 non
410 759 745 815 revelabitur
796 757 949 825 (Luc.
1028 769 1147 817 viii,
1219 752 1324 817 17),
1406 750 1899 819 Quaulascunque

249 850 522 907 tenebras
556 846 721 901 factis
744 845 859 898 tuis
880 842 1365 912 superstruxeris,
1392 838 1545 893 Deus
1570 837 1766 891 lumen
1789 842 1898 890 est.

255 940 501 1005 Quidam
536 941 731 991 autem
773 934 854 986 sic
904 931 1240 1001 Opinantur,
1271 927 1438 999 quasi
1486 928 1637 981 Deus
1670 941 1903 979 necesse

257 1030 471 1084 habeat
502 1029 777 1097 praestare
821 1020 995 1074 etiam
1049 1018 1306 1089 indignis
1338 1017 1491 1087 quod
1543 1014 1855 1086 spopondit
1888 1029 1900 1068 :

260 1122 317 1173 et
350 1113 762 1170 liberalitatem
818 1109 947 1178 ejus
982 1108 1202 1161 faciunt
1253 1105 1612 1159 servitutem.
1648 1104 1806 1166 Quod
1858 1102 1906 1157 si

260 1203 609 1262 necessitate
631 1199 799 1254 nobis
821 1199 884 1263 “,
908 1196 1242 1265 symbolum
1269 1194 1475 1247 mortis
1496 1192 1908 1264 indulget(55),

262 1294 468 1350 1289
499 1306 632 1360 ergo
677 1287 897 1341 invitus
951 1285 1132 1339 facit:
1168 1282 1301 1353 quis
1350 1280 1505 1337 enim
1536 1282 1577 1315 ⁸⁷
1629 1279 1913 1352 permittit

264 1393 716 1455 permansurum
742 1377 821 1443 id,
846 1374 1000 1445 quod
1029 1371 1297 1427 tribuerit
1327 1369 1727 1425 invitus?Non
1750 1369 1907 1423 enim

264 1470 432 1527 multi
456 1473 653 1539 postea
669 1464 944 1519 excidunt
962 1465 1109 1515 ?non
1129 1478 1162 1515 a
1181 1459 1615 1513 multisdonum
1641 1458 1783 1512 illud
1807 1474 1908 1511 au-

262 1557 484 1615 fertur?
506 1555 727 1611 Hisunt
749 1551 987 1613 scilicet,
1008 1546 1545 1619 quiobrepunt,qui
1561 1546 1913 1618 painitentiie

265 1649 441 1703 fidem
474 1644 697 1715 agressi
731 1640 864 1711 (56),
899 1653 1077 1710 super
1121 1653 1326 1692 arenas
1357 1636 1594 1691 domum
1627 1635 1913 1689 ruituram

266 1736 574 1793 collocant.
608 1731 784 1786 Nemo
818 1743 955 1799 ergo
990 1725 1101 1780 sibi
1133 1720 1423 1793 adulatur,
1457 1730 1594 1794 quia
1627 1724 1779 1777 inter
1810 1738 1915 1775 au-

2007 568 2150 622 ﬁdes
2183 586 2345 631 sana,
2390 570 2744 624 conscientia
2792 570 2967 625 semel
3005 570 3398 641 paenitentiam
3430 574 3655 643 ample-

2006 664 2158 712 xata.
2193 661 2500 726 Caeterum,
2532 658 2578 712 si
2609 661 2679 712 ab
2711 660 2878 728 aquis
2904 676 3139 729 peccare
3166 660 3529 728 desistimus,
3564 677 3661 715 ne-

2010 746 2305 814 cessitate,
2340 764 2452 799 non
2488 752 2695 817 sponte
2746 748 2849 815 (62)
2902 748 3294 802 innocentiam
3330 749 3653 803 induimus.

2014 835 2155 899 Quis
2187 852 2321 906 ergo
2375 837 2429 889 in
2483 836 2738 889 bonitate
2773 836 3152 905 prmcellens?
3200 836 3291 890 cui
3340 854 3452 891 non
3504 837 3659 904 licet,

2015 929 2115 978 aut
2145 925 2187 957 ⁸ο
2246 925 2337 977 cui
2389 924 2655 993 displicet
2705 924 2856 978 malo
2895 924 3078 979 esse?
3127 926 3223 996 qui
3264 926 3529 995 jubetur,
3584 944 3656 979 an

2016 1013 2113 1083 qui
2148 1011 2471 1067 delectatur
2501 1030 2533 1065 a
2559 1012 2803 1067 crimine
2836 1030 3035 1067 vacare
3061 1014 3088 1067 ?
3113 1015 3274 1085 ,Ergo
3307 1030 3410 1068 nec
3442 1032 3473 1068 a
3509 1016 3661 1069 furto

2019 1118 2228 1156 manus
2261 1107 2614 1168 avertamus,
2663 1102 2773 1155 nisi
2827 1102 3215 1157 claustrorum
3249 1103 3465 1158 duritia
3498 1121 3667 1174 repu-

2019 1195 2155 1260 gnet
2188 1207 2199 1244 :
2236 1205 2339 1243 nec
2370 1190 2569 1243 oculos
2602 1206 2634 1243 a
2664 1190 2853 1261 stupri
2887 1191 3377 1260 concupiscentiis
3409 1193 3667 1247 refrene-

2022 1294 2174 1343 mus,
2209 1277 2319 1331 nisi
2356 1295 2386 1330 a
2418 1279 2762 1332 custodibus
2801 1294 3109 1349 corporum
3143 1280 3449 1347 obstructi,
3484 1281 3530 1335 si
3567 1299 3667 1335 ne-

2024 1382 2119 1421 mo
2152 1367 2394 1421 Domino
2425 1366 2656 1421 deditus
2681 1366 3019 1438 delinquere
3048 1367 3293 1435 desinet,
3319 1369 3430 1424 nisi
3460 1368 3668 1425 intinc-

2023 1456 2181 1509 tione
2212 1454 2507 1527 alligatus.
2543 1456 2703 1520 Quod
2738 1456 2783 1510 si
2818 1456 2917 1526 qui
2950 1456 3028 1509 ita
3062 1458 3331 1519 senserit,
3368 1459 3561 1512 nescio
3593 1476 3665 1513 an

2026 1544 2307 1599 intinctus
2339 1544 2527 1614 magis
2575 1543 2973 1609 contristetur,
3007 1546 3159 1615 quod
3212 1562 3450 1617 peccare
3481 1547 3671 1603 desie-

2026 1633 2121 1699 rit,
2156 1649 2330 1704 quam
2366 1632 2613 1701 laetetur,
2649 1635 2803 1703 quod
2835 1635 3100 1689 evaserit.
3137 1637 3337 1705 Itaque
3368 1637 3675 1692 audientes

2027 1723 2234 1777 1240
2265 1726 2464 1791 optare
2510 1720 2939 1791 intinctionem,
2975 1740 3087 1776 non
3122 1740 3473 1794 praesumere
3500 1742 3676 1796 opor-

270 1826 528 1880 ditorum
564 1816 833 1875 tirocinia
877 1814 991 1887 (57)
1042 1814 1379 1885 deputatur,
1429 1812 1595 1881 quasi
1643 1829 1709 1865 eo
1740 1810 1914 1865 etiam
1954 1845 2001 1910 Β
2031 1816 2133 1866 tet.
2168 1811 2274 1874 Qui
2313 1810 2469 1864 enim
2518 1816 2701 1881 optat,
2735 1812 2982 1865 honorat
3018 1828 3030 1866 :
3067 1814 3164 1883 qui
3218 1814 3543 1884 prwsumit,
3578 1831 3679 1869 su-

275 1928 433 1968 nunc
463 1910 575 1966 sibi
610 1902 1134 1975 delinquereliceat
1158 1902 1464 1955 Dominum
1499 1898 1674 1953 simul
1708 1914 1923 1970 cogno-

274 2000 452 2070 veris,
502 1997 759 2052 timeas:
795 1990 972 2047 simul
1026 1988 1369 2060 inspexeris,
1420 1988 1758 2043 reverearis.
1810 1988 1925 2041 Cie-

279 2095 472 2145 terum
522 2084 660 2157 quid
722 2089 777 2137 te
836 2078 1176 2151 cognovisse
1231 2076 1491 2144 interest,
1543 2091 1673 2130 cum
1717 2075 1925 2130 iisdem

280 2178 548 2244 incubes,
580 2172 795 2244 quibus
846 2174 996 2223 retro
1047 2167 1335 2238 ignarus?
1386 2165 1533 2230 Quid
1580 2169 1776 2219 autem
1811 2170 1865 2219 te
1896 2182 1929 2218 a

281 2266 535 2339 perfecto
586 2276 750 2317 servo
799 2258 911 2329 (58)
960 2254 1062 2309 Dei
1088 2255 1132 2288 ‘3
1184 2253 1461 2324 separat?
1508 2255 1593 2307 An
1639 2252 1789 2307 alius
1842 2258 1930 2308 est

282 2352 548 2410 intinctis
599 2348 886 2411 Christus,
936 2344 1087 2398 alius
1131 2340 1551 2397 audientibus?
1604 2341 1757 2397 Num
1796 2357 1930 2412 spes

282 2444 417 2513 alia,
449 2439 535 2495 vel
582 2451 803 2492 merces
853 2432 964 2487 alia
1012 2430 1262 2486 formido
1305 2429 1539 2499 judicii,
1591 2428 1700 2484 alia
1734 2446 1932 2485 neces-

285 2534 428 2589 sitas
475 2524 827 2602 pmnitentiie
852 2522 879 2577 ?
927 2520 1244 2575 Lavacrum
1280 2517 1423 2573 illud
1473 2518 1802 2591 obsignatio
1836 2524 1934 2585 est

290 2619 424 2677 ﬁdei
458 2636 471 2674 :
504 2634 627 2689 qua)
682 2614 826 2668 ﬁdes
872 2629 904 2666 a
953 2608 1307 2682 pcsnitentia:
1358 2608 1467 2679 (59)
1517 2608 1629 2664 fide
1658 2608 1937 2679 incipitur

290 2716 347 2768 et
396 2704 855 2765 commendatur.
907 2699 1029 2754 Non
1092 2698 1221 2752 ideo
1270 2696 1588 2765 abluimur,
1638 2702 1701 2752 ut
1746 2697 1935 2753 delin-

292 2814 467 2873 quere
502 2794 865 2857 desinamus,
897 2786 1175 2860 quoniam
1199 2788 1323 2856 jam
1368 2787 1541 2841 corde
1572 2785 1672 2841 loti
1704 2804 1936 2843 sumus.

292 2894 423 2945 Hac
446 2885 604 2942 enim
632 2881 824 2954 prima
861 2875 1151 2932 audientis
1185 2873 1451 2929 intinctio
1482 2875 1593 2946 (60)
1624 2881 1713 2931 est
1745 2881 1939 2931 metus

2037 1900 2251 1971 perbit.
2295 1901 2354 1952 In
2392 1898 2487 1953 illo
2519 1901 2886 1968 verecundia,
2915 1899 2974 1953 in
3008 1900 3118 1955 isto
3153 1902 3467 1971 petulantia
3499 1920 3681 1974 appa-

2036 1994 2142 2043 ret.
2166 1987 2264 2043 llle
2286 1988 2520 2057 satagit,
2537 1986 2629 2041 hic
2649 1988 2907 2059 negligit.
2931 1988 3029 2044 llle
3053 1990 3257 2045 mereri
3283 1992 3463 2062 cupit,
3488 1996 3545 2045 at
3564 1990 3680 2059 hic,

2039 2083 2103 2131 ut
2133 2077 2418 2142 debitum,
2453 2075 2559 2130 sibi
2596 2077 2948 2146 repromittit
2982 2094 2993 2132 2
3030 2078 3124 2133 ille
3156 2081 3357 2143 sumit,
3397 2082 3489 2135 hic
3523 2080 3684 2134 inva-

2039 2166 2144 2220 dit.
2174 2169 2353 2230 Quem
2388 2181 2624 2219 censeas
2656 2164 3003 2235 digniorem,
3039 2166 3150 2221 iiisi
3184 2167 3687 2223 emendatiorem?

2040 2271 2213 2324 quem
2263 2254 2741 2320 emendatiorem,
2789 2254 2900 2306 nisi
2952 2254 3332 2323 timidiorem,
3365 2262 3422 2309 et
3468 2256 3686 2311 idcirco

2040 2360 2176 2397 vera
2236 2343 2576 2413 poenitentia
2636 2342 2953 2396 iunctum?
3007 2344 3225 2397 Timuit
3281 2346 3435 2399 enim
3496 2345 3689 2399 adhuc

2042 2430 2402 2500 delinquere,
2451 2444 2521 2483 ne
2572 2445 2687 2483 non
2750 2436 3070 2485 mereretur
3126 2433 3407 2503 accipere.
3468 2436 3539 2487 At
3591 2432 3691 2488 ille

2044 2524 2454 2590 praesumptor,
2478 2533 2609 2572 cum
2643 2519 2753 2573 sibi
2778 2521 3230 2589 repromitteret,
3256 2538 3498 2577 securus
3530 2521 3694 2577 scili-

2044 2615 2155 2677 cet,
2188 2608 2390 2661 timere
2441 2622 2555 2661 non
2588 2608 2779 2677 potuit
2814 2624 2826 2662 :
2860 2608 2942 2661 sic
2988 2626 3091 2663 nec
3136 2612 3534 2680 pmnitentiam
3577 2611 3694 2665 im-

2047 2696 2244 2769 plevit,
2275 2696 2413 2766 quia
2454 2696 2845 2751 instrumento
2892 2698 3268 2768 paenitentiae,
3300 2700 3355 2754 id
3391 2705 3481 2755 est
3512 2705 3692 2766 metu,

2047 2786 2253 2841 caruit.
2289 2784 2673 2854 Praesumptio
2706 2784 3129 2841 inverecundis;
3160 2789 3347 2858 portio
3380 2793 3490 2854 est,
3516 2788 3697 2844 instat

2049 2876 2376 2947 petitorem,
2409 2872 2655 2942 despicit
2670 2873 2953 2929 datorem.
2981 2874 3180 2946 Itaque
3198 2876 3413 2948 decipit
3432 2893 3699 2932 nonnun-

1658 3032 1662 3037 .
1693 2983 1897 3045 Varias
1945 2983 2264 3045 lectiones.

365 3093 409 3128 “
438 3093 503 3145 A.
536 3084 804 3143 Neander
832 3083 953 3137 haac
986 3081 1073 3136 W.
1102 3080 1541 3151 transponenda
1583 3094 1711 3135 esse
1759 3086 1975 3148 censet,
2030 3080 2113 3134 ita
2163 3084 2225 3132 ut
2248 3077 2566 3151 (scribatur
2598 3091 2610 3151 ς
2646 3076 2861 3139 Quodsi
2912 3079 3277 3148 necessitate,
3308 3096 3444 3151 ergo
3485 3080 3706 3136 invitus

297 3163 477 3229 facit;
510 3156 843 3232 symbolum
874 3152 1081 3232 mortis
1129 3148 1414 3232 indulget.
1465 3151 1988 3232 θεά-μορίων.-Ιῖοἱ
2040 3148 2355 3232 difﬁcultas
2404 3150 2687 3232 apposite
2727 3152 3033 3232 postmfacit
3083 3148 3479 3223 interrogandi
3513 3152 3705 3224 signo.

295 3237 338 3271 ‘7
371 3220 664 3290 Promittit
693 3230 821 3285 Jun.
897 3226 941 3259 ‘3
971 3224 1072 3279 Dei
1103 3223 1277 3278 verbo
1304 3224 1433 3277 Jun.
1466 3238 1535 3277 ex
1563 3224 1629 3278 Μ.
1664 3223 1757 3278 SS.
1837 3225 1881 3258 ‘9
1912 3225 2034 3288 Quo
2067 3223 2134 3278 ad
2173 3222 2375 3291 Rigalt.
2452 3220 2496 3254 ⁸ο
2526 3226 2613 3274 An
2645 3222 2807 3275 Fran.
2842 3222 2961 3292 llig.

1708 3330 2229 3391 Commentarius.

300 3436 633 3511 communis
665 3433 943 3507 profanis.
995 3429 1139 3484 Tam
1169 3426 1387 3491 infidis,
1417 3427 1630 3511 inquit,
1662 3428 1951 3511 paniten-
1982 3430 2025 3497 α

299 3516 392 3567 tias
460 3501 881 3563 virum'nemo
942 3517 1105 3571 aquae
1166 3501 1519 3568 communis,
1590 3517 1703 3553 non
1761 3501 1951 3553 dicam

305 3583 534 3657 cyatho,
552 3580 743 3657 sedne
760 3580 926 3657 gutta
948 3573 1185 3657 quidem
1209 3588 1325 3657 una
1350 3571 1707 3657 dignabitur,
1726 3578 1955 3657 tantum

309 3643 472 3711 abest
503 3643 565 3706 ut
594 3650 731 3705 velit
761 3643 831 3701 ad
886 3644 1247 3715 baptismum
1290 3643 1595 3697 deducere.
1646 3644 1957 3713 Splendida

311 3729 609 3799 uagantur
653 3720 765 3799 qui
794 3719 915 3799 haec
965 3717 1139 3771 verba
1184 3716 1255 3799 de
1286 3715 1580 3799 baptismo
1630 3731 1731 3799 per
1761 3733 1957 3799 ορμον.

313 3785 538 3855 sionem
589 3785 930 3862 accipiunt,
972 3804 1109 3842 nam
1160 3785 1496 3862 ubicunque
1543 3785 1959 3862 de_’_baptismo

314 3882 644 3927 sermonem
692 3857 846 3928 facit,
908 3861 1214 3914 Lavacrum
1270 3857 1430 3925 dicit,
1489 3862 1547 3912 et
1604 3857 1846 3927 Tingere,
1905 3862 1963 3913 et

314 3944 613 4009 Intingere,
646 3942 702 3991 et
748 3932 930 4009 Ablui,
966 3937 1021 3985 et
1066 3928 1380 4009 Mergitari,
1425 3932 1482 4009 et
1534 3930 1960 4009 Immersioriem,

317 3998 443 4085 quis
467 3998 633 4064 “sane
681 4003 1081 4076 aspersionem
1117 3998 1777 4085 ‘mini‘mensignilicapt.
1814 3998 1961 4083 _No_n

317 4070 404 4141 est
451 4070 769 4153 pr0pterea'
802 4070 1334 4153 tamen_culpa_nda
1383 4070 1964 4153 Ecclesiaa_benigni-

315 4162 406 4213 tas
437 4142 968 4224 quas-postmodum
1012 4142 1331 4198 invaluisse
1357 4142 1589 4224 videtur
1726 4142 1966 4224 cogente

319 4214 666 4285 necessitate
697 4218 903 4276 saltem
954 4214 1454 4288 aquaeaspergine
1493 4214 1805 4288 Christiani
1839 4234 1964 4288 per-

318 4284 653 4356 licerentur.
704 4290 926 4347 Etenim
979 4284 1302 4359 Cyprianus
1351 4284 1519 4356 epist.
1572 4286 1640 4340 ad
1687 4284 1965 4357 Magnum

319 4370 577 4428 secunda
605 4382 674 4421 ex
704 4362 889 4419 sacris
914 4357 1147 4413 Litteris
1181 4357 1405 4429 probat,
1429 4374 1639 4426 aquam
1673 4360 1966 4430 aspersio-

319 4446 411 4500 nis
472 4436 938 4513 puriﬁcationem
993 4447 1143 4513 esse,
1193 4445 1305 4513 nec
1344 4430 1967 4513 moveri‘quemquam

321 4501 531 4572 debere
575 4510 752 4581 quod,
780 4504 1008 4581 aspergi
1057 4501 1143 4557 vel
1177 4501 1446 4573 perfundi
1498 4501 1761 4557 videntur
1809 4504 1967 4575 aegri,

325 4604 439 4643 non
472 4578 939 4655 baptizari._Rie.
984 4646 997 4655 _
1066 4644 1075 4654 .
1262 4643 1269 4652 _
1581 4646 1619 4655 Α,

394 4658 506 4728 (54)
554 4646 1141 4728 Ῥνεροδξςαγηὴιρω
1168 4646 1269 4728 ‘rei
1322 4646 1831 4728 asseveratiorriibus.
1865 4647 1973 4700 tuis

323 4715 662 4786 circumduci
688 4715 855 4793 facile
884 4724 976 4774 est.
1031 4715 1438 4793 Presbyterum
1493 4716 1785 4793 significat
1819 4716 1972 4793 19m-

2134 3426 2245 3497 (57)
2312 3426 2461 3479 Inter
2522 3428 2841 3480 auditorum
2908 3428 3181 3481 tirocinia.
3250 3429 3712 3483 Catechumenos

2066 3515 2179 3551 non
2218 3497 2508 3565 intelligit,
2563 3503 2625 3551 ut
2672 3498 2937 3567 epinior;
2991 3516 3124 3552 nam
3162 3503 3389 3569 proprie
3437 3503 3712 3555 catechu-

2068 3570 2220 3623 meni
2256 3570 2336 3621 illi
2390 3572 2765 3637 vocabantur,
2820 3570 2915 3639 qui
2952 3572 3126 3639 probe
3172 3573 3359 3626 edocti
3391 3578 3447 3626 et
3496 3572 3712 3625 eruditi

2068 3643 2136 3695 de
2186 3643 2308 3709 lnge
2342 3641 2555 3694 tlhristi
2593 3648 2841 3714 orarent
2893 3648 2948 3694 et
2990 3645 3089 3711 jus
3142 3643 3420 3698 haberent
3462 3646 3530 3697 ad
3566 3645 3715 3714 bap-

2067 3712 2638 3785 tismumi(quamvis
2674 3729 2783 3766 non
2809 3712 3073 3783 ignorem
3106 3715 3347 3784 tirones,
3383 3712 3714 3785 audientes,

2069 3791 2126 3839 et
2156 3784 2608 3857 catechumenos
2642 3801 2757 3837 uno
2790 3787 3112 3855 eodemque
3157 3803 3579 3857 nonnunquam
3614 3784 3716 3840 no-

2071 3858 2229 3939 mine
2259 3855 2861 3939 ap_pellari),quinque
2881 3855 3547 3939 primampcnniten‘tliam
3572 3872 3719 3939 pene

2073 3930 2382 3994 finierant;
2418 3929 2516 4000 sed
2552 3928 2769 3981 tirones
2809 3935 2865 3982 et
2918 3929 3218 3983 novitiolos
3250 3931 3348 4000 qui
3380 3928 3716 3986 Chrisliante

2074 4000 2218 4071 legis
2255 4001 2441 4070 prima
2472 3998 2758 4053 elementa
2787 4001 3166 4056 docebantur.
3201 3998 3442 4056 ΑιξΒΑερ.

2146 4073 2255 4141 (58)
2290 4080 2326 4125 Α
2361 4074 2593 4141 perfecto
2632 4072 2725 4124 Dei
2753 4088 2928 4126 servo.
2988 4073 3373 4127 Initiabantur
3402 4073 3719 4141 adsumpta

2077 4144 2416 4213 poenitentia
2459 4143 2981 4214 ;Wperflciebantur
3046 4145 3360 4214 baptismo,
3421 4143 3717 4213 unctione,

2074 4215 2460 4269 Eucharistia.
2497 4213 2628 4267 RIG.

2147 4288 2259 4355 (59)
2294 4287 2428 4352 Quae
2456 4284 2589 4354 ﬁdes
2621 4302 2653 4336 α
2694 4285 3057 4351 ρωηίιεηίίέε.
3110 4285 3233 4340 Non
3267 4286 3619 4340 accedebant
3651 4284 3723 4339 ad

2077 4357 2480 4428 baptismum,
2516 4357 2624 4409 nisi
2677 4356 2745 4428 de
2794 4356 2969 4409 rebus
3024 4357 3156 4409 fidei
3211 4358 3380 4428 plane
3428 4356 3722 4425 instructi,

2078 4428 2135 4483 id
2167 4435 2255 4482 est
2287 4428 2355 4482 de
2390 4427 2484 4481 Dei
2535 4426 2941 4495 magnitudine
2989 4433 3044 4480 et
3074 4426 3380 4497 potestate,
3430 4429 3725 4497 rebusque

2080 4502 2180 4571 qui
2216 4501 2270 4553 in
2308 4498 2629 4571 Evangeliis
2662 4501 3053 4571 continentur,
3078 4517 3194 4554 uno
3226 4508 3460 4571 excepto
3495 4500 3722 4554 Eucha-

2081 4569 2260 4627 ristiaa
2294 4569 2587 4644 mysterio,
2624 4586 2807 4644 neque
2842 4570 3230 4644 Abaptizantur
3261 4569 3383 4627 nisi
3413 4578 3724 4644 postquam

2082 4661 2149 4699 ea
2196 4643 2392 4698 omnia
2440 4658 2501 4715 se
2554 4642 2784 4715 credere
2828 4642 3151 4715 jurassent,
3210 4642 3458 4715 quorum
3510 4644 3654 4697 ﬁdes
3695 4660 3729 4715 a

2085 4716 2428 4788 paenitentia
2476 4712 2808 4788 incipiebat,
2862 4713 3001 4783 quia
3031 4712 3253 4770 scilicet
3301 4734 3417 4773 non
3450 4714 3729 4771 censendi

326 4819 418 4857 cro
468 4786 861 4870 ministrando
911 4786 1313 4870 priepositum,
1365 4802 1538 4870 quem
1592 4788 1789 4870 lib-fle
1828 4790 1971 4860 Bap-
2005 4805 2051 4869 D
2084 4786 2247 4870 erapt
2282 4789 2390 4841 Deo
2423 4786 2654 4870 credere
2695 4802 2946 4870 eumque
2997 4789 3389 4870 magnifacere
3418 4792 3473 4843 et
3502 4788 3728 4870 timere,

325 4875 508 4939 tismo,
542 4868 812 4939 angelum
846 4857 1012 4918 vocat
1037 4857 1331 4939 baplismi‘
1359 4859 1669 4939 arbitrum.
1707 4860 1829 4915 Βία.

958 4918 1501 5026 mortiadiundulqne‘t.
1557 4931 1974 5026 _Syngrapham

331 5003 537 5071 mortis
569 5003 768 5077 donat,
802 5010 857 5063 id
911 5008 1001 5077 est
1030 5006 1380 5077 peccatum.“
1411 5003 1633 5058 Etenim
1667 5004 1971 5077 obligatio-

328 5104 431 5143 nes
462 5087 637 5141 etiam
671 5101 739 5139 ex
757 5072 994 5135 delictis
1025 5072 1082 5130 et
1114 5072 1416 5128 maleficiis
1448 5081 1791 5131 nascuntur.
1830 5075 1973 5130 Pau-

332 5161 422 5214 lus
457 5158 526 5212 ad
559 5156 775 5210 Coloss.
802 5170 840 5206 ιι
873 5148 1035 5211 dixit,
1056 5145 1536 5216 chirographum.
1571 5144 1884 5216 Ἐξαλείψας
1912 5145 1974 5199 τὸ

475 5231 634 5301 ἡμῶν
664 5222 1031 5301 χεφόχραφρν
1079 5221 1193 5276 τοῖς
1208 5212 1547 5301 ὶνξόγμαςῖινι.
1574 5212 1971 5301 ‘Ip'se‘Tertul-

330 5290 529 5359 lianus'
572 5290 787 5355 lib."de
837 5290 1014 5349 Pudic
1061 5308 1078 5343 :
1129 5313 1155 5339 ‹‹
1208 5290 1351 5343 Nam
1401 5294 1458 5344 et
1506 5291 1675 5345 solvit
1719 5290 1975 5345 liberans

334 5375 629 5431 hominem
683 5386 783 5442 per
828 5366 1149 5430 lavacrum,
1208 5361 1421 5417 donato
1480 5361 1529 5415 ei
1589 5362 1977 5434 chirographo

338 5446 560 5501 mortis.
596 5465 623 5493 »
659 5443 784 5498 Rio.

400 5465 560 5502 ortis.
596 5465 623 5493 »
660 5465 784 5498 mu.

404 5519 514 5589 (56‘
568 5517 672 5584 Qui
713 5502 1266 5589 paenitentim'ﬁdezn
1312 5506 1599 5589 aggressi._
1632 5506 1689 5589 Id
1738 5508 1847 5567 est,
1880 5504 1977 5575 qui

334 5574 624 5661 incipiunt
655 5574 887 5641 credere
935 5574 1518 5661 pmpit‘endumess’e,
1553 5582 1609 5633 et
1654 5581 1849 5661 tamen
1883 5574 1981 5661 eos

336 5647 617 5716 non'vere
656 5657 894 5730 pcenitet
919 5647 953 5718 ς’
986 5647 1131 5730 nihil
1181 5647 1335 5702 enim
1388 5650 1549 5730 prius
1581 5648 1982 5730 catechumeni

338 5733 455 5789 sive
483 5722 701 5789 tirones
732 5726 1114 5789 docebantur,
1146 5735 1323 5790 quam
1370 5726 1433 5778 ut
1461 5722 1673 5795 prioris
1702 5724 1829 5778 vitae
1862 5738 1981 5792 pce-

338 5805 647 5862 nitentiam
681 5801 941 5874 agerent.
975 5798 1219 5851 Ansasp.

2086 4860 2199 4914 nisi
2247 4874 2379 4913 eum
2429 4858 2671 4928 dignum
2734 4858 3154 4929 existimarent,
3204 4861 3293 4913 cui
3347 4862 3415 4915 de
3464 4858 3730 4930 pristinis

2087 4932 2512 5012 satisfacerent,
2547 4930 2972 5012 et_pcenitentia
3001 4931 3313 4998 diluerent,
3347 4950 3473 5004 quas.
3506 4933 3563 4986 in
3597 4946 3730 4984 eum

2088 5005 2331 5074 ejusque
2364 5002 2546 5069 legem
2575 5002 2711 5055 olim
2748 5008 3068 5072 pecassent.
3110 5011 3346 5059 ALBASP.

2159 5076 2266 5143 (till)
2302 5075 2495 5129 Prima
2543 5073 2817 5127 audientis
2848 5076 3126 5140 intinctio,
3180 5080 3286 5130 etc.
3338 5076 3459 5138 Quo
3504 5077 3736 5127 tenetur

2093 5150 2209 5200 tota
2257 5146 2371 5199 vita
2428 5162 2534 5199 sua
2592 5145 2958 5199 Christianus
3018 5146 3114 5216 qui
3174 5148 3396 5216 integre
3453 5145 3607 5215 sapit
3640 5143 3732 5216 ad

2092 5219 2299 5283 Deum,
2333 5223 2525 5272 mente
2557 5217 2625 5269 ad
2661 5214 3071 5291 idololatriam,
3107 5219 3177 5273 ad
3210 5214 3502 5291 stuprum,
3526 5214 3605 5271 ad
3638 5214 3738 5269 ho-

2095 5291 2397 5345 micidium
2432 5291 2718 5344 irretorta.
2756 5289 2879 5342 ltio.

2166 5364 2278 5431 (61)
2312 5362 2518 5416 Exinde
2547 5361 2721 5430 quoad
2752 5360 3046 5413 Dominum
3074 5362 3331 5415 senseris.
3357 5360 3603 5415 Domino
3635 5358 3738 5413 de-

2094 5432 2273 5497 ditus,
2310 5434 2480 5488 infra.
2516 5437 2641 5487 BIG.

2164 5508 2275 5575 (6'2)
2310 5506 2639 5575 Necessitate
2657 5517 2762 5555 non
2790 5508 2997 5570 sponte.
3020 5499 3328 5571 Jurabant,
3353 5502 3411 5556 in
3443 5499 3742 5575 baptismo

2093 5572 2456 5632 solemnibus
2489 5574 2679 5628 verbis
2711 5589 2771 5626 se
2805 5589 3102 5641 nunquam
3138 5580 3501 5644 peccaturos,
3534 5572 3741 5626 deinde

2094 5651 2513 5703 renuntiabant
2568 5644 2796 5700 diabolo
2854 5650 2911 5699 et
2968 5648 3199 5713 pompis
3251 5649 3424 5717 ejus;
3488 5644 3742 5714 denique

2094 5736 2365 5785 censura,
2399 5721 2446 5776 si
2480 5722 2786 5791 peccarent
2815 5720 2947 5791 post
2969 5718 3330 5788 baptismum
3364 5718 3716 5776 coercebant

2095 5798 2452 5865 quapropter
2482 5789 2583 5861 ait,
2619 5789 2987 5847 necessitate.
3019 5793 3261 5848 Amasp.
