4050 6364
444 343 595 404 1351

989 337 1507 400 TERTULLIANI
1549 335 1876 398 OPERUM
1911 335 2114 397 PARS
2155 333 2206 396 Ι.
2232 369 2313 381 -
2351 335 2627 398 SERIES
2668 336 2744 409 Il,
2789 335 3283 399 DOGMATICA.

3688 333 3866 394 1332

439 491 639 547 quam.
671 474 814 528 Ante
842 470 998 526 enim
1029 485 1204 542 quam
1239 468 1520 523 debeatur
1547 466 1918 539 repromittit,
1951 481 2067 539 quo
2095 473 2150 540 Α
2177 467 2532 534 accenditur,
2565 468 2704 523 dum
2737 467 3143 539 exstinguitur.
3175 467 3374 525 Doleat
3394 472 3456 524 et
3485 467 3858 540 ingemiscat

437 579 670 634 semper
699 561 749 617 is
783 560 916 632 quis
947 563 1034 615 est
1067 561 1470 630 praestaturus,
1503 555 1833 612 offenditur.

1064 699 1295 754 CAPUT
1339 698 1460 752 VII.

509 827 846 898 Hucusque,
877 823 1099 880 Christe
1131 823 1390 889 Domine,
1426 823 1496 876 de
1527 820 1871 893 poenitentiae
1905 821 2076 876 disci-

441 915 603 988 plina
653 915 834 969 servis
877 914 993 968 tuis
1045 913 1235 966 dicere
1283 913 1326 947 “
1379 910 1462 965 vel
1513 911 1714 965 audire
1760 910 2076 981 contingat,

437 1020 744 1077 quousque
793 1001 967 1056 etiam
1015 999 1351 1071 delinquere
1400 1014 1512 1053 non
1561 1003 1784 1069 oportet
1832 999 2076 1052 audien-

439 1094 597 1148 tibus
633 1108 645 1146 :
677 1090 765 1145 vel
797 1089 939 1143 nihil
965 1089 1088 1157 jam
1124 1088 1194 1142 de
1248 1086 1589 1158 pcenitentia
1620 1086 1901 1154 noverint,
1935 1085 2078 1140 nihil

439 1181 567 1250 ejus
614 1177 938 1249 requirant.
986 1176 1147 1246 Piget
1207 1175 1484 1244 fecundae,
1531 1176 1648 1229 imo
1687 1176 1809 1244 jam
1861 1173 2076 1228 ultimae

437 1268 560 1340 spei
619 1267 926 1320 subtexere
1000 1263 1378 1332 mentionem,
1447 1280 1517 1318 ne
1576 1268 1953 1317 retractantes
2007 1264 2079 1317 de

438 1356 673 1412 residuo
723 1352 936 1408 auxilio
987 1352 1321 1424 paenitendi,
1357 1352 1610 1423 spatium
1657 1351 1847 1405 adhuc
1891 1350 2074 1405 delin-

435 1443 652 1517 quendi
680 1443 1075 1497 demonstrare
1107 1439 1424 1494 videamur.
1449 1440 1632 1509 Absit,
1659 1445 1721 1493 ut
1751 1438 1961 1508 aliquis
1994 1438 2076 1493 ita

434 1533 814 1603 interpretur,
864 1529 1028 1600 quasi
1083 1543 1148 1582 eo
1200 1527 1309 1581 sibi
1358 1529 1533 1582 etiam
1581 1543 1734 1582 nunc
1765 1530 1954 1598 pateat
2000 1527 2069 1580 ad

435 1619 919 1690 delinquendum,
953 1618 1091 1687 quia
1123 1620 1278 1686 patet
1325 1616 1393 1670 ad
1428 1615 1826 1686 pamitendum
1855 1633 1868 1682 ;
1900 1619 1956 1669 et
1985 1630 2072 1669 re-

436 1707 762 1764 dundantia
818 1705 1137 1761 clementiae
1196 1703 1471 1769 cmlestis,
1545 1703 1843 1758 libidinem
1905 1702 2077 1758 faciat

2190 574 2426 614 necesse
2473 563 2581 625 est,
2629 559 2798 615 venia
2853 564 3221 632 peccatorum
3278 559 3589 631 permissa,
3643 562 3733 612 tot
3785 556 3853 610 in

2186 645 2422 702 homine
2453 647 2657 703 mortis
2688 665 2864 719 opera
2891 648 3108 716 diruta,
3140 653 3226 703 tot
3256 648 3460 703 titulos
3502 645 3852 702 damnatio-

2186 735 2278 790 nis
2310 740 2456 790 retro
2488 752 2604 790 suae
2636 752 2854 792 erasos.
2888 736 3056 792 Dolet
3086 738 3241 807 quod
3273 736 3474 808 ipsum
3507 741 3564 789 et
3595 733 3853 805 angelos

2184 823 2331 894 ejus,
2364 823 2574 878 Christi
2619 840 2822 879 servus
2865 824 2949 878 illi
2999 828 3265 894 peccator
3309 823 3692 894 iudicaturus
3725 827 3851 877 est.

2185 911 2384 982 Itaque
2426 914 2712 979 observat,
2764 918 3082 985 oppugnat,
3133 913 3381 981 obsidet,
3417 911 3465 966 si
3501 928 3617 982 qua
3650 911 3853 981 possit

2185 1005 2286 1055 aut
2316 1001 2513 1056 oculos
2560 1001 3032 1072 concupiscentia
3081 1000 3300 1055 carnali
3350 998 3544 1067 ferire,
3579 1004 3685 1053 aut
3713 999 3850 1052 aui-

2186 1105 2346 1143 mum
2406 1089 2692 1144 illecebris
2752 1089 3130 1146 saecularibus
3186 1089 3435 1158 irretire,
3496 1091 3600 1142 aut
3658 1087 3846 1141 fidem

2183 1180 2422 1231 terrente
2473 1178 2775 1249 potestatis
2819 1177 3130 1232 formidine
3177 1183 3455 1241 evertere,
3507 1180 3609 1230 aut
3662 1192 3696 1229 a
3744 1176 3848 1228 via

2184 1268 2339 1318 certa
2387 1263 2672 1335 perversis
2700 1265 2746 1300 ⁸³
2793 1264 3209 1319 traditionibus
3258 1264 3369 1334 (66)
3425 1264 3781 1333 detorquere
3826 1279 3842 1316 :

2182 1369 2296 1407 non
2324 1353 2641 1417 scandalis,
2675 1369 2787 1408 non
2835 1352 3256 1408 tentationibus
3307 1353 3524 1407 deficit.
3560 1351 3696 1405 Haec
3728 1351 3843 1421 igi-

2181 1445 2280 1495 tur
2307 1456 2527 1495 venena
2555 1442 2683 1511 ejus
2714 1441 3021 1512 providens
3052 1439 3224 1506 Deus,
3257 1439 3461 1495 clausa
3490 1439 3625 1494 licet
3658 1439 3840 1510 igno-

2180 1528 2412 1583 scentias
2461 1529 2667 1598 janua,
2727 1533 2782 1582 et
2851 1528 3217 1584 intinctionis
3291 1544 3422 1583 sera
3499 1528 3838 1591 obstructa,

2176 1615 2396 1687 aliquid
2429 1617 2620 1671 adhuc
2655 1617 2919 1688 permisit
2949 1621 3166 1688 patere.
3210 1615 3524 1671 Collocavit
3554 1616 3612 1670 in
3646 1615 3842 1669 vesti-

2179 1703 2314 1758 bulo
2346 1705 2456 1776 (67)
2488 1705 2886 1776 paenitentiam
2919 1705 3258 1772 secundam,
3292 1721 3418 1776 quis
3449 1703 3839 1775 pulsantibus

441 1797 710 1852 humanas
752 1793 1119 1903 temeritatis.
1166 1791 1345 1890 Nemo
1388 1790 1616 1903 JidIcirco
1674 1791 1923 1903 deterior
1947 1880 1956 1889 .
1978 1789 2075 1858 sit,
2109 1839 2152 1903 Β
2180 1792 2488 1903 patefaciet
2523 1809 2536 1847 :
2569 1794 2667 1848 sed
2695 1794 2819 1863 jam
2854 1792 3054 1861 semel,
3089 1793 3368 1864 quiajam
3400 1791 3838 1903 secundeed

440 1885 576 1956 quia
605 1883 758 1938 Deus
791 1880 993 1936 melior
1016 1885 1122 1946 est,
1143 1879 1354 1934 totiens
1385 1879 1771 1949 delinquendo
1799 1880 2069 1950 quotiens

427 1972 756 2044 ignoscitur
800 1969 930 2040 (63).
981 1973 1257 2023 Ceterum
1313 1969 1486 2022 linem
1535 1967 1739 2037 utique
1784 1966 2065 2022 evadendi

425 2059 687 2125 habebit,
733 2075 864 2113 cum
911 2056 1239 2112 olfendendi
1292 2073 1406 2110 non
1457 2055 1710 2110 habebit.
1763 2055 2066 2109 Evasimus

425 2148 646 2215 semel;
701 2147 977 2201 hactenus
1022 2145 1215 2200 I241
1277 2143 1620 2213 periculosis
1673 2142 2064 2213 nosmetipsos

426 2237 746 2293 inferamus
779 2235 912 2306 (64),
945 2238 1001 2288 et
1033 2232 1077 2286 si
1119 2233 1332 2287 iterum
1365 2231 1588 2286 evasuri
1621 2229 1905 2287 videmur.
1941 2230 2062 2285 Ple-

426 2328 591 2398 rique
631 2325 932 2395 naufragio
983 2321 1208 2377 liberati
1253 2321 1458 2375 exinde
1490 2320 1797 2391 repudium
1847 2324 1903 2374 et
1934 2319 2062 2374 navi

421 2422 478 2472 et
523 2413 670 2470 mari
719 2414 922 2468 dicunt
951 2412 1084 2482 (65),
1135 2418 1192 2464 et
1237 2409 1336 2464 Dei
1387 2409 1759 2477 beneficium,
1811 2407 2062 2462 salutem

419 2520 592 2560 suam
625 2501 864 2570 scilicet,
901 2497 1184 2554 memoria
1233 2496 1473 2567 periculi
1527 2496 1832 2550 honorant.
1867 2496 2062 2550 Laudo

420 2593 715 2656 timorem,
734 2589 913 2658 diligo
932 2585 1370 2650 verecundiam;
1404 2583 1610 2639 nolunt
1627 2584 1834 2638 iterum
1857 2584 2062 2639 divinae

422 2677 834 2735 misericordias
867 2674 1027 2730 oneri
1075 2690 1245 2741 esse;
1296 2672 1612 2727 formidant
1662 2671 1839 2726 videri
1870 2672 2060 2727 incul-

425 2785 579 2834 care,
615 2766 767 2837 quod
819 2763 1114 2819 consecuti
1165 2765 1342 2816 sunt:
1382 2763 1532 2815 bona
1579 2767 1729 2814 certe
1776 2759 2058 2815 sollicitu-

421 2857 559 2911 dine
593 2856 803 2909 iterum
839 2851 1082 2922 evperiri
1115 2849 1296 2904 vitant
1339 2851 1492 2919 quod
1526 2847 1702 2902 semel
1735 2848 2062 2903 didicerunt

423 2945 651 3000 timere.
687 2945 770 2996 lta
811 2941 1017 2995 modus
1061 2937 1404 2993 temeritatis
1435 2937 1662 2990 testatio
1693 2944 1780 2990 est
1809 2937 2057 2992 timoris.

423 3034 627 3089 Timor
669 3036 860 3086 autem
910 3026 1164 3083 hominis
1211 3027 1307 3080 Dei
1355 3025 1539 3080 honor
1588 3030 1695 3080 est.
1743 3029 1851 3080 Sed
1902 3025 2057 3081 enim

423 3119 928 3194 pervicacissimus
970 3116 1155 3172 hostis
1196 3114 1290 3169 ille
1324 3130 1626 3184 nunquam
1675 3113 1909 3169 malitia:
1941 3131 2057 3168 suae

425 3187 609 3266 otium
645 3209 797 3264 facit.
829 3205 1041 3277 Atquin
1092 3210 1231 3259 tunc
1282 3203 1534 3257 maxime
1582 3203 1760 3271 saevit,
1795 3219 1926 3256 cum
1961 3201 2061 3257 ho-
2090 3187 2132 3253 C
2167 3203 2522 3257 recusaveris
2584 3219 2596 3257 :

422 3303 641 3354 minem
673 3296 839 3370 plene
869 3295 1047 3350 sentit
1083 3292 1393 3348 liberatum
1425 3291 1470 3326 ⁵³
1502 3308 1516 3359 ;
1569 3296 1706 3346 tunc
1736 3290 2054 3363 plurimum

2180 1880 2432 1951 amplius
2463 1897 2765 1952 nunquam
2798 1882 2930 1953 (68),
2965 1882 3104 1951 quia
3137 1881 3396 1948 proxime
3423 1881 3661 1935 frustra.
3699 1880 3834 1934 Non

2173 1969 2328 2023 enim
2360 1973 2417 2023 et
2443 1969 2552 2024 hoc
2599 1968 2780 2023 semel
2812 1969 2953 2023 satis
2999 1968 3133 2024 est?
3179 1968 3391 2034 Habes,
3437 1969 3592 2040 quod
3616 1969 3750 2039 jam
3785 1969 3838 2003 “

2174 2073 2287 2110 non
2341 2057 2697 2124 merebaris;
2759 2057 3008 2112 amisisti
3068 2056 3221 2112 enim
3275 2058 3427 2128 quod
3487 2073 3828 2128 acceperas.

2173 2143 2232 2198 Si
2263 2144 2368 2199 tibi
2399 2143 2764 2215 indulgentia
2810 2143 3040 2199 Domini
3081 2145 3504 2206 accommodat,
3535 2145 3699 2198 unde
3730 2160 3830 2198 re-

2171 2233 2381 2287 stituas
2403 2234 2552 2304 quod
2580 2233 2880 2298 amiseras,
2906 2232 3107 2288 herato
3126 2233 3405 2288 beneﬁcio
3436 2239 3640 2304 gratus
3664 2238 3825 2298 esto,

2171 2322 2385 2375 nedum
2419 2320 2732 2392 ampliato:
2762 2321 2951 2390 majus
2973 2325 3062 2376 est
3091 2321 3246 2376 enim
3282 2321 3609 2387 restituere,
3632 2338 3823 2392 quam

2171 2409 2307 2464 dare
2340 2425 2352 2464 :
2387 2409 2661 2480 quoniam
2697 2411 2966 2463 miserius
2995 2414 3082 2464 est
3107 2410 3450 2479 perdidisse,
3481 2426 3660 2480 quam
3695 2410 3826 2479 (69)

2169 2497 2406 2552 omnino
2438 2513 2549 2552 non
2571 2496 2879 2568 accepisse.
2905 2497 3110 2551 Verum
3139 2514 3254 2552 non
3277 2497 3474 2552 statim
3500 2499 3825 2552 succiden-

2169 2586 2280 2640 dus
2310 2601 2376 2640 ac
2406 2585 2778 2640 subruendus
2801 2586 3004 2641 1242
3021 2586 3359 2640 estanimus
3379 2587 3818 2655 desperatione,

2169 2673 2216 2727 si
2249 2674 2512 2728 secundae
2545 2673 2677 2743 quis
2717 2674 3066 2745 paenitentiae
3099 2674 3326 2728 debitor
3357 2675 3531 2729 fuerit
3562 2691 3577 2728 :
3614 2673 3824 2746 pigeat

2168 2778 2307 2817 sane
2368 2778 2602 2832 peccare
2651 2778 2878 2826 rursus,
2930 2763 3029 2817 sed
3091 2779 3296 2818 rursus
3356 2761 3636 2833 paenitere
3691 2779 3819 2818 non

2167 2850 2360 2920 pigeat
2389 2865 2401 2903 :
2439 2850 2632 2920 pigeat
2660 2849 2867 2904 iterum
2919 2849 3254 2921 periclitari,
3287 2852 3386 2906 sed
3442 2867 3556 2905 non
3592 2850 3816 2905 iterum

2168 2937 2422 2993 liberari.
2481 2939 2783 2993 Neminem
2845 2939 3100 3010 pudeat;
3161 2939 3384 2994 iterata:
3448 2939 3817 2995 valetudinis

2165 3027 2430 3082 iteranda
2486 3027 2773 3082 medicina
2828 3032 2918 3083 est
2965 3044 2978 3082 :
3038 3033 3241 3100 gratus
3298 3028 3356 3081 in
3413 3027 3734 3082 Dominum
3770 3030 3817 3062 ⁵⁸

2165 3114 2475 3175 exstiteris,
2550 3114 2596 3169 si
2673 3114 2826 3185 quod
2898 3113 3004 3168 tibi
3077 3113 3363 3169 Dominus
3436 3113 3624 3178 offert,
3687 3130 3813 3169 non

2661 3201 2975 3268 offendisti,
3033 3203 3134 3257 sed
3194 3200 3553 3257 reconciliari
3613 3201 3822 3257 adhuc

2168 3295 2352 3359 potes.
2386 3289 2574 3345 Habes
2606 3290 2696 3344 cui
2739 3290 3088 3359 satisfacias,
3121 3293 3179 3344 et
3226 3289 3461 3360 quidem
3493 3287 3821 3345 volentem.

1839 3433 2042 3493 Variae
2072 3434 2391 3494 lectiones.

489 3559 533 3600 δί
570 3556 795 3612 Discere
829 3556 1046 3608 Wouw.
1080 3555 1162 3608 Μ.
1196 3551 1251 3606 S.
1286 3552 1406 3620 Rig.
1483 3551 1528 3586 ⁸³
1562 3549 1857 3622 Baptismo
1886 3549 2117 3605 scilicet.
2193 3550 2238 3584 ⁸³
2271 3545 2716 3604 Conditionibus
2740 3546 2860 3601 alii.
2883 3546 3092 3601 Pamel.
3128 3547 3186 3601 in
3217 3546 3352 3602 trib.
3383 3546 3534 3603 codd.
3610 3548 3657 3582 “
3689 3548 3824 3605 Non

415 3629 565 3684 abest
599 3629 714 3699 Rig.
790 3627 833 3660 ³⁸
864 3625 1110 3680 Domino
1143 3622 1308 3678 Scml.

1853 3707 2374 3768 Commentarius.

488 3831 592 3901 (63)
625 3825 1232 3901 Totienadelinquendo
1278 3823 1524 3901 quotiens
1571 3822 2060 3901 ignoscitur._(_)_uis

412 3894 605 3957 ex'hi's
631 3919 746 3957 non
779 3894 1137 3956 existimaret
1165 3894 1431 3950 Ecclesiae
1456 3895 1606 3948 fores
1639 3895 2059 3965 paenitentibus

419 3989 652 4045 semper
682 3973 962 4056 patuisse,
996 3986 1128 4051 cum
1162 3967 1314 4056 dicat
1344 3965 1639 4056 Christum
1666 3966 1839 4020 toties
1863 3981 2059 4056 parse-

416 4062 497 4112 re,
545 4036 774 4115 quoties
805 4036 1215 4115 delinquitur?
1263 4037 1554 4115 P_amelius
1597 4053 1834 4115 quoque
1870 4053 1938 4090 ex
1966 4036 2059 4090 his

415 4108 534 4172 non
563 4108 798 4171 dubitat
840 4108 1133 4169 affirmare
1181 4108 1494 4164 Ecclesiam
1531 4109 1933 4179 peccatoribus
1961 4123 2059 4162 ve-

416 4187 572 4242 niam
617 4203 845 4258 semper
897 4184 1232 4258 indulsisse,
1269 4187 1339 4258 _et
1393 4180 1743 4258 quid__apud
1795 4185 2060 4258 auctores

410 4259 567 4313 inter
595 4250 906 4330 legendum
957 4257 1028 4310 de
1073 4252 1336 4330 secunda
1371 4261 1426 4305 et
1475 4250 1682 4330 ultima
1722 4250 2062 4330 poenitentia

414 4321 702 4399 occurrat,
735 4331 790 4384 id
847 4344 1017 4382 omne
1066 4327 1134 4380 de
1180 4321 1412 4399 publica
1459 4321 1865 4399 accipiendum
1908 4337 2058 4385 esse,

415 4409 591 4473 atque
625 4393 699 4455 ad
743 4393 1207 4473 conﬁrmandum
1245 4393 1431 4473 multa
1478 4410 1545 4473 ex
1591 4393 1930 4448 auctoribus
1961 4408 2059 4445 ac-

413 4466 695 4538 cumulat,
748 4468 1069 4543 quaaunihil
1116 4468 1353 4543 referret
1394 4466 1700 4543 explicare,
1751 4481 1890 4543 cum
1931 4480 2060 4534 quis

411 4545 544 4600 istic
573 4545 656 4599 ait
686 4536 1098 4598 'Tertullianus
1141 4537 1470 4604 cujusmodi
1511 4542 1612 4590 aut
1642 4536 1932 4605 quomodo
1963 4551 2058 4588 ac-

412 4616 682 4686 cipienda
713 4615 828 4669 sint
860 4611 1041 4686 nostri
1075 4611 1360 4686 duntaxat
1399 4606 1475 4686 sit
1506 4607 1759 4686 instituti
1795 4607 2054 4686 edocere:

412 4676 544 4741 Haec
579 4686 756 4758 igitur
777 4685 1048 4758 rquolicns
1080 4682 1387 4758 ignoscitur
1412 4678 1510 4758 ‘i‘ta
1561 4677 1857 4758 intelligas
1875 4676 2056 4758 quasi

452 4762 544 4812 ost
573 4748 889 4811 sscundam
943 4748 1340 4824 pcenitentiam
1377 4749 1526 4824 alius
1555 4754 1704 4804 esset
1738 4748 2049 4824 pcenitendi

452 4775 544 4812 οεῐ.
573 4775 889 4811 εθουιιοειω
943 4775 1340 4824 ρωιιιιθυιιαω
1377 4775 1526 4804 unus
1555 4775 1704 4804 esset
1739 4775 2049 4818 pwuucuui

408 4775 596 4894 Focus,
631 4829 729 4884 sed
765 4825 909 4881 nihil
940 4824 1094 4879 aliud
1146 4821 1328 4877 voluit
1366 4821 1578 4884 dicere,
1610 4836 1788 4890 quam
1819 4819 2052 4894 tametsi

409 4891 614 4970 aliqua
672 4906 802 4971 post
852 4897 1206 4971 baptismum
1257 4908 1392 4971 spes
1443 4893 1618 4971 veniae
1670 4891 2054 4971 supersit,‘et

409 4961 688 5029 secunda.
711 4977 883 5040 atque
930 4961 1141 5040 ultima
1184 4961 1534 5018 concedatur
1571 4961 1927 5040 paenitentia,
1960 4965 2051 5014 ta-

411 5061 545 5100 men
580 5034 1178 5112 rursus'peecandum
1202 5051 1310 5112 non
1344 5049 1472 5088 esse
1494 5040 1624 5112 post
1654 5034 2048 5112 baptismum;

411 5061 545 5100 men
580 5060 784 5098 rursus
822 5051 1178 5112 peccandum
1202 5051 1310 5090 non
1344 5051 1472 5088 esse
1494 5051 1624 5159 post
1654 5051 2046 5103 baptismum;

410 5133 544 5171 nam
577 5119 866 5170 sexcentis
915 5110 1055 5164 locis
1105 5125 1217 5163 non
1250 5107 1440 5159 dicam
1535 5120 1600 5160 oc
1630 5106 1838 5176 capite,
1873 5119 2046 5157 unam

406 5191 637 5243 tantum
692 5186 772 5240 ait
828 5202 860 5238 a
915 5181 1139 5236 lavacro
1199 5178 1424 5232 veniam
1486 5192 1814 5247 superesse,
1865 5191 2048 5242 neque

405 5259 590 5315 ullum
624 5257 829 5328 primis
871 5253 989 5328 illis
1037 5249 1398 5328 temporibus
1443 5248 1599 5328 inter
1629 5249 1911 5317 privatam
1945 5252 2049 5328 aut

406 5319 698 5402 publicam
735 5326 1063 5402 graviorum
1091 5321 1406 5400 criminum
1426 5319 1740 5402 discrimen
1763 5322 2044 5402 occurret.

406 5390 607 5472 itaque
639 5390 765 5454 illa"
787 5399 998 5472 totiens
1021 5401 1101 5472 _et
1131 5393 1400 5472 quotiens
1429 5391 1742 5472 dicuntur,
1795 5390 2045 5472 rectene

405 5459 636 5528 duabus
684 5471 890 5535 veniis,
927 5473 991 5522 ut
1019 5468 1097 5520 ita
1147 5459 1358 5523 dicam.
1391 5467 1446 5516 et
1487 5463 1724 5535 totidem
1769 5459 2042 5532 peccatis,

405 5546 476 5598 de
508 5545 579 5598 iis
627 5533 1022 5608 scilicet.iquae
1071 5543 1202 5592 ante
1233 5535 1351 5608 sive
1396 5540 1525 5608 post
1555 5533 1914 5608 baptismum
1960 5547 2045 5584 re-

405 5616 805 5670 mittebantur.
877 5603 1159 5666 Cteterum
1220 5603 1484 5662 EccleSiée
1553 5606 1834 5659 universae
1894 5603 2044 5657 hanc

405 5687 588 5741 fuisse
615 5684 968 5740 sententiam
996 5680 1085 5736 vel
1132 5679 1282 5735 hanc
1310 5676 1795 5733 consuetudinem
1824 5675 1884 5730 in
1917 5691 2038 5731 om-

2167 3823 2357 3878 ausim
2389 3821 2484 3875 affi
2494 3831 2702 3876 rm’are.
2735 3825 2985 3875 ALBASP.

2239 3894 2348 3962 (64)
2390 3895 2655 3948 Hactenus
2705 3893 3031 3962 periculosi:
3077 3893 3434 3964 nosmetipsos
3478 3894 3820 3964 inferamus.

2166 3969 2484 4029 Hactenus,
2519 3964 2574 4017 id
2607 3968 2715 4030 est,
2748 3979 3050 4034 nunquam
3083 3962 3346 4034 posthac.
3375 3965 3499 4018 Rm.

2237 4035 2350 4106 (65)
2381 4035 2684 4105 Repudium
2712 4043 2761 4090 et
2790 4037 2921 4090 navi
2948 4037 3163 4107 ct_mari
3189 4036 3401 4090 dicunt.
3425 4035 3591 4101 Nam,
3618 4035 3824 4107 inquit

2168 4105 2514 4179 Rhenanus,
2541 4110 2605 4160 ut
2651 4110 2740 4160 est
2783 4107 2937 4177 apud
2987 4105 3258 4179 Publium
3312 4105 3818 4179 Mimographum,

2170 4179 2429 4249 improbe
2459 4178 2807 4249 Neptunum
2855 4182 3110 4246 accusat,
3154 4177 3257 4247 qui
3310 4177 3521 4232 iterum
3572 4182 3819 4235 naufra-

2167 4248 2327 4320 gium
2362 4248 2515 4303 facit.
2548 4248 2845 4302 Venustus
2875 4265 3004 4303 vero
3035 4265 3250 4314 sermo,
3281 4265 3436 4314 cum,
3471 4250 3686 4318 inquit,
3723 4269 3819 4306 re-

2168 4319 2409 4392 pudium
2441 4325 2498 4392 et
2528 4320 2657 4392 navi
2699 4325 2756 4373 et
2785 4320 2930 4392 mari
2983 4319 3203 4392 dicunt,
3236 4321 3616 4376 translatione
3646 4339 3819 4378 sum-

2168 4389 2264 4462 pta
2297 4393 2368 4446 ab
2399 4391 2490 4462 his
2521 4391 2620 4462 qui
2653 4392 2815 4446 uxori
2869 4389 3128 4446 libellum
3163 4392 3389 4462 repudii
3439 4394 3694 4448 mittunt.
3728 4395 3820 4448 Si-

2168 4461 2554 4587 ἒηίιμέθιὲιὶὺξ
2589 4462 2653 4516 dc
2695 4463 2825 4516 Hab.
2877 4463 3016 4518 mut.
3076 4479 3202 4534 cap.
3229 4461 3298 4531 ’4,
3347 4465 3635 4534 repudium
3687 4467 3822 4520 αειί

2211 4552 2332 4587 1x1.
2413 4550 2508 4587 ΑΜ.

2211 4535 2332 4588 ixit.
2369 4537 2508 4587 ΡΑΜ.

2239 4607 2350 4674 (66)
2380 4604 2652 4659 Perversis
2681 4603 3088 4658 traditionibus.
3122 4603 3262 4659 Mss.
3297 4610 3416 4660 tres
3444 4605 3812 4664 conditionib.

2089 4656 2136 4720 D
2171 4656 2317 4730 mea
2335 4656 2542 4730 ante
2585 4656 2785 4744 magis
2806 4656 3811 4747 pacet(stagnantia"signa:

2163 4747 2367 4814 nistas,
2420 4747 2519 4816 qui
2570 4745 2852 4816 perversis
2903 4745 3318 4802 traditionibus
3358 4748 3482 4803 suis
3528 4749 3596 4802 de
3642 4748 3814 4805 nulla

2163 4823 2293 4886 post
2325 4818 2679 4888 baptismum
2723 4817 3061 4887 paanitentia
3091 4835 3124 4872 a
3153 4819 3246 4873 via
3293 4825 3448 4875 certa
3479 4819 3678 4875 fideles
3702 4821 3810 4876 de-

2160 4889 2525 4958 torquebant.
2560 4889 2636 4963 Eo
2667 4894 2859 4942 autem
2903 4889 3062 4963 quod
3085 4891 3268 4963 addit,
3303 4893 3609 4960 perversis,
3646 4898 3811 4963 patet

2159 4976 2273 5013 non
2307 4975 2510 5035 omnes
2539 4960 2887 5035 _ab_Auc_t_ore
2916 4961 3264 5035 traditiones
3296 4960 3671 5035 impugnari;
3704 4980 3809 5020 ve-

2159 5048 2286 5084 rum
2317 5032 2386 5085 de
2417 5031 2507 5085 his
2537 5030 2710 5085 latius
2757 5031 2858 5085 lib.
2891 5031 2957 5085 de
3006 5031 3130 5087 Cor.
3169 5035 3291 5088 mil.
3324 5030 3421 5088 ubi
3456 5030 3672 5090 multas
3703 5035 3808 5091 Ec-

2158 5102 2346 5156 clesiae
2377 5101 2718 5157 traditiones
2750 5104 2973 5174 probat.
3009 5103 3152 5158 ΡΑΜ.

2230 5175 2340 5244 (67)
2369 5174 2661 5229 Collocavit
2711 5176 2775 5228 in
2805 5175 3093 5230 vestibulo.
3143 5177 3515 5231 Consuetudo
3562 5180 3620 5232 et
3649 5177 3807 5234 ritus

2156 5250 2278 5318 erat
2309 5250 2374 5300 ut
2403 5245 2746 5318 pmnitentes
2778 5244 2836 5300 in
2867 5245 3156 5301 vestibulo
3187 5247 3441 5303 ecclesiae
3473 5256 3802 5318 manerent,

2155 5317 2225 5370 ad
2260 5333 2430 5388 quem
2464 5316 2720 5388 respicit.
2755 5319 3000 5372 ALBASP.

2227 5388 2338 5459 (68)
2368 5387 2469 5442 Sed
2528 5387 2773 5458 amplius
2830 5404 3134 5460 nunquam.
3196 5389 3344 5459 Ergo
3402 5405 3519 5444 uua
3568 5393 3803 5447 tantum

2153 5464 2277 5513 erat
2308 5465 2438 5532 post
2463 5460 2814 5532 baptismum
2851 5461 3206 5531 pmnitentia.
3243 5463 3486 5516 ALBASP.

2223 5531 2331 5595 (69)
2372 5531 2626 5587 Miserius
2667 5536 2750 5585 est
2795 5532 3101 5602 perdi/lisse
3146 5547 3329 5601 quam.
3363 5539 3471 5587 etc.
3524 5531 3800 5590 Miserius

2151 5607 2241 5676 est
2270 5602 2457 5658 multo
2499 5604 2747 5658 salutem
2797 5620 2974 5675 quam
3025 5605 3299 5676 accepisti
3346 5604 3636 5674 baptismo
3670 5623 3800 5676 per-

2150 5673 2286 5751 dere
2314 5677 2627 5747 peccando,
2659 5673 2838 5747 quam
2877 5675 3116 5733 omnino
3145 5673 3275 5732 eam
3324 5673 3440 5733 non
3472 5673 3792 5751 accepisse.

406 5756 580 5812 nibus
631 5756 868 5812 omnino
921 5751 1212 5818 Ecclesiis,
1258 5749 1627 5807 observatam
1673 5746 1874 5816 fuisse,
1921 5763 2039 5804 non
2147 5746 2392 5803 Amnes.
