  <div class='ocr_page' id='page_1' title='image "/cluster/home/n/w/nwhite01/storage/ocr_20150623/1/umn.31951002477295j/678.png"; bbox 0 0 4050 6346; ppageno 0'>
   <div class='ocr_carea' id='block_1_1' title="bbox 222 359 377 421">
    <p class='ocr_par' dir='ltr' id='par_1_1' title="bbox 222 359 377 421">
     <span class='ocr_line' id='line_1_1' title="bbox 222 359 377 421; baseline 0 -1"><span class='ocrx_word' id='word_1_1' title='bbox 222 359 377 421; x_wconf 75' lang='grc'><strong>1353</strong></span> 
     </span>
    </p>
   </div>
   <div class='ocr_carea' id='block_1_2' title="bbox 845 489 1249 546">
    <p class='ocr_par' dir='ltr' id='par_1_2' title="bbox 845 489 1249 546">
     <span class='ocr_line' id='line_1_2' title="bbox 845 489 1249 546; baseline 0.002 -1"><span class='ocrx_word' id='word_1_2' title='bbox 845 489 1068 546; x_wconf 86' lang='lat' dir='ltr'><strong>CAPUT</strong></span> <span class='ocrx_word' id='word_1_3' title='bbox 1109 489 1249 546; x_wconf 84' lang='lat' dir='ltr'><strong>VIII.</strong></span> 
     </span>
    </p>
   </div>
   <div class='ocr_carea' id='block_1_3' title="bbox 300 579 1879 651">
    <p class='ocr_par' dir='ltr' id='par_1_3' title="bbox 300 579 1879 651">
     <span class='ocr_line' id='line_1_3' title="bbox 300 579 1879 651; baseline 0.002 -18"><span class='ocrx_word' id='word_1_4' title='bbox 300 579 353 633; x_wconf 82' lang='lat' dir='ltr'><strong>id</strong></span> <span class='ocrx_word' id='word_1_5' title='bbox 390 580 437 634; x_wconf 88' lang='lat' dir='ltr'><strong>si</strong></span> <span class='ocrx_word' id='word_1_6' title='bbox 470 580 723 647; x_wconf 82' lang='lat' dir='ltr'><strong>dubitas,</strong></span> <span class='ocrx_word' id='word_1_7' title='bbox 756 579 949 635; x_wconf 84' lang='lat' dir='ltr'>evolve</span> <span class='ocrx_word' id='word_1_8' title='bbox 976 596 1102 651; x_wconf 60' lang='lat' dir='ltr'><strong>quae</strong></span> <span class='ocrx_word' id='word_1_9' title='bbox 1133 580 1385 651; x_wconf 79' lang='lat' dir='ltr'><strong>Spiritus</strong></span> <span class='ocrx_word' id='word_1_10' title='bbox 1416 580 1692 637; x_wconf 87' lang='lat' dir='ltr'><strong>Ecclesiis</strong></span> <span class='ocrx_word' id='word_1_11' title='bbox 1726 580 1879 637; x_wconf 88' lang='lat' dir='ltr'><strong>dicat</strong></span> 
     </span>
    </p>
   </div>
   <div class='ocr_carea' id='block_1_4' title="bbox 226 669 1875 741">
    <p class='ocr_par' dir='ltr' id='par_1_4' title="bbox 226 669 1875 741">
     <span class='ocr_line' id='line_1_4' title="bbox 226 669 1875 741; baseline 0.002 -19"><span class='ocrx_word' id='word_1_12' title='bbox 226 669 407 739; x_wconf 86' lang='lat' dir='ltr'><strong><em>(Apoc.</em></strong></span> <span class='ocrx_word' id='word_1_13' title='bbox 456 686 493 735; x_wconf 82' lang='grc' dir='ltr'><strong>ι,</strong></span> <span class='ocrx_word' id='word_1_14' title='bbox 547 686 608 738; x_wconf 80' lang='grc' dir='ltr'><strong>ιι,</strong></span> <span class='ocrx_word' id='word_1_15' title='bbox 657 672 762 739; x_wconf 83' lang='grc' dir='ltr'><strong>ιιι).</strong></span> <span class='ocrx_word' id='word_1_16' title='bbox 827 674 1121 724; x_wconf 84' lang='lat' dir='ltr'><strong>Desertam</strong></span> <span class='ocrx_word' id='word_1_17' title='bbox 1178 669 1550 726; x_wconf 78' lang='lat' dir='ltr'><strong>dilectionem</strong></span> <span class='ocrx_word' id='word_1_18' title='bbox 1610 671 1875 741; x_wconf 84' lang='lat' dir='ltr'><strong>Ephesiis</strong></span> 
     </span>
    </p>
   </div>
   <div class='ocr_carea' id='block_1_5' title="bbox 225 758 1876 831">
    <p class='ocr_par' dir='ltr' id='par_1_5' title="bbox 225 758 1876 831">
     <span class='ocr_line' id='line_1_5' title="bbox 225 758 1876 831; baseline 0.001 -21"><span class='ocrx_word' id='word_1_19' title='bbox 225 758 503 828; x_wconf 77' lang='lat' dir='ltr'><strong>imputat,</strong></span> <span class='ocrx_word' id='word_1_20' title='bbox 533 764 804 829; x_wconf 83' lang='lat' dir='ltr'><strong>stuprum</strong></span> <span class='ocrx_word' id='word_1_21' title='bbox 853 763 909 813; x_wconf 90' lang='lat' dir='ltr'><strong>et</strong></span> <span class='ocrx_word' id='word_1_22' title='bbox 954 758 1413 829; x_wconf 88' lang='lat' dir='ltr'><strong>idolothytorum</strong></span> <span class='ocrx_word' id='word_1_23' title='bbox 1446 775 1613 814; x_wconf 90' lang='lat' dir='ltr'><strong>esum</strong></span> <span class='ocrx_word' id='word_1_24' title='bbox 1643 758 1876 831; x_wconf 87' lang='lat' dir='ltr'><strong>Thyati-</strong></span> 
     </span>
    </p>
   </div>
   <div class='ocr_carea' id='block_1_6' title="bbox 226 846 1874 920">
    <p class='ocr_par' dir='ltr' id='par_1_6' title="bbox 226 846 1874 920">
     <span class='ocr_line' id='line_1_6' title="bbox 226 846 1874 920; baseline 0.002 -19"><span class='ocrx_word' id='word_1_25' title='bbox 226 847 384 902; x_wconf 80' lang='lat' dir='ltr'><strong>renis</strong></span> <span class='ocrx_word' id='word_1_26' title='bbox 413 848 743 917; x_wconf 79' lang='lat' dir='ltr'><strong>exprobrat.</strong></span> <span class='ocrx_word' id='word_1_27' title='bbox 797 847 1012 902; x_wconf 88' lang='lat' dir='ltr'><strong>Sardos</strong></span> <span class='ocrx_word' id='word_1_28' title='bbox 1042 847 1085 881; x_wconf 76' lang='grc'><strong>⁵⁸</strong></span> <span class='ocrx_word' id='word_1_29' title='bbox 1118 864 1232 901; x_wconf 91' lang='lat' dir='ltr'><strong>non</strong></span> <span class='ocrx_word' id='word_1_30' title='bbox 1278 846 1585 919; x_wconf 91' lang='lat' dir='ltr'><strong>plenorum</strong></span> <span class='ocrx_word' id='word_1_31' title='bbox 1634 865 1874 920; x_wconf 90' lang='lat' dir='ltr'><strong>operum</strong></span> 
     </span>
    </p>
   </div>
   <div class='ocr_carea' id='block_1_7' title="bbox 226 935 1876 1009">
    <p class='ocr_par' dir='ltr' id='par_1_7' title="bbox 226 935 1876 1009">
     <span class='ocr_line' id='line_1_7' title="bbox 226 935 1876 1009; baseline 0.003 -20"><span class='ocrx_word' id='word_1_32' title='bbox 226 935 477 1003; x_wconf 86' lang='lat' dir='ltr'><strong>incusat,</strong></span> <span class='ocrx_word' id='word_1_33' title='bbox 514 937 901 1009; x_wconf 88' lang='lat' dir='ltr'><strong>Pergamenos</strong></span> <span class='ocrx_word' id='word_1_34' title='bbox 951 937 1225 992; x_wconf 84' lang='lat' dir='ltr'><strong>docentes</strong></span> <span class='ocrx_word' id='word_1_35' title='bbox 1258 953 1527 1009; x_wconf 88' lang='lat' dir='ltr'><strong>perversa</strong></span> <span class='ocrx_word' id='word_1_36' title='bbox 1565 938 1876 1009; x_wconf 91' lang='lat' dir='ltr'><strong>reprehen-</strong></span> 
     </span>
    </p>
   </div>
   <div class='ocr_carea' id='block_1_8' title="bbox 226 1025 1875 1097">
    <p class='ocr_par' dir='ltr' id='par_1_8' title="bbox 226 1025 1875 1097">
     <span class='ocr_line' id='line_1_8' title="bbox 226 1025 1875 1097; baseline 0.002 -18"><span class='ocrx_word' id='word_1_37' title='bbox 226 1025 352 1092; x_wconf 87' lang='lat' dir='ltr'><strong>dit;</strong></span> <span class='ocrx_word' id='word_1_38' title='bbox 388 1026 738 1081; x_wconf 86' lang='lat' dir='ltr'><strong>Laodicenos</strong></span> <span class='ocrx_word' id='word_1_39' title='bbox 763 1027 1009 1081; x_wconf 83' lang='lat' dir='ltr'><strong>ﬁdentes</strong></span> <span class='ocrx_word' id='word_1_40' title='bbox 1031 1026 1247 1080; x_wconf 73' lang='lat' dir='ltr'><strong>divitiis</strong></span> <span class='ocrx_word' id='word_1_41' title='bbox 1269 1027 1573 1097; x_wconf 88' lang='lat' dir='ltr'><strong>objurgat:</strong></span> <span class='ocrx_word' id='word_1_42' title='bbox 1604 1032 1659 1082; x_wconf 91' lang='lat' dir='ltr'><strong>et</strong></span> <span class='ocrx_word' id='word_1_43' title='bbox 1684 1034 1875 1082; x_wconf 89' lang='lat' dir='ltr'><strong>tamen</strong></span> 
     </span>
    </p>
   </div>
   <div class='ocr_carea' id='block_1_9' title="bbox 226 1116 1877 1187">
    <p class='ocr_par' dir='ltr' id='par_1_9' title="bbox 226 1116 1877 1187">
     <span class='ocr_line' id='line_1_9' title="bbox 226 1116 1877 1187; baseline 0.002 -18"><span class='ocrx_word' id='word_1_44' title='bbox 226 1131 431 1171; x_wconf 90' lang='lat' dir='ltr'><strong>omnes</strong></span> <span class='ocrx_word' id='word_1_45' title='bbox 462 1117 529 1169; x_wconf 90' lang='lat' dir='ltr'><strong>ad</strong></span> <span class='ocrx_word' id='word_1_46' title='bbox 581 1116 978 1187; x_wconf 80' lang='lat' dir='ltr'><strong>paenitentiam</strong></span> <span class='ocrx_word' id='word_1_47' title='bbox 1029 1121 1382 1182; x_wconf 88' lang='lat' dir='ltr'><strong>commonet,</strong></span> <span class='ocrx_word' id='word_1_48' title='bbox 1416 1117 1526 1171; x_wconf 87' lang='lat' dir='ltr'><strong>sub</strong></span> <span class='ocrx_word' id='word_1_49' title='bbox 1558 1120 1877 1172; x_wconf 83' lang='lat' dir='ltr'><strong>commina-</strong></span> 
     </span>
    </p>
   </div>
   <div class='ocr_carea' id='block_1_10' title="bbox 224 1202 1876 1273">
    <p class='ocr_par' dir='ltr' id='par_1_10' title="bbox 224 1202 1876 1273">
     <span class='ocr_line' id='line_1_10' title="bbox 224 1202 1876 1273; baseline 0.002 -17"><span class='ocrx_word' id='word_1_50' title='bbox 224 1202 482 1257; x_wconf 85' lang='lat' dir='ltr'><strong>tionibus</strong></span> <span class='ocrx_word' id='word_1_51' title='bbox 533 1204 793 1273; x_wconf 88' lang='lat' dir='ltr'><strong>quidem.</strong></span> <span class='ocrx_word' id='word_1_52' title='bbox 827 1203 951 1257; x_wconf 90' lang='lat' dir='ltr'><strong>Non</strong></span> <span class='ocrx_word' id='word_1_53' title='bbox 1002 1204 1461 1258; x_wconf 90' lang='lat' dir='ltr'><strong>comminaretur</strong></span> <span class='ocrx_word' id='word_1_54' title='bbox 1517 1210 1714 1258; x_wconf 90' lang='lat' dir='ltr'><strong>autem</strong></span> <span class='ocrx_word' id='word_1_55' title='bbox 1761 1221 1876 1260; x_wconf 90' lang='lat' dir='ltr'><strong>non</strong></span> 
     </span>
    </p>
   </div>
   <div class='ocr_carea' id='block_1_11' title="bbox 224 1291 1875 1363">
    <p class='ocr_par' dir='ltr' id='par_1_11' title="bbox 224 1291 1875 1363">
     <span class='ocr_line' id='line_1_11' title="bbox 224 1291 1875 1363; baseline 0.002 -18"><span class='ocrx_word' id='word_1_56' title='bbox 224 1292 613 1362; x_wconf 73' lang='lat' dir='ltr'><strong>poenitenti,si</strong></span> <span class='ocrx_word' id='word_1_57' title='bbox 646 1308 763 1347; x_wconf 91' lang='lat' dir='ltr'><strong>non</strong></span> <span class='ocrx_word' id='word_1_58' title='bbox 796 1291 1123 1363; x_wconf 89' lang='lat' dir='ltr'><strong>ignosceret</strong></span> <span class='ocrx_word' id='word_1_59' title='bbox 1156 1291 1481 1363; x_wconf 87' lang='lat' dir='ltr'><strong>pcsnitenti.</strong></span> <span class='ocrx_word' id='word_1_60' title='bbox 1514 1293 1793 1361; x_wconf 90' lang='lat' dir='ltr'><strong>Dubium,</strong></span> <span class='ocrx_word' id='word_1_61' title='bbox 1826 1296 1875 1349; x_wconf 87' lang='lat' dir='ltr'><strong>si</strong></span> 
     </span>
    </p>
   </div>
   <div class='ocr_carea' id='block_1_12' title="bbox 222 1380 1876 1452">
    <p class='ocr_par' dir='ltr' id='par_1_12' title="bbox 222 1380 1876 1452">
     <span class='ocr_line' id='line_1_12' title="bbox 222 1380 1876 1452; baseline 0.003 -18"><span class='ocrx_word' id='word_1_62' title='bbox 222 1397 338 1434; x_wconf 92' lang='lat' dir='ltr'><strong>non</strong></span> <span class='ocrx_word' id='word_1_63' title='bbox 370 1387 429 1436; x_wconf 91' lang='lat' dir='ltr'><strong>et</strong></span> <span class='ocrx_word' id='word_1_64' title='bbox 455 1380 593 1435; x_wconf 88' lang='lat' dir='ltr'><strong>alibi</strong></span> <span class='ocrx_word' id='word_1_65' title='bbox 648 1380 797 1435; x_wconf 90' lang='lat' dir='ltr'><strong>hanc</strong></span> <span class='ocrx_word' id='word_1_66' title='bbox 829 1380 1154 1436; x_wconf 72' lang='lat' dir='ltr'><strong>clementiae</strong></span> <span class='ocrx_word' id='word_1_67' title='bbox 1185 1397 1305 1436; x_wconf 65' lang='lat' dir='ltr'><strong>sua</strong></span> <span class='ocrx_word' id='word_1_68' title='bbox 1339 1381 1739 1452; x_wconf 85' lang='lat' dir='ltr'><strong>profusionem</strong></span> <span class='ocrx_word' id='word_1_69' title='bbox 1772 1384 1876 1439; x_wconf 87' lang='lat' dir='ltr'><strong>de-</strong></span> 
     </span>
    </p>
   </div>
   <div class='ocr_carea' id='block_1_13' title="bbox 222 1470 1873 1544">
    <p class='ocr_par' dir='ltr' id='par_1_13' title="bbox 222 1470 1873 1544">
     <span class='ocr_line' id='line_1_13' title="bbox 222 1470 1873 1544; baseline 0.001 -20"><span class='ocrx_word' id='word_1_70' title='bbox 222 1474 631 1526; x_wconf 80' lang='lat' dir='ltr'><strong>monstrasset.</strong></span> <span class='ocrx_word' id='word_1_71' title='bbox 681 1471 818 1539; x_wconf 82' lang='lat' dir='ltr'><strong>Non,</strong></span> <span class='ocrx_word' id='word_1_72' title='bbox 846 1470 928 1525; x_wconf 88' lang='lat' dir='ltr'><strong>ait</strong></span> <span class='ocrx_word' id='word_1_73' title='bbox 972 1470 1192 1541; x_wconf 85' lang='lat' dir='ltr'><strong>(Jerem.</strong></span> <span class='ocrx_word' id='word_1_74' title='bbox 1240 1486 1362 1537; x_wconf 82' lang='grc' dir='ltr'><strong>νιιι,</strong></span> <span class='ocrx_word' id='word_1_75' title='bbox 1397 1472 1466 1537; x_wconf 74' lang='grc' dir='ltr'><strong>[ις</strong></span> <span class='ocrx_word' id='word_1_76' title='bbox 1500 1472 1656 1541; x_wconf 81' lang='lat' dir='ltr'><strong>Osee,</strong></span> <span class='ocrx_word' id='word_1_77' title='bbox 1686 1489 1763 1539; x_wconf 84' lang='lat' dir='ltr'><strong>v1,</strong></span> <span class='ocrx_word' id='word_1_78' title='bbox 1796 1474 1873 1544; x_wconf 86' lang='lat'><strong>6),</strong></span> 
     </span>
    </p>
   </div>
   <div class='ocr_carea' id='block_1_14' title="bbox 221 1560 1874 1631">
    <p class='ocr_par' dir='ltr' id='par_1_14' title="bbox 221 1560 1874 1631">
     <span class='ocr_line' id='line_1_14' title="bbox 221 1560 1874 1631; baseline 0.001 -18"><span class='ocrx_word' id='word_1_79' title='bbox 221 1561 318 1629; x_wconf 88' lang='lat' dir='ltr'><strong>qui</strong></span> <span class='ocrx_word' id='word_1_80' title='bbox 345 1560 624 1627; x_wconf 71' lang='lat' dir='ltr'><strong>ceciderit,</strong></span> <span class='ocrx_word' id='word_1_81' title='bbox 676 1568 951 1628; x_wconf 77' lang='lat' dir='ltr'><strong>resurget,</strong></span> <span class='ocrx_word' id='word_1_82' title='bbox 982 1564 1033 1615; x_wconf 86' lang='lat' dir='ltr'><strong>et</strong></span> <span class='ocrx_word' id='word_1_83' title='bbox 1063 1561 1161 1630; x_wconf 90' lang='lat' dir='ltr'><strong>qui</strong></span> <span class='ocrx_word' id='word_1_84' title='bbox 1207 1564 1499 1616; x_wconf 73' lang='lat' dir='ltr'><strong>aversatus</strong></span> <span class='ocrx_word' id='word_1_85' title='bbox 1544 1563 1716 1631; x_wconf 80' lang='lat' dir='ltr'><strong>fuerit</strong></span> <span class='ocrx_word' id='word_1_86' title='bbox 1745 1578 1874 1617; x_wconf 87' lang='lat' dir='ltr'><strong>con-</strong></span> 
     </span>
    </p>
   </div>
   <div class='ocr_carea' id='block_1_15' title="bbox 218 1646 1873 1720">
    <p class='ocr_par' dir='ltr' id='par_1_15' title="bbox 218 1646 1873 1720">
     <span class='ocr_line' id='line_1_15' title="bbox 218 1646 1873 1720; baseline 0.002 -17"><span class='ocrx_word' id='word_1_87' title='bbox 218 1652 511 1704; x_wconf 81' lang='lat' dir='ltr'><strong>vertetur?</strong></span> <span class='ocrx_word' id='word_1_88' title='bbox 544 1646 646 1703; x_wconf 91' lang='lat' dir='ltr'><strong>Ille</strong></span> <span class='ocrx_word' id='word_1_89' title='bbox 695 1653 786 1703; x_wconf 89' lang='lat' dir='ltr'><strong>est</strong></span> <span class='ocrx_word' id='word_1_90' title='bbox 835 1648 1083 1715; x_wconf 89' lang='lat' dir='ltr'><strong>scilicet,</strong></span> <span class='ocrx_word' id='word_1_91' title='bbox 1134 1647 1233 1703; x_wconf 91' lang='lat' dir='ltr'><strong>ille</strong></span> <span class='ocrx_word' id='word_1_92' title='bbox 1279 1653 1367 1704; x_wconf 88' lang='lat' dir='ltr'><strong>est</strong></span> <span class='ocrx_word' id='word_1_93' title='bbox 1416 1649 1517 1720; x_wconf 89' lang='lat' dir='ltr'><strong>qui</strong></span> <span class='ocrx_word' id='word_1_94' title='bbox 1567 1651 1873 1706; x_wconf 76' lang='lat' dir='ltr'><strong>misericor-</strong></span> 
     </span>
    </p>
   </div>
   <div class='ocr_carea' id='block_1_16' title="bbox 219 1738 1876 1809">
    <p class='ocr_par' dir='ltr' id='par_1_16' title="bbox 219 1738 1876 1809">
     <span class='ocr_line' id='line_1_16' title="bbox 219 1738 1876 1809; baseline 0.001 -16"><span class='ocrx_word' id='word_1_95' title='bbox 219 1738 380 1793; x_wconf 84' lang='lat' dir='ltr'><strong>diam</strong></span> <span class='ocrx_word' id='word_1_96' title='bbox 428 1738 637 1793; x_wconf 81' lang='lat' dir='ltr'><strong>mavult</strong></span> <span class='ocrx_word' id='word_1_97' title='bbox 687 1754 852 1809; x_wconf 87' lang='lat' dir='ltr'><strong>quam</strong></span> <span class='ocrx_word' id='word_1_98' title='bbox 900 1738 1177 1807; x_wconf 77' lang='lat' dir='ltr'><strong>sacriﬁcia</strong></span> <span class='ocrx_word' id='word_1_99' title='bbox 1206 1738 1269 1793; x_wconf 79' lang='grc'><strong>⁸⁷.</strong></span> <span class='ocrx_word' id='word_1_100' title='bbox 1304 1739 1585 1793; x_wconf 66' lang='lat' dir='ltr'><strong>Lwtantur</strong></span> <span class='ocrx_word' id='word_1_101' title='bbox 1630 1740 1774 1809; x_wconf 71' lang='lat' dir='ltr'><strong>cali,</strong></span> <span class='ocrx_word' id='word_1_102' title='bbox 1824 1745 1876 1795; x_wconf 82' lang='lat' dir='ltr'><strong>et</strong></span> 
     </span>
    </p>
   </div>
   <div class='ocr_carea' id='block_1_17' title="bbox 219 1826 1872 1901">
    <p class='ocr_par' dir='ltr' id='par_1_17' title="bbox 219 1826 1872 1901">
     <span class='ocr_line' id='line_1_17' title="bbox 219 1826 1872 1901; baseline 0.001 -19"><span class='ocrx_word' id='word_1_103' title='bbox 219 1829 315 1898; x_wconf 85' lang='lat' dir='ltr'><strong>qui</strong></span> <span class='ocrx_word' id='word_1_104' title='bbox 346 1826 471 1882; x_wconf 83' lang='lat' dir='ltr'><strong>illic</strong></span> <span class='ocrx_word' id='word_1_105' title='bbox 498 1828 701 1898; x_wconf 80' lang='lat' dir='ltr'><strong>angeli,</strong></span> <span class='ocrx_word' id='word_1_106' title='bbox 745 1829 1069 1899; x_wconf 65' lang='lat' dir='ltr'><strong>paenitentia</strong></span> <span class='ocrx_word' id='word_1_107' title='bbox 1116 1828 1352 1883; x_wconf 76' lang='lat' dir='ltr'><strong>hominis</strong></span> <span class='ocrx_word' id='word_1_108' title='bbox 1403 1828 1605 1898; x_wconf 73' lang='lat' dir='ltr'><strong>(Matth.</strong></span> <span class='ocrx_word' id='word_1_109' title='bbox 1654 1846 1729 1899; x_wconf 72' lang='grc' dir='ltr'><strong>ιι,</strong></span> <span class='ocrx_word' id='word_1_110' title='bbox 1767 1830 1872 1901; x_wconf 84' lang='grc'><strong>13).</strong></span> 
     </span>
    </p>
   </div>
   <div class='ocr_carea' id='block_1_18' title="bbox 223 1917 1876 1989">
    <p class='ocr_par' dir='ltr' id='par_1_18' title="bbox 223 1917 1876 1989">
     <span class='ocr_line' id='line_1_18' title="bbox 223 1917 1876 1989; baseline 0.002 -16"><span class='ocrx_word' id='word_1_111' title='bbox 223 1919 374 1975; x_wconf 78' lang='lat' dir='ltr'><strong>Heus</strong></span> <span class='ocrx_word' id='word_1_112' title='bbox 402 1924 490 1987; x_wconf 90' lang='lat' dir='ltr'><strong>tu,</strong></span> <span class='ocrx_word' id='word_1_113' title='bbox 542 1922 831 1989; x_wconf 83' lang='lat' dir='ltr'><strong>peccator,</strong></span> <span class='ocrx_word' id='word_1_114' title='bbox 865 1918 1018 1973; x_wconf 90' lang='lat' dir='ltr'><strong>bono</strong></span> <span class='ocrx_word' id='word_1_115' title='bbox 1067 1918 1263 1973; x_wconf 90' lang='lat' dir='ltr'><strong>animo</strong></span> <span class='ocrx_word' id='word_1_116' title='bbox 1313 1917 1417 1985; x_wconf 86' lang='lat' dir='ltr'><strong>sis,</strong></span> <span class='ocrx_word' id='word_1_117' title='bbox 1450 1919 1611 1974; x_wconf 83' lang='lat' dir='ltr'><strong>vides</strong></span> <span class='ocrx_word' id='word_1_118' title='bbox 1661 1920 1759 1974; x_wconf 90' lang='lat' dir='ltr'><strong>ubi</strong></span> <span class='ocrx_word' id='word_1_119' title='bbox 1804 1922 1876 1976; x_wconf 88' lang='lat' dir='ltr'><strong>de</strong></span> 
     </span>
    </p>
   </div>
   <div class='ocr_carea' id='block_1_19' title="bbox 218 2006 1873 2078">
    <p class='ocr_par' dir='ltr' id='par_1_19' title="bbox 218 2006 1873 2078">
     <span class='ocr_line' id='line_1_19' title="bbox 218 2006 1873 2078; baseline 0.002 -17"><span class='ocrx_word' id='word_1_120' title='bbox 218 2009 317 2061; x_wconf 88' lang='lat' dir='ltr'><strong>tuo</strong></span> <span class='ocrx_word' id='word_1_121' title='bbox 370 2007 559 2061; x_wconf 90' lang='lat' dir='ltr'><strong>reditu</strong></span> <span class='ocrx_word' id='word_1_122' title='bbox 591 2006 634 2039; x_wconf 81' lang='grc'><strong>⁸⁸</strong></span> <span class='ocrx_word' id='word_1_123' title='bbox 676 2007 1024 2078; x_wconf 88' lang='lat' dir='ltr'><strong>gaudeatur.</strong></span> <span class='ocrx_word' id='word_1_124' title='bbox 1075 2006 1219 2069; x_wconf 87' lang='lat' dir='ltr'><strong>Quid</strong></span> <span class='ocrx_word' id='word_1_125' title='bbox 1263 2006 1363 2061; x_wconf 91' lang='lat' dir='ltr'><strong>illa</strong></span> <span class='ocrx_word' id='word_1_126' title='bbox 1414 2006 1873 2064; x_wconf 87' lang='lat' dir='ltr'><strong>similitudinum</strong></span> 
     </span>
    </p>
   </div>
   <div class='ocr_carea' id='block_1_20' title="bbox 217 2095 1877 2167">
    <p class='ocr_par' dir='ltr' id='par_1_20' title="bbox 217 2095 1877 2167">
     <span class='ocr_line' id='line_1_20' title="bbox 217 2095 1877 2167; baseline 0.001 -16"><span class='ocrx_word' id='word_1_127' title='bbox 217 2096 655 2151; x_wconf 91' lang='lat' dir='ltr'><strong>Dominicarum</strong></span> <span class='ocrx_word' id='word_1_128' title='bbox 681 2113 821 2167; x_wconf 90' lang='lat' dir='ltr'><strong>argu</strong></span> <span class='ocrx_word' id='word_1_129' title='bbox 834 2100 1028 2151; x_wconf 87' lang='lat' dir='ltr'><strong>menta</strong></span> <span class='ocrx_word' id='word_1_130' title='bbox 1044 2096 1209 2151; x_wconf 87' lang='lat' dir='ltr'><strong>nobis</strong></span> <span class='ocrx_word' id='word_1_131' title='bbox 1226 2095 1464 2151; x_wconf 86' lang='lat' dir='ltr'><strong>volunt?</strong></span> <span class='ocrx_word' id='word_1_132' title='bbox 1477 2098 1639 2160; x_wconf 88' lang='lat' dir='ltr'><strong>Quod</strong></span> <span class='ocrx_word' id='word_1_133' title='bbox 1665 2098 1877 2153; x_wconf 90' lang='lat' dir='ltr'><strong>mulier</strong></span> 
     </span>
    </p>
   </div>
   <div class='ocr_carea' id='block_1_21' title="bbox 216 2183 1872 2256">
    <p class='ocr_par' dir='ltr' id='par_1_21' title="bbox 216 2183 1872 2256">
     <span class='ocr_line' id='line_1_21' title="bbox 216 2183 1872 2256; baseline 0.001 -16"><span class='ocrx_word' id='word_1_134' title='bbox 216 2186 559 2240; x_wconf 88' lang='lat' dir='ltr'><strong>drachmam</strong></span> <span class='ocrx_word' id='word_1_135' title='bbox 594 2185 851 2256; x_wconf 88' lang='lat' dir='ltr'><strong>perdidit</strong></span> <span class='ocrx_word' id='word_1_136' title='bbox 880 2190 937 2239; x_wconf 89' lang='lat' dir='ltr'><strong>et</strong></span> <span class='ocrx_word' id='word_1_137' title='bbox 966 2183 1231 2255; x_wconf 87' lang='lat' dir='ltr'><strong>requirit,</strong></span> <span class='ocrx_word' id='word_1_138' title='bbox 1266 2190 1324 2239; x_wconf 90' lang='lat' dir='ltr'><strong>et</strong></span> <span class='ocrx_word' id='word_1_139' title='bbox 1356 2186 1591 2255; x_wconf 87' lang='lat' dir='ltr'><strong>reperit,</strong></span> <span class='ocrx_word' id='word_1_140' title='bbox 1643 2191 1697 2240; x_wconf 89' lang='lat' dir='ltr'><strong>et</strong></span> <span class='ocrx_word' id='word_1_141' title='bbox 1728 2186 1872 2241; x_wconf 91' lang='lat' dir='ltr'><strong>ami-</strong></span> 
     </span>
    </p>
   </div>
   <div class='ocr_carea' id='block_1_22' title="bbox 216 2274 1875 2345">
    <p class='ocr_par' dir='ltr' id='par_1_22' title="bbox 216 2274 1875 2345">
     <span class='ocr_line' id='line_1_22' title="bbox 216 2274 1875 2345; baseline 0 -14"><span class='ocrx_word' id='word_1_142' title='bbox 216 2291 314 2331; x_wconf 85' lang='lat' dir='ltr'><strong>cas</strong></span> <span class='ocrx_word' id='word_1_143' title='bbox 348 2276 418 2330; x_wconf 90' lang='lat' dir='ltr'><strong>ad</strong></span> <span class='ocrx_word' id='word_1_144' title='bbox 452 2274 733 2345; x_wconf 81' lang='lat' dir='ltr'><strong>gaudium</strong></span> <span class='ocrx_word' id='word_1_145' title='bbox 766 2274 995 2340; x_wconf 89' lang='lat' dir='ltr'><strong>invitat,</strong></span> <span class='ocrx_word' id='word_1_146' title='bbox 1032 2290 1222 2329; x_wconf 89' lang='lat' dir='ltr'><strong>nonne</strong></span> <span class='ocrx_word' id='word_1_147' title='bbox 1255 2274 1510 2328; x_wconf 83' lang='lat' dir='ltr'><strong>restituti</strong></span> <span class='ocrx_word' id='word_1_148' title='bbox 1554 2275 1875 2344; x_wconf 88' lang='lat' dir='ltr'><strong>peccatoris</strong></span> 
     </span>
    </p>
   </div>
   <div class='ocr_carea' id='block_1_23' title="bbox 216 2362 1872 2434">
    <p class='ocr_par' dir='ltr' id='par_1_23' title="bbox 216 2362 1872 2434">
     <span class='ocr_line' id='line_1_23' title="bbox 216 2362 1872 2434; baseline -0.001 -15"><span class='ocrx_word' id='word_1_149' title='bbox 216 2363 546 2434; x_wconf 82' lang='lat' dir='ltr'><strong>exemplum</strong></span> <span class='ocrx_word' id='word_1_150' title='bbox 600 2362 730 2418; x_wconf 87' lang='lat' dir='ltr'><strong>est?</strong></span> <span class='ocrx_word' id='word_1_151' title='bbox 778 2363 943 2417; x_wconf 85' lang='lat' dir='ltr'><strong>Errat</strong></span> <span class='ocrx_word' id='word_1_152' title='bbox 992 2368 1049 2416; x_wconf 89' lang='lat' dir='ltr'><strong>et</strong></span> <span class='ocrx_word' id='word_1_153' title='bbox 1102 2378 1219 2415; x_wconf 89' lang='lat' dir='ltr'><strong>una</strong></span> <span class='ocrx_word' id='word_1_154' title='bbox 1270 2362 1520 2432; x_wconf 87' lang='lat' dir='ltr'><strong>pastoris</strong></span> <span class='ocrx_word' id='word_1_155' title='bbox 1550 2363 1593 2397; x_wconf 66' lang='lat'><strong>5°</strong></span> <span class='ocrx_word' id='word_1_156' title='bbox 1622 2362 1872 2434; x_wconf 86' lang='lat' dir='ltr'><strong>ovicula,</strong></span> 
     </span>
    </p>
   </div>
   <div class='ocr_carea' id='block_1_24' title="bbox 217 2449 1871 2523">
    <p class='ocr_par' dir='ltr' id='par_1_24' title="bbox 217 2449 1871 2523">
     <span class='ocr_line' id='line_1_24' title="bbox 217 2449 1871 2523; baseline -0.001 -16"><span class='ocrx_word' id='word_1_157' title='bbox 217 2454 317 2507; x_wconf 92' lang='lat' dir='ltr'><strong>sed</strong></span> <span class='ocrx_word' id='word_1_158' title='bbox 350 2468 493 2523; x_wconf 86' lang='lat' dir='ltr'><strong>grex</strong></span> <span class='ocrx_word' id='word_1_159' title='bbox 516 2469 633 2506; x_wconf 91' lang='lat' dir='ltr'><strong>una</strong></span> <span class='ocrx_word' id='word_1_160' title='bbox 657 2451 846 2505; x_wconf 90' lang='lat' dir='ltr'><strong>carior</strong></span> <span class='ocrx_word' id='word_1_161' title='bbox 877 2467 990 2504; x_wconf 92' lang='lat' dir='ltr'><strong>non</strong></span> <span class='ocrx_word' id='word_1_162' title='bbox 1015 2451 1171 2505; x_wconf 84' lang='lat' dir='ltr'><strong>erat:</strong></span> <span class='ocrx_word' id='word_1_163' title='bbox 1202 2466 1319 2504; x_wconf 90' lang='lat' dir='ltr'><strong>una</strong></span> <span class='ocrx_word' id='word_1_164' title='bbox 1350 2449 1451 2505; x_wconf 88' lang='lat' dir='ltr'><strong>illa</strong></span> <span class='ocrx_word' id='word_1_165' title='bbox 1481 2452 1871 2521; x_wconf 89' lang='lat' dir='ltr'><strong>conquiritur,</strong></span> 
     </span>
    </p>
   </div>
   <div class='ocr_carea' id='block_1_25' title="bbox 217 2539 1872 2612">
    <p class='ocr_par' dir='ltr' id='par_1_25' title="bbox 217 2539 1872 2612">
     <span class='ocr_line' id='line_1_25' title="bbox 217 2539 1872 2612; baseline 0 -17"><span class='ocrx_word' id='word_1_166' title='bbox 217 2558 336 2595; x_wconf 88' lang='lat' dir='ltr'><strong>una</strong></span> <span class='ocrx_word' id='word_1_167' title='bbox 367 2557 469 2612; x_wconf 92' lang='lat' dir='ltr'><strong>pro</strong></span> <span class='ocrx_word' id='word_1_168' title='bbox 496 2540 773 2595; x_wconf 91' lang='lat' dir='ltr'><strong>omnibus</strong></span> <span class='ocrx_word' id='word_1_169' title='bbox 803 2539 1253 2603; x_wconf 82' lang='lat' dir='ltr'><strong>desideratur,et</strong></span> <span class='ocrx_word' id='word_1_170' title='bbox 1283 2540 1518 2594; x_wconf 87' lang='lat' dir='ltr'><strong>tandem</strong></span> <span class='ocrx_word' id='word_1_171' title='bbox 1556 2540 1872 2607; x_wconf 88' lang='lat' dir='ltr'><strong>invenitur,</strong></span> 
     </span>
    </p>
   </div>
   <div class='ocr_carea' id='block_1_26' title="bbox 218 2628 1871 2700">
    <p class='ocr_par' dir='ltr' id='par_1_26' title="bbox 218 2628 1871 2700">
     <span class='ocr_line' id='line_1_26' title="bbox 218 2628 1871 2700; baseline 0 -14"><span class='ocrx_word' id='word_1_172' title='bbox 218 2635 275 2686; x_wconf 88' lang='lat' dir='ltr'><strong>et</strong></span> <span class='ocrx_word' id='word_1_173' title='bbox 301 2630 561 2685; x_wconf 88' lang='lat' dir='ltr'><strong>humeris</strong></span> <span class='ocrx_word' id='word_1_174' title='bbox 594 2628 847 2700; x_wconf 89' lang='lat' dir='ltr'><strong>pastoris</strong></span> <span class='ocrx_word' id='word_1_175' title='bbox 879 2628 1067 2700; x_wconf 89' lang='lat' dir='ltr'><strong>ipsius</strong></span> <span class='ocrx_word' id='word_1_176' title='bbox 1100 2629 1352 2684; x_wconf 82' lang='lat' dir='ltr'><strong>refertur</strong></span> <span class='ocrx_word' id='word_1_177' title='bbox 1385 2646 1397 2683; x_wconf 90' lang='lat'>:</span> <span class='ocrx_word' id='word_1_178' title='bbox 1436 2628 1685 2685; x_wconf 91' lang='lat' dir='ltr'><strong>multum</strong></span> <span class='ocrx_word' id='word_1_179' title='bbox 1715 2631 1871 2686; x_wconf 90' lang='lat' dir='ltr'><strong>enim</strong></span> 
     </span>
    </p>
   </div>
   <div class='ocr_carea' id='block_1_27' title="bbox 219 2716 1873 2791">
    <p class='ocr_par' dir='ltr' id='par_1_27' title="bbox 219 2716 1873 2791">
     <span class='ocr_line' id='line_1_27' title="bbox 219 2716 1873 2791; baseline -0.001 -16"><span class='ocrx_word' id='word_1_180' title='bbox 219 2719 466 2776; x_wconf 91' lang='lat' dir='ltr'><strong>errando</strong></span> <span class='ocrx_word' id='word_1_181' title='bbox 515 2718 899 2773; x_wconf 85' lang='lat' dir='ltr'><strong>laboraverat.</strong></span> <span class='ocrx_word' id='word_1_182' title='bbox 935 2716 1107 2772; x_wconf 91' lang='lat' dir='ltr'><strong>Illum</strong></span> <span class='ocrx_word' id='word_1_183' title='bbox 1154 2718 1324 2772; x_wconf 89' lang='lat' dir='ltr'><strong>etiam</strong></span> <span class='ocrx_word' id='word_1_184' title='bbox 1359 2717 1741 2773; x_wconf 89' lang='lat' dir='ltr'><strong>mitissimum</strong></span> <span class='ocrx_word' id='word_1_185' title='bbox 1773 2737 1873 2791; x_wconf 90' lang='lat' dir='ltr'><strong>pa-</strong></span> 
     </span>
    </p>
   </div>
   <div class='ocr_carea' id='block_1_28' title="bbox 220 2806 1875 2878">
    <p class='ocr_par' dir='ltr' id='par_1_28' title="bbox 220 2806 1875 2878">
     <span class='ocr_line' id='line_1_28' title="bbox 220 2806 1875 2878; baseline 0.001 -15"><span class='ocrx_word' id='word_1_186' title='bbox 220 2811 367 2863; x_wconf 90' lang='lat' dir='ltr'><strong>trem</strong></span> <span class='ocrx_word' id='word_1_187' title='bbox 407 2825 520 2862; x_wconf 92' lang='lat' dir='ltr'><strong>non</strong></span> <span class='ocrx_word' id='word_1_188' title='bbox 553 2810 778 2873; x_wconf 86' lang='lat' dir='ltr'><strong>tacebo,</strong></span> <span class='ocrx_word' id='word_1_189' title='bbox 832 2806 931 2877; x_wconf 91' lang='lat' dir='ltr'><strong>qui</strong></span> <span class='ocrx_word' id='word_1_190' title='bbox 965 2806 1277 2878; x_wconf 90' lang='lat' dir='ltr'><strong>prodigum</strong></span> <span class='ocrx_word' id='word_1_191' title='bbox 1320 2806 1503 2862; x_wconf 83' lang='lat' dir='ltr'><strong>filium</strong></span> <span class='ocrx_word' id='word_1_192' title='bbox 1536 2813 1786 2878; x_wconf 88' lang='lat' dir='ltr'><strong>revocat,</strong></span> <span class='ocrx_word' id='word_1_193' title='bbox 1818 2813 1875 2865; x_wconf 91' lang='lat' dir='ltr'><strong>et</strong></span> 
     </span>
    </p>
   </div>
   <div class='ocr_carea' id='block_1_29' title="bbox 219 2894 1875 2968">
    <p class='ocr_par' dir='ltr' id='par_1_29' title="bbox 219 2894 1875 2968">
     <span class='ocr_line' id='line_1_29' title="bbox 219 2894 1875 2968; baseline 0 -15"><span class='ocrx_word' id='word_1_194' title='bbox 219 2902 351 2968; x_wconf 90' lang='lat' dir='ltr'><strong>post</strong></span> <span class='ocrx_word' id='word_1_195' title='bbox 374 2897 631 2968; x_wconf 89' lang='lat' dir='ltr'><strong>inopiam</strong></span> <span class='ocrx_word' id='word_1_196' title='bbox 656 2895 1029 2967; x_wconf 87' lang='lat' dir='ltr'><strong>poenitentem</strong></span> <span class='ocrx_word' id='word_1_197' title='bbox 1052 2895 1097 2929; x_wconf 68' lang='lat'><strong>5°</strong></span> <span class='ocrx_word' id='word_1_198' title='bbox 1118 2894 1310 2951; x_wconf 92' lang='lat' dir='ltr'><strong>libens</strong></span> <span class='ocrx_word' id='word_1_199' title='bbox 1333 2895 1875 2967; x_wconf 85' lang='lat' dir='ltr'><strong>suscipit,immolat</strong></span> 
     </span>
    </p>
   </div>
   <div class='ocr_carea' id='block_1_30' title="bbox 217 2983 1873 3058">
    <p class='ocr_par' dir='ltr' id='par_1_30' title="bbox 217 2983 1873 3058">
     <span class='ocr_line' id='line_1_30' title="bbox 217 2983 1873 3058; baseline 0.001 -17"><span class='ocrx_word' id='word_1_200' title='bbox 217 2985 469 3041; x_wconf 90' lang='lat' dir='ltr'><strong>vitulum</strong></span> <span class='ocrx_word' id='word_1_201' title='bbox 505 2983 1177 3058; x_wconf 71' lang='lat' dir='ltr'><strong>prasepimum,convivio</strong></span> <span class='ocrx_word' id='word_1_202' title='bbox 1209 2985 1490 3054; x_wconf 82' lang='lat' dir='ltr'><strong>gaudium</strong></span> <span class='ocrx_word' id='word_1_203' title='bbox 1515 3002 1690 3040; x_wconf 89' lang='lat' dir='ltr'><strong>suum</strong></span> <span class='ocrx_word' id='word_1_204' title='bbox 1715 3002 1873 3042; x_wconf 82' lang='lat' dir='ltr'><strong>exor-</strong></span> 
     </span>
    </p>
   </div>
   <div class='ocr_carea' id='block_1_31' title="bbox 217 3072 1870 3145">
    <p class='ocr_par' dir='ltr' id='par_1_31' title="bbox 217 3072 1870 3145">
     <span class='ocr_line' id='line_1_31' title="bbox 217 3072 1870 3145; baseline 0.001 -15"><span class='ocrx_word' id='word_1_205' title='bbox 217 3080 339 3131; x_wconf 88' lang='lat' dir='ltr'><strong>nat.</strong></span> <span class='ocrx_word' id='word_1_206' title='bbox 375 3073 635 3140; x_wconf 86' lang='lat' dir='ltr'><strong>Quidni?</strong></span> <span class='ocrx_word' id='word_1_207' title='bbox 666 3074 871 3129; x_wconf 73' lang='lat' dir='ltr'><strong>I243</strong></span> <span class='ocrx_word' id='word_1_208' title='bbox 907 3072 1092 3127; x_wconf 83' lang='lat' dir='ltr'><strong>illium</strong></span> <span class='ocrx_word' id='word_1_209' title='bbox 1146 3073 1303 3127; x_wconf 90' lang='lat' dir='ltr'><strong>enim</strong></span> <span class='ocrx_word' id='word_1_210' title='bbox 1344 3074 1663 3139; x_wconf 87' lang='lat' dir='ltr'><strong>invenerat,</strong></span> <span class='ocrx_word' id='word_1_211' title='bbox 1698 3091 1870 3145; x_wconf 88' lang='lat' dir='ltr'><strong>quem</strong></span> 
     </span>
    </p>
   </div>
   <div class='ocr_carea' id='block_1_32' title="bbox 216 3161 1865 3233">
    <p class='ocr_par' dir='ltr' id='par_1_32' title="bbox 216 3161 1865 3233">
     <span class='ocr_line' id='line_1_32' title="bbox 216 3161 1865 3233; baseline 0.001 -14"><span class='ocrx_word' id='word_1_212' title='bbox 216 3164 534 3229; x_wconf 86' lang='lat' dir='ltr'><strong>amiserat;</strong></span> <span class='ocrx_word' id='word_1_213' title='bbox 567 3164 849 3219; x_wconf 89' lang='lat' dir='ltr'><strong>cariorem</strong></span> <span class='ocrx_word' id='word_1_214' title='bbox 899 3166 1189 3232; x_wconf 89' lang='lat' dir='ltr'><strong>senserat,</strong></span> <span class='ocrx_word' id='word_1_215' title='bbox 1222 3178 1397 3233; x_wconf 90' lang='lat' dir='ltr'><strong>quem</strong></span> <span class='ocrx_word' id='word_1_216' title='bbox 1438 3161 1585 3218; x_wconf 93' lang='lat' dir='ltr'><strong>lucri</strong></span> <span class='ocrx_word' id='word_1_217' title='bbox 1635 3166 1865 3220; x_wconf 85' lang='lat' dir='ltr'><strong>fecerat.</strong></span> 
     </span>
    </p>
   </div>
   <div class='ocr_carea' id='block_1_33' title="bbox 1447 358 2408 423">
    <p class='ocr_par' dir='ltr' id='par_1_33' title="bbox 1447 358 2408 423">
     <span class='ocr_line' id='line_1_33' title="bbox 1447 358 2408 423; baseline 0.001 -2"><span class='ocrx_word' id='word_1_218' title='bbox 1447 360 1676 421; x_wconf 79' lang='lat' dir='ltr'><strong>LIBER</strong></span> <span class='ocrx_word' id='word_1_219' title='bbox 1722 360 1823 419; x_wconf 89' lang='lat' dir='ltr'><strong>DE</strong></span> <span class='ocrx_word' id='word_1_220' title='bbox 1868 358 2408 423; x_wconf 77' lang='lat' dir='ltr'><strong>POENI&#39;I‘EN&#39;I‘IA.</strong></span> 
     </span>
    </p>
   </div>
   <div class='ocr_carea' id='block_1_34' title="bbox 1903 494 3641 568">
    <p class='ocr_par' dir='ltr' id='par_1_34' title="bbox 1903 494 3641 568">
     <span class='ocr_line' id='line_1_34' title="bbox 1903 494 3641 568; baseline 0.006 -24"><span class='ocrx_word' id='word_1_221' title='bbox 1903 494 1953 557; x_wconf 81' lang='grc' dir='ltr'><strong>Α</strong></span> <span class='ocrx_word' id='word_1_222' title='bbox 1985 508 2184 558; x_wconf 81' lang='lat' dir='ltr'><strong>suum,</strong></span> <span class='ocrx_word' id='word_1_223' title='bbox 2216 494 2323 549; x_wconf 91' lang='lat' dir='ltr'><strong>etsi</strong></span> <span class='ocrx_word' id='word_1_224' title='bbox 2366 498 2669 566; x_wconf 90' lang='lat' dir='ltr'><strong>acceptum</strong></span> <span class='ocrx_word' id='word_1_225' title='bbox 2704 495 2775 550; x_wconf 92' lang='lat' dir='ltr'><strong>ab</strong></span> <span class='ocrx_word' id='word_1_226' title='bbox 2802 511 2868 551; x_wconf 89' lang='lat' dir='ltr'><strong>eo</strong></span> <span class='ocrx_word' id='word_1_227' title='bbox 2910 496 3267 568; x_wconf 86' lang='lat' dir='ltr'><strong>prodegeris,</strong></span> <span class='ocrx_word' id='word_1_228' title='bbox 3301 497 3408 553; x_wconf 83' lang='lat' dir='ltr'><strong>etsi</strong></span> <span class='ocrx_word' id='word_1_229' title='bbox 3442 499 3641 555; x_wconf 86' lang='lat' dir='ltr'><strong>nudus</strong></span> 
     </span>
    </p>
   </div>
   <div class='ocr_carea' id='block_1_35' title="bbox 3479 366 3639 429">
    <p class='ocr_par' dir='ltr' id='par_1_35' title="bbox 3479 366 3639 429">
     <span class='ocr_line' id='line_1_35' title="bbox 3479 366 3639 429; baseline -0.006 -2"><span class='ocrx_word' id='word_1_230' title='bbox 3479 366 3639 429; x_wconf 68' lang='lat' dir='ltr'><strong>I354</strong></span> 
     </span>
    </p>
   </div>
   <div class='ocr_carea' id='block_1_36' title="bbox 1987 581 3637 656">
    <p class='ocr_par' dir='ltr' id='par_1_36' title="bbox 1987 581 3637 656">
     <span class='ocr_line' id='line_1_36' title="bbox 1987 581 3637 656; baseline 0.005 -22"><span class='ocrx_word' id='word_1_231' title='bbox 1987 581 2250 647; x_wconf 87' lang='lat' dir='ltr'><strong>redieris,</strong></span> <span class='ocrx_word' id='word_1_232' title='bbox 2283 582 2539 653; x_wconf 87' lang='lat' dir='ltr'><strong>recipiet,</strong></span> <span class='ocrx_word' id='word_1_233' title='bbox 2589 583 2729 653; x_wconf 88' lang='lat' dir='ltr'><strong>quia</strong></span> <span class='ocrx_word' id='word_1_234' title='bbox 2781 583 3002 655; x_wconf 85' lang='lat' dir='ltr'><strong>redisti,</strong></span> <span class='ocrx_word' id='word_1_235' title='bbox 3056 584 3363 656; x_wconf 88' lang='lat' dir='ltr'><strong>magisque</strong></span> <span class='ocrx_word' id='word_1_236' title='bbox 3420 586 3492 641; x_wconf 89' lang='lat' dir='ltr'><strong>de</strong></span> <span class='ocrx_word' id='word_1_237' title='bbox 3549 604 3637 643; x_wconf 86' lang='lat' dir='ltr'><strong>re-</strong></span> 
     </span>
    </p>
   </div>
   <div class='ocr_carea' id='block_1_37' title="bbox 1986 672 3635 747">
    <p class='ocr_par' dir='ltr' id='par_1_37' title="bbox 1986 672 3635 747">
     <span class='ocr_line' id='line_1_37' title="bbox 1986 672 3635 747; baseline 0.005 -25"><span class='ocrx_word' id='word_1_238' title='bbox 1986 685 2190 739; x_wconf 83' lang='lat' dir='ltr'><strong>gressu</strong></span> <span class='ocrx_word' id='word_1_239' title='bbox 2229 678 2347 741; x_wconf 89' lang='lat' dir='ltr'><strong>tuo,</strong></span> <span class='ocrx_word' id='word_1_240' title='bbox 2377 688 2553 742; x_wconf 89' lang='lat' dir='ltr'><strong>quam</strong></span> <span class='ocrx_word' id='word_1_241' title='bbox 2590 674 2660 727; x_wconf 90' lang='lat' dir='ltr'><strong>de</strong></span> <span class='ocrx_word' id='word_1_242' title='bbox 2713 672 2951 728; x_wconf 83' lang='lat' dir='ltr'><strong>alterius</strong></span> <span class='ocrx_word' id='word_1_243' title='bbox 2979 674 3294 730; x_wconf 87' lang='lat' dir='ltr'><strong>sobrietate</strong></span> <span class='ocrx_word' id='word_1_244' title='bbox 3322 674 3635 747; x_wconf 72' lang='lat' dir='ltr'><strong>listabitur,</strong></span> 
     </span>
    </p>
   </div>
   <div class='ocr_carea' id='block_1_38' title="bbox 1986 760 3635 830">
    <p class='ocr_par' dir='ltr' id='par_1_38' title="bbox 1986 760 3635 830">
     <span class='ocr_line' id='line_1_38' title="bbox 1986 760 3635 830; baseline 0.004 -17"><span class='ocrx_word' id='word_1_245' title='bbox 1986 760 2086 813; x_wconf 90' lang='lat' dir='ltr'><strong>sed</strong></span> <span class='ocrx_word' id='word_1_246' title='bbox 2120 760 2168 814; x_wconf 88' lang='lat' dir='ltr'><strong>si</strong></span> <span class='ocrx_word' id='word_1_247' title='bbox 2204 762 2478 830; x_wconf 78' lang='lat' dir='ltr'><strong>pcsniteat</strong></span> <span class='ocrx_word' id='word_1_248' title='bbox 2507 764 2571 795; x_wconf 63' lang='grc' dir='ltr'><strong>δυ·</strong></span> <span class='ocrx_word' id='word_1_249' title='bbox 2606 778 2675 815; x_wconf 84' lang='lat' dir='ltr'><strong>ex</strong></span> <span class='ocrx_word' id='word_1_250' title='bbox 2723 762 2941 830; x_wconf 87' lang='lat' dir='ltr'><strong>animo,</strong></span> <span class='ocrx_word' id='word_1_251' title='bbox 2976 762 3025 817; x_wconf 91' lang='lat' dir='ltr'><strong>si</strong></span> <span class='ocrx_word' id='word_1_252' title='bbox 3057 764 3268 818; x_wconf 82' lang='lat' dir='ltr'><strong>famem</strong></span> <span class='ocrx_word' id='word_1_253' title='bbox 3305 769 3467 819; x_wconf 91' lang='lat' dir='ltr'><strong>tuam</strong></span> <span class='ocrx_word' id='word_1_254' title='bbox 3498 780 3635 820; x_wconf 90' lang='lat' dir='ltr'><strong>cum</strong></span> 
     </span>
    </p>
   </div>
   <div class='ocr_carea' id='block_1_39' title="bbox 1986 850 3634 926">
    <p class='ocr_par' dir='ltr' id='par_1_39' title="bbox 1986 850 3634 926">
     <span class='ocr_line' id='line_1_39' title="bbox 1986 850 3634 926; baseline 0.005 -25"><span class='ocrx_word' id='word_1_255' title='bbox 1986 850 2290 905; x_wconf 88' lang='lat' dir='ltr'><strong>saturitate</strong></span> <span class='ocrx_word' id='word_1_256' title='bbox 2344 850 2837 905; x_wconf 89' lang='lat' dir='ltr'><strong>meroenariorum</strong></span> <span class='ocrx_word' id='word_1_257' title='bbox 2887 858 3262 922; x_wconf 89' lang='lat' dir='ltr'><strong>paternorum</strong></span> <span class='ocrx_word' id='word_1_258' title='bbox 3306 869 3634 926; x_wconf 90' lang='lat' dir='ltr'><strong>compares,</strong></span> 
     </span>
    </p>
   </div>
   <div class='ocr_carea' id='block_1_40' title="bbox 1987 935 3632 1014">
    <p class='ocr_par' dir='ltr' id='par_1_40' title="bbox 1987 935 3632 1014">
     <span class='ocr_line' id='line_1_40' title="bbox 1987 935 3632 1014; baseline 0.004 -22"><span class='ocrx_word' id='word_1_259' title='bbox 1987 935 2034 992; x_wconf 88' lang='lat' dir='ltr'><strong>si</strong></span> <span class='ocrx_word' id='word_1_260' title='bbox 2068 954 2273 1008; x_wconf 92' lang='lat' dir='ltr'><strong>porcos</strong></span> <span class='ocrx_word' id='word_1_261' title='bbox 2324 939 2694 994; x_wconf 79' lang='lat' dir='ltr'><strong>immundum</strong></span> <span class='ocrx_word' id='word_1_262' title='bbox 2746 939 3043 1010; x_wconf 89' lang='lat' dir='ltr'><strong>relinquas</strong></span> <span class='ocrx_word' id='word_1_263' title='bbox 3075 958 3274 1013; x_wconf 90' lang='lat' dir='ltr'><strong>pecus,</strong></span> <span class='ocrx_word' id='word_1_264' title='bbox 3306 941 3354 997; x_wconf 91' lang='lat' dir='ltr'><strong>si</strong></span> <span class='ocrx_word' id='word_1_265' title='bbox 3404 946 3632 1014; x_wconf 89' lang='lat' dir='ltr'><strong>patrem</strong></span> 
     </span>
    </p>
   </div>
   <div class='ocr_carea' id='block_1_41' title="bbox 1987 1026 3637 1102">
    <p class='ocr_par' dir='ltr' id='par_1_41' title="bbox 1987 1026 3637 1102">
     <span class='ocr_line' id='line_1_41' title="bbox 1987 1026 3637 1102; baseline 0.005 -23"><span class='ocrx_word' id='word_1_266' title='bbox 1987 1030 2215 1096; x_wconf 87' lang='lat' dir='ltr'><strong>repetas</strong></span> <span class='ocrx_word' id='word_1_267' title='bbox 2273 1026 2358 1081; x_wconf 91' lang='lat' dir='ltr'><strong>vel</strong></span> <span class='ocrx_word' id='word_1_268' title='bbox 2409 1026 2719 1091; x_wconf 69' lang='lat' dir='ltr'><strong>offensum,</strong></span> <span class='ocrx_word' id='word_1_269' title='bbox 2776 1028 3011 1100; x_wconf 82' lang='lat' dir='ltr'><strong>Deliqui,</strong></span> <span class='ocrx_word' id='word_1_270' title='bbox 3060 1030 3281 1097; x_wconf 89' lang='lat' dir='ltr'><strong>dicens,</strong></span> <span class='ocrx_word' id='word_1_271' title='bbox 3327 1034 3505 1102; x_wconf 78' lang='lat' dir='ltr'><strong>pater,</strong></span> <span class='ocrx_word' id='word_1_272' title='bbox 3536 1047 3637 1088; x_wconf 82' lang='lat' dir='ltr'><strong>nec</strong></span> 
     </span>
    </p>
   </div>
   <div class='ocr_carea' id='block_1_42' title="bbox 1986 1114 3635 1193">
    <p class='ocr_par' dir='ltr' id='par_1_42' title="bbox 1986 1114 3635 1193">
     <span class='ocr_line' id='line_1_42' title="bbox 1986 1114 3635 1193; baseline 0.004 -25"><span class='ocrx_word' id='word_1_273' title='bbox 1986 1114 2185 1182; x_wconf 78' lang='lat' dir='ltr'><strong>dignus</strong></span> <span class='ocrx_word' id='word_1_274' title='bbox 2240 1133 2333 1187; x_wconf 84' lang='lat' dir='ltr'><strong>ego</strong></span> <span class='ocrx_word' id='word_1_275' title='bbox 2378 1119 2501 1188; x_wconf 88' lang='lat' dir='ltr'><strong>jam</strong></span> <span class='ocrx_word' id='word_1_276' title='bbox 2558 1120 2745 1172; x_wconf 84' lang='lat' dir='ltr'><strong>vocari</strong></span> <span class='ocrx_word' id='word_1_277' title='bbox 2801 1120 2947 1173; x_wconf 81' lang='lat' dir='ltr'><strong>tuus.</strong></span> <span class='ocrx_word' id='word_1_278' title='bbox 2980 1118 3233 1173; x_wconf 88' lang='lat' dir='ltr'><strong>Tantum</strong></span> <span class='ocrx_word' id='word_1_279' title='bbox 3284 1118 3497 1175; x_wconf 90' lang='lat' dir='ltr'><strong>relevat</strong></span> <span class='ocrx_word' id='word_1_280' title='bbox 3525 1121 3635 1193; x_wconf 91' lang='lat'><strong>(70)</strong></span> 
     </span>
    </p>
   </div>
   <div class='ocr_carea' id='block_1_43' title="bbox 1986 1206 3638 1281">
    <p class='ocr_par' dir='ltr' id='par_1_43' title="bbox 1986 1206 3638 1281">
     <span class='ocr_line' id='line_1_43' title="bbox 1986 1206 3638 1281; baseline 0.005 -24"><span class='ocrx_word' id='word_1_281' title='bbox 1986 1206 2273 1260; x_wconf 81' lang='lat' dir='ltr'><strong>confessio</strong></span> <span class='ocrx_word' id='word_1_282' title='bbox 2295 1206 2638 1261; x_wconf 91' lang='lat' dir='ltr'><strong>delictorum</strong></span> <span class='ocrx_word' id='word_1_283' title='bbox 2662 1208 3026 1278; x_wconf 75' lang='lat' dir='ltr'><strong>“,quantum</strong></span> <span class='ocrx_word' id='word_1_284' title='bbox 3051 1208 3448 1264; x_wconf 87' lang='lat' dir='ltr'><strong>dissimulatio</strong></span> <span class='ocrx_word' id='word_1_285' title='bbox 3470 1225 3638 1281; x_wconf 83' lang='lat' dir='ltr'><strong>exag-</strong></span> 
     </span>
    </p>
   </div>
   <div class='ocr_carea' id='block_1_44' title="bbox 1986 1294 3636 1368">
    <p class='ocr_par' dir='ltr' id='par_1_44' title="bbox 1986 1294 3636 1368">
     <span class='ocr_line' id='line_1_44' title="bbox 1986 1294 3636 1368; baseline 0.004 -21"><span class='ocrx_word' id='word_1_286' title='bbox 1986 1299 2167 1364; x_wconf 88' lang='lat' dir='ltr'><strong>gerat.</strong></span> <span class='ocrx_word' id='word_1_287' title='bbox 2201 1294 2500 1350; x_wconf 78' lang='lat' dir='ltr'><strong>Confessio</strong></span> <span class='ocrx_word' id='word_1_288' title='bbox 2531 1295 2686 1349; x_wconf 90' lang='lat' dir='ltr'><strong>enim</strong></span> <span class='ocrx_word' id='word_1_289' title='bbox 2724 1295 3147 1351; x_wconf 86' lang='lat' dir='ltr'><strong>satisfactionis</strong></span> <span class='ocrx_word' id='word_1_290' title='bbox 3180 1296 3492 1354; x_wconf 88' lang='lat' dir='ltr'><strong>consilium</strong></span> <span class='ocrx_word' id='word_1_291' title='bbox 3524 1304 3636 1368; x_wconf 86' lang='lat' dir='ltr'><strong>est,</strong></span> 
     </span>
    </p>
   </div>
   <div class='ocr_carea' id='block_1_45' title="bbox 1985 1382 2811 1438">
    <p class='ocr_par' dir='ltr' id='par_1_45' title="bbox 1985 1382 2811 1438">
     <span class='ocr_line' id='line_1_45' title="bbox 1985 1382 2811 1438; baseline 0.005 -6"><span class='ocrx_word' id='word_1_292' title='bbox 1985 1382 2377 1438; x_wconf 82' lang='lat' dir='ltr'><strong>dissimulatio</strong></span> <span class='ocrx_word' id='word_1_293' title='bbox 2408 1385 2811 1438; x_wconf 65' lang='lat' dir='ltr'><strong>contumaciae.</strong></span> 
     </span>
    </p>
   </div>
   <div class='ocr_carea' id='block_1_46' title="bbox 2627 1525 2990 1583">
    <p class='ocr_par' dir='ltr' id='par_1_46' title="bbox 2627 1525 2990 1583">
     <span class='ocr_line' id='line_1_46' title="bbox 2627 1525 2990 1583; baseline 0.008 -3"><span class='ocrx_word' id='word_1_294' title='bbox 2627 1525 2858 1583; x_wconf 86' lang='lat' dir='ltr'><strong>CAPUT</strong></span> <span class='ocrx_word' id='word_1_295' title='bbox 2900 1527 2990 1583; x_wconf 88' lang='lat' dir='ltr'><strong>1X.</strong></span> 
     </span>
    </p>
   </div>
   <div class='ocr_carea' id='block_1_47' title="bbox 2055 1650 3638 1726">
    <p class='ocr_par' dir='ltr' id='par_1_47' title="bbox 2055 1650 3638 1726">
     <span class='ocr_line' id='line_1_47' title="bbox 2055 1650 3638 1726; baseline 0.004 -22"><span class='ocrx_word' id='word_1_296' title='bbox 2055 1650 2242 1719; x_wconf 86' lang='lat' dir='ltr'><strong>Hujus</strong></span> <span class='ocrx_word' id='word_1_297' title='bbox 2272 1650 2450 1721; x_wconf 89' lang='lat' dir='ltr'><strong>igitur</strong></span> <span class='ocrx_word' id='word_1_298' title='bbox 2472 1650 2823 1721; x_wconf 73' lang='lat' dir='ltr'><strong>pcenitentias</strong></span> <span class='ocrx_word' id='word_1_299' title='bbox 2846 1652 3114 1708; x_wconf 73' lang='lat' dir='ltr'><strong>secundis</strong></span> <span class='ocrx_word' id='word_1_300' title='bbox 3137 1656 3192 1707; x_wconf 90' lang='lat' dir='ltr'><strong>et</strong></span> <span class='ocrx_word' id='word_1_301' title='bbox 3216 1653 3638 1726; x_wconf 89' lang='lat' dir='ltr'><strong>unius,quanto</strong></span> 
     </span>
    </p>
   </div>
   <div class='ocr_carea' id='block_1_48' title="bbox 1984 1738 3636 1814">
    <p class='ocr_par' dir='ltr' id='par_1_48' title="bbox 1984 1738 3636 1814">
     <span class='ocr_line' id='line_1_48' title="bbox 1984 1738 3636 1814; baseline 0.004 -22"><span class='ocrx_word' id='word_1_302' title='bbox 1984 1738 2041 1793; x_wconf 89' lang='lat' dir='ltr'><strong>in</strong></span> <span class='ocrx_word' id='word_1_303' title='bbox 2076 1744 2234 1795; x_wconf 91' lang='lat' dir='ltr'><strong>arcto</strong></span> <span class='ocrx_word' id='word_1_304' title='bbox 2265 1739 2565 1810; x_wconf 85' lang='lat' dir='ltr'><strong>negotium</strong></span> <span class='ocrx_word' id='word_1_305' title='bbox 2597 1745 2706 1806; x_wconf 89' lang='lat' dir='ltr'><strong>est,</strong></span> <span class='ocrx_word' id='word_1_306' title='bbox 2740 1744 2903 1796; x_wconf 89' lang='lat' dir='ltr'><strong>tanto</strong></span> <span class='ocrx_word' id='word_1_307' title='bbox 2948 1741 3246 1812; x_wconf 89' lang='lat' dir='ltr'><strong>operosior</strong></span> <span class='ocrx_word' id='word_1_308' title='bbox 3278 1743 3540 1814; x_wconf 91' lang='lat' dir='ltr'><strong>probatio</strong></span> <span class='ocrx_word' id='word_1_309' title='bbox 3570 1744 3636 1810; x_wconf 73' lang='grc' dir='ltr'><strong>δ’,</strong></span> 
     </span>
    </p>
   </div>
   <div class='ocr_carea' id='block_1_49' title="bbox 1906 1828 3637 1919">
    <p class='ocr_par' dir='ltr' id='par_1_49' title="bbox 1906 1828 3637 1919">
     <span class='ocr_line' id='line_1_49' title="bbox 1906 1828 3637 1919; baseline 0.003 -37"><span class='ocrx_word' id='word_1_310' title='bbox 1906 1855 1953 1919; x_wconf 79' lang='grc' dir='ltr'><strong>Β</strong></span> <span class='ocrx_word' id='word_1_311' title='bbox 1984 1833 2049 1882; x_wconf 92' lang='lat' dir='ltr'><strong>ut</strong></span> <span class='ocrx_word' id='word_1_312' title='bbox 2095 1845 2210 1883; x_wconf 90' lang='lat' dir='ltr'><strong>non</strong></span> <span class='ocrx_word' id='word_1_313' title='bbox 2257 1828 2384 1883; x_wconf 90' lang='lat' dir='ltr'><strong>sola</strong></span> <span class='ocrx_word' id='word_1_314' title='bbox 2430 1830 2791 1885; x_wconf 89' lang='lat' dir='ltr'><strong>conscientia</strong></span> <span class='ocrx_word' id='word_1_315' title='bbox 2817 1831 2862 1864; x_wconf 77' lang='grc'><strong>⁸³</strong></span> <span class='ocrx_word' id='word_1_316' title='bbox 2896 1831 3241 1903; x_wconf 84' lang='lat' dir='ltr'><strong>proferatur,</strong></span> <span class='ocrx_word' id='word_1_317' title='bbox 3289 1833 3390 1887; x_wconf 88' lang='lat' dir='ltr'><strong>sed</strong></span> <span class='ocrx_word' id='word_1_318' title='bbox 3438 1831 3637 1904; x_wconf 92' lang='lat' dir='ltr'><strong>aliquo</strong></span> 
     </span>
    </p>
   </div>
   <div class='ocr_carea' id='block_1_50' title="bbox 1985 1917 3637 1992">
    <p class='ocr_par' dir='ltr' id='par_1_50' title="bbox 1985 1917 3637 1992">
     <span class='ocr_line' id='line_1_50' title="bbox 1985 1917 3637 1992; baseline 0.003 -21"><span class='ocrx_word' id='word_1_319' title='bbox 1985 1917 2158 1971; x_wconf 87' lang='lat' dir='ltr'><strong>etiam</strong></span> <span class='ocrx_word' id='word_1_320' title='bbox 2185 1921 2318 1971; x_wconf 88' lang='lat' dir='ltr'><strong>actu</strong></span> <span class='ocrx_word' id='word_1_321' title='bbox 2342 1918 2878 1973; x_wconf 89' lang='lat' dir='ltr'><strong>administretur.1s</strong></span> <span class='ocrx_word' id='word_1_322' title='bbox 2901 1923 3088 1983; x_wconf 89' lang='lat' dir='ltr'><strong>actus,</strong></span> <span class='ocrx_word' id='word_1_323' title='bbox 3106 1920 3205 1991; x_wconf 91' lang='lat' dir='ltr'><strong>qui</strong></span> <span class='ocrx_word' id='word_1_324' title='bbox 3230 1920 3417 1992; x_wconf 89' lang='lat' dir='ltr'><strong>magis</strong></span> <span class='ocrx_word' id='word_1_325' title='bbox 3440 1920 3637 1977; x_wconf 67' lang='lat' dir='ltr'><strong>Grmco</strong></span> 
     </span>
    </p>
   </div>
   <div class='ocr_carea' id='block_1_51' title="bbox 1983 2004 3640 2081">
    <p class='ocr_par' dir='ltr' id='par_1_51' title="bbox 1983 2004 3640 2081">
     <span class='ocr_line' id='line_1_51' title="bbox 1983 2004 3640 2081; baseline 0.003 -21"><span class='ocrx_word' id='word_1_326' title='bbox 1983 2004 2264 2061; x_wconf 88' lang='lat' dir='ltr'><strong>vocabulo</strong></span> <span class='ocrx_word' id='word_1_327' title='bbox 2296 2005 2643 2077; x_wconf 86' lang='lat' dir='ltr'><strong>exprimitur</strong></span> <span class='ocrx_word' id='word_1_328' title='bbox 2672 2010 2729 2061; x_wconf 91' lang='lat' dir='ltr'><strong>et</strong></span> <span class='ocrx_word' id='word_1_329' title='bbox 2758 2007 3640 2081; x_wconf 84' lang='lat' dir='ltr'><strong>frequentatur,Exomologesis</strong></span> 
     </span>
    </p>
   </div>
   <div class='ocr_carea' id='block_1_52' title="bbox 1984 2094 3637 2167">
    <p class='ocr_par' dir='ltr' id='par_1_52' title="bbox 1984 2094 3637 2167">
     <span class='ocr_line' id='line_1_52' title="bbox 1984 2094 3637 2167; baseline 0.001 -17"><span class='ocrx_word' id='word_1_330' title='bbox 1984 2099 2072 2150; x_wconf 89' lang='lat' dir='ltr'><strong>est</strong></span> <span class='ocrx_word' id='word_1_331' title='bbox 2089 2095 2222 2167; x_wconf 88' lang='grc'>(71),</span> <span class='ocrx_word' id='word_1_332' title='bbox 2242 2111 2359 2166; x_wconf 87' lang='lat' dir='ltr'><strong>qua</strong></span> <span class='ocrx_word' id='word_1_333' title='bbox 2384 2094 2660 2150; x_wconf 86' lang='lat' dir='ltr'><strong>delictum</strong></span> <span class='ocrx_word' id='word_1_334' title='bbox 2680 2095 2925 2151; x_wconf 90' lang='lat' dir='ltr'><strong>Domino</strong></span> <span class='ocrx_word' id='word_1_335' title='bbox 2950 2100 3217 2151; x_wconf 87' lang='lat' dir='ltr'><strong>nostrum</strong></span> <span class='ocrx_word' id='word_1_336' title='bbox 3241 2097 3591 2153; x_wconf 82' lang='lat' dir='ltr'><strong>conﬁtemur</strong></span> <span class='ocrx_word' id='word_1_337' title='bbox 3623 2113 3637 2152; x_wconf 87' lang='lat'><strong>:</strong></span> 
     </span>
    </p>
   </div>
   <div class='ocr_carea' id='block_1_53' title="bbox 1984 2183 3640 2256">
    <p class='ocr_par' dir='ltr' id='par_1_53' title="bbox 1984 2183 3640 2256">
     <span class='ocr_line' id='line_1_53' title="bbox 1984 2183 3640 2256; baseline 0.002 -18"><span class='ocrx_word' id='word_1_338' title='bbox 1984 2200 2100 2238; x_wconf 90' lang='lat' dir='ltr'><strong>non</strong></span> <span class='ocrx_word' id='word_1_339' title='bbox 2148 2183 2383 2253; x_wconf 91' lang='lat' dir='ltr'><strong>quidem</strong></span> <span class='ocrx_word' id='word_1_340' title='bbox 2441 2186 2505 2238; x_wconf 90' lang='lat' dir='ltr'><strong>ut</strong></span> <span class='ocrx_word' id='word_1_341' title='bbox 2553 2184 2778 2255; x_wconf 89' lang='lat' dir='ltr'><strong>ignaro,</strong></span> <span class='ocrx_word' id='word_1_342' title='bbox 2812 2185 2911 2240; x_wconf 85' lang='lat' dir='ltr'><strong>sed</strong></span> <span class='ocrx_word' id='word_1_343' title='bbox 2970 2190 3262 2256; x_wconf 85' lang='lat' dir='ltr'><strong>quatenus</strong></span> <span class='ocrx_word' id='word_1_344' title='bbox 3312 2185 3640 2241; x_wconf 81' lang='lat' dir='ltr'><strong>satisfactio</strong></span> 
     </span>
    </p>
   </div>
   <div class='ocr_carea' id='block_1_54' title="bbox 1984 2272 3643 2345">
    <p class='ocr_par' dir='ltr' id='par_1_54' title="bbox 1984 2272 3643 2345">
     <span class='ocr_line' id='line_1_54' title="bbox 1984 2272 3643 2345; baseline 0.003 -19"><span class='ocrx_word' id='word_1_345' title='bbox 1984 2273 2349 2327; x_wconf 83' lang='lat' dir='ltr'><strong>confessione</strong></span> <span class='ocrx_word' id='word_1_346' title='bbox 2426 2272 2781 2343; x_wconf 82' lang='lat' dir='ltr'><strong>disponitur,</strong></span> <span class='ocrx_word' id='word_1_347' title='bbox 2855 2272 3219 2329; x_wconf 85' lang='lat' dir='ltr'><strong>confessione</strong></span> <span class='ocrx_word' id='word_1_348' title='bbox 3297 2274 3643 2345; x_wconf 80' lang='lat' dir='ltr'><strong>pcenitentia</strong></span> 
     </span>
    </p>
   </div>
   <div class='ocr_carea' id='block_1_55' title="bbox 1985 2360 3642 2434">
    <p class='ocr_par' dir='ltr' id='par_1_55' title="bbox 1985 2360 3642 2434">
     <span class='ocr_line' id='line_1_55' title="bbox 1985 2360 3642 2434; baseline 0.002 -19"><span class='ocrx_word' id='word_1_349' title='bbox 1985 2360 2266 2428; x_wconf 90' lang='lat' dir='ltr'><strong>nascitur,</strong></span> <span class='ocrx_word' id='word_1_350' title='bbox 2304 2361 2643 2430; x_wconf 86' lang='lat' dir='ltr'><strong>poenitentia</strong></span> <span class='ocrx_word' id='word_1_351' title='bbox 2692 2361 2846 2416; x_wconf 87' lang='lat' dir='ltr'><strong>Deus</strong></span> <span class='ocrx_word' id='word_1_352' title='bbox 2893 2361 3221 2433; x_wconf 89' lang='lat' dir='ltr'><strong>mitigatur.</strong></span> <span class='ocrx_word' id='word_1_353' title='bbox 3252 2363 3458 2434; x_wconf 90' lang='lat' dir='ltr'><strong>Itaque</strong></span> <span class='ocrx_word' id='word_1_354' title='bbox 3502 2366 3642 2419; x_wconf 82' lang='lat' dir='ltr'><strong>Exo-</strong></span> 
     </span>
    </p>
   </div>
   <div class='ocr_carea' id='block_1_56' title="bbox 1985 2449 3641 2521">
    <p class='ocr_par' dir='ltr' id='par_1_56' title="bbox 1985 2449 3641 2521">
     <span class='ocr_line' id='line_1_56' title="bbox 1985 2449 3641 2521; baseline 0.003 -18"><span class='ocrx_word' id='word_1_355' title='bbox 1985 2449 2298 2520; x_wconf 86' lang='lat' dir='ltr'><strong>mologesis</strong></span> <span class='ocrx_word' id='word_1_356' title='bbox 2347 2449 2755 2521; x_wconf 90' lang='lat' dir='ltr'><strong>prosternendi</strong></span> <span class='ocrx_word' id='word_1_357' title='bbox 2804 2454 2861 2505; x_wconf 91' lang='lat' dir='ltr'><strong>et</strong></span> <span class='ocrx_word' id='word_1_358' title='bbox 2902 2449 3328 2506; x_wconf 83' lang='lat' dir='ltr'><strong>humilificandi</strong></span> <span class='ocrx_word' id='word_1_359' title='bbox 3382 2450 3641 2508; x_wconf 89' lang='lat' dir='ltr'><strong>hominis</strong></span> 
     </span>
    </p>
   </div>
   <div class='ocr_carea' id='block_1_57' title="bbox 1983 2538 3641 2613">
    <p class='ocr_par' dir='ltr' id='par_1_57' title="bbox 1983 2538 3641 2613">
     <span class='ocr_line' id='line_1_57' title="bbox 1983 2538 3641 2613; baseline 0.002 -20"><span class='ocrx_word' id='word_1_360' title='bbox 1983 2538 2294 2610; x_wconf 84' lang='lat' dir='ltr'><strong>disciplina</strong></span> <span class='ocrx_word' id='word_1_361' title='bbox 2324 2544 2432 2607; x_wconf 89' lang='lat' dir='ltr'><strong>est,</strong></span> <span class='ocrx_word' id='word_1_362' title='bbox 2465 2540 2967 2595; x_wconf 83' lang='lat' dir='ltr'><strong>conversationem</strong></span> <span class='ocrx_word' id='word_1_363' title='bbox 3012 2541 3219 2597; x_wconf 72' lang='lat' dir='ltr'><strong>I244</strong></span> <span class='ocrx_word' id='word_1_364' title='bbox 3252 2540 3567 2613; x_wconf 88' lang='lat' dir='ltr'><strong>injungens</strong></span> <span class='ocrx_word' id='word_1_365' title='bbox 3594 2541 3641 2576; x_wconf 78' lang='lat'><strong>“</strong></span> 
     </span>
    </p>
   </div>
   <div class='ocr_carea' id='block_1_58' title="bbox 1982 2626 3639 2701">
    <p class='ocr_par' dir='ltr' id='par_1_58' title="bbox 1982 2626 3639 2701">
     <span class='ocr_line' id='line_1_58' title="bbox 1982 2626 3639 2701; baseline 0.002 -19"><span class='ocrx_word' id='word_1_366' title='bbox 1982 2628 2397 2683; x_wconf 67' lang='lat' dir='ltr'><strong>misericordiae</strong></span> <span class='ocrx_word' id='word_1_367' title='bbox 2419 2626 2658 2694; x_wconf 89' lang='lat' dir='ltr'><strong>illicem;</strong></span> <span class='ocrx_word' id='word_1_368' title='bbox 2674 2627 2745 2684; x_wconf 94' lang='lat' dir='ltr'><strong>de</strong></span> <span class='ocrx_word' id='word_1_369' title='bbox 2768 2629 2894 2699; x_wconf 91' lang='lat' dir='ltr'><strong>ipso</strong></span> <span class='ocrx_word' id='word_1_370' title='bbox 2916 2645 3146 2700; x_wconf 89' lang='lat' dir='ltr'><strong>quoque</strong></span> <span class='ocrx_word' id='word_1_371' title='bbox 3168 2628 3373 2684; x_wconf 88' lang='lat' dir='ltr'><strong>habitu</strong></span> <span class='ocrx_word' id='word_1_372' title='bbox 3397 2634 3575 2701; x_wconf 89' lang='lat' dir='ltr'><strong>atque</strong></span> <span class='ocrx_word' id='word_1_373' title='bbox 3594 2629 3639 2665; x_wconf 76' lang='lat'><strong>“</strong></span> 
     </span>
    </p>
   </div>
   <div class='ocr_carea' id='block_1_59' title="bbox 1981 2716 3639 2790">
    <p class='ocr_par' dir='ltr' id='par_1_59' title="bbox 1981 2716 3639 2790">
     <span class='ocr_line' id='line_1_59' title="bbox 1981 2716 3639 2790; baseline 0.002 -18"><span class='ocrx_word' id='word_1_374' title='bbox 1981 2717 2139 2772; x_wconf 90' lang='lat' dir='ltr'><strong>victu</strong></span> <span class='ocrx_word' id='word_1_375' title='bbox 2173 2717 2431 2784; x_wconf 85' lang='lat' dir='ltr'><strong>mandat,</strong></span> <span class='ocrx_word' id='word_1_376' title='bbox 2456 2731 2623 2771; x_wconf 88' lang='lat' dir='ltr'><strong>sacco</strong></span> <span class='ocrx_word' id='word_1_377' title='bbox 2654 2722 2712 2771; x_wconf 91' lang='lat' dir='ltr'><strong>et</strong></span> <span class='ocrx_word' id='word_1_378' title='bbox 2742 2716 2921 2772; x_wconf 90' lang='lat' dir='ltr'><strong>cineri</strong></span> <span class='ocrx_word' id='word_1_379' title='bbox 2950 2717 3229 2773; x_wconf 88' lang='lat' dir='ltr'><strong>incubare</strong></span> <span class='ocrx_word' id='word_1_380' title='bbox 3260 2718 3392 2789; x_wconf 87' lang='lat'><strong>(72),</strong></span> <span class='ocrx_word' id='word_1_381' title='bbox 3426 2734 3639 2790; x_wconf 89' lang='lat' dir='ltr'><strong>corpus</strong></span> 
     </span>
    </p>
   </div>
   <div class='ocr_carea' id='block_1_60' title="bbox 1983 2805 3635 2878">
    <p class='ocr_par' dir='ltr' id='par_1_60' title="bbox 1983 2805 3635 2878">
     <span class='ocr_line' id='line_1_60' title="bbox 1983 2805 3635 2878; baseline 0.001 -17"><span class='ocrx_word' id='word_1_382' title='bbox 1983 2806 2253 2861; x_wconf 87' lang='lat' dir='ltr'><strong>sordibus</strong></span> <span class='ocrx_word' id='word_1_383' title='bbox 2284 2805 2617 2869; x_wconf 87' lang='lat' dir='ltr'><strong>obscurare,</strong></span> <span class='ocrx_word' id='word_1_384' title='bbox 2653 2806 2917 2861; x_wconf 91' lang='lat' dir='ltr'><strong>animum</strong></span> <span class='ocrx_word' id='word_1_385' title='bbox 2970 2806 3317 2862; x_wconf 78' lang='lat' dir='ltr'><strong>mceroribus</strong></span> <span class='ocrx_word' id='word_1_386' title='bbox 3364 2807 3635 2878; x_wconf 81' lang='lat' dir='ltr'><strong>dejicere,</strong></span> 
     </span>
    </p>
   </div>
   <div class='ocr_carea' id='block_1_61' title="bbox 1983 2892 3637 2965">
    <p class='ocr_par' dir='ltr' id='par_1_61' title="bbox 1983 2892 3637 2965">
     <span class='ocr_line' id='line_1_61' title="bbox 1983 2892 3637 2965; baseline 0.002 -17"><span class='ocrx_word' id='word_1_387' title='bbox 1983 2894 2083 2949; x_wconf 89' lang='lat' dir='ltr'><strong>illa</strong></span> <span class='ocrx_word' id='word_1_388' title='bbox 2114 2911 2230 2965; x_wconf 90' lang='lat' dir='ltr'><strong>qua</strong></span> <span class='ocrx_word' id='word_1_389' title='bbox 2264 2894 2519 2963; x_wconf 89' lang='lat' dir='ltr'><strong>peccavit</strong></span> <span class='ocrx_word' id='word_1_390' title='bbox 2568 2892 2719 2947; x_wconf 86' lang='lat' dir='ltr'><strong>tristi</strong></span> <span class='ocrx_word' id='word_1_391' title='bbox 2773 2893 3119 2949; x_wconf 89' lang='lat' dir='ltr'><strong>tractatione</strong></span> <span class='ocrx_word' id='word_1_392' title='bbox 3167 2899 3433 2963; x_wconf 90' lang='lat' dir='ltr'><strong>mutare;</strong></span> <span class='ocrx_word' id='word_1_393' title='bbox 3467 2900 3637 2951; x_wconf 70' lang='lat' dir='ltr'><strong>ciste-</strong></span> 
     </span>
    </p>
   </div>
   <div class='ocr_carea' id='block_1_62' title="bbox 1984 2984 3637 3054">
    <p class='ocr_par' dir='ltr' id='par_1_62' title="bbox 1984 2984 3637 3054">
     <span class='ocr_line' id='line_1_62' title="bbox 1984 2984 3637 3054; baseline 0.002 -17"><span class='ocrx_word' id='word_1_394' title='bbox 1984 2999 2115 3038; x_wconf 91' lang='lat' dir='ltr'><strong>rum</strong></span> <span class='ocrx_word' id='word_1_395' title='bbox 2149 2988 2382 3054; x_wconf 89' lang='lat' dir='ltr'><strong>pastum</strong></span> <span class='ocrx_word' id='word_1_396' title='bbox 2414 2985 2471 3037; x_wconf 88' lang='lat' dir='ltr'><strong>et</strong></span> <span class='ocrx_word' id='word_1_397' title='bbox 2502 2985 2703 3052; x_wconf 88' lang='lat' dir='ltr'><strong>potum</strong></span> <span class='ocrx_word' id='word_1_398' title='bbox 2739 2998 2885 3052; x_wconf 90' lang='lat' dir='ltr'><strong>pura</strong></span> <span class='ocrx_word' id='word_1_399' title='bbox 2915 2998 3088 3038; x_wconf 89' lang='lat' dir='ltr'><strong>nosse</strong></span> <span class='ocrx_word' id='word_1_400' title='bbox 3118 2984 3384 3053; x_wconf 89' lang='lat' dir='ltr'><strong>(73),non</strong></span> <span class='ocrx_word' id='word_1_401' title='bbox 3415 2984 3637 3042; x_wconf 85' lang='lat' dir='ltr'><strong>ventris</strong></span> 
     </span>
    </p>
   </div>
   <div class='ocr_carea' id='block_1_63' title="bbox 1983 3069 3637 3144">
    <p class='ocr_par' dir='ltr' id='par_1_63' title="bbox 1983 3069 3637 3144">
     <span class='ocr_line' id='line_1_63' title="bbox 1983 3069 3637 3144; baseline 0.001 -16"><span class='ocrx_word' id='word_1_402' title='bbox 1983 3072 2226 3137; x_wconf 89' lang='lat' dir='ltr'><strong>scilicet,</strong></span> <span class='ocrx_word' id='word_1_403' title='bbox 2259 3073 2357 3126; x_wconf 90' lang='lat' dir='ltr'><strong>sed</strong></span> <span class='ocrx_word' id='word_1_404' title='bbox 2393 3070 2601 3126; x_wconf 82' lang='lat' dir='ltr'><strong>animae</strong></span> <span class='ocrx_word' id='word_1_405' title='bbox 2633 3087 2844 3126; x_wconf 88' lang='lat' dir='ltr'><strong>caussa</strong></span> <span class='ocrx_word' id='word_1_406' title='bbox 2874 3086 2887 3127; x_wconf 89' lang='lat'><strong>:</strong></span> <span class='ocrx_word' id='word_1_407' title='bbox 2920 3069 3269 3143; x_wconf 91' lang='lat' dir='ltr'><strong>plerumque</strong></span> <span class='ocrx_word' id='word_1_408' title='bbox 3317 3089 3450 3128; x_wconf 90' lang='lat' dir='ltr'><strong>vero</strong></span> <span class='ocrx_word' id='word_1_409' title='bbox 3473 3073 3637 3144; x_wconf 86' lang='lat' dir='ltr'><strong>jeju-</strong></span> 
     </span>
    </p>
   </div>
   <div class='ocr_carea' id='block_1_64' title="bbox 1986 3159 3642 3233">
    <p class='ocr_par' dir='ltr' id='par_1_64' title="bbox 1986 3159 3642 3233">
     <span class='ocr_line' id='line_1_64' title="bbox 1986 3159 3642 3233; baseline 0 -16"><span class='ocrx_word' id='word_1_410' title='bbox 1986 3162 2098 3217; x_wconf 86' lang='lat' dir='ltr'><strong>niis</strong></span> <span class='ocrx_word' id='word_1_411' title='bbox 2130 3177 2328 3233; x_wconf 89' lang='lat' dir='ltr'><strong>preces</strong></span> <span class='ocrx_word' id='word_1_412' title='bbox 2374 3161 2547 3225; x_wconf 87' lang='lat' dir='ltr'><strong>alere,</strong></span> <span class='ocrx_word' id='word_1_413' title='bbox 2597 3159 3001 3232; x_wconf 89' lang='lat' dir='ltr'><strong>ingemiscere,</strong></span> <span class='ocrx_word' id='word_1_414' title='bbox 3034 3160 3366 3233; x_wconf 89' lang='lat' dir='ltr'><strong>lacrymari,</strong></span> <span class='ocrx_word' id='word_1_415' title='bbox 3399 3168 3455 3217; x_wconf 91' lang='lat' dir='ltr'><strong>et</strong></span> <span class='ocrx_word' id='word_1_416' title='bbox 3507 3179 3642 3217; x_wconf 90' lang='lat' dir='ltr'><strong>mu-</strong></span> 
     </span>
    </p>
   </div>
   <div class='ocr_carea' id='block_1_65' title="bbox 217 3224 3638 3324">
    <p class='ocr_par' dir='ltr' id='par_1_65' title="bbox 217 3224 3638 3324">
     <span class='ocr_line' id='line_1_65' title="bbox 217 3224 3638 3324; baseline -0.001 -15"><span class='ocrx_word' id='word_1_417' title='bbox 217 3253 358 3317; x_wconf 84' lang='lat' dir='ltr'><strong>Quis</strong></span> <span class='ocrx_word' id='word_1_418' title='bbox 389 3252 486 3307; x_wconf 92' lang='lat' dir='ltr'><strong>ille</strong></span> <span class='ocrx_word' id='word_1_419' title='bbox 518 3224 687 3308; x_wconf 84' lang='lat' dir='ltr'><strong>nobis</strong></span> <span class='ocrx_word' id='word_1_420' title='bbox 718 3250 1136 3324; x_wconf 88' lang='lat' dir='ltr'><strong>intelligendus</strong></span> <span class='ocrx_word' id='word_1_421' title='bbox 1168 3224 1333 3322; x_wconf 76' lang='lat' dir='ltr'><strong>pater</strong></span> <span class='ocrx_word' id='word_1_422' title='bbox 1355 3250 1381 3304; x_wconf 78' lang='lat' dir='ltr'><strong>‘l</strong></span> <span class='ocrx_word' id='word_1_423' title='bbox 1412 3250 1567 3307; x_wconf 89' lang='lat' dir='ltr'><strong>Deus</strong></span> <span class='ocrx_word' id='word_1_424' title='bbox 1599 3254 1821 3309; x_wconf 87' lang='lat' dir='ltr'><strong>scilicet</strong></span> <span class='ocrx_word' id='word_1_425' title='bbox 1856 3272 1869 3323; x_wconf 90' lang='lat'><strong>;</strong></span> <span class='ocrx_word' id='word_1_426' title='bbox 1903 3224 1945 3289; x_wconf 57' lang='grc' dir='ltr'>(ἶ</span> <span class='ocrx_word' id='word_1_427' title='bbox 1986 3253 2109 3323; x_wconf 89' lang='lat' dir='ltr'><strong>gire</strong></span> <span class='ocrx_word' id='word_1_428' title='bbox 2130 3224 2265 3306; x_wconf 49' lang='lat' dir='ltr'><strong>.dies</strong></span> <span class='ocrx_word' id='word_1_429' title='bbox 2319 3224 2633 3319; x_wconf 87' lang='lat' dir='ltr'><strong>noctesque</strong></span> <span class='ocrx_word' id='word_1_430' title='bbox 2662 3224 2733 3303; x_wconf 70' lang='lat' dir='ltr'><strong>ad</strong></span> <span class='ocrx_word' id='word_1_431' title='bbox 2784 3224 3094 3305; x_wconf 73' lang='lat' dir='ltr'><strong>Dominum</strong></span> <span class='ocrx_word' id='word_1_432' title='bbox 3145 3224 3328 3306; x_wconf 89' lang='lat' dir='ltr'><strong>Deum</strong></span> <span class='ocrx_word' id='word_1_433' title='bbox 3352 3224 3539 3306; x_wconf 29' lang='lat' dir='ltr'><strong>Ituum</strong></span> <span class='ocrx_word' id='word_1_434' title='bbox 3570 3252 3638 3319; x_wconf 77' lang='lat'><strong>“,</strong></span> 
     </span>
    </p>
   </div>
   <div class='ocr_carea' id='block_1_66' title="bbox 216 3341 1872 3414">
    <p class='ocr_par' dir='ltr' id='par_1_66' title="bbox 216 3341 1872 3414">
     <span class='ocr_line' id='line_1_66' title="bbox 216 3341 1872 3414; baseline 0.001 -16"><span class='ocrx_word' id='word_1_435' title='bbox 216 3346 338 3398; x_wconf 87' lang='lat' dir='ltr'><strong>tam</strong></span> <span class='ocrx_word' id='word_1_436' title='bbox 371 3346 538 3414; x_wconf 88' lang='lat' dir='ltr'><strong>pator</strong></span> <span class='ocrx_word' id='word_1_437' title='bbox 569 3358 761 3411; x_wconf 92' lang='lat' dir='ltr'><strong>nemo,</strong></span> <span class='ocrx_word' id='word_1_438' title='bbox 796 3346 917 3397; x_wconf 92' lang='lat' dir='ltr'><strong>tam</strong></span> <span class='ocrx_word' id='word_1_439' title='bbox 951 3341 1084 3413; x_wconf 91' lang='lat' dir='ltr'><strong>pius</strong></span> <span class='ocrx_word' id='word_1_440' title='bbox 1112 3356 1306 3396; x_wconf 90' lang='lat' dir='ltr'><strong>nemo.</strong></span> <span class='ocrx_word' id='word_1_441' title='bbox 1343 3341 1395 3396; x_wconf 89' lang='lat' dir='ltr'><strong>Is</strong></span> <span class='ocrx_word' id='word_1_442' title='bbox 1428 3357 1564 3413; x_wconf 88' lang='lat' dir='ltr'><strong>ergo</strong></span> <span class='ocrx_word' id='word_1_443' title='bbox 1600 3347 1652 3399; x_wconf 88' lang='lat' dir='ltr'><strong>te</strong></span> <span class='ocrx_word' id='word_1_444' title='bbox 1685 3343 1872 3399; x_wconf 83' lang='lat' dir='ltr'><strong>filium</strong></span> 
     </span>
    </p>
   </div>
   <div class='ocr_carea' id='block_1_67' title="bbox 1988 3337 3633 3413">
    <p class='ocr_par' dir='ltr' id='par_1_67' title="bbox 1988 3337 3633 3413">
     <span class='ocr_line' id='line_1_67' title="bbox 1988 3337 3633 3413; baseline 0.001 -18"><span class='ocrx_word' id='word_1_445' title='bbox 1988 3338 2343 3413; x_wconf 81' lang='lat' dir='ltr'><strong>presbyteris</strong></span> <span class='ocrx_word' id='word_1_446' title='bbox 2389 3337 2614 3393; x_wconf 87' lang='lat' dir='ltr'><strong>advolvi</strong></span> <span class='ocrx_word' id='word_1_447' title='bbox 2648 3338 2781 3410; x_wconf 76' lang='grc'>(74),</span> <span class='ocrx_word' id='word_1_448' title='bbox 2813 3342 2869 3394; x_wconf 89' lang='lat' dir='ltr'><strong>et</strong></span> <span class='ocrx_word' id='word_1_449' title='bbox 2898 3339 3094 3395; x_wconf 89' lang='lat' dir='ltr'><strong>charis</strong></span> <span class='ocrx_word' id='word_1_450' title='bbox 3116 3340 3159 3375; x_wconf 76' lang='grc'><strong>⁸⁷</strong></span> <span class='ocrx_word' id='word_1_451' title='bbox 3193 3340 3290 3396; x_wconf 89' lang='lat' dir='ltr'><strong>Dei</strong></span> <span class='ocrx_word' id='word_1_452' title='bbox 3321 3341 3633 3413; x_wconf 77' lang='lat' dir='ltr'><strong>adgenicu-</strong></span> 
     </span>
    </p>
   </div>
   <div class='ocr_carea' id='block_1_68' title="bbox 1633 3474 2205 3536">
    <p class='ocr_par' dir='ltr' id='par_1_68' title="bbox 1633 3474 2205 3536">
     <span class='ocr_line' id='line_1_68' title="bbox 1633 3474 2205 3536; baseline -0.005 -2"><span class='ocrx_word' id='word_1_453' title='bbox 1633 3474 1835 3536; x_wconf 85' lang='lat' dir='ltr'><strong>Variae</strong></span> <span class='ocrx_word' id='word_1_454' title='bbox 1890 3474 2205 3536; x_wconf 82' lang='lat' dir='ltr'><strong>lectiones.</strong></span> 
     </span>
    </p>
   </div>
   <div class='ocr_carea' id='block_1_69' title="bbox 290 3578 1748 3636">
    <p class='ocr_par' dir='ltr' id='par_1_69' title="bbox 290 3578 1748 3636">
     <span class='ocr_line' id='line_1_69' title="bbox 290 3578 1748 3636; baseline 0 -1"><span class='ocrx_word' id='word_1_455' title='bbox 290 3582 333 3617; x_wconf 77' lang='lat'><strong>“</strong></span> <span class='ocrx_word' id='word_1_456' title='bbox 363 3579 599 3636; x_wconf 82' lang='lat' dir='ltr'><strong>Sardios</strong></span> <span class='ocrx_word' id='word_1_457' title='bbox 630 3580 812 3636; x_wconf 76' lang='lat' dir='ltr'><strong>Paris.</strong></span> <span class='ocrx_word' id='word_1_458' title='bbox 846 3580 1012 3634; x_wconf 84' lang='lat' dir='ltr'><strong>Fran.</strong></span> <span class='ocrx_word' id='word_1_459' title='bbox 1107 3580 1149 3613; x_wconf 70' lang='grc'><strong>⁸⁷</strong></span> <span class='ocrx_word' id='word_1_460' title='bbox 1182 3578 1548 3634; x_wconf 82' lang='lat' dir='ltr'><strong>Sacrificium</strong></span> <span class='ocrx_word' id='word_1_461' title='bbox 1582 3581 1748 3635; x_wconf 84' lang='lat' dir='ltr'><strong>Fran.</strong></span> 
     </span>
    </p>
   </div>
   <div class='ocr_carea' id='block_1_70' title="bbox 223 3651 1690 3723">
    <p class='ocr_par' dir='ltr' id='par_1_70' title="bbox 223 3651 1690 3723">
     <span class='ocr_line' id='line_1_70' title="bbox 223 3651 1690 3723; baseline 0 -16"><span class='ocrx_word' id='word_1_462' title='bbox 223 3654 405 3709; x_wconf 88' lang='lat' dir='ltr'><strong>tentia</strong></span> <span class='ocrx_word' id='word_1_463' title='bbox 436 3653 597 3708; x_wconf 86' lang='lat' dir='ltr'><strong>Seml.</strong></span> <span class='ocrx_word' id='word_1_464' title='bbox 636 3651 1033 3723; x_wconf 75' lang='lat' dir='ltr'><strong>pmnitentiam</strong></span> <span class='ocrx_word' id='word_1_465' title='bbox 1066 3654 1232 3706; x_wconf 82' lang='lat' dir='ltr'><strong>Fran.</strong></span> <span class='ocrx_word' id='word_1_466' title='bbox 1268 3653 1449 3706; x_wconf 79' lang='lat' dir='ltr'><strong>Paris.</strong></span> <span class='ocrx_word' id='word_1_467' title='bbox 1486 3652 1690 3719; x_wconf 83' lang='lat' dir='ltr'><strong>Rigalt.</strong></span> 
     </span>
    </p>
   </div>
   <div class='ocr_carea' id='block_1_71' title="bbox 1845 3575 2623 3636">
    <p class='ocr_par' dir='ltr' id='par_1_71' title="bbox 1845 3575 2623 3636">
     <span class='ocr_line' id='line_1_71' title="bbox 1845 3575 2623 3636; baseline -0.009 1"><span class='ocrx_word' id='word_1_468' title='bbox 1845 3583 1888 3617; x_wconf 79' lang='grc'>⁵⁸</span> <span class='ocrx_word' id='word_1_469' title='bbox 1924 3581 2129 3636; x_wconf 83' lang='lat' dir='ltr'><strong>Reditu</strong></span> <span class='ocrx_word' id='word_1_470' title='bbox 2163 3580 2357 3633; x_wconf 83' lang='lat' dir='ltr'><strong>aberat</strong></span> <span class='ocrx_word' id='word_1_471' title='bbox 2387 3592 2420 3629; x_wconf 87' lang='lat' dir='ltr'><strong>a</strong></span> <span class='ocrx_word' id='word_1_472' title='bbox 2454 3575 2623 3630; x_wconf 77' lang='lat' dir='ltr'><strong>Rhcn.</strong></span> 
     </span>
    </p>
   </div>
   <div class='ocr_carea' id='block_1_72' title="bbox 1795 3652 2290 3708">
    <p class='ocr_par' dir='ltr' id='par_1_72' title="bbox 1795 3652 2290 3708">
     <span class='ocr_line' id='line_1_72' title="bbox 1795 3652 2290 3708; baseline -0.006 -2"><span class='ocrx_word' id='word_1_473' title='bbox 1795 3654 1861 3687; x_wconf 74' lang='grc' dir='ltr'><strong>⁸ο·</strong></span> <span class='ocrx_word' id='word_1_474' title='bbox 1895 3658 1969 3708; x_wconf 89' lang='lat' dir='ltr'><strong>Te</strong></span> <span class='ocrx_word' id='word_1_475' title='bbox 1999 3652 2124 3706; x_wconf 79' lang='lat' dir='ltr'><strong>add.</strong></span> <span class='ocrx_word' id='word_1_476' title='bbox 2156 3656 2290 3707; x_wconf 87' lang='lat' dir='ltr'><strong>Jun.</strong></span> 
     </span>
    </p>
   </div>
   <div class='ocr_carea' id='block_1_73' title="bbox 2730 3575 3632 3645">
    <p class='ocr_par' dir='ltr' id='par_1_73' title="bbox 2730 3575 3632 3645">
     <span class='ocr_line' id='line_1_73' title="bbox 2730 3575 3632 3645; baseline 0.004 -16"><span class='ocrx_word' id='word_1_477' title='bbox 2730 3576 2775 3610; x_wconf 73' lang='lat'><strong>‘9</strong></span> <span class='ocrx_word' id='word_1_478' title='bbox 2804 3575 3026 3631; x_wconf 89' lang='lat' dir='ltr'><strong>Pastori</strong></span> <span class='ocrx_word' id='word_1_479' title='bbox 3060 3576 3264 3645; x_wconf 78' lang='lat' dir='ltr'><strong>Rigalt.</strong></span> <span class='ocrx_word' id='word_1_480' title='bbox 3366 3577 3411 3612; x_wconf 79' lang='grc'><strong>⁶⁰</strong></span> <span class='ocrx_word' id='word_1_481' title='bbox 3442 3577 3632 3633; x_wconf 57' lang='lat' dir='ltr'><strong>Paeni-</strong></span> 
     </span>
    </p>
   </div>
   <div class='ocr_carea' id='block_1_74' title="bbox 2386 3647 3630 3706">
    <p class='ocr_par' dir='ltr' id='par_1_74' title="bbox 2386 3647 3630 3706">
     <span class='ocr_line' id='line_1_74' title="bbox 2386 3647 3630 3706; baseline 0.005 -6"><span class='ocrx_word' id='word_1_482' title='bbox 2386 3648 2428 3682; x_wconf 83' lang='grc'>⁶¹</span> <span class='ocrx_word' id='word_1_483' title='bbox 2466 3647 2749 3701; x_wconf 87' lang='lat' dir='ltr'><strong>Delictum</strong></span> <span class='ocrx_word' id='word_1_484' title='bbox 2786 3650 2968 3703; x_wconf 80' lang='lat' dir='ltr'><strong>Paris.</strong></span> <span class='ocrx_word' id='word_1_485' title='bbox 3064 3649 3107 3683; x_wconf 84' lang='grc'>⁶¹</span> <span class='ocrx_word' id='word_1_486' title='bbox 3141 3653 3240 3703; x_wconf 87' lang='lat' dir='ltr'><strong>Est</strong></span> <span class='ocrx_word' id='word_1_487' title='bbox 3268 3648 3422 3705; x_wconf 85' lang='lat' dir='ltr'><strong>addit</strong></span> <span class='ocrx_word' id='word_1_488' title='bbox 3449 3650 3630 3706; x_wconf 78' lang='lat' dir='ltr'><strong>Paris.</strong></span> 
     </span>
    </p>
   </div>
   <div class='ocr_carea' id='block_1_75' title="bbox 224 3719 3634 3795">
    <p class='ocr_par' dir='ltr' id='par_1_75' title="bbox 224 3719 3634 3795">
     <span class='ocr_line' id='line_1_75' title="bbox 224 3719 3634 3795; baseline -0.001 -14"><span class='ocrx_word' id='word_1_489' title='bbox 224 3727 390 3781; x_wconf 84' lang='lat' dir='ltr'><strong>Fran.</strong></span> <span class='ocrx_word' id='word_1_490' title='bbox 424 3719 650 3794; x_wconf 41' lang='lat' dir='ltr'><strong>Rigalt:</strong></span> <span class='ocrx_word' id='word_1_491' title='bbox 707 3724 751 3760; x_wconf 75' lang='grc'><strong>⁸³</strong></span> <span class='ocrx_word' id='word_1_492' title='bbox 784 3724 1127 3779; x_wconf 66' lang='grc' dir='ltr'><strong>Ρνεθῖθηωτ</strong></span> <span class='ocrx_word' id='word_1_493' title='bbox 1155 3726 1320 3778; x_wconf 85' lang='lat' dir='ltr'><strong>Fran.</strong></span> <span class='ocrx_word' id='word_1_494' title='bbox 1353 3724 1535 3778; x_wconf 76' lang='lat' dir='ltr'><strong>Paris.</strong></span> <span class='ocrx_word' id='word_1_495' title='bbox 1569 3725 1769 3795; x_wconf 79' lang='lat' dir='ltr'><strong>Rigalt.</strong></span> <span class='ocrx_word' id='word_1_496' title='bbox 1804 3724 2131 3781; x_wconf 81' lang='lat' dir='ltr'><strong>Perferatur</strong></span> <span class='ocrx_word' id='word_1_497' title='bbox 2159 3724 2221 3776; x_wconf 90' lang='lat' dir='ltr'><strong>P.</strong></span> <span class='ocrx_word' id='word_1_498' title='bbox 2256 3722 2575 3795; x_wconf 60' lang='grc' dir='ltr'><strong>(Σίίισοηὶιιεἶ</strong></span> <span class='ocrx_word' id='word_1_499' title='bbox 2630 3719 3019 3795; x_wconf 17' lang='grc' dir='ltr'><strong>ν⁶⁸ᾍ1ηυηεθῑιβ</strong></span> <span class='ocrx_word' id='word_1_500' title='bbox 3043 3720 3154 3775; x_wconf 89' lang='lat' dir='ltr'><strong>cod.</strong></span> <span class='ocrx_word' id='word_1_501' title='bbox 3180 3721 3397 3795; x_wconf 65' lang='lat' dir='ltr'><strong>Divion.</strong></span> <span class='ocrx_word' id='word_1_502' title='bbox 3474 3722 3634 3795; x_wconf 71' lang='lat' dir='ltr'><strong>“_Sic</strong></span> 
     </span>
    </p>
   </div>
   <div class='ocr_carea' id='block_1_76' title="bbox 221 3791 3633 3867">
    <p class='ocr_par' dir='ltr' id='par_1_76' title="bbox 221 3791 3633 3867">
     <span class='ocr_line' id='line_1_76' title="bbox 221 3791 3633 3867; baseline -0.002 -13"><span class='ocrx_word' id='word_1_503' title='bbox 221 3803 275 3853; x_wconf 75' lang='lat' dir='ltr'><strong>et</strong></span> <span class='ocrx_word' id='word_1_504' title='bbox 304 3791 512 3854; x_wconf 58' lang='lat' dir='ltr'><strong>Junius</strong></span> <span class='ocrx_word' id='word_1_505' title='bbox 530 3797 657 3867; x_wconf 85' lang='lat' dir='ltr'><strong>legit</strong></span> <span class='ocrx_word' id='word_1_506' title='bbox 676 3812 695 3857; x_wconf 90' lang='lat'><strong><em>;</em></strong></span> <span class='ocrx_word' id='word_1_507' title='bbox 725 3797 832 3852; x_wconf 84' lang='lat' dir='ltr'><strong>alii</strong></span> <span class='ocrx_word' id='word_1_508' title='bbox 859 3796 1091 3864; x_wconf 77' lang='lat' dir='ltr'><strong>addunt,</strong></span> <span class='ocrx_word' id='word_1_509' title='bbox 1119 3796 1276 3867; x_wconf 87' lang='lat' dir='ltr'><strong>victu</strong></span> <span class='ocrx_word' id='word_1_510' title='bbox 1311 3795 1588 3861; x_wconf 87' lang='lat' dir='ltr'><strong>mandat;</strong></span> <span class='ocrx_word' id='word_1_511' title='bbox 1624 3791 1764 3867; x_wconf 84' lang='lat' dir='ltr'><strong>quod</strong></span> <span class='ocrx_word' id='word_1_512' title='bbox 1793 3815 1826 3851; x_wconf 81' lang='grc' dir='ltr'><em>α</em></span> <span class='ocrx_word' id='word_1_513' title='bbox 1859 3799 2025 3853; x_wconf 80' lang='lat' dir='ltr'><strong>Rhen.</strong></span> <span class='ocrx_word' id='word_1_514' title='bbox 2055 3798 2225 3851; x_wconf 78' lang='lat' dir='ltr'><strong>abest.</strong></span> <span class='ocrx_word' id='word_1_515' title='bbox 2266 3795 2372 3849; x_wconf 66' lang='lat' dir='ltr'><strong>Vox</strong></span> <span class='ocrx_word' id='word_1_516' title='bbox 2403 3792 2645 3847; x_wconf 89' lang='lat' dir='ltr'><strong>mandat</strong></span> <span class='ocrx_word' id='word_1_517' title='bbox 2672 3791 2816 3847; x_wconf 78' lang='lat' dir='ltr'><strong>deest</strong></span> <span class='ocrx_word' id='word_1_518' title='bbox 2845 3791 2903 3847; x_wconf 83' lang='lat' dir='ltr'><strong>in</strong></span> <span class='ocrx_word' id='word_1_519' title='bbox 2941 3791 3169 3848; x_wconf 78' lang='lat' dir='ltr'><strong>edition.</strong></span> <span class='ocrx_word' id='word_1_520' title='bbox 3218 3792 3414 3863; x_wconf 82' lang='lat' dir='ltr'><strong>Rhen.,</strong></span> <span class='ocrx_word' id='word_1_521' title='bbox 3446 3792 3537 3850; x_wconf 81' lang='lat' dir='ltr'><strong>sed</strong></span> <span class='ocrx_word' id='word_1_522' title='bbox 3563 3795 3633 3849; x_wconf 88' lang='lat' dir='ltr'><strong>ab</strong></span> 
     </span>
    </p>
   </div>
   <div class='ocr_carea' id='block_1_77' title="bbox 222 3866 2127 3941">
    <p class='ocr_par' dir='ltr' id='par_1_77' title="bbox 222 3866 2127 3941">
     <span class='ocr_line' id='line_1_77' title="bbox 222 3866 2127 3941; baseline -0.002 -15"><span class='ocrx_word' id='word_1_523' title='bbox 222 3885 282 3926; x_wconf 87' lang='lat' dir='ltr'><strong>eo</strong></span> <span class='ocrx_word' id='word_1_524' title='bbox 310 3873 497 3941; x_wconf 73' lang='lat' dir='ltr'><strong>postea</strong></span> <span class='ocrx_word' id='word_1_525' title='bbox 524 3866 725 3924; x_wconf 78' lang='lat' dir='ltr'><strong>addita</strong></span> <span class='ocrx_word' id='word_1_526' title='bbox 755 3870 818 3924; x_wconf 85' lang='lat' dir='ltr'><strong>in</strong></span> <span class='ocrx_word' id='word_1_527' title='bbox 846 3867 962 3923; x_wconf 86' lang='lat' dir='ltr'><strong>cod.</strong></span> <span class='ocrx_word' id='word_1_528' title='bbox 998 3867 1153 3922; x_wconf 66' lang='lat' dir='ltr'><strong>Gors.</strong></span> <span class='ocrx_word' id='word_1_529' title='bbox 1229 3866 1273 3901; x_wconf 71' lang='grc'>⁸⁸</span> <span class='ocrx_word' id='word_1_530' title='bbox 1304 3866 1490 3921; x_wconf 90' lang='lat' dir='ltr'><strong>Suum</strong></span> <span class='ocrx_word' id='word_1_531' title='bbox 1522 3866 1644 3937; x_wconf 80' lang='lat' dir='ltr'><strong>Rig.</strong></span> <span class='ocrx_word' id='word_1_532' title='bbox 1721 3870 1764 3903; x_wconf 80' lang='grc'><strong>⁸⁷</strong></span> <span class='ocrx_word' id='word_1_533' title='bbox 1793 3870 1925 3925; x_wconf 87' lang='lat' dir='ltr'><strong>Aris</strong></span> <span class='ocrx_word' id='word_1_534' title='bbox 1950 3867 2127 3926; x_wconf 84' lang='lat' dir='ltr'><strong>Seml.</strong></span> 
     </span>
    </p>
   </div>
   <div class='ocr_carea' id='block_1_78' title="bbox 1668 3986 2187 4049">
    <p class='ocr_par' dir='ltr' id='par_1_78' title="bbox 1668 3986 2187 4049">
     <span class='ocr_line' id='line_1_78' title="bbox 1668 3986 2187 4049; baseline -0.004 -3"><span class='ocrx_word' id='word_1_535' title='bbox 1668 3986 2187 4049; x_wconf 87' lang='lat' dir='ltr'><strong>Commentarius.</strong></span> 
     </span>
    </p>
   </div>
   <div class='ocr_carea' id='block_1_79' title="bbox 294 4088 1873 4164">
    <p class='ocr_par' dir='ltr' id='par_1_79' title="bbox 294 4088 1873 4164">
     <span class='ocr_line' id='line_1_79' title="bbox 294 4088 1873 4164; baseline 0.002 -19"><span class='ocrx_word' id='word_1_536' title='bbox 294 4093 409 4164; x_wconf 91' lang='lat'><strong>(70)</strong></span> <span class='ocrx_word' id='word_1_537' title='bbox 442 4093 670 4147; x_wconf 84' lang='lat' dir='ltr'><strong>Tantum</strong></span> <span class='ocrx_word' id='word_1_538' title='bbox 719 4089 947 4164; x_wconf 81' lang='lat' dir='ltr'><strong>relevat.</strong></span> <span class='ocrx_word' id='word_1_539' title='bbox 999 4088 1079 4164; x_wconf 78' lang='lat' dir='ltr'><strong>De</strong></span> <span class='ocrx_word' id='word_1_540' title='bbox 1130 4088 1494 4145; x_wconf 88' lang='lat' dir='ltr'><strong>confessione</strong></span> <span class='ocrx_word' id='word_1_541' title='bbox 1543 4091 1779 4161; x_wconf 88' lang='lat' dir='ltr'><strong>publica</strong></span> <span class='ocrx_word' id='word_1_542' title='bbox 1807 4109 1873 4148; x_wconf 90' lang='lat' dir='ltr'><strong>ac</strong></span> 
     </span>
    </p>
   </div>
   <div class='ocr_carea' id='block_1_80' title="bbox 267 4162 1871 4233">
    <p class='ocr_par' dir='ltr' id='par_1_80' title="bbox 267 4162 1871 4233">
     <span class='ocr_line' id='line_1_80' title="bbox 267 4162 1871 4233; baseline -0.002 -12"><span class='ocrx_word' id='word_1_543' title='bbox 267 4162 562 4221; x_wconf 78' lang='lat' dir='ltr'><strong>artiCulari</strong></span> <span class='ocrx_word' id='word_1_544' title='bbox 598 4164 718 4218; x_wconf 68' lang='lat' dir='ltr'><strong>haec</strong></span> <span class='ocrx_word' id='word_1_545' title='bbox 768 4162 1110 4233; x_wconf 89' lang='lat' dir='ltr'><strong>accipienda</strong></span> <span class='ocrx_word' id='word_1_546' title='bbox 1141 4178 1254 4216; x_wconf 90' lang='lat' dir='ltr'><strong>non</strong></span> <span class='ocrx_word' id='word_1_547' title='bbox 1308 4170 1466 4230; x_wconf 91' lang='lat' dir='ltr'><strong>sunt,</strong></span> <span class='ocrx_word' id='word_1_548' title='bbox 1497 4164 1595 4218; x_wconf 78' lang='lat' dir='ltr'><strong>sed</strong></span> <span class='ocrx_word' id='word_1_549' title='bbox 1630 4165 1701 4218; x_wconf 92' lang='lat' dir='ltr'><strong>de</strong></span> <span class='ocrx_word' id='word_1_550' title='bbox 1732 4182 1871 4219; x_wconf 85' lang='lat' dir='ltr'><strong>con-</strong></span> 
     </span>
    </p>
   </div>
   <div class='ocr_carea' id='block_1_81' title="bbox 223 4184 1870 4307">
    <p class='ocr_par' dir='ltr' id='par_1_81' title="bbox 223 4184 1870 4307">
     <span class='ocr_line' id='line_1_81' title="bbox 267 4184 1870 4233; baseline -0.002 -12"><span class='ocrx_word' id='word_1_551' title='bbox 267 4184 562 4221; x_wconf 78' lang='lat' dir='ltr'><strong>artlcumrl</strong></span> <span class='ocrx_word' id='word_1_552' title='bbox 598 4184 718 4218; x_wconf 77' lang='lat' dir='ltr'><strong>meo</strong></span> <span class='ocrx_word' id='word_1_553' title='bbox 768 4184 1110 4233; x_wconf 75' lang='lat' dir='ltr'><strong>acuiplenua</strong></span> <span class='ocrx_word' id='word_1_554' title='bbox 1142 4184 1254 4216; x_wconf 84' lang='lat' dir='ltr'><strong>non</strong></span> <span class='ocrx_word' id='word_1_555' title='bbox 1308 4184 1466 4230; x_wconf 74' lang='lat' dir='ltr'><strong>sunt,</strong></span> <span class='ocrx_word' id='word_1_556' title='bbox 1497 4184 1595 4218; x_wconf 71' lang='lat' dir='ltr'><strong>seu</strong></span> <span class='ocrx_word' id='word_1_557' title='bbox 1630 4184 1701 4218; x_wconf 84' lang='lat' dir='ltr'><strong>ae</strong></span> <span class='ocrx_word' id='word_1_558' title='bbox 1732 4184 1870 4219; x_wconf 81' lang='lat' dir='ltr'><strong>con-</strong></span> 
     </span>
     <span class='ocr_line' id='line_1_82' title="bbox 223 4184 1870 4307; baseline -0.001 -14"><span class='ocrx_word' id='word_1_559' title='bbox 223 4184 475 4293; x_wconf 55' lang='lat' dir='ltr'><strong>Fessione</strong></span> <span class='ocrx_word' id='word_1_560' title='bbox 508 4252 623 4307; x_wconf 86' lang='lat' dir='ltr'><strong>qua</strong></span> <span class='ocrx_word' id='word_1_561' title='bbox 655 4242 918 4304; x_wconf 85' lang='lat' dir='ltr'><strong>peccator</strong></span> <span class='ocrx_word' id='word_1_562' title='bbox 963 4234 1223 4307; x_wconf 74' lang='lat' dir='ltr'><strong>seipsum</strong></span> <span class='ocrx_word' id='word_1_563' title='bbox 1275 4238 1389 4307; x_wconf 81' lang='lat' dir='ltr'><strong>Deo</strong></span> <span class='ocrx_word' id='word_1_564' title='bbox 1420 4240 1694 4307; x_wconf 80' lang='lat' dir='ltr'><strong>accusat.</strong></span> <span class='ocrx_word' id='word_1_565' title='bbox 1728 4239 1870 4291; x_wconf 82' lang='lat' dir='ltr'><strong>ALB.</strong></span> 
     </span>
    </p>
   </div>
   <div class='ocr_carea' id='block_1_82' title="bbox 294 4305 1872 4379">
    <p class='ocr_par' dir='ltr' id='par_1_82' title="bbox 294 4305 1872 4379">
     <span class='ocr_line' id='line_1_83' title="bbox 294 4305 1872 4379; baseline 0.001 -18"><span class='ocrx_word' id='word_1_566' title='bbox 294 4311 403 4379; x_wconf 89' lang='grc'>(71)</span> <span class='ocrx_word' id='word_1_567' title='bbox 456 4305 1038 4379; x_wconf 15' lang='grc' dir='ltr'><strong>Ι-ἰίέοηιοιορθεὶεγεειη</strong></span> <span class='ocrx_word' id='word_1_568' title='bbox 1076 4305 1224 4379; x_wconf 86' lang='lat' dir='ltr'><strong>Dum</strong></span> <span class='ocrx_word' id='word_1_569' title='bbox 1281 4305 1547 4376; x_wconf 87' lang='lat' dir='ltr'><strong>pluribus</strong></span> <span class='ocrx_word' id='word_1_570' title='bbox 1605 4308 1872 4363; x_wconf 88' lang='lat' dir='ltr'><strong>dicamus</strong></span> 
     </span>
    </p>
   </div>
   <div class='ocr_carea' id='block_1_83' title="bbox 221 4377 1873 4452">
    <p class='ocr_par' dir='ltr' id='par_1_83' title="bbox 221 4377 1873 4452">
     <span class='ocr_line' id='line_1_84' title="bbox 221 4377 1873 4452; baseline 0.001 -18"><span class='ocrx_word' id='word_1_571' title='bbox 221 4377 361 4452; x_wconf 85' lang='lat' dir='ltr'><strong>quid</strong></span> <span class='ocrx_word' id='word_1_572' title='bbox 388 4377 472 4436; x_wconf 86' lang='lat' dir='ltr'><strong>sit</strong></span> <span class='ocrx_word' id='word_1_573' title='bbox 500 4377 959 4449; x_wconf 84' lang='lat' dir='ltr'><strong>Exomologesis,</strong></span> <span class='ocrx_word' id='word_1_574' title='bbox 988 4377 1375 4452; x_wconf 81' lang='lat' dir='ltr'><strong>pluribusque</strong></span> <span class='ocrx_word' id='word_1_575' title='bbox 1406 4381 1740 4452; x_wconf 83' lang='lat' dir='ltr'><strong>probemus,</strong></span> <span class='ocrx_word' id='word_1_576' title='bbox 1775 4397 1873 4435; x_wconf 81' lang='lat' dir='ltr'><strong>sa-</strong></span> 
     </span>
    </p>
   </div>
   <div class='ocr_carea' id='block_1_84' title="bbox 220 4449 1873 4521">
    <p class='ocr_par' dir='ltr' id='par_1_84' title="bbox 220 4449 1873 4521">
     <span class='ocr_line' id='line_1_85' title="bbox 220 4449 1873 4521; baseline -0.001 -13"><span class='ocrx_word' id='word_1_577' title='bbox 220 4449 299 4508; x_wconf 74' lang='lat' dir='ltr'><strong>tis</strong></span> <span class='ocrx_word' id='word_1_578' title='bbox 331 4458 457 4508; x_wconf 89' lang='lat' dir='ltr'><strong>tum</strong></span> <span class='ocrx_word' id='word_1_579' title='bbox 490 4454 600 4506; x_wconf 90' lang='lat' dir='ltr'><strong>erit</strong></span> <span class='ocrx_word' id='word_1_580' title='bbox 629 4452 821 4505; x_wconf 89' lang='lat' dir='ltr'><strong>dicere</strong></span> <span class='ocrx_word' id='word_1_581' title='bbox 852 4465 953 4521; x_wconf 91' lang='lat' dir='ltr'><strong>per</strong></span> <span class='ocrx_word' id='word_1_582' title='bbox 996 4465 1122 4504; x_wconf 91' lang='lat' dir='ltr'><strong>eam</strong></span> <span class='ocrx_word' id='word_1_583' title='bbox 1186 4449 1608 4521; x_wconf 83' lang='lat' dir='ltr'><strong>confessionem</strong></span> <span class='ocrx_word' id='word_1_584' title='bbox 1641 4452 1873 4506; x_wconf 87' lang='lat' dir='ltr'><strong>auricu-</strong></span> 
     </span>
    </p>
   </div>
   <div class='ocr_carea' id='block_1_85' title="bbox 218 4520 1873 4592">
    <p class='ocr_par' dir='ltr' id='par_1_85' title="bbox 218 4520 1873 4592">
     <span class='ocr_line' id='line_1_86' title="bbox 218 4520 1873 4592; baseline 0.001 -13"><span class='ocrx_word' id='word_1_585' title='bbox 218 4524 403 4580; x_wconf 89' lang='lat' dir='ltr'><strong>larem</strong></span> <span class='ocrx_word' id='word_1_586' title='bbox 436 4541 548 4578; x_wconf 91' lang='lat' dir='ltr'><strong>non</strong></span> <span class='ocrx_word' id='word_1_587' title='bbox 599 4520 869 4592; x_wconf 76' lang='lat' dir='ltr'><strong>intelligi,</strong></span> <span class='ocrx_word' id='word_1_588' title='bbox 906 4522 1006 4575; x_wconf 90' lang='lat' dir='ltr'><strong>sed</strong></span> <span class='ocrx_word' id='word_1_589' title='bbox 1038 4525 1205 4576; x_wconf 82' lang='lat' dir='ltr'><strong>actus</strong></span> <span class='ocrx_word' id='word_1_590' title='bbox 1260 4520 1475 4592; x_wconf 90' lang='lat' dir='ltr'><strong>quibus</strong></span> <span class='ocrx_word' id='word_1_591' title='bbox 1523 4523 1873 4592; x_wconf 86' lang='lat' dir='ltr'><strong>pcenitentes</strong></span> 
     </span>
    </p>
   </div>
   <div class='ocr_carea' id='block_1_86' title="bbox 219 4592 1761 4665">
    <p class='ocr_par' dir='ltr' id='par_1_86' title="bbox 219 4592 1761 4665">
     <span class='ocr_line' id='line_1_87' title="bbox 219 4592 1761 4665; baseline -0.001 -14"><span class='ocrx_word' id='word_1_592' title='bbox 219 4597 442 4651; x_wconf 69' lang='lat' dir='ltr'><strong>caeteris</strong></span> <span class='ocrx_word' id='word_1_593' title='bbox 474 4593 821 4665; x_wconf 64' lang='lat' dir='ltr'><strong>poenitentiae</strong></span> <span class='ocrx_word' id='word_1_594' title='bbox 854 4610 971 4647; x_wconf 76' lang='lat' dir='ltr'><strong>suis</strong></span> <span class='ocrx_word' id='word_1_595' title='bbox 1004 4593 1177 4665; x_wconf 83' lang='lat' dir='ltr'><strong>ﬁdem</strong></span> <span class='ocrx_word' id='word_1_596' title='bbox 1213 4592 1503 4665; x_wconf 50' lang='lat' dir='ltr'><strong>facerent.</strong></span> <span class='ocrx_word' id='word_1_597' title='bbox 1525 4599 1761 4649; x_wconf 79' lang='lat' dir='ltr'><strong>ALBASP.</strong></span> 
     </span>
    </p>
   </div>
   <div class='ocr_carea' id='block_1_87' title="bbox 2162 4081 2961 4161">
    <p class='ocr_par' dir='ltr' id='par_1_87' title="bbox 2162 4081 2961 4161">
     <span class='ocr_line' id='line_1_88' title="bbox 2162 4081 2961 4161; baseline -0.008 -18"><span class='ocrx_word' id='word_1_598' title='bbox 2162 4088 2439 4161; x_wconf 58' lang='grc' dir='ltr'><strong>Πυθελὶγρρζ</strong></span> <span class='ocrx_word' id='word_1_599' title='bbox 2467 4083 2642 4161; x_wconf 29' lang='grc' dir='ltr'><strong>οἷ’μολι,</strong></span> <span class='ocrx_word' id='word_1_600' title='bbox 2671 4084 2762 4161; x_wconf 73' lang='lat' dir='ltr'><strong>xai</strong></span> <span class='ocrx_word' id='word_1_601' title='bbox 2796 4081 2961 4158; x_wconf 71' lang='grc' dir='ltr'><strong>ὶόγοι</strong></span> 
     </span>
    </p>
   </div>
   <div class='ocr_carea' id='block_1_88' title="bbox 2164 4154 3240 4232">
    <p class='ocr_par' dir='ltr' id='par_1_88' title="bbox 2164 4154 3240 4232">
     <span class='ocr_line' id='line_1_89' title="bbox 2164 4154 3240 4232; baseline -0.005 -18"><span class='ocrx_word' id='word_1_602' title='bbox 2164 4154 2389 4224; x_wconf 59' lang='grc' dir='ltr'><strong>Λεπτόἒξ</strong></span> <span class='ocrx_word' id='word_1_603' title='bbox 2407 4154 2931 4232; x_wconf 9' lang='grc' dir='ltr'><strong>(δρωμιλεδμέγαξλλτε</strong></span> <span class='ocrx_word' id='word_1_604' title='bbox 2958 4154 3240 4232; x_wconf 57' lang='grc' dir='ltr'><strong>φροντίδες</strong></span> 
     </span>
    </p>
   </div>
   <div class='ocr_carea' id='block_1_89' title="bbox 2160 4225 3451 4308">
    <p class='ocr_par' dir='ltr' id='par_1_89' title="bbox 2160 4225 3451 4308">
     <span class='ocr_line' id='line_1_90' title="bbox 2160 4225 3451 4308; baseline -0.002 -23"><span class='ocrx_word' id='word_1_605' title='bbox 2160 4231 2416 4308; x_wconf 70' lang='grc' dir='ltr'>Τρὲφουσ’</span> <span class='ocrx_word' id='word_1_606' title='bbox 2446 4225 2798 4308; x_wconf 38' lang='grc' dir='ltr'><strong>ἐξιέίγουςίντδε</strong></span> <span class='ocrx_word' id='word_1_607' title='bbox 2827 4225 2883 4281; x_wconf 79' lang='grc' dir='ltr'><strong>δὲ</strong></span> <span class='ocrx_word' id='word_1_608' title='bbox 2912 4225 3026 4308; x_wconf 47' lang='grc' dir='ltr'><strong>δαίθ’</strong></span> <span class='ocrx_word' id='word_1_609' title='bbox 3059 4229 3266 4308; x_wconf 73' lang='grc' dir='ltr'><strong>ἠμέρᾳν</strong></span> <span class='ocrx_word' id='word_1_610' title='bbox 3307 4226 3451 4299; x_wconf 81' lang='grc' dir='ltr'>τάδε,</span> 
     </span>
    </p>
   </div>
   <div class='ocr_carea' id='block_1_90' title="bbox 2161 4300 3345 4376">
    <p class='ocr_par' dir='ltr' id='par_1_90' title="bbox 2161 4300 3345 4376">
     <span class='ocr_line' id='line_1_91' title="bbox 2161 4300 3345 4376; baseline -0.003 -19"><span class='ocrx_word' id='word_1_611' title='bbox 2161 4300 2359 4376; x_wconf 51' lang='lat' dir='ltr'><strong>&quot;Apro:</strong></span> <span class='ocrx_word' id='word_1_612' title='bbox 2391 4301 2642 4374; x_wconf 73' lang='grc' dir='ltr'><strong>καθαρὸς,</strong></span> <span class='ocrx_word' id='word_1_613' title='bbox 2678 4300 3043 4376; x_wconf 27' lang='grc' dir='ltr'><strong>εἴς-ἑκατέρῳ,</strong></span> <span class='ocrx_word' id='word_1_614' title='bbox 3078 4300 3345 4374; x_wconf 62' lang='grc' dir='ltr'><strong>ποτήριον</strong></span> 
     </span>
    </p>
   </div>
   <div class='ocr_carea' id='block_1_91' title="bbox 2158 4374 2885 4439">
    <p class='ocr_par' dir='ltr' id='par_1_91' title="bbox 2158 4374 2885 4439">
     <span class='ocr_line' id='line_1_92' title="bbox 2158 4374 2885 4439; baseline 0 -12"><span class='ocrx_word' id='word_1_615' title='bbox 2158 4374 2407 4439; x_wconf 81' lang='grc' dir='ltr'><strong>Ὕδατος,</strong></span> <span class='ocrx_word' id='word_1_616' title='bbox 2436 4376 2670 4427; x_wconf 72' lang='grc' dir='ltr'>τοσαῦτα</span> <span class='ocrx_word' id='word_1_617' title='bbox 2698 4374 2885 4427; x_wconf 77' lang='grc' dir='ltr'><strong>ταῦτα.</strong></span> 
     </span>
    </p>
   </div>
   <div class='ocr_carea' id='block_1_92' title="bbox 1981 4487 3633 4617">
    <p class='ocr_par' dir='ltr' id='par_1_92' title="bbox 1981 4487 3633 4617">
     <span class='ocr_line' id='line_1_93' title="bbox 1981 4487 3633 4617; baseline -0.002 -69"><span class='ocrx_word' id='word_1_618' title='bbox 1981 4498 2060 4548; x_wconf 88' lang='lat' dir='ltr'><strong>De</strong></span> <span class='ocrx_word' id='word_1_619' title='bbox 2095 4491 2426 4617; x_wconf 67' lang='lat' dir='ltr'><strong>frlugalitate</strong></span> <span class='ocrx_word' id='word_1_620' title='bbox 2479 4489 2973 4559; x_wconf 85' lang='lat' dir='ltr'><strong>Pythagoreorum</strong></span> <span class='ocrx_word' id='word_1_621' title='bbox 3006 4492 3208 4543; x_wconf 89' lang='lat' dir='ltr'><strong>notum</strong></span> <span class='ocrx_word' id='word_1_622' title='bbox 3239 4491 3328 4543; x_wconf 92' lang='lat' dir='ltr'><strong>est</strong></span> <span class='ocrx_word' id='word_1_623' title='bbox 3357 4487 3505 4544; x_wconf 90' lang='lat' dir='ltr'><strong>illud</strong></span> <span class='ocrx_word' id='word_1_624' title='bbox 3533 4490 3633 4544; x_wconf 85' lang='lat' dir='ltr'><strong>Ju-</strong></span> 
     </span>
     <span class='ocr_line' id='line_1_94' title="bbox 1981 4580 2253 4617; baseline 0 0"><span class='ocrx_word' id='word_1_625' title='bbox 1981 4580 2123 4617; x_wconf 82' lang='lat' dir='ltr'><strong>vena</strong></span> <span class='ocrx_word' id='word_1_626' title='bbox 2158 4583 2205 4617; x_wconf 88' lang='lat' dir='ltr'><strong>IS</strong></span> <span class='ocrx_word' id='word_1_627' title='bbox 2240 4581 2253 4617; x_wconf 86' lang='lat'><strong>:</strong></span> 
     </span>
    </p>
   </div>
   <div class='ocr_carea' id='block_1_93' title="bbox 1981 4580 2253 4619">
    <p class='ocr_par' dir='ltr' id='par_1_93' title="bbox 1981 4580 2253 4619">
     <span class='ocr_line' id='line_1_95' title="bbox 1981 4580 2253 4619; baseline -0.007 0"><span class='ocrx_word' id='word_1_628' title='bbox 1981 4580 2205 4619; x_wconf 79' lang='lat' dir='ltr'><strong>VBD&#39;dllS</strong></span> <span class='ocrx_word' id='word_1_629' title='bbox 2240 4581 2253 4617; x_wconf 71' lang='grc' dir='ltr'>ξ</span> 
     </span>
    </p>
   </div>
   <div class='ocr_carea' id='block_1_94' title="bbox 292 4664 3634 4749">
    <p class='ocr_par' dir='ltr' id='par_1_94' title="bbox 292 4664 3634 4749">
     <span class='ocr_line' id='line_1_96' title="bbox 292 4664 3634 4749; baseline -0.001 -28"><span class='ocrx_word' id='word_1_630' title='bbox 292 4669 404 4749; x_wconf 87' lang='lat'><strong>(72_)</strong></span> <span class='ocrx_word' id='word_1_631' title='bbox 434 4664 597 4723; x_wconf 77' lang='lat' dir='ltr'><strong>socco</strong></span> <span class='ocrx_word' id='word_1_632' title='bbox 653 4671 707 4720; x_wconf 87' lang='lat' dir='ltr'><strong>et</strong></span> <span class='ocrx_word' id='word_1_633' title='bbox 759 4666 935 4749; x_wconf 56' lang='lat' dir='ltr'><strong>cineri</strong></span> <span class='ocrx_word' id='word_1_634' title='bbox 986 4664 1270 4749; x_wconf 45' lang='lat' dir='ltr'><strong>i‘acuhare.</strong></span> <span class='ocrx_word' id='word_1_635' title='bbox 1316 4664 1757 4749; x_wconf 48' lang='lat' dir='ltr'><strong>(doqcilipiatum</strong></span> <span class='ocrx_word' id='word_1_636' title='bbox 1816 4670 1872 4721; x_wconf 87' lang='lat' dir='ltr'><strong>et</strong></span> <span class='ocrx_word' id='word_1_637' title='bbox 1904 4686 1948 4749; x_wconf 67' lang='grc' dir='ltr'>Β</span> <span class='ocrx_word' id='word_1_638' title='bbox 2042 4671 2192 4719; x_wconf 91' lang='lat' dir='ltr'><strong>Unde</strong></span> <span class='ocrx_word' id='word_1_639' title='bbox 2225 4669 2444 4732; x_wconf 86' lang='lat' dir='ltr'><strong>epulum</strong></span> <span class='ocrx_word' id='word_1_640' title='bbox 2477 4665 2651 4729; x_wconf 86' lang='lat' dir='ltr'><strong>possis</strong></span> <span class='ocrx_word' id='word_1_641' title='bbox 2680 4670 2896 4714; x_wconf 86' lang='lat' dir='ltr'><strong>centum</strong></span> <span class='ocrx_word' id='word_1_642' title='bbox 2929 4664 3054 4714; x_wconf 87' lang='lat' dir='ltr'><strong>dare</strong></span> <span class='ocrx_word' id='word_1_643' title='bbox 3085 4665 3453 4729; x_wconf 81' lang='lat' dir='ltr'><strong>Pythagoreis.</strong></span> <span class='ocrx_word' id='word_1_644' title='bbox 3521 4668 3634 4716; x_wconf 80' lang='lat' dir='ltr'><strong>Bis.</strong></span> 
     </span>
    </p>
   </div>
   <div class='ocr_carea' id='block_1_95' title="bbox 220 4736 1873 4808">
    <p class='ocr_par' dir='ltr' id='par_1_95' title="bbox 220 4736 1873 4808">
     <span class='ocr_line' id='line_1_97' title="bbox 220 4736 1873 4808; baseline 0 -15"><span class='ocrx_word' id='word_1_645' title='bbox 220 4736 679 4803; x_wconf 80' lang='lat' dir='ltr'><strong>concineretum,</strong></span> <span class='ocrx_word' id='word_1_646' title='bbox 712 4742 777 4792; x_wconf 90' lang='lat' dir='ltr'><strong>ut</strong></span> <span class='ocrx_word' id='word_1_647' title='bbox 808 4738 934 4808; x_wconf 90' lang='lat' dir='ltr'><strong>ipse</strong></span> <span class='ocrx_word' id='word_1_648' title='bbox 986 4736 1138 4791; x_wconf 91' lang='lat' dir='ltr'><strong>dicet</strong></span> <span class='ocrx_word' id='word_1_649' title='bbox 1167 4736 1265 4790; x_wconf 91' lang='lat' dir='ltr'><strong>lib.</strong></span> <span class='ocrx_word' id='word_1_650' title='bbox 1303 4737 1367 4791; x_wconf 84' lang='lat' dir='ltr'><strong>de</strong></span> <span class='ocrx_word' id='word_1_651' title='bbox 1398 4738 1587 4792; x_wconf 83' lang='lat' dir='ltr'><strong>Pudic.</strong></span> <span class='ocrx_word' id='word_1_652' title='bbox 1624 4762 1649 4788; x_wconf 88' lang='grc'><em>‹‹</em></span> <span class='ocrx_word' id='word_1_653' title='bbox 1680 4740 1742 4793; x_wconf 90' lang='lat' dir='ltr'><strong>In</strong></span> <span class='ocrx_word' id='word_1_654' title='bbox 1776 4755 1873 4793; x_wconf 83' lang='lat' dir='ltr'><strong>as-</strong></span> 
     </span>
    </p>
   </div>
   <div class='ocr_carea' id='block_1_96' title="bbox 221 4808 1872 4883">
    <p class='ocr_par' dir='ltr' id='par_1_96' title="bbox 221 4808 1872 4883">
     <span class='ocr_line' id='line_1_98' title="bbox 221 4808 1872 4883; baseline -0.001 -18"><span class='ocrx_word' id='word_1_655' title='bbox 221 4812 556 4883; x_wconf 88' lang='lat' dir='ltr'><strong>peritudine</strong></span> <span class='ocrx_word' id='word_1_656' title='bbox 588 4808 742 4883; x_wconf 86' lang='lat' dir='ltr'><strong>sacci</strong></span> <span class='ocrx_word' id='word_1_657' title='bbox 773 4814 843 4883; x_wconf 18' lang='lat' dir='ltr'><strong>eti</strong></span> <span class='ocrx_word' id='word_1_658' title='bbox 869 4808 1108 4883; x_wconf 80' lang='lat' dir='ltr'><strong>horrore</strong></span> <span class='ocrx_word' id='word_1_659' title='bbox 1147 4809 1389 4883; x_wconf 71' lang='lat' dir='ltr'><strong>cineris,</strong></span> <span class='ocrx_word' id='word_1_660' title='bbox 1422 4831 1449 4856; x_wconf 86' lang='lat'>»</span> <span class='ocrx_word' id='word_1_661' title='bbox 1484 4815 1548 4863; x_wconf 89' lang='lat' dir='ltr'><strong>ut</strong></span> <span class='ocrx_word' id='word_1_662' title='bbox 1578 4809 1669 4883; x_wconf 83' lang='lat' dir='ltr'><strong>hic</strong></span> <span class='ocrx_word' id='word_1_663' title='bbox 1700 4809 1872 4880; x_wconf 90' lang='lat' dir='ltr'><strong>paulo</strong></span> 
     </span>
    </p>
   </div>
   <div class='ocr_carea' id='block_1_97' title="bbox 222 4879 1872 4955">
    <p class='ocr_par' dir='ltr' id='par_1_97' title="bbox 222 4879 1872 4955">
     <span class='ocr_line' id='line_1_99' title="bbox 222 4879 1872 4955; baseline 0 -18"><span class='ocrx_word' id='word_1_664' title='bbox 222 4879 357 4955; x_wconf 80' lang='lat' dir='ltr'><strong>post</strong></span> <span class='ocrx_word' id='word_1_665' title='bbox 389 4900 624 4940; x_wconf 86' lang='lat' dir='ltr'><strong>saccum</strong></span> <span class='ocrx_word' id='word_1_666' title='bbox 680 4881 765 4937; x_wconf 88' lang='lat' dir='ltr'><strong>sic</strong></span> <span class='ocrx_word' id='word_1_667' title='bbox 813 4880 1093 4935; x_wconf 89' lang='lat' dir='ltr'><strong>describit</strong></span> <span class='ocrx_word' id='word_1_668' title='bbox 1146 4879 1421 4935; x_wconf 85' lang='lat' dir='ltr'><strong>Paulinus</strong></span> <span class='ocrx_word' id='word_1_669' title='bbox 1470 4882 1541 4936; x_wconf 87' lang='lat' dir='ltr'><strong>ad</strong></span> <span class='ocrx_word' id='word_1_670' title='bbox 1587 4879 1872 4937; x_wconf 78' lang='lat' dir='ltr'><strong>Pneuma-</strong></span> 
     </span>
    </p>
   </div>
   <div class='ocr_carea' id='block_1_98' title="bbox 225 4956 412 5011">
    <p class='ocr_par' dir='ltr' id='par_1_98' title="bbox 225 4956 412 5011">
     <span class='ocr_line' id='line_1_100' title="bbox 225 4956 412 5011; baseline 0.005 -1"><span class='ocrx_word' id='word_1_671' title='bbox 225 4956 412 5011; x_wconf 88' lang='lat' dir='ltr'><strong>tium:</strong></span> 
     </span>
    </p>
   </div>
   <div class='ocr_carea' id='block_1_99' title="bbox 347 5049 1749 5115">
    <p class='ocr_par' dir='ltr' id='par_1_99' title="bbox 347 5049 1749 5115">
     <span class='ocr_line' id='line_1_101' title="bbox 347 5049 1749 5115; baseline -0.003 -12"><span class='ocrx_word' id='word_1_672' title='bbox 347 5053 398 5103; x_wconf 90' lang='lat' dir='ltr'><strong>Si</strong></span> <span class='ocrx_word' id='word_1_673' title='bbox 429 5052 590 5100; x_wconf 86' lang='lat' dir='ltr'><strong>modo</strong></span> <span class='ocrx_word' id='word_1_674' title='bbox 620 5051 893 5115; x_wconf 84' lang='lat' dir='ltr'><strong>lugentem</strong></span> <span class='ocrx_word' id='word_1_675' title='bbox 927 5050 1104 5115; x_wconf 79' lang='lat' dir='ltr'><strong>gravis</strong></span> <span class='ocrx_word' id='word_1_676' title='bbox 1131 5049 1271 5099; x_wconf 86' lang='lat' dir='ltr'><strong>hirto</strong></span> <span class='ocrx_word' id='word_1_677' title='bbox 1304 5052 1749 5115; x_wconf 85' lang='lat' dir='ltr'><strong>tegminesaccus</strong></span> 
     </span>
    </p>
   </div>
   <div class='ocr_carea' id='block_1_100' title="bbox 406 5114 1810 5177">
    <p class='ocr_par' dir='ltr' id='par_1_100' title="bbox 406 5114 1810 5177">
     <span class='ocr_line' id='line_1_102' title="bbox 406 5114 1810 5177; baseline 0.001 -14"><span class='ocrx_word' id='word_1_678' title='bbox 406 5114 761 5177; x_wconf 81' lang='lat' dir='ltr'><strong>Caprigeoum</strong></span> <span class='ocrx_word' id='word_1_679' title='bbox 794 5114 921 5162; x_wconf 88' lang='lat' dir='ltr'><strong>setis</strong></span> <span class='ocrx_word' id='word_1_680' title='bbox 952 5114 1077 5162; x_wconf 87' lang='lat' dir='ltr'><strong>dum</strong></span> <span class='ocrx_word' id='word_1_681' title='bbox 1112 5116 1259 5176; x_wconf 86' lang='lat' dir='ltr'><strong>tegat</strong></span> <span class='ocrx_word' id='word_1_682' title='bbox 1293 5119 1345 5162; x_wconf 88' lang='lat' dir='ltr'><strong>et</strong></span> <span class='ocrx_word' id='word_1_683' title='bbox 1377 5114 1628 5163; x_wconf 84' lang='lat' dir='ltr'><strong>stimulet.</strong></span> <span class='ocrx_word' id='word_1_684' title='bbox 1698 5114 1810 5164; x_wconf 78' lang='lat' dir='ltr'><strong>Rm.</strong></span> 
     </span>
    </p>
   </div>
   <div class='ocr_carea' id='block_1_101' title="bbox 296 5202 1872 5276">
    <p class='ocr_par' dir='ltr' id='par_1_101' title="bbox 296 5202 1872 5276">
     <span class='ocr_line' id='line_1_103' title="bbox 296 5202 1872 5276; baseline -0.002 -18"><span class='ocrx_word' id='word_1_685' title='bbox 296 5205 408 5276; x_wconf 90' lang='lat'><strong>(73)</strong></span> <span class='ocrx_word' id='word_1_686' title='bbox 461 5206 692 5258; x_wconf 80' lang='lat' dir='ltr'><strong>Pastum</strong></span> <span class='ocrx_word' id='word_1_687' title='bbox 746 5206 798 5256; x_wconf 81' lang='lat' dir='ltr'><strong>et</strong></span> <span class='ocrx_word' id='word_1_688' title='bbox 840 5207 1029 5276; x_wconf 78' lang='lat' dir='ltr'><strong>potum</strong></span> <span class='ocrx_word' id='word_1_689' title='bbox 1073 5220 1215 5273; x_wconf 84' lang='lat' dir='ltr'><strong>pura</strong></span> <span class='ocrx_word' id='word_1_690' title='bbox 1259 5218 1433 5276; x_wconf 71' lang='lat' dir='ltr'><strong>nosse.</strong></span> <span class='ocrx_word' id='word_1_691' title='bbox 1498 5202 1648 5276; x_wconf 84' lang='lat' dir='ltr'><strong>Alibi</strong></span> <span class='ocrx_word' id='word_1_692' title='bbox 1694 5204 1872 5276; x_wconf 78' lang='lat' dir='ltr'><strong>dixit,</strong></span> 
     </span>
    </p>
   </div>
   <div class='ocr_carea' id='block_1_102' title="bbox 220 5274 1877 5346">
    <p class='ocr_par' dir='ltr' id='par_1_102' title="bbox 220 5274 1877 5346">
     <span class='ocr_line' id='line_1_104' title="bbox 220 5274 1877 5346; baseline -0.002 -14"><span class='ocrx_word' id='word_1_693' title='bbox 220 5274 368 5333; x_wconf 88' lang='lat' dir='ltr'><strong>mero</strong></span> <span class='ocrx_word' id='word_1_694' title='bbox 399 5291 538 5346; x_wconf 83' lang='lat' dir='ltr'><strong>pane</strong></span> <span class='ocrx_word' id='word_1_695' title='bbox 567 5282 617 5329; x_wconf 87' lang='lat' dir='ltr'><strong>et</strong></span> <span class='ocrx_word' id='word_1_696' title='bbox 665 5274 919 5346; x_wconf 84' lang='lat' dir='ltr'><strong>aqua,_id</strong></span> <span class='ocrx_word' id='word_1_697' title='bbox 954 5279 1063 5339; x_wconf 87' lang='lat' dir='ltr'><strong>est,</strong></span> <span class='ocrx_word' id='word_1_698' title='bbox 1098 5291 1261 5345; x_wconf 91' lang='lat' dir='ltr'><strong>puro,</strong></span> <span class='ocrx_word' id='word_1_699' title='bbox 1297 5274 1417 5328; x_wconf 89' lang='lat' dir='ltr'><strong>sive</strong></span> <span class='ocrx_word' id='word_1_700' title='bbox 1468 5274 1611 5337; x_wconf 90' lang='lat' dir='ltr'><strong>solo,</strong></span> <span class='ocrx_word' id='word_1_701' title='bbox 1654 5275 1877 5345; x_wconf 87' lang='lat' dir='ltr'><strong>absque</strong></span> 
     </span>
    </p>
   </div>
   <div class='ocr_carea' id='block_1_103' title="bbox 223 5343 1874 5416">
    <p class='ocr_par' dir='ltr' id='par_1_103' title="bbox 223 5343 1874 5416">
     <span class='ocr_line' id='line_1_105' title="bbox 223 5343 1874 5416; baseline -0.002 -13"><span class='ocrx_word' id='word_1_702' title='bbox 223 5350 364 5404; x_wconf 89' lang='lat' dir='ltr'><strong>ullis</strong></span> <span class='ocrx_word' id='word_1_703' title='bbox 397 5343 526 5402; x_wconf 81' lang='lat' dir='ltr'><strong>aliis</strong></span> <span class='ocrx_word' id='word_1_704' title='bbox 575 5343 909 5413; x_wconf 78' lang='lat' dir='ltr'><strong>esculentis,</strong></span> <span class='ocrx_word' id='word_1_705' title='bbox 944 5343 1166 5416; x_wconf 87' lang='lat' dir='ltr'><strong>absque</strong></span> <span class='ocrx_word' id='word_1_706' title='bbox 1213 5346 1623 5400; x_wconf 87' lang='lat' dir='ltr'><strong>condimentis.</strong></span> <span class='ocrx_word' id='word_1_707' title='bbox 1660 5347 1753 5401; x_wconf 91' lang='lat' dir='ltr'><strong>Sic</strong></span> <span class='ocrx_word' id='word_1_708' title='bbox 1787 5343 1874 5400; x_wconf 82' lang='lat' dir='ltr'><strong>ad</strong></span> 
     </span>
    </p>
   </div>
   <div class='ocr_carea' id='block_1_104' title="bbox 219 5417 1873 5491">
    <p class='ocr_par' dir='ltr' id='par_1_104' title="bbox 219 5417 1873 5491">
     <span class='ocr_line' id='line_1_106' title="bbox 219 5417 1873 5491; baseline -0.004 -16"><span class='ocrx_word' id='word_1_709' title='bbox 219 5419 552 5491; x_wconf 86' lang='lat' dir='ltr'><strong>Scapulam,</strong></span> <span class='ocrx_word' id='word_1_710' title='bbox 591 5441 616 5467; x_wconf 78' lang='grc' dir='ltr'>α</span> <span class='ocrx_word' id='word_1_711' title='bbox 650 5417 1061 5472; x_wconf 78' lang='lat' dir='ltr'><strong>Sacrificamus</strong></span> <span class='ocrx_word' id='word_1_712' title='bbox 1124 5434 1297 5491; x_wconf 5' lang='lat' dir='ltr'><strong>pura,</strong></span> <span class='ocrx_word' id='word_1_713' title='bbox 1327 5434 1512 5488; x_wconf 75' lang='lat' dir='ltr'><strong>prere,</strong></span> <span class='ocrx_word' id='word_1_714' title='bbox 1551 5440 1575 5465; x_wconf 78' lang='grc' dir='ltr'>η</span> <span class='ocrx_word' id='word_1_715' title='bbox 1612 5418 1716 5470; x_wconf 84' lang='lat' dir='ltr'><strong>hnc</strong></span> <span class='ocrx_word' id='word_1_716' title='bbox 1766 5425 1873 5481; x_wconf 75' lang='lat' dir='ltr'><strong>est,</strong></span> 
     </span>
    </p>
   </div>
   <div class='ocr_carea' id='block_1_105' title="bbox 222 5489 1876 5562">
    <p class='ocr_par' dir='ltr' id='par_1_105' title="bbox 222 5489 1876 5562">
     <span class='ocr_line' id='line_1_107' title="bbox 222 5489 1876 5562; baseline -0.003 -14"><span class='ocrx_word' id='word_1_717' title='bbox 222 5489 440 5561; x_wconf 60' lang='lat' dir='ltr'><strong>absque</strong></span> <span class='ocrx_word' id='word_1_718' title='bbox 488 5490 797 5562; x_wconf 77' lang='lat' dir='ltr'><strong>odoribus,</strong></span> <span class='ocrx_word' id='word_1_719' title='bbox 821 5491 1043 5558; x_wconf 84' lang='lat' dir='ltr'><strong>absque</strong></span> <span class='ocrx_word' id='word_1_720' title='bbox 1091 5489 1399 5562; x_wconf 86' lang='lat' dir='ltr'><strong>sanguine,</strong></span> <span class='ocrx_word' id='word_1_721' title='bbox 1434 5492 1649 5557; x_wconf 77' lang='lat' dir='ltr'><strong>absque</strong></span> <span class='ocrx_word' id='word_1_722' title='bbox 1684 5491 1876 5555; x_wconf 86' lang='lat' dir='ltr'><strong>thure,</strong></span> 
     </span>
    </p>
   </div>
   <div class='ocr_carea' id='block_1_106' title="bbox 223 5561 1876 5633">
    <p class='ocr_par' dir='ltr' id='par_1_106' title="bbox 223 5561 1876 5633">
     <span class='ocr_line' id='line_1_108' title="bbox 223 5561 1876 5633; baseline -0.002 -14"><span class='ocrx_word' id='word_1_723' title='bbox 223 5567 445 5633; x_wconf 88' lang='lat' dir='ltr'><strong>absque</strong></span> <span class='ocrx_word' id='word_1_724' title='bbox 497 5561 755 5629; x_wconf 86' lang='lat' dir='ltr'><strong>victima,</strong></span> <span class='ocrx_word' id='word_1_725' title='bbox 788 5561 1021 5633; x_wconf 81' lang='lat' dir='ltr'><strong>hocest</strong></span> <span class='ocrx_word' id='word_1_726' title='bbox 1052 5577 1197 5630; x_wconf 86' lang='lat' dir='ltr'><strong>pane</strong></span> <span class='ocrx_word' id='word_1_727' title='bbox 1248 5566 1303 5614; x_wconf 79' lang='lat' dir='ltr'><strong>et</strong></span> <span class='ocrx_word' id='word_1_728' title='bbox 1350 5578 1514 5631; x_wconf 83' lang='lat' dir='ltr'><strong>aqua.</strong></span> <span class='ocrx_word' id='word_1_729' title='bbox 1550 5562 1759 5615; x_wconf 74' lang='lat' dir='ltr'><strong>Eodem</strong></span> <span class='ocrx_word' id='word_1_730' title='bbox 1795 5562 1876 5616; x_wconf 90' lang='lat' dir='ltr'><strong>si-</strong></span> 
     </span>
    </p>
   </div>
   <div class='ocr_carea' id='block_1_107' title="bbox 222 5630 1877 5708">
    <p class='ocr_par' dir='ltr' id='par_1_107' title="bbox 222 5630 1877 5708">
     <span class='ocr_line' id='line_1_109' title="bbox 222 5630 1877 5708; baseline -0.001 -18"><span class='ocrx_word' id='word_1_731' title='bbox 222 5630 499 5708; x_wconf 83' lang='lat' dir='ltr'><strong>gniticatu</strong></span> <span class='ocrx_word' id='word_1_732' title='bbox 535 5634 695 5708; x_wconf 63' lang='grc' dir='ltr'>ἄρτον</span> <span class='ocrx_word' id='word_1_733' title='bbox 718 5630 961 5708; x_wconf 43' lang='lat' dir='ltr'><strong>possm</strong></span> <span class='ocrx_word' id='word_1_734' title='bbox 997 5632 1145 5685; x_wconf 84' lang='lat' dir='ltr'><strong>dixit</strong></span> <span class='ocrx_word' id='word_1_735' title='bbox 1193 5630 1587 5708; x_wconf 19' lang='lat' dir='ltr'><strong>Alexis’poeta</strong></span> <span class='ocrx_word' id='word_1_736' title='bbox 1617 5633 1877 5708; x_wconf 79' lang='lat' dir='ltr'><strong>comicus</strong></span> 
     </span>
    </p>
   </div>
   <div class='ocr_carea' id='block_1_108' title="bbox 226 5704 1877 5778">
    <p class='ocr_par' dir='ltr' id='par_1_108' title="bbox 226 5704 1877 5778">
     <span class='ocr_line' id='line_1_110' title="bbox 226 5704 1877 5778; baseline 0.001 -16"><span class='ocrx_word' id='word_1_737' title='bbox 226 5704 283 5762; x_wconf 74' lang='lat' dir='ltr'><strong>in</strong></span> <span class='ocrx_word' id='word_1_738' title='bbox 316 5704 640 5778; x_wconf 77' lang='lat' dir='ltr'><strong>Tarentinis,</strong></span> <span class='ocrx_word' id='word_1_739' title='bbox 677 5704 775 5778; x_wconf 85' lang='lat' dir='ltr'><strong>ubi</strong></span> <span class='ocrx_word' id='word_1_740' title='bbox 820 5705 1056 5774; x_wconf 87' lang='lat' dir='ltr'><strong>jocatur</strong></span> <span class='ocrx_word' id='word_1_741' title='bbox 1102 5706 1371 5762; x_wconf 86' lang='lat' dir='ltr'><strong>versibus</strong></span> <span class='ocrx_word' id='word_1_742' title='bbox 1422 5705 1877 5778; x_wconf 82' lang='lat' dir='ltr'><strong>elegantissimis</strong></span> 
     </span>
    </p>
   </div>
   <div class='ocr_carea' id='block_1_109' title="bbox 224 5776 1128 5849">
    <p class='ocr_par' dir='ltr' id='par_1_109' title="bbox 224 5776 1128 5849">
     <span class='ocr_line' id='line_1_111' title="bbox 224 5776 1128 5849; baseline -0.006 -13"><span class='ocrx_word' id='word_1_743' title='bbox 224 5781 283 5836; x_wconf 91' lang='lat' dir='ltr'><strong>in</strong></span> <span class='ocrx_word' id='word_1_744' title='bbox 316 5779 548 5833; x_wconf 60' lang='lat' dir='ltr'><strong>diaetam</strong></span> <span class='ocrx_word' id='word_1_745' title='bbox 584 5776 1078 5849; x_wconf 83' lang='lat' dir='ltr'><strong>Pythagoreorum</strong></span> <span class='ocrx_word' id='word_1_746' title='bbox 1115 5792 1128 5832; x_wconf 88' lang='lat'><strong>:</strong></span> 
     </span>
    </p>
   </div>
   <div class='ocr_carea' id='block_1_110' title="bbox 548 5901 909 5966">
    <p class='ocr_par' dir='ltr' id='par_1_110' title="bbox 548 5901 909 5966">
     <span class='ocr_line' id='line_1_112' title="bbox 548 5901 909 5966; baseline -0.008 0"><span class='ocrx_word' id='word_1_747' title='bbox 548 5905 813 5966; x_wconf 68' lang='grc' dir='ltr'><strong>Ριτιιοι..</strong></span> <span class='ocrx_word' id='word_1_748' title='bbox 861 5901 909 5964; x_wconf 94' lang='lat' dir='ltr'><strong>I.</strong></span> 
     </span>
    </p>
   </div>
   <div class='ocr_carea' id='block_1_111' title="bbox 2054 4771 3636 4847">
    <p class='ocr_par' dir='ltr' id='par_1_111' title="bbox 2054 4771 3636 4847">
     <span class='ocr_line' id='line_1_113' title="bbox 2054 4771 3636 4847; baseline 0.001 -19"><span class='ocrx_word' id='word_1_749' title='bbox 2054 4778 2163 4847; x_wconf 81' lang='grc'>(74)</span> <span class='ocrx_word' id='word_1_750' title='bbox 2197 4775 2544 4845; x_wconf 66' lang='lat' dir='ltr'><strong>Presbyteri:</strong></span> <span class='ocrx_word' id='word_1_751' title='bbox 2575 4771 2809 4826; x_wconf 81' lang='lat' dir='ltr'><strong>advolvi.</strong></span> <span class='ocrx_word' id='word_1_752' title='bbox 2845 4772 2925 4825; x_wconf 88' lang='lat' dir='ltr'><strong>En</strong></span> <span class='ocrx_word' id='word_1_753' title='bbox 2962 4774 3251 4847; x_wconf 81' lang='lat' dir='ltr'><strong>quomodo</strong></span> <span class='ocrx_word' id='word_1_754' title='bbox 3285 4778 3418 4828; x_wconf 91' lang='lat' dir='ltr'><strong>ante</strong></span> <span class='ocrx_word' id='word_1_755' title='bbox 3450 4790 3636 4831; x_wconf 87' lang='lat' dir='ltr'><strong>sacer-</strong></span> 
     </span>
    </p>
   </div>
   <div class='ocr_carea' id='block_1_112' title="bbox 1982 4846 3639 4915">
    <p class='ocr_par' dir='ltr' id='par_1_112' title="bbox 1982 4846 3639 4915">
     <span class='ocr_line' id='line_1_114' title="bbox 1982 4846 3639 4915; baseline 0.001 -14"><span class='ocrx_word' id='word_1_756' title='bbox 1982 4846 2152 4902; x_wconf 82' lang='lat' dir='ltr'><strong>dotes</strong></span> <span class='ocrx_word' id='word_1_757' title='bbox 2176 4847 2563 4909; x_wconf 89' lang='lat' dir='ltr'><strong>volverentur,</strong></span> <span class='ocrx_word' id='word_1_758' title='bbox 2600 4849 2661 4897; x_wconf 90' lang='lat' dir='ltr'><strong>ut</strong></span> <span class='ocrx_word' id='word_1_759' title='bbox 2704 4850 2941 4913; x_wconf 87' lang='lat' dir='ltr'><strong>peccata</strong></span> <span class='ocrx_word' id='word_1_760' title='bbox 2971 4861 3077 4898; x_wconf 88' lang='lat' dir='ltr'><strong>sua</strong></span> <span class='ocrx_word' id='word_1_761' title='bbox 3108 4846 3549 4915; x_wconf 83' lang='lat' dir='ltr'><strong>confiterentur,</strong></span> <span class='ocrx_word' id='word_1_762' title='bbox 3581 4852 3639 4902; x_wconf 87' lang='lat' dir='ltr'><strong>et</strong></span> 
     </span>
    </p>
   </div>
   <div class='ocr_carea' id='block_1_113' title="bbox 1982 4914 3635 4989">
    <p class='ocr_par' dir='ltr' id='par_1_113' title="bbox 1982 4914 3635 4989">
     <span class='ocr_line' id='line_1_115' title="bbox 1982 4914 3635 4989; baseline -0.001 -14"><span class='ocrx_word' id='word_1_763' title='bbox 1982 4936 2182 4975; x_wconf 90' lang='lat' dir='ltr'><strong>eorum</strong></span> <span class='ocrx_word' id='word_1_764' title='bbox 2214 4918 2442 4974; x_wconf 89' lang='lat' dir='ltr'><strong>veniam</strong></span> <span class='ocrx_word' id='word_1_765' title='bbox 2496 4914 3049 4989; x_wconf 12' lang='lat' dir='ltr'><strong>obtinerent,iaiunt</strong></span> <span class='ocrx_word' id='word_1_766' title='bbox 3097 4916 3465 4989; x_wconf 89' lang='lat' dir='ltr'><strong>interpretes,</strong></span> <span class='ocrx_word' id='word_1_767' title='bbox 3500 4934 3635 4989; x_wconf 89' lang='lat' dir='ltr'><strong>cum</strong></span> 
     </span>
    </p>
   </div>
   <div class='ocr_carea' id='block_1_114' title="bbox 1983 4986 3634 5058">
    <p class='ocr_par' dir='ltr' id='par_1_114' title="bbox 1983 4986 3634 5058">
     <span class='ocr_line' id='line_1_116' title="bbox 1983 4986 3634 5058; baseline 0 -13"><span class='ocrx_word' id='word_1_768' title='bbox 1983 4992 2251 5058; x_wconf 89' lang='lat' dir='ltr'><strong>Baronio,</strong></span> <span class='ocrx_word' id='word_1_769' title='bbox 2293 4986 2664 5050; x_wconf 82' lang='lat' dir='ltr'><strong>Bellartuino,</strong></span> <span class='ocrx_word' id='word_1_770' title='bbox 2716 4986 3048 5042; x_wconf 86' lang='lat' dir='ltr'><strong>Maldonato</strong></span> <span class='ocrx_word' id='word_1_771' title='bbox 3098 4989 3153 5042; x_wconf 88' lang='lat' dir='ltr'><strong>in</strong></span> <span class='ocrx_word' id='word_1_772' title='bbox 3205 4986 3634 5045; x_wconf 80' lang='lat' dir='ltr'><strong>controversiis.</strong></span> 
     </span>
    </p>
   </div>
   <div class='ocr_carea' id='block_1_115' title="bbox 1985 5058 3634 5135">
    <p class='ocr_par' dir='ltr' id='par_1_115' title="bbox 1985 5058 3634 5135">
     <span class='ocr_line' id='line_1_117' title="bbox 1985 5058 3634 5135; baseline -0.001 -19"><span class='ocrx_word' id='word_1_773' title='bbox 1985 5068 2099 5135; x_wconf 80' lang='lat' dir='ltr'><strong>Ego</strong></span> <span class='ocrx_word' id='word_1_774' title='bbox 2130 5064 2238 5118; x_wconf 90' lang='lat' dir='ltr'><strong>etsi</strong></span> <span class='ocrx_word' id='word_1_775' title='bbox 2292 5062 2448 5116; x_wconf 90' lang='lat' dir='ltr'><strong>hunc</strong></span> <span class='ocrx_word' id='word_1_776' title='bbox 2491 5058 2666 5135; x_wconf 78' lang='lat' dir='ltr'><strong>ritum</strong></span> <span class='ocrx_word' id='word_1_777' title='bbox 2721 5060 3203 5135; x_wconf 84' lang='lat' dir='ltr'><strong>antiquissimum</strong></span> <span class='ocrx_word' id='word_1_778' title='bbox 3254 5077 3383 5115; x_wconf 89' lang='lat' dir='ltr'><strong>esse</strong></span> <span class='ocrx_word' id='word_1_779' title='bbox 3420 5063 3634 5135; x_wconf 65' lang='lat' dir='ltr'><strong>fatear,</strong></span> 
     </span>
    </p>
   </div>
   <div class='ocr_carea' id='block_1_116' title="bbox 1983 5130 3635 5203">
    <p class='ocr_par' dir='ltr' id='par_1_116' title="bbox 1983 5130 3635 5203">
     <span class='ocr_line' id='line_1_118' title="bbox 1983 5130 3635 5203; baseline -0.002 -13"><span class='ocrx_word' id='word_1_780' title='bbox 1983 5130 2057 5190; x_wconf 65' lang='lat' dir='ltr'><strong>ei</strong></span> <span class='ocrx_word' id='word_1_781' title='bbox 2084 5135 2173 5190; x_wconf 85' lang='lat' dir='ltr'><strong>his</strong></span> <span class='ocrx_word' id='word_1_782' title='bbox 2202 5138 2401 5189; x_wconf 89' lang='lat' dir='ltr'><strong>tamen</strong></span> <span class='ocrx_word' id='word_1_783' title='bbox 2435 5131 2667 5203; x_wconf 89' lang='lat' dir='ltr'><strong>probari</strong></span> <span class='ocrx_word' id='word_1_784' title='bbox 2702 5130 2902 5199; x_wconf 80' lang='lat' dir='ltr'><strong>nequit</strong></span> <span class='ocrx_word' id='word_1_785' title='bbox 2927 5148 2940 5197; x_wconf 92' lang='lat'><strong>;</strong></span> <span class='ocrx_word' id='word_1_786' title='bbox 2962 5147 3096 5185; x_wconf 88' lang='lat' dir='ltr'><strong>nam</strong></span> <span class='ocrx_word' id='word_1_787' title='bbox 3129 5147 3387 5203; x_wconf 11' lang='lat' dir='ltr'><strong>cum‘pro</strong></span> <span class='ocrx_word' id='word_1_788' title='bbox 3413 5131 3635 5187; x_wconf 89' lang='lat' dir='ltr'><strong>foribus</strong></span> 
     </span>
    </p>
   </div>
   <div class='ocr_carea' id='block_1_117' title="bbox 1982 5201 3634 5278">
    <p class='ocr_par' dir='ltr' id='par_1_117' title="bbox 1982 5201 3634 5278">
     <span class='ocr_line' id='line_1_119' title="bbox 1982 5201 3634 5278; baseline -0.004 -15"><span class='ocrx_word' id='word_1_789' title='bbox 1982 5206 2189 5278; x_wconf 89' lang='lat' dir='ltr'><strong>templi</strong></span> <span class='ocrx_word' id='word_1_790' title='bbox 2239 5201 2461 5261; x_wconf 78' lang='lat' dir='ltr'><strong>starent</strong></span> <span class='ocrx_word' id='word_1_791' title='bbox 2513 5202 2874 5278; x_wconf 6' lang='lat' dir='ltr'><strong>pmnitengt‘es,</strong></span> <span class='ocrx_word' id='word_1_792' title='bbox 2911 5201 3414 5278; x_wconf 66' lang='lat' dir='ltr'><strong>praetereuntibus</strong></span> <span class='ocrx_word' id='word_1_793' title='bbox 3444 5219 3634 5278; x_wconf 83' lang='lat' dir='ltr'><strong>sacer-</strong></span> 
     </span>
    </p>
   </div>
   <div class='ocr_carea' id='block_1_118' title="bbox 1983 5273 3634 5345">
    <p class='ocr_par' dir='ltr' id='par_1_118' title="bbox 1983 5273 3634 5345">
     <span class='ocr_line' id='line_1_120' title="bbox 1983 5273 3634 5345; baseline -0.002 -12"><span class='ocrx_word' id='word_1_794' title='bbox 1983 5273 2220 5333; x_wconf 86' lang='lat' dir='ltr'><strong>dotibus</strong></span> <span class='ocrx_word' id='word_1_795' title='bbox 2250 5277 2593 5345; x_wconf 74' lang='lat' dir='ltr'><strong>cseterisque</strong></span> <span class='ocrx_word' id='word_1_796' title='bbox 2623 5273 2914 5334; x_wconf 81' lang='lat' dir='ltr'><strong>fidelibus,</strong></span> <span class='ocrx_word' id='word_1_797' title='bbox 2949 5273 3225 5328; x_wconf 89' lang='lat' dir='ltr'><strong>omnibus</strong></span> <span class='ocrx_word' id='word_1_798' title='bbox 3257 5274 3497 5329; x_wconf 90' lang='lat' dir='ltr'><strong>omnino</strong></span> <span class='ocrx_word' id='word_1_799' title='bbox 3529 5275 3634 5331; x_wconf 88' lang='lat' dir='ltr'><strong>do-</strong></span> 
     </span>
    </p>
   </div>
   <div class='ocr_carea' id='block_1_119' title="bbox 1983 5345 3636 5417">
    <p class='ocr_par' dir='ltr' id='par_1_119' title="bbox 1983 5345 3636 5417">
     <span class='ocr_line' id='line_1_121' title="bbox 1983 5345 3636 5417; baseline -0.002 -14"><span class='ocrx_word' id='word_1_800' title='bbox 1983 5350 2156 5405; x_wconf 89' lang='lat' dir='ltr'><strong>lentis</strong></span> <span class='ocrx_word' id='word_1_801' title='bbox 2188 5349 2368 5404; x_wconf 91' lang='lat' dir='ltr'><strong>animi</strong></span> <span class='ocrx_word' id='word_1_802' title='bbox 2402 5347 2584 5417; x_wconf 75' lang='lat' dir='ltr'><strong>signis</strong></span> <span class='ocrx_word' id='word_1_803' title='bbox 2614 5345 3012 5417; x_wconf 79' lang='lat' dir='ltr'><strong>pmnitentiam</strong></span> <span class='ocrx_word' id='word_1_804' title='bbox 3045 5361 3215 5417; x_wconf 82' lang='lat' dir='ltr'><strong>suam</strong></span> <span class='ocrx_word' id='word_1_805' title='bbox 3244 5350 3636 5416; x_wconf 84' lang='lat' dir='ltr'><strong>testabantur,</strong></span> 
     </span>
    </p>
   </div>
   <div class='ocr_carea' id='block_1_120' title="bbox 1982 5416 3638 5491">
    <p class='ocr_par' dir='ltr' id='par_1_120' title="bbox 1982 5416 3638 5491">
     <span class='ocr_line' id='line_1_122' title="bbox 1982 5416 3638 5491; baseline -0.001 -16"><span class='ocrx_word' id='word_1_806' title='bbox 1982 5421 2257 5491; x_wconf 80' lang='lat' dir='ltr'><strong>lacrymis</strong></span> <span class='ocrx_word' id='word_1_807' title='bbox 2291 5438 2405 5474; x_wconf 84' lang='lat' dir='ltr'><strong>non</strong></span> <span class='ocrx_word' id='word_1_808' title='bbox 2440 5416 3077 5491; x_wconf 83' lang='lat' dir='ltr'><strong>parceba_nt,_precibus</strong></span> <span class='ocrx_word' id='word_1_809' title='bbox 3112 5416 3485 5491; x_wconf 82' lang='lat' dir='ltr'><strong>insistebant,</strong></span> <span class='ocrx_word' id='word_1_810' title='bbox 3519 5418 3638 5473; x_wconf 84' lang='lat' dir='ltr'><strong>vol-</strong></span> 
     </span>
    </p>
   </div>
   <div class='ocr_carea' id='block_1_121' title="bbox 1982 5487 3636 5559">
    <p class='ocr_par' dir='ltr' id='par_1_121' title="bbox 1982 5487 3636 5559">
     <span class='ocr_line' id='line_1_123' title="bbox 1982 5487 3636 5559; baseline -0.003 -11"><span class='ocrx_word' id='word_1_811' title='bbox 1982 5487 2287 5558; x_wconf 77' lang='lat' dir='ltr'><strong>vehantur,</strong></span> <span class='ocrx_word' id='word_1_812' title='bbox 2323 5498 2380 5546; x_wconf 88' lang='lat' dir='ltr'><strong>et</strong></span> <span class='ocrx_word' id='word_1_813' title='bbox 2410 5487 2457 5545; x_wconf 89' lang='lat' dir='ltr'><strong>si</strong></span> <span class='ocrx_word' id='word_1_814' title='bbox 2491 5506 2614 5557; x_wconf 61' lang='lat' dir='ltr'><strong>quae</strong></span> <span class='ocrx_word' id='word_1_815' title='bbox 2642 5487 2756 5542; x_wconf 86' lang='lat' dir='ltr'><strong>alia</strong></span> <span class='ocrx_word' id='word_1_816' title='bbox 2787 5488 2961 5541; x_wconf 87' lang='lat' dir='ltr'><strong>habet</strong></span> <span class='ocrx_word' id='word_1_817' title='bbox 2993 5489 3493 5559; x_wconf 67' lang='lat' dir='ltr'><strong>pmnitentia,quas</strong></span> <span class='ocrx_word' id='word_1_818' title='bbox 3527 5491 3636 5544; x_wconf 90' lang='lat' dir='ltr'><strong>mi-</strong></span> 
     </span>
    </p>
   </div>
   <div class='ocr_carea' id='block_1_122' title="bbox 1985 5558 3639 5628">
    <p class='ocr_par' dir='ltr' id='par_1_122' title="bbox 1985 5558 3639 5628">
     <span class='ocr_line' id='line_1_124' title="bbox 1985 5558 3639 5628; baseline -0.002 -9"><span class='ocrx_word' id='word_1_819' title='bbox 1985 5566 2363 5619; x_wconf 85' lang='lat' dir='ltr'><strong>sericordiam</strong></span> <span class='ocrx_word' id='word_1_820' title='bbox 2426 5576 2652 5616; x_wconf 88' lang='lat' dir='ltr'><strong>movere</strong></span> <span class='ocrx_word' id='word_1_821' title='bbox 2714 5558 2961 5628; x_wconf 84' lang='lat' dir='ltr'><strong>possint,</strong></span> <span class='ocrx_word' id='word_1_822' title='bbox 2995 5575 3107 5613; x_wconf 90' lang='lat' dir='ltr'><strong>non</strong></span> <span class='ocrx_word' id='word_1_823' title='bbox 3166 5558 3538 5626; x_wconf 81' lang='lat' dir='ltr'><strong>omittebant,</strong></span> <span class='ocrx_word' id='word_1_824' title='bbox 3575 5569 3639 5616; x_wconf 92' lang='lat' dir='ltr'><strong>ut</strong></span> 
     </span>
    </p>
   </div>
   <div class='ocr_carea' id='block_1_123' title="bbox 1985 5631 3637 5709">
    <p class='ocr_par' dir='ltr' id='par_1_123' title="bbox 1985 5631 3637 5709">
     <span class='ocr_line' id='line_1_125' title="bbox 1985 5631 3637 5709; baseline -0.002 -17"><span class='ocrx_word' id='word_1_825' title='bbox 1985 5653 2188 5709; x_wconf 90' lang='lat' dir='ltr'><strong>pacem</strong></span> <span class='ocrx_word' id='word_1_826' title='bbox 2225 5637 2659 5709; x_wconf 83' lang='lat' dir='ltr'><strong>recuperarent:</strong></span> <span class='ocrx_word' id='word_1_827' title='bbox 2696 5646 2867 5709; x_wconf 81' lang='lat' dir='ltr'><strong>quem</strong></span> <span class='ocrx_word' id='word_1_828' title='bbox 2891 5632 3080 5709; x_wconf 76' lang='lat' dir='ltr'><strong>ritum</strong></span> <span class='ocrx_word' id='word_1_829' title='bbox 3112 5631 3637 5709; x_wconf 73' lang='lat' dir='ltr'><strong>describitauctor,</strong></span> 
     </span>
    </p>
   </div>
   <div class='ocr_carea' id='block_1_124' title="bbox 1986 5702 3639 5778">
    <p class='ocr_par' dir='ltr' id='par_1_124' title="bbox 1986 5702 3639 5778">
     <span class='ocr_line' id='line_1_126' title="bbox 1986 5702 3639 5778; baseline -0.002 -14"><span class='ocrx_word' id='word_1_830' title='bbox 1986 5702 2118 5765; x_wconf 76' lang='lat' dir='ltr'><strong>cum</strong></span> <span class='ocrx_word' id='word_1_831' title='bbox 2153 5709 2233 5762; x_wconf 91' lang='lat' dir='ltr'><strong>ait</strong></span> <span class='ocrx_word' id='word_1_832' title='bbox 2284 5702 2624 5778; x_wconf 73' lang='lat' dir='ltr'><strong>presbyteris</strong></span> <span class='ocrx_word' id='word_1_833' title='bbox 2683 5702 2920 5778; x_wconf 69' lang='lat' dir='ltr'><strong>advolvi,</strong></span> <span class='ocrx_word' id='word_1_834' title='bbox 2953 5719 3133 5773; x_wconf 89' lang='lat' dir='ltr'><strong>quare</strong></span> <span class='ocrx_word' id='word_1_835' title='bbox 3182 5702 3331 5761; x_wconf 92' lang='lat' dir='ltr'><strong>nihil</strong></span> <span class='ocrx_word' id='word_1_836' title='bbox 3388 5704 3508 5761; x_wconf 67' lang='lat' dir='ltr'><strong>haec</strong></span> <span class='ocrx_word' id='word_1_837' title='bbox 3566 5707 3639 5762; x_wconf 90' lang='lat' dir='ltr'><strong>ad</strong></span> 
     </span>
    </p>
   </div>
   <div class='ocr_carea' id='block_1_125' title="bbox 1987 5774 2967 5838">
    <p class='ocr_par' dir='ltr' id='par_1_125' title="bbox 1987 5774 2967 5838">
     <span class='ocr_line' id='line_1_127' title="bbox 1987 5774 2967 5838; baseline -0.006 0"><span class='ocrx_word' id='word_1_838' title='bbox 1987 5781 2239 5838; x_wconf 86' lang='lat' dir='ltr'><strong>confess.</strong></span> <span class='ocrx_word' id='word_1_839' title='bbox 2275 5774 2685 5834; x_wconf 80' lang='lat' dir='ltr'><strong>auricularem.</strong></span> <span class='ocrx_word' id='word_1_840' title='bbox 2721 5774 2967 5832; x_wconf 83' lang='lat' dir='ltr'><strong>ALBASP.</strong></span> 
     </span>
    </p>
   </div>
   <div class='ocr_carea' id='block_1_126' title="bbox 3238 5904 3320 5966">
    <p class='ocr_par' dir='ltr' id='par_1_126' title="bbox 3238 5904 3320 5966">
     <span class='ocr_line' id='line_1_128' title="bbox 3238 5904 3320 5966; baseline 0.012 -1"><span class='ocrx_word' id='word_1_841' title='bbox 3238 5904 3320 5966; x_wconf 68' lang='lat'><strong>43</strong></span> 
     </span>
    </p>
   </div>
  </div>
