4050 6368
257 376 410 439 1357

1481 372 1711 435 LIBER
1756 377 1857 437 DE
1901 374 2440 439 POENITENTIA.

3518 387 3677 452 1358

256 510 587 581 medenthr,
621 515 677 566 et
706 508 1102 566 emolumento
1146 509 1477 566 curationis
1503 512 1783 566 otfensam
1811 510 1904 567 sui
1934 516 1989 579 Α
2018 512 2213 569 cultus
2243 514 2464 569 offenso
2499 514 2747 570 Domino
2786 520 3063 587 praestare
3115 518 3505 589 cessabimus,
3547 538 3680 594 qua

253 604 556 668 excusant,
617 605 673 655 et
732 603 1076 671 praesentem
1124 598 1405 670 injuriam
1466 604 1904 672 superventurte
2011 601 2256 672 gentiles
2285 602 2517 659 nemine
2540 604 2781 659 omnino
2804 606 2937 661 ltesc
2963 606 3073 661 sibi
3098 606 3407 679 irrogant?
3436 609 3504 665 Ili
3528 616 3672 669 sunt

260 689 532 746 utilitatis
561 689 749 762 gratia
777 688 1213 745 commendant.

898 831 1132 889 CAPUT
1164 832 1259 887 XI.

326 960 474 1026 Quid
507 959 556 1013 si
590 961 797 1030 praeter
826 959 1129 1029 pudorem,
1173 974 1346 1029 quem
1382 959 1665 1029 potiorem
1698 964 1907 1031 putant

256 1050 432 1103 etiam
465 1048 836 1103 incommoda
867 1048 1127 1119 corporis
1157 1047 1554 1113 reformident,
1581 1050 1735 1117 quod
1765 1049 1907 1105 inlo-

255 1142 367 1202 tos,
400 1138 555 1208 qucd
589 1136 983 1203 sordulentos,
1018 1138 1172 1208 quod
1212 1141 1373 1192 extra
1402 1137 1663 1192 laetitiam
1698 1139 1813 1209 (83)
1844 1156 1906 1194 o-

257 1233 446 1300 portet
492 1228 804 1292 deversari,
839 1228 897 1281 in
932 1228 1331 1299 asperitudine
1362 1229 1536 1297 sacci,
1568 1233 1624 1283 et
1670 1229 1908 1285 horrore

257 1314 493 1382 cineris,
527 1320 583 1370 et
614 1316 732 1370 oris
764 1316 834 1369 de
858 1316 1085 1385 jejunio
1111 1313 1367 1369 vanitate
1398 1315 1508 1385 (84)
1529 1314 1556 1368 ?
1588 1315 1737 1371 Num
1771 1331 1906 1388 ergo

256 1405 316 1460 in
349 1406 583 1461 coccino
638 1406 750 1476 (85)
810 1410 865 1460 et
920 1404 1090 1476 Tyrio
1149 1406 1261 1475 (86)
1292 1422 1392 1475 pro
1421 1405 1650 1461 delictis
1682 1405 1907 1477 suppli-

260 1511 393 1551 care
420 1511 526 1549 nos
554 1494 875 1550 condecet?
904 1494 1053 1549 Cedo
1098 1509 1268 1548 acum
1301 1493 1649 1548 criminibus
1698 1493 1908 1547 distin-

260 1586 529 1655 guendis,
582 1588 639 1639 et
687 1583 986 1655 pulverem
1030 1584 1307 1639 dentibus
1345 1582 1656 1639 elimandis
1688 1583 1823 1653 (87),
1853 1587 1912 1638 et

263 1674 553 1729 bisulcum
586 1672 809 1745 aliquid
844 1672 979 1728 ferri
1025 1671 1114 1728 vel
1172 1672 1303 1727 aeris
1337 1672 1637 1743 unguibus
1668 1672 1910 1743 repasti-

263 1763 496 1819 nandis.
524 1762 576 1818 Si
608 1762 749 1835 quid
781 1761 899 1817 ficti
931 1762 1159 1830 nitoris,
1190 1762 1239 1819 si
1271 1762 1407 1833 quid
1439 1762 1624 1818 coacti
1656 1761 1909 1829 ruboris,

2014 689 2085 745 de
2116 691 2329 761 quibus
2357 693 2655 764 Scriptura
2684 700 3107 751 commemorat
3139 712 3151 751 :
3194 698 3275 753 Vae
3302 698 3412 755 ibis
3440 701 3539 771 qui
3568 700 3668 756 de-

2017 780 2147 835 licta
2174 797 2277 837 sua
2308 782 2450 838 velut
2477 798 2699 854 procero
2722 786 2859 855 [une
2888 790 3115 841 nectunt
3146 786 3278 858 (90).

2648 926 2883 983 CAPUT
2925 927 3043 982 XlI.

2088 1048 2144 1102 Si
2175 1048 2245 1102 de
2275 1049 2661 1122 exomologesi
2710 1056 3017 1121 retractas,
3050 1053 3380 1125 gehennam
3412 1056 3471 1112 in
3502 1059 3679 1115 corde

2017 1136 2344 1201 considera,
2377 1154 2553 1208 quam
2604 1140 2707 1194 tibi
2750 1140 3175 1213 exomologesis
3220 1145 3588 1217 exstinguit:
3623 1152 3682 1203 et

2018 1242 2200 1296 preme
2234 1226 2395 1297 prius
2428 1230 2893 1299 magnitudinem
2929 1231 3274 1304 imaginare,
3309 1239 3372 1289 ut
3397 1235 3469 1290 de
3501 1252 3683 1293 reme-

2018 1314 2097 1368 dii
2131 1315 2436 1386 adeptione
2477 1334 2592 1372 ncn
2643 1319 2897 1374 dubites.
2950 1320 3097 1386 Quid
3133 1321 3297 1377 illum
3332 1323 3678 1381 thesaurum

2018 1403 2173 1474 ignis
2221 1405 2421 1460 aeterni
2472 1407 2854 1478 aestimamus,
2889 1425 3022 1463 cum
3072 1410 3383 1468 fumariola
3412 1416 3679 1484 quaadam

2020 1494 2147 1563 ejus
2168 1492 2310 1548 tales
2329 1494 2697 1551 ﬂammarum
2724 1497 2877 1551 ictus
2901 1498 3057 1553 susci
3071 1502 3283 1568 tent,ut
3301 1502 3681 1571 proximsaur-

2022 1582 2124 1636 bes
2156 1586 2256 1636 aut
2296 1583 2420 1653 jam
2456 1583 2638 1638 nullis
2691 1590 2937 1653 exstent,
2970 1592 3071 1641 aut
3122 1587 3277 1644 idem
3333 1590 3448 1646 sibi
3486 1591 3557 1647 de
3587 1592 3680 1647 die

2021 1676 2277 1741 sperent.
2311 1671 2622 1727 Dissiliunt
2656 1674 3065 1745 superbissimi
3116 1682 3347 1733 montes
3396 1678 3555 1751 ignis
3588 1680 3677 1736 in-

2021 1759 2314 1817 trinsecus
2336 1761 2454 1817 fetu
2478 1779 2491 1818 :
2540 1766 2596 1817 et
2616 1763 2769 1833 quod
2796 1764 2964 1820 nobis
2984 1764 3200 1835 judicii
3228 1768 3677 1838 perpetuitatem

263 1854 321 1907 in
365 1852 520 1908 labia
549 1856 651 1907 aut
681 1867 860 1923 genas
892 1855 1114 1923 urgeat.
1156 1852 1437 1907 Praeterea
1466 1851 1755 1923 exquirito
1788 1849 1912 1906 bal-
1948 1880 1996 1945 Β
2026 1848 2420 1945 probatncu-m
2451 1850 2767 1922 dissiliant,
2800 1868 2936 1908 cum
2967 1854 3337 1923 devorentur,
3371 1873 3677 1929 nunquam

263 1957 403 1997 neas
434 1941 685 1996 laetiores
718 1940 1014 1996 hortulani
1049 1940 1397 1996 maritimive
1429 1956 1698 1996 secessus
1727 1958 1740 1995 :
1771 1939 1918 2010 adji-

265 2031 378 2086 cito
407 2032 477 2086 ad
512 2034 817 2102 sumptum
843 2047 855 2097 ;
877 2029 1205 2101 conquiritc
1229 2029 1479 2085 altilium
1503 2045 1804 2085 enormem
1834 2045 1924 2085 sa-

262 2120 501 2192 ginam;
536 2120 795 2175 defecato
827 2124 1185 2174 senectutem
1216 2118 1355 2174 vini.
1395 2120 1657 2190 Cumque
1686 2117 1927 2189 quisin-

264 2210 591 2282 terrogarit,
626 2210 860 2266 cuinam
908 2226 975 2265 ea
1024 2208 1293 2280 largiaris
1341 2208 1497 2280 (88):
1550 2208 1798 2279 Deliqui,
1830 2208 1918 2263 di-

266 2300 399 2368 cito,
451 2300 509 2356 in
560 2300 768 2371 Deum,
813 2304 870 2355 et
919 2298 1213 2371 periclitor
1259 2298 1319 2353 in
1365 2302 1647 2353 aeternum
1708 2297 1917 2369 perire.

267 2392 467 2462 Itaque
500 2406 655 2445 nunc
706 2390 927 2460 pendeo
976 2393 1031 2443 et
1084 2404 1366 2458 maceror,
1398 2392 1455 2443 et
1502 2387 1822 2457 excrucior,
1856 2391 1920 2442 ut

263 2480 447 2535 Deum
472 2477 841 2534 reconciliem
866 2476 1225 2549 mihi,quem
1245 2476 1639 2547 delinquendo
1660 2476 1917 2532 lsesi.Sed

265 2570 422 2624 enim
468 2567 623 2632 illos,
665 2566 765 2639 qui
815 2566 1041 2621 ambitu
1073 2568 1117 2600 ⁷⁵
1146 2566 1365 2622 obeunt
1395 2566 1741 2637 capessendi
1793 2582 1917 2620 ma-

265 2660 568 2731 gistratus,
613 2671 803 2727 neque
854 2657 1049 2727 pudet,
1082 2671 1272 2727 neque
1320 2655 1477 2726 piget
1528 2654 1915 2710 incommodis

264 2749 473 2803 animas
504 2752 560 2803 et
588 2745 867 2815 corporis,
902 2762 1007 2801 nec
1038 2744 1429 2801 incommodis
1458 2748 1913 2809 tantum,verum

262 2844 319 2893 et
350 2835 721 2893 contumeliis
741 2835 1015 2890 omnibus
1039 2833 1181 2889 eniti
1204 2834 1264 2890 in
1289 2850 1467 2889 causa
1488 2838 1752 2888 votorum
1787 2850 1913 2889 suo-

263 2943 415 2982 rum.
438 2928 593 2992 Quas
614 2942 726 2981 non
751 2922 1149 2995 ignobilitates
1171 2922 1418 2978 vestium
1443 2921 1714 2976 affectant
1730 2922 1757 2976 ?
1779 2922 1913 2985 Quae

264 3033 378 3071 non
410 3014 556 3071 atria
577 3015 778 3070 I241
815 3012 1118 3069 nocturnis
1147 3016 1204 3067 et
1233 3010 1431 3066 crudis
1459 3010 1912 3067 salutationibus

262 3105 596 3177 occupant?
639 3105 709 3159 ad
744 3118 974 3159 omnem
1009 3118 1319 3156 occursum
1356 3100 1596 3171 majoris
1626 3100 1910 3171 cujusque

261 3212 519 3267 persona:
544 3190 1155 3262 decrescentes,nullis
1178 3190 1477 3259 conviviis,
1493 3188 1908 3259 celebres,nu1-

258 3285 332 3340 lis
363 3282 889 3341 comessationihus
919 3296 1257 3352 congreges,
1286 3279 1386 3334 sed
1418 3277 1649 3334 exsules
1680 3296 1712 3332 a
1743 3277 1911 3334 liber-

259 3371 397 3427 tatis
428 3376 485 3426 et
511 3370 725 3425 lzetitite
748 3368 1237 3437 felicitate.quue
1256 3370 1443 3422 totum
1466 3372 1702 3439 propter
1732 3367 1908 3423 unius

261 3460 396 3515 anni
428 3459 741 3515 volaticum
783 3458 1059 3531 gaudium
1092 3457 1225 3527 (89).
1254 3456 1392 3524 Nos,
1425 3456 1577 3527 quod
1611 3457 1906 3512 securium

260 3548 625 3621 virgarumve
655 3547 856 3619 petitio
887 3546 1161 3613 sustinet,
1191 3545 1251 3599 in
1284 3543 1539 3615 periculo
1562 3545 1905 3600 aeternitatis

258 3637 504 3693 tolerare
524 3635 1031 3693 dubitavimus?st
1053 3634 1495 3706 castigationem
1516 3633 1708 3690 victus
1731 3638 1906 3705 atque

2032 1941 2227 1993 tamen
2259 1938 2565 1995 ﬁniuntur.
2598 1940 2739 2007 Quis
2771 1941 2892 1997 hinc
2923 1942 3212 2015 supplicia
3242 1944 3480 2001 interim
3513 1962 3680 2002 mon—

2030 2026 2178 2082 tium
2214 2044 2329 2083 ncn
2374 2028 2583 2098 judicii
2630 2028 2910 2086 minantis
2941 2030 3296 2104 exemplaria
3325 2034 3630 2107 deputabit
3657 2034 3687 2089 ?

2032 2116 2175 2182 Quis
2223 2116 2510 2173 scintillas
2539 2117 2684 2173 tales
2715 2134 2829 2176 non
2864 2120 3065 2191 magni
3097 2119 3350 2193 alicujus
3379 2126 3436 2179 et
3465 2123 3683 2180 intesti-

2032 2204 2269 2261 mabilis
2328 2206 2439 2261 foci
2496 2205 2746 2262 missilia
2797 2209 3065 2279 quaedam
3112 2214 3167 2264 et
3216 2211 3557 2268 exercitoria
3592 2214 3683 2285 ja-

2031 2294 2289 2367 cula(9t)
2318 2296 2683 2351 consentiet?
2714 2297 2905 2369 Igitur
2933 2314 3066 2353 cum
3099 2298 3253 2354 scias
3284 2301 3566 2357 adversus
3585 2318 3684 2373 ge-

2028 2383 2285 2439 hennam
2348 2390 2479 2456 post
2535 2384 2723 2456 prima
2782 2385 2883 2441 illa
2953 2387 3318 2444 intincticnis
3372 2388 3685 2447 Dominicm

2031 2474 2418 2543 munimenta,
2461 2490 2588 2529 esse
2644 2475 2835 2531 adhuc
2884 2475 2943 2531 in
2994 2476 3386 2549 exomolcgesi
3427 2481 3686 2537 secunda

2029 2563 2315 2631 subsidia,
2346 2564 2551 2619 1248
2598 2580 2702 2617 cur
2748 2564 2998 2620 salutem
3050 2572 3212 2621 tuam
3253 2566 3524 2623 deseris?
3569 2567 3687 2624 Cur

2027 2669 2222 2707 cessas
2256 2652 2490 2723 aggredi
2525 2653 2677 2723 quod
2711 2653 2865 2708 scias
2906 2654 3123 2710 mederi
3156 2654 3317 2711 tibi?
3355 2656 3525 2712 Mutis
3558 2657 3685 2729 qui-

2025 2741 2157 2795 dem
2192 2742 2400 2795 animaa
2424 2742 3220 2808 etirrationales,medicinas
3251 2744 3365 2800 sibi
3393 2745 3678 2802 divinitus

2026 2832 2341 2884 attributas
2391 2830 2447 2884 in
2497 2835 2759 2902 tempore
2822 2838 3168 2903 agnoscunt.
3224 2837 3437 2892 Cervus
3470 2836 3685 2907 sagitta

2022 2920 2362 2987 transﬁxus,
2397 2924 2461 2973 ut
2492 2918 2708 2974 ferrum
2757 2926 2814 2974 et
2859 2920 3267 2977 irrevocabiles
3320 2940 3516 2979 moras
3556 2925 3683 2994 ejus

2025 3008 2135 3078 (92)
2158 3008 2228 3061 de
2260 3006 2498 3061 vulnere
2528 3007 2801 3079 expellat,
2827 3008 2940 3064 scit
2970 3008 3083 3065 sibi
3115 3010 3414 3066 dictamnc
3448 3013 3688 3069 meden-

2022 3098 2184 3152 dum.
2237 3096 2516 3163 Hirundo,
2550 3097 2599 3151 si
2647 3098 3017 3153 excusaverit
3068 3099 3283 3170 pullos,
3320 3101 3483 3155 novit
3548 3100 3683 3159 illos

2020 3185 2251 3241 oculare
2283 3185 2390 3257 (93)
2436 3202 2639 3240 rursus
2709 3186 2778 3242 de
2837 3204 2947 3243 sua
3005 3187 3361 3245 chelidonia.
3407 3193 3684 3247 Peccator

2020 3274 2379 3331 restituendo
2435 3274 2547 3329 sibi
2605 3276 2717 3346 (94)
2762 3276 3094 3331 institutam
3144 3294 3177 3333 a
3246 3278 3487 3334 Domino
3538 3295 3677 3336 exo-

2020 3364 2343 3435 mologesin
2377 3363 2592 3432 sciens,
2636 3365 2956 3436 praateribit
3004 3364 3163 3420 illam
3210 3367 3375 3437 (Dan.
3410 3368 3515 3439 xv),
3547 3382 3675 3439 qum

2019 3453 2399 3526 Babylonium
2425 3468 2617 3525 regem
2642 3454 2702 3507 in
2726 3470 2905 3525 regna
2931 3454 3232 3510 restituit?
3262 3456 3368 3511 Diu
3388 3459 3538 3512 enim
3559 3474 3674 3529 poe—

2017 3544 2325 3599 nitentiam
2341 3543 2587 3598 Domino
2608 3542 3232 3615 immolarat,septenni
3252 3546 3523 3617 squalore
3544 3563 3671 3603 exo-

2016 3632 2339 3704 mologesiu
2372 3635 2664 3702 operatus,
2699 3631 2987 3704 unguium
3014 3631 3315 3691 leoninum
3344 3635 3405 3690 in
3427 3636 3669 3693 modum

1686 3762 1892 3824 Varias
1940 3761 2260 3825 lectiones.

332 3876 375 3911 ⁷⁸
406 3875 703 3933 Ambitius
733 3876 851 3947 Rig.

1704 3951 2225 4020 Commentarios.

336 4079 444 4149 (83)
508 4084 680 4135 Extra
727 4078 1008 4135 laetitiam.
1058 4082 1178 4131 Non
1225 4075 1437 4132 licebat
1493 4076 1914 4148 paenitentibus

265 4149 386 4206 ullo
441 4150 843 4209 delectationis
891 4165 1126 4221 genere,
1159 4164 1229 4204 ne
1285 4150 1522 4220 quidem
1582 4149 1803 4205 brlneis
1854 4166 1916 4205 se

266 4222 574 4280 oblectare.
610 4232 855 4279 ALBASP.

335 4295 448 4370 (84)
482 4298 601 4352 Oris
648 4294 966 4370 dejejum'c
998 4294 1270 4347 vanitate.
1306 4292 1532 4370 Etenim
1553 4291 1784 4370 jejunio
1795 4307 1915 4370 ha:

268 4362 571 4429 tivus'oris
602 4374 659 4423 et
692 4362 887 4421 formae
917 4365 1078 4433 vigor
1102 4362 1648 4419 evanescit.Alludit
1678 4364 1747 4419 ad
1772 4362 1916 4417 illud

270 4443 546 4507 Matthei,
576 4459 653 4507 v1,
696 4440 766 4494 46
823 4456 835 4493 :
886 4435 1239 4513 ’AtpavlCouct
1284 4435 1351 4489 τὰ
1394 4435 1664 4509 πρόσωπα
1720 4433 1916 4487 αὐτῶν.

276 4520 435 4573 Vultu
464 4514 722 4570 incedunt
760 4510 1020 4566 evanida.
1054 4510 1179 4563 Βία.

341 4589 453 4661 (85)
486 4590 545 4643 In
577 4586 810 4641 coccino.
844 4588 952 4637 Per
974 4579 1554 4661 _co_ccinum,.'inqui‘t
1582 4578 1791 4645 Rhen.,
1827 4577 1918 4631 in-

272 4650 482 4733 tel‘ligit
514 4663 735 4713 vestem
768 4671 937 4711 cocco
971 4654 1267 4707 infectam.
1305 4650 1592 4706 Martialis
1626 4668 1638 4705 ε

398 4766 624 4816 Coccina
648 4764 892 4813 formosae
925 4760 1095 4810 donas
1117 4764 1169 4808 et
1198 4759 1443 4808 ianthina
1470 4757 1706 4807 maecbaa.

276 4875 524 4930 Coccum
570 4871 741 4941 vulgo
806 4884 1070 4941 granum,
1102 4869 1310 4941 vocant
1332 4865 1563 4941 “Latine
1620 4864 1928 4918 reddentes

276 4950 368 4999 τοῦ
395 4945 591 4999 κόκκου
621 4937 884 4997 (ἓῖωοιῖῐῐὶ
916 4938 1290 4995 vocabulum.
1326 4937 1469 4991 PAM.

346 5019 460 5088 (86)
494 5020 555 5073 Et
588 5010 1281 5090 Tyrio;Tyrium,in_quit
1326 5008 1503 5090 idem,
1537 5006 1792 5090 appellat
1816 5022 1930 5090 "vc-

278 5078 719 5145 sti‘me'ntumvcx
750 5104 819 5155 pu
832 5078 1008 5156 rpura
1030 5078 1199 5156 Tyria
1219 5078 1671 5156 constanSLOvid
1684 5121 1700 5156 ._
1724 5096 1735 5133 :
1757 5100 1783 5127 ‹‹
1809 5078 1932 5156 Siue

280 5164 381 5216 erit
412 5165 473 5217 in
503 5160 700 5231 Tyriis,
726 5150 909 5231 Tyrios
930 5150 1191 5231 [audacis
1206 5155 1465 5231 amictus.
1490 5152 1597 5215 Qui
1628 5151 1803 5205 etiam
1829 5150 1930 5203 ad-

282 5240 445 5290 notat
472 5226 601 5287 recto
636 5230 727 5304 hic
760 5226 941 5299 accipi
970 5245 1078 5304 pro
1093 5227 1171 5304 ita
1206 5226 1347 5304 PAN-
1478 5294 1515 5304 ..
1629 5298 1638 5304 .
1709 5291 1743 5304 ..
1821 5290 1830 5299 .

351 5306 462 5375 (87)
511 5307 571 5359 Et
616 5294 903 5373 pulvereni
947 5294 1200 5353 dentibus
1247 5294 1561 5375 elimandis.
1614 5294 1935 5375 Aptissima

281 5361 457 5432 verbo
503 5361 744 5431 elimare
792 5389 933 5427 usus
983 5379 1087 5435 est,
1138 5385 1273 5423 nam
1324 5366 1501 5419 limus
1550 5371 1795 5418 vocatur
1836 5361 1935 5415 illa

284 5450 608 5512 scabrities,
644 5464 743 5502 seu
782 5445 983 5500 sordes
1016 5442 1125 5495 illa
1158 5440 1433 5495 dentibus
1466 5436 1934 5490 adluurcutcs.At

286 5531 489 5588 preter
548 5513 1253 5592 pulverem,_denti.fricio
1314 5514 1630 5592 utebantur
1692 5513 1933 5562 veteres.

284 5582 515 5648 Videsis
548 5582 939 5661 Apuleium'in
973 5584 1304 5661 apologum;
1338 5582 1435 5638 Pa.

2097 4076 2216 4146 (89)
2248 4077 2475 4145 Pr0pter
2504 4074 2671 4146 unius
2699 4074 2837 4128 anni
2866 4072 3162 4129 vetaticum
3185 4074 3359 4146 gaud.
3379 4072 3524 4130 Nam
3548 4090 3680 4131 con-

2026 4145 2279 4213 sulatus,
2341 4145 2534 4216 inquit
2592 4145 2800 4218 Ehem,
2832 4150 2956 4200 erat
3007 4145 3390 4218 magiStratus
3420 4164 3675 4203 annuus.

2028 4220 2173 4273 ltem
2218 4217 2347 4273 aliis
2378 4218 2643 4288 quaedam
2686 4217 3015 4272 functiones
3046 4235 3271 4273 annum.
3309 4219 3376 4273 Et
3405 4236 3539 4274 vero
3570 4237 3677 4274 an-

2026 4290 2193 4360 tiqua
2243 4306 2348 4343 vox
2398 4290 2687 4360 volaticum
2721 4306 2839 4360 pro
2889 4288 3268 4360 inconstanti,
3299 4290 3472 4345 etiam
3518 4290 3680 4346 Cice-

2027 4362 2153 4487 ἒοηί
2187 4361 2404 4415 usitata
2433 4359 2535 4414 lib.
2572 4362 2623 4414 ΙΙ
2659 4359 2730 4413 ad
2758 4362 2865 4416 Att.
2899 4366 2958 4415 et
3003 4361 3067 4416 de
3121 4364 3363 4433 Harusp.
3412 4378 3535 4433 cap.
3592 4362 3680 4429 43,

2074 4450 2173 4487 ΑΜ.

2074 4450 2173 4487 ΛΜ.

2103 4504 2215 4573 (90)
2252 4502 2339 4557 Vw
2368 4502 2488 4557 illis
2517 4504 2615 4573 qui
2642 4502 2842 4557 delicta
2870 4519 2991 4568 sua,
3025 4507 3134 4558 etc.
3183 4504 3363 4558 Nemo
3407 4503 3687 4558 odoratus

2033 4581 2122 4629 est
2150 4576 2367 4637 locum,
2397 4590 2529 4645 cum
2566 4574 2614 4628 is
2646 4574 2723 4628 sit
2750 4573 2911 4645 Isaia:
2942 4591 2974 4627 ν
3009 4591 3021 4628 :
3056 4574 3193 4628 Οὐαὶ
3226 4576 3276 4627 0".
3308 4573 3688 4645 ἐπισπώμενοι

1957 4624 2000 4687 υ
2030 4624 2123 4705 gae
2150 4624 2548 4720 ’ἀελξιεῖέξςξῖς
2566 4624 3090 4720 ':.,g,;..::,;",;.:.,.'.;.t
3113 4624 3691 4703 "sea'raianehss

2038 4734 2335 4788 nunquam
2395 4718 2945 4787 legebat’Latinum
2980 4723 3199 4771 textum
3234 4719 3332 4789 qui
3366 4719 3564 4787 habet,
3604 4720 3689 4775 Va:

2038 4790 2136 4860 qui
2166 4789 2383 4861 trahitis
2415 4791 2762 4861 iniquitatem
2802 4791 2859 4842 in
2912 4790 3184 4861 funiculis
3235 4792 3512 4845 vanitatis.
3548 4793 3693 4846 Cum

2038 4860 2422 4932 Septuaginta
2452 4860 2767 4929 habebant,
2801 4862 2881 4913 Vze
2912 4860 3035 4914 illi:
3069 4863 3165 4930 qui
3193 4862 3394 4916 delicta
3422 4879 3523 4917 sua
3549 4863 3697 4918 velut

2039 4935 2203 5002 longo
2222 4934 2362 5005 fune
2389 4936 2633 5005 nectunt.
2682 4932 2761 5005 De
2794 4934 2930 5005 fune
2961 4934 3433 5004 comtemptionis
3463 4934 3577 4990 alia
3607 4938 3697 4990 est

2040 5005 2187 5061 ratio
2208 5004 2229 5073 ;’
2257 5006 2381 5075 lege
2412 5004 2513 5058 lib.
2545 5021 2599 5059 ιν
2629 5004 2752 5059 adv.
2784 5004 3116 5059 Marcionem
3148 5010 3205 5059 et
3233 5004 3333 5061 lib.
3366 5006 3436 5061 ad
3463 5006 3695 5063 Iudaeos.

2040 5083 2171 5134 LAC.

2134 5149 2168 5203 9
2260 5147 2603 5201 Exercitoria
2627 5147 2841 5216 jacula.
2878 5145 3137 5201 Lusoria.
3173 5145 3303 5203 Rm.

2134 5147 2224 5288 92;
2256 5219 2483 5272 Ferrum
2535 5229 2585 5273 at
2637 5216 3023 5273 irrevocabiles
3068 5233 3251 5272 moras

2134 5149 2168 5203 9
2260 5149 2603 5201 Exercitoria
2627 5149 2841 5216 jacuta.
2878 5149 3137 5201 Lusoria.
3173 5149 3303 5203 Rm.

2111 5149 2224 5291 (92;
2256 5219 2483 5272 Ferrum
2535 5229 2585 5273 at
2637 5216 3023 5273 irrevocabiles
3068 5233 3251 5291 moras
3318 5218 3452 5287 eius.
3486 5216 3699 5291 Hama-

2044 5290 2145 5346 tile
2204 5293 2495 5360 spiculum
2556 5291 2868 5360 significat,
2928 5290 3084 5414 quod
3146 5290 3241 5343 ubi
3290 5290 3613 5361 penetravit
3642 5290 3699 5344 in

2044 5362 2281 5414 vulnus.
2344 5364 2601 5414 revocari
2657 5368 2757 5414 aut
2814 5362 2979 5414 aveli
3040 5361 3268 5414 necuit.
3328 5362 3441 5414 nisi
3487 5360 3699 5414 vulnus

2044 5362 2281 5428 vulnus,
2344 5364 2601 5417 revocari
2657 5368 2757 5417 aut
2814 5360 2979 5414 avelli
3040 5361 3268 5431 nequit,
3328 5362 3441 5417 nisi
3487 5360 3703 5417 vulnus

2046 5436 2243 5507 ipsum
2278 5451 2420 5507 novo
2454 5434 2689 5507 vulnere
2725 5432 3055 5507 diducatur.
3092 5433 3220 5507 Ric.

2119 5508 2232 5576 (93)
2264 5506 2517 5561 Oculare.
2576 5506 2635 5559 Id
2691 5512 2780 5558 est
2826 5504 3027 5559 oculos
3078 5506 3342 5560 reddere.
3402 5504 3521 5558 Hoc
3579 5504 3707 5576 ipso

2052 5574 2195 5632 usus
2227 5584 2314 5632 est
2345 5577 2520 5660 verbo
2551 5577 2783 5660 de-P‘ud.
2836 5582 2909 5660 et.
2939 5576 2999 5660 in
3050 5576 3274 5660 Apolcg.
3304 5594 3321 5630 :
3354 5576 3508 5660 quod
3538 5574 3707 5660 ‘mihi

355 5646 731 5737 (788)7Cuiizam
761 5679 828 5717 ea
860 5646 1264 5737 largiarisfgic;
1282 5647 1940 5737 emendavimustsecuti
2051 5666 2156 5737 pro
2189 5653 2532 5721 argumento
2560 5652 2650 5703 est
2678 5648 2835 5704 hunc
2864 5646 3233 5705 Tertulliani
3259 5664 3388 5705 esse
3418 5646 3705 5705 libellum.

288 5720 527 5863 Ecstig'ia
564 5736 866 5807 scripturas
897 5720 1143 5788 veteris:
1180 5752 1206 5779 (ι
1227 5730 1341 5786 Cur
1372 5726 1570 5783 anima
1600 5720 1887 5795 largiaris.
1907 5738 1935 5774 ι

342 5824 417 5863 xc.

342 5824 417 5865 ια.

2054 5724 2611 5867 AI‘(Btailxspliestitucndo
2641 5793 2767 5851 sibi.
2798 5791 3177 5852 Restitutioni
3204 5806 3346 5849 suis.
3379 5791 3507 5849 Ric.
