4050 6344
423 362 571 419 1359

969 353 1492 418 ΤΕΗἹῊΙΛΛΑΝΙ
1540 357 1855 415 ΗΡΕΙίυΜ
1908 349 2061 412 PAR;

2223 350 2592 412 --SERIES
2639 351 2713 424 ll,
2760 345 3232 413 DUGMA'I‘ICA.

3649 355 3788 418 I360

415 485 772 552 efferatioue,
792 487 846 538 et
867 482 1061 555 capilli
1085 482 1309 551 incuria
1340 483 1634 539 horrorem
1659 480 1984 552 aquilinum
2006 481 2050 514 ⁷⁸
2081 485 2131 549 Α
2161 480 2270 551 (96)
2303 479 2610 550 abjecerat.
2644 478 2792 543 Quid
2825 479 2870 513 ⁷⁸
2900 495 3033 550 ergo
3081 479 3237 536 ultra
3275 481 3346 536 de
3395 480 3525 537 istis
3581 482 3789 539 duabus

415 573 771 645 praeferente.
807 571 954 628 Proh
988 570 1140 626 male
1169 571 1533 627 tractationis
1563 570 1674 642 (95)
1701 571 1712 623 l
1739 586 1913 641 quem
1945 569 2055 623 ho-

417 662 607 718 mines
639 660 1073 733 perhorrebant.
1116 659 1270 714 Deus
1302 659 1620 730 recipiebat
1660 657 1858 728 (Exod.
1917 658 2053 727 xxv).

418 750 631 807 Contra
651 754 845 806 autem
869 748 1169 821 Egyptius
1191 747 1633 820 imperator,qui
1658 746 1935 818 populum
1955 745 2056 800 Dei

419 839 734 911 aliquando
774 839 1083 902 afﬂictum,
1131 835 1230 891 diu
1292 836 1536 892 Domino
1567 853 1672 892 suo
1704 837 2057 906 denegatum

419 933 783 1001 persecutus,
817 926 874 981 in
908 925 1171 997 praelium
1203 924 1394 992 irruit,
1429 929 1559 996 post
1597 928 1681 979 tot
1710 925 2061 978 documenta

419 1017 748 1090 plagarum,
798 1015 1042 1071 dissidio
1107 1015 1149 1049 ⁷⁷
1217 1013 1420 1082 maris,
1481 1013 1634 1085 quod
1694 1011 1800 1068 soli
1847 1010 2060 1082 populo

419 1106 680 1179 pervium
731 1104 958 1174 licebat,
1009 1101 1285 1158 revolutis
1333 1101 1608 1157 ﬂuetibus
1653 1101 1821 1172 perit.
1870 1100 2057 1156 Poeni-

417 1197 661 1253 tentiam
708 1193 864 1251 enim
913 1197 971 1249 et
1005 1190 1394 1248 ministerium
1445 1191 1573 1261 ejus
1632 1188 2062 1262 exomologesin

2165 569 2438 624 humanm
2498 567 2706 623 salutis
2765 568 2932 639 quasi
2986 569 3030 603 79
3074 569 3302 640 planeis
3351 569 3486 641 (97),
3540 571 3669 642 styli
3705 588 3788 644 po-

2165 657 2283 712 tius
2317 657 2615 728 negotium
2648 673 2826 728 quam
2858 656 3118 713 ofﬁcium
3149 660 3516 715 conscientias
3549 675 3686 715 mea:
3709 675 3790 716 cu-

2167 762 2304 800 rans
2356 745 2448 799 ὀἳ
2493 750 2759 816 peccator
2813 745 2970 801 enim
3027 747 3292 802 omnium
3349 752 3620 803 notarum
3673 764 3788 804 cum

2168 835 2302 901 sim,
2336 850 2439 889 nec
2471 833 2576 888 ulli
2606 835 2689 888 rei
2737 835 2851 891 nisi
2883 835 3236 906 pcsnitentiaa
3271 841 3468 906 natus,
3501 853 3615 892 non
3647 836 3792 893 facile

2169 939 2406 994 possum
2439 939 2614 993 super
2645 921 2748 978 illa
2795 927 3008 990 tacere,
3061 941 3241 997 quam
3294 925 3421 996 ipse
3477 941 3704 997 quoque
3749 934 3794 981 et

2169 1011 2367 1082 stirpis
2398 1011 2668 1066 humanas
2711 1019 2767 1066 et
2813 1011 3045 1068 offensa
3095 1013 3155 1068 in
3203 1013 3517 1069 Dominum
3545 1014 3796 1087 princeps

2171 1101 2354 1155 Adam
2405 1099 2793 1172 exomologesi
2838 1100 3148 1158 restitutus
3195 1103 3310 1174 (98)
3357 1103 3419 1158 in
3479 1104 3794 1174 paradisum

2171 1204 2371 1259 suum,
2395 1205 2510 1246 non
2539 1191 2714 1245 tacet.

1834 1332 2036 1394 Varia:
2079 1331 2394 1393 lectiones.

491 1463 537 1499 ⁷⁸
564 1460 909 1534 Aquilinum
940 1459 999 1534 in
1031 1473 1252 1534 morem
1285 1455 1509 1528 quidam
1537 1456 1766 1512 addunt.
1843 1457 1886 1491 ⁷⁷
1915 1455 2170 1513 Diseidio
2201 1457 2321 1527 Rig.

2400 1456 2444 1490 ⁷⁵
2475 1456 2587 1528 Ego
2617 1459 2782 1514 Fran.
2816 1459 2999 1515 Paris.
3031 1459 3261 1516 duobus
3290 1464 3466 1518 Fran.
3543 1461 3589 1497 7'
3618 1459 3797 1516 Pharis

424 1540 585 1592 Pam.
631 1530 706 1572 ⁷⁸0
735 1536 942 1588 Curem
963 1530 990 1586 ?
1021 1531 1204 1586 Latin.

1855 1643 2374 1705 Commentarius.

499 1767 610 1838 (95)
643 1769 756 1838 Pro
789 1764 976 1838 (malae
1027 1761 1396 1838 tractationis
1440 1758 1716 1838 suspicor
1755 1757 2067 1838 Tertullia-
2175 1758 2531 1838 presbyteris
2569 1762 2626 1838 et
2656 1758 2833 1838 _pleb_i
2878 1761 3094 1816 factum
3146 1762 3328 1819 fuisse
3372 1763 3688 1829 videretur,
3717 1767 3799 1819 Ec-

424 1829 566 1894 num
594 1829 902 1906 scripsisse
930 1832 1421 1906 malelractationis
1454 1830 2065 1906 dietione_unica,cum
2176 1829 2366 1906 elegiae
2396 1829 2762 1906 reddebatur.
2797 1831 2924 1887 Βία.

426 1911 582 1966 dicat
609 1901 916 1962 Turnebus
945 1904 1048 1959 lib.
1080 1919 1141 1970 ιι,
1175 1919 1302 1976 cap.
1333 1903 1422 1976 20,
1450 1919 1580 1976 quas
1613 1901 1767 1976 mala
1796 1901 2066 1976 tractatio
2178 1970 2190 1976 _
2245 1901 2356 1972 (97)
2398 1902 2623 1976 Duabus
2670 1903 2927 1976 humana:
2972 1905 3168 1960 salutis
3217 1907 3377 1976 quasi
3419 1906 3660 1976 plausis.
3705 1905 3798 1961 Alii

429 1998 463 2037 a
494 1979 694 2055 multis
725 1977 955 2055 dicitur,
989 1991 1119 2055 eam
1145 1974 1216 2028 ab
1245 1970 1500 2055 'Arnobio
1531 1973 1924 2055 maletraetatio
1955 1971 2067 2055 dici
2178 1970 2398 2055 legunt,
2425 1973 2669 2055 phareg's,
2699 1975 2800 2029 sed
2833 1976 2910 2055 ab
2935 1970 3433 2055 veteribusllibris'
3459 1977 3516 2055 id
3551 1977 3800 2055 habeant,

429 2067 566 2107 voce
597 2049 768 2104 unica
799 2048 900 2101 lib.
944 2063 998 2100 IV
1046 2047 1169 2099 adv.
1201 2060 1402 2119 gemes.
1441 2047 1930 2119 Apparetsutem
1965 2049 2067 2119 Ar:
2176 2060 2248 2119 an
2308 2044 2378 2119 ab
2424 2044 2676 2119 ingenio,
2732 2062 2846 2100 non
2883 2048 3150 2119 tradunt.
3203 2047 3346 2103 Illud
3403 2053 3627 2113 autem,
3665 2049 3802 2119 quasi

431 2121 672 2179 nobium
710 2119 1022 2192 imitatum_
1057 2114 1453 2192 esse—scripta
1490 2114 1850 2192 Tertulliani.
1905 2116 2066 2192 Apud
2172 2115 2411 2192 plangis,
2446 2114 2949 2192 propius_acced_it
2998 2119 3066 2172 ad
3123 2119 3244 2174 haec
3275 2121 3488 2175 veteris
3521 2114 3801 2192 scriptum

431 2195 695 2250 rhetoras
715 2191 890 2246 etiam
913 2189 1317 2243 maletractatt'o
1346 2187 1560 2241 dicitur
1591 2187 1760 2241 unica
1789 2187 2062 2241 dictione.
2176 2186 2436 2254 vestigia.
2456 2186 2628 2258 quasi
2651 2187 2843 2258 plane.
2886 2189 3009 2245 Pus.

429 2267 548 2322 Lac.
1412 2329 1415 2330 ν
1587 2327 1594 2330 _
1892 2328 1901 2330 _
2205 2327 2215 2330 Α
2245 2258 2356 2327 (98)
2388 2256 2560 2330 Adam
2588 2256 2954 2330 ex'omologeu'
2985 2263 3284 2316 restitutus.
3327 2261 3448 2317 Hoc
3479 2267 3685 2318 contra
3710 2265 3800 2315 Ta-

2175 2327 2400 2401 tianum
2458 2327 2790 2385 hmreticum
2825 2327 2850 2398 ς’
2899 2332 3065 2401 cujus
3122 2337 3247 2388 erat
3302 2333 3588 2398 haeresis,
3635 2333 3798 2386 Adam

2176 2397 2423 2477 salutem
2459 2403 2734 2477 consequi
2771 2418 2882 2477 non
2915 2397 3215 2474 potuisse;
3258 2405 3342 2458 uti
3385 2409 3555 2477 patet
3592 2421 3658 2460 ex
3710 2403 3796 2457 lib.

2175 2470 2239 2524 de
2272 2472 2586 2542 Prasscript.
2620 2470 2750 2528 adv.
2784 2470 2971 2530 haeres.
3007 2479 3137 2530 Pu.

497 2335 609 2420 (96)
644 2333 1029 2420 Paenitentiam
1060 2333 1108 2385 et
1139 2329 1508 2420 ministerium
1527 2327 1660 2420 {ius
1688 2328 2064 2420 enimpolPec-

429 2399 606 2462 eatori
640 2406 710 2460 ad
735 2402 1127 2476 pmnitentiam
1164 2401 1421 2455 admisso
1448 2399 1903 2476 ministrabatur
1944 2415 2068 2476 exo-

425 2470 760 2549 mologesis',
793 2490 909 2546 qua
957 2473 1065 2528 rite
1114 2476 1369 2543 peructa,
1413 2471 1458 2525 si
1503 2471 1643 2524 satis
1700 2470 1970 2540 episcopo
2013 2473 2070 2524 et

603 2813 792 3006 Ο.
923 2810 1474 2976 SEPT.
1608 2809 2175 2973 FLOR.
2305 2811 3651 2981 TERTULLIANI

2005 3081 2234 3142 LIBER

1473 3259 1689 3382 DE
1777 3259 2724 3392 PATIENTIA.

1707 3668 2255 3756 ABGUMEN
2265 3669 2551 3757 TUM.

501 3841 789 3897 Tractatus
835 3839 905 3896 de
961 3838 1229 3910 patientia
1302 3852 1469 3907 quem
1543 3834 1707 3890 multi
1782 3852 1815 3890 a
1868 3835 2214 3892 Tertulliauo
2272 3836 2597 3894 adhucdum
2652 3839 2934 3896 catholico
2999 3840 3150 3898 circa
3204 3859 3256 3900 a.
3318 3864 3379 3902 cc
3437 3851 3806 3922 conscriptum

436 3929 609 3986 fuisse
666 3927 1011 3997 existimant,
1072 3928 1127 3981 in
1188 3940 1352 3996 quam
1423 3924 1703 3994 imprimis
1776 3923 1964 3979 abiere
2037 3925 2374 3980 sententiam
2454 3926 2680 3982 doctiss.
2752 3927 3164 3986 Tillsmontius.
3245 3931 3311 3988 D.
3394 3935 3693 4010 Gellerius,
3761 3956 3808 4010 p.

437 4017 761 4074 Dominicas
814 4016 1133 4080 Sebramm,
1212 4012 1420 4070 eximia
1498 4020 1575 4065 est
1649 4013 1824 4066 multa
1893 4027 2022 4067 cum
2102 4012 2422 4083 eloquentia
2478 4014 2791 4072 adhortatio
2854 4017 2922 4073 ad
2982 4018 3308 4088 patientiam
3369 4026 3811 4096 amplectendam

436 4119 582 4176 pene
636 4104 822 4160 dicam
886 4103 954 4158 ad
1014 4101 1346 4171 martyrium
1408 4101 1822 4170 sustinendum,
1857 4099 2000 4154 haud
2056 4099 2218 4155 aliter
2263 4116 2329 4156 ac
2386 4103 2452 4170 si,
2520 4118 2650 4158 eum
2711 4104 2830 4160 haec
2885 4107 3266 4165 conscriberet
3321 4111 3655 4187 Septimius,
3680 4118 3810 4186 jam.

431 4195 548 4263 jam
604 4208 748 4248 nova
803 4191 1086 4262 ingrueret
1143 4190 1408 4259 procella,
1467 4189 1779 4256 iterumque
1826 4187 2274 4243 Christianorum
2330 4189 2676 4246 calamitates
2734 4192 2918 4248 forent
2993 4195 3360 4254 refricandas.
3421 4200 3706 4274 Quidquid
3757 4220 3811 4258 ea

435 4283 505 4338 de
535 4297 592 4336 re
648 4281 718 4336 sit
774 4289 954 4336 ratum
1014 4279 1360 4344 habendum,
1421 4278 1668 4347 qualisve
1728 4285 1976 4346 tempore
2031 4276 2119 4333 vel
2182 4293 2365 4332 rerum
2425 4288 2753 4350 tempestate
2809 4282 2978 4336 fuerit
3038 4283 3128 4339 hic
3195 4285 3422 4344 libellus
3455 4294 3808 4357 exaratus,in

433 4387 500 4426 ea
555 4369 710 4425 nulla
783 4385 898 4424 non
973 4367 1204 4422 aﬂ‘ertur
1279 4381 1466 4428 causa,
1549 4381 1652 4420 cur
1721 4365 2020 4420 Christiani
2097 4365 2165 4420 ad
2238 4366 2563 4435 patientiam
2642 4369 2879 4425 excitari
2944 4380 3152 4440 queant
3216 4381 3270 4430 et
3329 4377 3399 4432 ab
3476 4380 3812 4452 impatientia

431 4458 697 4514 deterreri
773 4456 986 4526 Nempe
1029 4471 1158 4511 cum
1217 4455 1277 4510 in
1328 4455 1512 4523 aperis
1571 4453 1786 4520 limine,
1838 4454 1998 4523 quasi
2045 4453 2271 4522 publice
2322 4459 2549 4524 stratus,
2601 4473 2764 4513 suam
2812 4468 3007 4515 auctor
3061 4461 3514 4523 imbecillitatem
3547 4470 3814 4538 animique

433 4547 824 4617 impotentiam
878 4543 1270 4616 prepalaverit,
1325 4542 1762 4612 patientiamque
1815 4542 2036 4609 magnis
2115 4541 2382 4597 laudibus
2453 4547 2780 4601 summatim
2837 4549 3216 4618 descripserit,
3272 4553 3500 4625 singula
3556 4557 3812 4628 perstrin-

435 4637 512 4707 git
571 4632 782 4690 motiva
835 4633 903 4687 ad
952 4648 1073 4687 eam
1119 4631 1568 4700 amplectendam
1625 4632 1988 4700 proponenda
2037 4630 2287 4686 scilicet:
2348 4632 2388 4685 Ι.
2440 4631 2770 4689 Patientiam
2817 4635 2917 4691 Dei
2964 4652 3094 4707 erga
3139 4655 3262 4707 nos,
3313 4657 3436 4713 cap.
3495 4645 3552 4701 2.
3610 4648 3676 4701 Il.
3726 4649 3812 4699 Pa-

435 4723 693 4784 tientiam
750 4721 976 4788 Christi,
1037 4720 1089 4785 3,
1148 4720 1200 4773 4.
1266 4719 1360 4773 III.
1445 4719 1666 4772 Natales
1742 4718 2111 4788 impatientia
2193 4734 2259 4774 ac
2343 4719 2466 4789 ejus
2538 4722 2681 4777 mala
2758 4723 2817 4779 in
2889 4725 3012 4794 ipso
3066 4727 3291 4785 diabolo
3339 4732 3714 4804 deprehensa,
3765 4735 3811 4789 5.

437 4810 526 4868 IV.
560 4809 750 4865 Fidem
784 4808 1050 4878 patientia
1081 4808 1454 4878 probandam,
1485 4808 1537 4860 6.
1577 4807 1638 4860 V.
1673 4807 2026 4877 Temporalia
2055 4807 2262 4862 exinde
2300 4817 2503 4878 spreta.
2553 4812 2609 4864 5.
2664 4812 2752 4867 Vl.
2807 4814 3049 4882 Iujurias
3098 4833 3256 4886 (aqua
3314 4830 3508 4878 mente
3567 4825 3720 4892 latas,
3763 4824 3810 4877 8.

436 4899 557 4958 VII.
594 4896 849 4953 Dolorem
881 4913 911 4952 e
941 4912 1170 4952 suorum
1200 4897 1508 4950 amissione
1539 4903 1931 4967 temperatum,
1965 4897 2019 4949 9.
2056 4895 2189 4950 VIII.
2233 4897 2497 4952 Vindictae
2552 4901 2916 4969 cupiditatem
2970 4905 3330 4974 exstinctam,
3381 4911 3470 4966 10.
3532 4912 3628 4967 IX.
3673 4913 3813 4969 Irrita

431 4989 546 5058 jam
579 4986 796 5042 inimici
827 4985 1213 5051 incitamenta,
1246 4986 1328 5038 11.
1365 4983 1428 5037 Χ.
1465 4985 1799 5039 Patientiam
1836 4987 2103 5040 virtutum
2146 4993 2403 5054 matrem,
2437 4987 2522 5042 13.
2551 4987 2644 5043 XI.
2683 4990 3006 5061 Viriumque
3034 4994 3248 5051 fontem
3279 4997 3701 5070 inexhaustum,
3735 5002 3808 5057 lt.

435 5077 560 5133 XII.
601 5075 871 5146 Exempla
899 5075 1204 5146 patientiae,
1236 5075 1464 5128 demum
1499 5089 1579 5129 mi
1595 5075 1814 5130 rcedem
1845 5082 1898 5130 et
1929 5075 2195 5144 fructum,
2230 5077 2316 5144 14,
2349 5077 2432 5131 15.
2467 5077 2608 5132 Enn.

866 5374 906 5427 'I
921 5373 1070 5428 249
1109 5370 1333 5428 CAPUT
1370 5371 1654 5427 PRIMUM

2189 5373 2238 5428 si
2271 5391 2381 5429 non
2409 5374 2582 5431 etiam
2613 5376 3006 5449 impudenter,
3057 5381 3130 5437 de
3161 5383 3442 5454 patientia
3481 5403 3813 5461 componere

511 5460 798 5519 Conﬁteor
838 5461 910 5518 ad
964 5461 1279 5517 Dominum
1309 5460 1515 5532 Deum,
1549 5460 1692 5517 satis
1730 5459 1935 5516 timere
1962 5475 2075 5529 me,

2188 5479 2420 5532 ausum,
2453 5463 2546 5520 cui
2573 5467 2917 5537 praastandaa
2949 5468 3195 5527 idoneus
3233 5473 3474 5533 omnino
3504 5493 3621 5535 non
3651 5477 3754 5534 sim
3776 5480 3810 5546 ⁸,

1857 5618 2058 5680 Varia:
2089 5618 2407 5683 lectiones.

516 5712 535 5748 ⁷
574 5714 717 5770 Sum
749 5717 939 5772 Paris.
