4050 6372
257 385 410 447 1365

1526 386 1757 445 LIBER
1802 387 1898 444 DE
1942 386 2122 445 PATI
2136 388 2365 446 ENTIA
2380 432 2392 445 .

3510 384 3665 445 1366

258 522 612 589 peccatores,
646 533 764 573 non
805 516 1157 573 Publicanos
1208 523 1557 590 aspernatus
1614 522 1722 573 est.
1775 523 1899 573 Non
1932 520 1986 585 Α
2017 520 2148 575 dem
2188 521 2385 577 I255
2420 520 2736 576 artificium
2771 517 3141 592 promerendi
3172 515 3521 587 obsequium
3553 522 3665 587 est,

253 608 338 662 illi
370 607 566 663 saltim
600 607 644 641 “
676 606 894 663 civitati
945 623 1073 677 qua:
1133 624 1266 662 cum
1328 607 1583 679 recipere
1616 606 1904 662 noluerat.

2020 610 2285 680 obsequii
2318 612 2361 647 ³¹
2395 627 2529 666 vero
2562 608 2895 681 disciplina,
2932 609 3221 679 morigera
3249 605 3534 677 subjectio
3555 610 3665 677 est,

252 698 439 753 iratus
471 700 581 760 est.
613 713 748 752 cum
779 698 958 752 etiam
1004 696 1280 769 discipuli
1328 700 1448 752 tam
1481 697 1907 753 contumelioso
2018 704 2236 768 quanto
2268 700 2455 771 magis
2481 716 2586 753 nos
2619 699 2941 753 secundum
2977 697 3290 752 Dominum
3330 700 3589 752 moratos
3620 697 3665 733 "

250 786 464 859 oppido
522 786 788 842 ccelestes
850 786 1017 858 ignes
1095 786 1500 857 repraesentari
1560 786 1902 841 voluissent.

250 875 512 945 Ingratos
539 875 786 943 curavit,
820 875 1271 931 insidiatoribus
1294 877 1490 931 cessit.
1526 877 1735 931 Parum
1773 876 1903 942 hoc,

246 964 296 1020 si
330 976 445 1019 nOn
479 964 654 1020 etiam
682 964 1036 1034 proditorem
1073 982 1247 1020 suum
1308 982 1505 1019 secum
1538 965 1763 1031 habuit,
1799 981 1902 1019 nec

245 1059 584 1109 constanter
613 1056 659 1088 ²⁸
690 1055 1007 1109 denotavit.
1067 1054 1211 1109 Cum
1269 1072 1403 1109 vero
1462 1055 1733 1120 traditur,
1769 1070 1898 1109 cum

245 1144 559 1198 adducitur
589 1148 654 1199 ut
686 1160 862 1215 pecus
886 1145 957 1199 ad
980 1142 1306 1210 victimam,
1327 1145 1409 1199 sic
1442 1145 1600 1199 enim
1634 1161 1750 1199 non
1775 1160 1899 1197 ma-

244 1233 333 1305 gis
360 1234 546 1305 aperit
575 1250 661 1300 os,
687 1250 865 1305 quam
899 1250 1088 1305 agnus
1120 1234 1231 1289 sub
1264 1234 1561 1289 tondentis
1590 1238 1893 1305 potestate,

240 1321 359 1389 ille,
419 1322 513 1377 cui
572 1322 833 1394 legiones
894 1322 1265 1393 angelorum,
1327 1324 1372 1377 si
1432 1322 1733 1388 voluisset,
1780 1340 1895 1378 uno

245 1412 399 1468 dicto
431 1412 501 1467 de
534 1413 695 1468 ccelis
743 1412 1094 1479 adfuissent,
1153 1430 1225 1468 ne
1284 1414 1489 1469 1254
1538 1411 1714 1467 unius
1765 1414 1893 1483 qui-

240 1501 374 1555 dem
425 1500 706 1557 discentis
766 1502 814 1537 “
870 1502 1132 1573 gladium
1192 1502 1441 1557 ultorem
1503 1502 1546 1535 ²⁷
1604 1502 1890 1573 probavit.

239 1590 530 1646 Patientia
562 1590 790 1646 Domini
824 1591 881 1646 in
914 1591 1135 1647 Malcho
1160 1591 1463 1647 vulnerata
1486 1594 1592 1647 est.
1618 1596 1819 1663 Itaque
1837 1595 1894 1646 et

240 1678 420 1751 gladii
467 1696 645 1751 opera
693 1679 999 1736 maledixit
1056 1681 1115 1735 in
1166 1685 1489 1752 posterum,
1530 1686 1587 1736 et
1620 1681 1891 1736 sanitatis

240 1768 605 1825 restitutione
637 1768 709 1838 ei,
746 1785 922 1841 quem
954 1786 1068 1825 non
1101 1769 1227 1840 ipse
1244 1773 1565 1837 vexaverat,
1587 1770 1888 1835 satisfecit,

2014 789 2283 843 invenirii
2320 788 2583 861 oportet!
2620 790 2826 843 Servos
2856 787 3078 843 scilicet
3099 786 3197 842 Dei
3224 785 3357 853 vivi,
3380 786 3665 857 cujusju-

2015 878 2232 933 dicium
2288 879 2345 932 in
2409 895 2568 941 suos,
2602 896 2716 933 non
2769 878 2826 931 in
2886 878 3168 948 compede
3215 883 3316 931 aut
3368 875 3517 945 pileo
3547 876 3661 947 (14)

2015 968 2275 1033 vertitur,
2311 969 2409 1021 sed
2446 969 2503 1021 in
2536 968 2878 1035 aeternitate,
2914 970 3014 1020 aut
3044 982 3245 1037 poenis,
3280 969 3382 1020 aut
3426 964 3657 1022 salutis.

2010 1058 2112 1111 Cui
2137 1057 2429 1111 severitati
2454 1056 2835 1125 declinandis,
2851 1054 2937 1110 vel
2960 1054 3296 1110 liberalitati
3323 1054 3657 1122 invitanda,

2009 1151 2170 1201 tanta
2188 1146 2451 1217 obsequii
2484 1144 2787 1215 diligentia
2803 1161 2951 1215 opus
2982 1148 3088 1211 est,
3109 1148 3330 1214 quanta
3350 1147 3491 1198 sunt
3507 1143 3656 1215 ipsa,

2008 1252 2135 1307 quis
2168 1241 2269 1291 aut
2299 1235 2577 1291 severitas
2608 1234 3021 1301 comminatur,
3059 1239 3159 1288 aut
3191 1232 3507 1288 liberalitas
3532 1232 3655 1305 pol-

2006 1323 2234 1379 licetur.
2267 1324 2334 1379 Et
2362 1328 2558 1379 tamen
2589 1338 2697 1377 nos
2718 1338 2834 1377 non
2868 1322 2939 1377 de
2970 1320 3312 1376 hominibus
3341 1319 3515 1376 modo
3538 1335 3655 1376 ser-

2004 1414 2185 1469 vitute
2214 1413 2481 1469 subnixis
2514 1413 2642 1481 (15),
2662 1411 2749 1467 vel
2782 1410 3045 1482 quolibet
3073 1409 3186 1466 alio
3217 1411 3354 1481 jure
3377 1409 3654 1465 debitori-

2004 1503 2114 1558 bus
2146 1503 2434 1574 obsequii,
2465 1519 2667 1557 verum
2691 1500 2863 1556 etiam
2899 1501 2969 1554 de
2994 1500 3340 1573 pecudibus,
3372 1498 3548 1555 etiam
3583 1499 3653 1554 de

2002 1592 2207 1648 bestiis
2239 1592 2629 1648 obedientiam
2672 1589 3077 1662 exprimimus,
3110 1588 3504 1660 intelligentes
3529 1588 3650 1643 usi-

2002 1682 2110 1737 bus
2147 1681 2365 1737 nostris
2398 1698 2545 1736 easa
2576 1680 2821 1736 Domino
2841 1678 3231 1751 provisas(16)
3266 1679 3648 1749 traditasque-

2001 1771 2236 1829 Meliora
2265 1787 2403 1843 ergo
2461 1770 2628 1825 nobis
2680 1773 2851 1825 erunt
2904 1768 2965 1824 in
3013 1767 3277 1839 obsequii
3316 1766 3645 1839 disciplina,

240 1872 343 1929 per
397 1858 442 1891 ³⁸
502 1857 871 1929 patientiam,
931 1857 1347 1913 misericordiae
1392 1864 1662 1914 matrem.
1703 1859 1886 1915 Taceo
1919 1895 1966 1959 B
1999 1879 2125 1934 quas
2160 1862 2329 1917 nobis
2360 1865 2510 1915 Deus
2542 1859 2788 1915 subdit?
2822 1862 3164 1931 Agnoscunt
3220 1857 3473 1930 denique
3515 1874 3642 1929 quae

239 1946 395 2017 quod
445 1946 666 2019 ﬁgitur,
722 1947 782 2002 in
842 1947 952 2003 hoc
981 1947 1139 2003 enim
1169 1951 1426 2003 venerat.
1462 1948 1761 2019 Numquid
1792 1954 1882 2005 ta-

238 2049 369 2090 men
398 2034 717 2091 subeundaz
768 2035 939 2091 morti
979 2036 1155 2091 etiam
1187 2037 1559 2093 contumeliis
1582 2054 1727 2109 opus
1758 2038 1881 2093 fue-

236 2123 369 2179 rat?
397 2124 505 2180 Sed
552 2123 813 2194 saginari
842 2124 1140 2196 voluptate
1186 2126 1478 2198 patientiae
1510 2128 1880 2184 discessurus

232 2213 479 2269 volebat.
544 2214 875 2286 Despuitur,
933 2215 1297 2283 verberatur,
1349 2217 1665 2286 deridetur,
1714 2217 1880 2273 foedis

230 2304 497 2374 vestitur,
532 2304 874 2360 fmdioribus
905 2310 1237 2361 coronatur.
1280 2306 1425 2362 Mira
1474 2307 1879 2378 aequanimita-

230 2392 307 2448 tis
335 2394 499 2449 ﬁdes.
537 2394 645 2460 Qui
676 2395 735 2449 in
769 2394 1027 2450 hominis
1059 2396 1247 2466 figura
1277 2397 1877 2469 proposueratlatere,

233 2481 379 2535 nihil
413 2483 483 2536 de
516 2482 883 2553 impatientia
914 2483 1175 2540 hominis
1206 2486 1591 2542 imitatusest.
1624 2488 1769 2542 Hinc
1794 2488 1881 2543 vel

226 2575 503 2655 maxime.
542 2575 837 2646 Pharisaei,
874 2576 1186 2632 Dominum
1218 2594 1531 2651 agnoscere
1562 2581 1877 2636 debuistis:

231 2664 575 2734 patientiam
608 2663 950 2735 hujusmodi
971 2682 1141 2722 nemo
1158 2667 1464 2723 hominum
1501 2674 1878 2742 perpetraret.

233 2752 398 2807 Talia
444 2756 723 2824 tantaque
783 2754 1159 2827 documenta,
1234 2774 1483 2828 quorum
1542 2758 1881 2832 magnitudo

231 2858 409 2913 penes
441 2842 707 2898 nationes
739 2844 975 2915 quidem
1008 2845 1353 2902 detrectatio
1395 2847 1529 2903 fidei
1560 2853 1668 2918 est,
1703 2866 1881 2920 penes

229 2947 335 2986 nos
374 2948 510 2987 vero
568 2931 714 2987 ratio
774 2938 831 2987 et
888 2934 1134 2990 structio
1192 2936 1255 3004 ’9,
1289 2936 1433 2991 satis
1485 2942 1701 3009 aperte,
1764 2955 1879 2993 non

230 3021 605 3076 sermonibus
637 3023 810 3077 modo
844 3022 902 3076 in
937 3023 1348 3096 praecipiendo,
1382 3027 1481 3081 sed
1539 3028 1712 3083 etiam
1744 3044 1878 3099 pas-

228 3110 494 3165 sionibus
520 3110 753 3165 Domini
798 3112 844 3146 ³⁰
893 3112 1263 3181 sustinendo,
1323 3116 1572 3186 probant
1604 3116 1717 3187 his,
1751 3118 1879 3190 qui-

226 3199 341 3254 bus
372 3200 604 3256 credere
636 3201 836 3255 datum
871 3206 978 3269 est,
1004 3203 1344 3273 patientiam
1389 3205 1487 3260 Dei
1546 3222 1674 3261 esse
1706 3214 1877 3261 natu-

226 3304 351 3343 ram
382 3290 517 3361 (13),
553 3289 826 3345 effectum
857 3296 913 3346 et
941 3293 1343 3363 prestantiam
1378 3294 1650 3366 ingenitae
1680 3297 1877 3368 cujus-

223 3377 355 3433 dam
391 3378 787 3450 proprietatis.

863 3468 1095 3525 CAPUT
1136 3470 1231 3525 IV.

296 3555 478 3626 lgitur
506 3555 557 3612 si
589 3557 804 3628 probos
828 3574 1096 3631 quosque
1146 3577 1345 3618 servos
1376 3566 1431 3618 et
1464 3563 1626 3618 bonae
1662 3566 1876 3621 mentis

224 3661 328 3716 pro
352 3646 589 3719 ingenio
622 3646 917 3704 dominico
976 3650 1309 3707 conversari
1355 3650 1622 3710 videmus
1665 3655 1878 3727 (siqui-

1996 1952 2297 2017 obediunt,
2349 1967 2475 2006 nos.
2536 1949 2640 2004 Cui
2692 1948 2802 2004 soli
2848 1948 3071 2003 subditi
3118 1964 3348 2017 sumus,
3399 1947 3639 2003 Domino

1992 2041 2216 2097 scilicet
2246 2039 2579 2096 auscultare
2610 2038 2951 2094 dubitamus
2973 2037 3001 2092 ?
3036 2039 3105 2093 At
3139 2054 3316 2109 quam
3347 2037 3636 2107 injustum

1990 2134 2097 2198 est,
2134 2145 2311 2203 quam
2331 2129 2507 2185 etiam
2526 2127 3012 2200 lngratum,quod
3047 2143 3151 2199 per
3171 2127 3413 2182 alterius
3435 2128 3632 2183 indul-

1990 2220 2252 2293 gentiam
2287 2220 2356 2274 de
2386 2217 2517 2274 aliis
2549 2216 2949 2288 consequaris,
2983 2216 3134 2272 idem
3190 2214 3276 2271 illi
3325 2233 3428 2288 per
3457 2233 3632 2288 quem

1990 2308 2387 2381 consequeris,
2440 2323 2509 2362 ne
2558 2307 2870 2378 temetipso
2928 2321 3042 2360 non
3101 2306 3459 2376 rependerel
3519 2310 3637 2363 Nec

1992 2398 2261 2471 pluribus
2293 2399 2362 2452 de
2422 2395 2689 2467 obsequii
2745 2393 3119 2461 exhibitione,
3163 2394 3358 2449 debita
3387 2413 3421 2450 a
3467 2395 3638 2451 nobis

1996 2489 2240 2543 Domino
2286 2489 2413 2541 Deo.
2450 2486 2601 2539 Satis
2632 2484 2788 2539 enim
2822 2484 3042 2555 agnitio
3073 2483 3193 2551 Dei,
3240 2484 3380 2555 quid
3410 2483 3520 2539 sibi
3549 2484 3637 2539 in-

1994 2578 2255 2647 cumbat,
2289 2575 2586 2647 intelligit.
2620 2574 2700 2629 Ne
2733 2577 2930 2629 tamen
2960 2578 3025 2628 ut
3054 2578 3391 2628 extraneum
3424 2575 3496 2629 de
3538 2575 3639 2630 ob-

1994 2667 2195 2739 sequio
2227 2666 2531 2720 videamur
2562 2662 2945 2734 interjecisse,
2978 2662 3170 2732 ipsum
3205 2678 3440 2734 quoque
3469 2664 3637 2719 obse-

1992 2757 2195 2829 quium
2222 2756 2293 2811 de
2323 2754 2606 2827 patientia
2634 2752 2907 2808 trahitur.
2958 2752 3273 2823 Nunquam
3321 2752 3640 2825 impatiens

1991 2846 2355 2917 obsequitur,
2407 2848 2507 2899 aut
2556 2842 2782 2914 patiens
2831 2841 2963 2914 quis
2994 2858 3111 2897 non
3134 2842 3179 2876 ³³
3213 2841 3545 2898 oblectatur
3568 2843 3635 2898 δι.

1990 2936 2173 3000 Quam
2205 2950 2341 3007 ergo
2372 2932 2655 2987 Dominus
2687 2931 2951 2986 omnium
2982 2931 3269 2985 bonorum
3308 2936 3365 2987 et
3395 2932 3637 2987 demon-

1990 3028 2205 3081 strator
2234 3027 2288 3079 et
2321 3026 2587 3093 acceptor
2616 3025 2769 3076 Deus
2799 3020 2859 3073 in
2906 3019 3220 3091 semetipso
3252 3019 3635 3090 circumtulit,

1990 3115 2123 3185 quis
2146 3114 2216 3168 de
2246 3113 2398 3167 bono
2430 3112 2556 3180 ejus
2590 3108 2705 3165 late
2732 3109 2775 3143 ⁸⁸
2805 3111 3076 3163 retractet
3101 3109 3213 3179 (17)
3249 3113 3270 3164 P
3300 3110 3507 3167 I256
3529 3111 3635 3166 Cui

1988 3206 2127 3260 item
2162 3204 2403 3259 dubium
2441 3201 2514 3257 sit
2537 3216 2710 3256 omne
2741 3201 2984 3269 bonum,
3010 3198 3147 3270 quia
3178 3201 3248 3255 ad
3293 3206 3472 3255 Deum
3504 3216 3634 3273 per-

1989 3296 2191 3364 tineat,
2225 3290 2655 3366 pertinentibus
2685 3290 2755 3345 ad
2801 3294 2981 3345 Deum
3014 3293 3135 3343 tota
3176 3294 3371 3344 mente
3402 3293 3635 3344 sectan-

1987 3386 2127 3441 dum
2149 3384 2176 3438 ’ἶ
2207 3388 2317 3439 Per
2346 3399 2474 3453 quae
2506 3382 2565 3436 in
2615 3379 2881 3451 expedito
2931 3378 3044 3450 (18)
3074 3383 3131 3434 et
3187 3377 3354 3449 quasi
3400 3378 3459 3432 in
3494 3395 3636 3449 pra;-

1987 3472 2359 3547 scriptionnis
2387 3469 2735 3543 compendio
2764 3468 2876 3540 (19)
2908 3472 2966 3523 et
2986 3468 3417 3524 commendatio
3447 3472 3505 3523 et
3532 3483 3633 3524 ex-

1988 3563 2238 3619 hortatio
2271 3562 2342 3616 dc
2374 3558 2653 3632 patientia
2678 3557 2997 3614 constituta
3024 3557 3068 3592 ⁸⁸
3098 3562 3207 3612 est.

1645 3801 1849 3862 Varias
1895 3798 2215 3861 lectiones.

292 3895 339 3931 ²⁴
365 3895 585 3953 Saltem
633 3900 806 3954 Fran.
854 3900 1039 3955 Paris.
1151 3900 1196 3941 ³³
1226 3901 1520 3958 Instanter
1565 3906 1693 3961 Jun.

1809 3906 1853 3940 ²⁶
1885 3903 2201 3961 Educentis
2244 3903 2412 3957 Rhen.
2465 3902 2628 3954 Fran.
2675 3900 2856 3953 Paris.

220 3968 411 4023 Paris.
490 3969 535 4003 ³⁸
569 3969 714 4025 Proh
750 3969 920 4027 Rhen.
1000 3972 1047 4007 ²⁰
1076 3973 1392 4029 Instructio
1437 3976 1559 4029 alii.
1638 3977 1683 4011 ³ο
1714 3981 1776 4031 In
1811 3979 1936 4033 add.
1988 3980 2119 4033 Jun.

2970 3897 3013 3932 ⁸⁷
3045 3897 3105 3952 In
3151 3896 3403 3953 ultorem
3456 3900 3630 3954 Fran.

2167 3972 2543 4047 passionibus
2603 3970 3061 4047 in__s_u_stinen_do
3097 3970 3215 4047 Βία.
3291 3968 3633 4047 "_0bsequi

224 4038 431 4119 Biglalt.
480 4040 551 4119 _3’
581 4041 928 4119 secundum
951 4042 1269 4119 Dominum
1302 4047 1625 4119 morigeros
1654 4050 1933 4105 Pamelius
1968 4049 2101 4117 legit
2128 4038 2197 4103 ei:
2224 4048 2257 4101 3
2294 4047 2588 4119 Vaticanis.
2665 4044 2709 4077 ³³
2742 4042 2867 4098 Non
2902 4041 3072 4119 abest
3093 4112 3105 4119 _
3126 4042 3291 4096 Fran.
3332 4042 3511 4119 Paris.
3554 4038 3635 4119 1“

223 4110 571 4186 Obluctatur
598 4113 809 4186 Rigalt.
884 4114 931 4149 ⁸⁸
959 4115 1158 4173 Latere
1192 4121 1364 4173 Fran.
1417 4110 1599 4177 Paris.
1677 4121 1721 4157 ⁸⁸
1750 4110 2075 4178 Constituis
2117 4122 2280 4174 Fran.
2338 4119 2521 4173 Paris.
2575 4115 2634 4169 in
2682 4112 3140 4186 prwscriptionis
3185 4112 3530 4185 compendio
3560 4114 3633 4169 de

222 4182 503 4254 patientia
526 4182 914 4243 constitutum
945 4190 1035 4243 est
1063 4187 1268 4260 Rigali.

1663 4280 2185 4343 Commentarius.

223 4396 587 4473 ministravit.
632 4396 860 4473 Plocuit
899 4398 1035 4473 haec
1075 4400 1367 4473 scriptura
1408 4403 1625 4460 codicis
1654 4403 1874 4473 Ursini,

224 4468 365 4549 quia
396 4468 712 4549 sic_etiam,
746 4470 953 4549 lib._de
976 4468 1261 4544 baptism-0,
1297 4497 1326 4549 ᾳ
1380 4476 1607 4547 Aquam
1640 4468 1873 4531 discen;

223 4540 385 4618 tibus
421 4541 806 4618 ministrat}
845 4544 913 4598 Et
937 4540 1138 4618 tamen
1171 4540 1376 4618 po’ssit,
1406 4540 1509 4603 nec
1540 4549 1666 4603 sine
1696 4548 1874 4603 ratio-

227 4627 318 4701 ne,
353 4612 585 4701 defendi
614 4614 851 4701 quodin
884 4612 1435 4701 P‘ithceano'legitur,
1455 4642 1481 4669 ‹‹
1504 4620 1722 4701 Atquin
1750 4621 1877 4701 ipse

224 4682 512 4760 lavandis,
540 4708 566 4733 »
597 4682 704 4741 etc.
735 4686 881 4741 Nam
915 4687 1008 4743 hic
1039 4690 1110 4745 de
1140 4682 1466 4747 ministerio
1500 4682 1877 4760 tan‘tum,illic

226 4755 297 4810 de
329 4772 481 4816 aqua
512 4774 703 4813 sermo
744 4764 851 4814 est.
885 4763 1013 4816 Rxe.

299 4829 408 4898 (13)
443 4831 777 4908 Ratientiqm
806 4832 902 4908 Dei
933 4849 1072 4908 _esse
1135 4841 1419 4908 naturam.
1480 4835 1647 4905 Nam,
1709 4839 1773 4890 ut
1798 4835 1879 4890 ait
1910 4845 1954 4908 [)

228 4902 821 4981 augustinpsuetinm
850 4905 1183 4981 inﬁirmilas
1234 4907 1333 4981 Dei
1376 4908 1488 4977 fuit
1520 4925 1589 4963 ea,
1618 4902 1878 4980 potestate

228 4970 481 5048 (lib_._xrv
512 4975 585 5029 De
607 4970 799 5040 'Civit.,
843 4970 961 5043 Dei,
987 4994 1110 5048 cap.
1136 4976 1212 5047 9).
1248 4978 1373 5033 RIG.

300 5043 411 5123 (14)
442 5048 563 5099 Νοη
590 5048 648 5099 in
694 5049 944 5118 compede
991 5043 1095 5123 Διμὶι
1142 5043 1302 5123 pileo.
1342 5050 1665 5123 Compedes
1700 5049 1872 5106 servi-

230 5117 391 5196 tutis.
430 5122 577 5171 nota
604 5117 901 5196 _erant,'u_t
950 5120 1137 5190 pileus
1179 5117 1679 5196 libertatis—Unde
1705 5123 1871 5196 Bruti

227 5188 529 5267 numisma
562 5188 713 5267 pileo
743 5188 1090 5265 duobusque
1114 5194 1469 5267 pugionibus
1502 5193 1870 5265 insignitum,

232 5259 458 5339 quibgs
474 5261 819 5339 restitutam
856 5280 888 5317 a
919 5281 979 5319 se
996 5259 1570 5339 'patriaa'libertatem
1606 5259 1876 5339 significa

232 5329 352 5384 bat.
388 5331 549 5387 Mitto
583 5332 674 5409 hic
694 5334 887 5389 dicere
920 5329 1284 5392 Anacharsim
1314 5329 1875 5409 Scytham,adeoque

228 5418 485 5481 servum,
547 5402 707 5457 πῖλον
752 5410 1149 5481 assumpsisse
1182 5409 1239 5463 in
1275 5402 1616 5481 gymnasiis.
1654 5411 1729 5465 LE
1772 5402 1873 5465 Pa.

303 5474 415 5545 (15)
447 5476 716 5533 Servitute
744 5474 1016 5536 subnixis.
1047 5481 1165 5536 Hoc
1196 5474 1325 5547 est“;
1347 5481 1529 5537 servis
1565 5482 1749 5537 multo
1783 5500 1875 5538 co-

228 5551 370 5600 natu
405 5549 623 5625 et_nisu
657 5550 1139 5609 allaborantibus.
1168 5555 1383 5609 Auctor
1414 5561 1747 5625 poematum
1782 5555 1878 5609 ad-

228 5632 434 5673 versus
463 5621 805 5691 Macionem,
841 5628 1038 5683 Poem.
1072 5642 1173 5681 m:

294 5774 481 5850 hmini}
507 5779 736 5850 afﬂictus
764 5785 1197 5850 populi'portare
1226 5786 1433 5837 labores

296 5838 534 5895 Subnixa
562 5838 824 5900 cervice...

1991 4404 2073 4472 Et,

2048 4512 2145 4559 Pro
2176 4509 2347 4574 patria
2375 4522 2493 4571 quae
2511 4505 2765 4568 belligero
2797 4503 3024 4553 subnixa
3052 4501 3240 4553 labori.
3271 4504 3382 4554 Rlo.

2057 4618 2170 4689 (16)
2206 4618 2396 4673 Usibus
2426 4615 2689 4689 nostrisa
2738 4611 3274 4689 Dom‘ino‘provisas.
3308 4608 3533 4689 Alludit
3562 4612 3633 4667 ad

1986 4683 2333 4744 illud'Gen.
2374 4704 2433 4741 1:
2495 4684 2873 4741 Dominami-ni
2927 4683 3165 4753 piscibus
3220 4686 3413 4750 maris,
3472 4686 3580 4738 etc.
3618 4702 3633 4752 ;

1987 4762 2130 4816 item
2163 4762 2315 4831 quod
2351 4764 2439 4815 est
2482 4760 2620 4814 Gen.
2659 4774 2750 4810 1x:
2811 4757 3008 4831 Terror
3047 4758 3097 4809 et
3138 4762 3343 4810 tremor
3366 4757 3537 4811 vester
3564 4758 3637 4811 sit

1988 4850 2152 4904 super
2171 4827 2361 4887 omnia
2393 4831 2727 4904 animantia,
2760 4833 2869 4904 etc.
2892 4827 3048 4904 PAM.

2061 4906 2169 4975 (l7)
2206 4907 2335 4972 Quis
2366 4903 2429 4958 de
2474 4905 2607 4958 bona
2657 4901 2771 4968 eius
2810 4900 2932 4975 _I_ate
2964 4900 3249 4975 _retr_actet
3278 4897 3305 4951 ‘I
3364 4898 3503 4964 Quis
3562 4898 3634 4975 de

1987 4968 2292 5047 bono-ejus
2323 4976 2466 5031 satis
2507 4990 2769 5045 unquam
2794 4968 3047 5047 dixeritl
3095 4970 3444 5047 Retractare,
3478 4970 3633 5039 apud

1985 5042 2412 5122 Tertull'ianum
2465 5054 2572 5115 est,
2611 5042 2899 5122 “tractare,
2960 5044 3282 5122 disputare,
3324 5042 3633 5122 disserere,

1989 5126 2052 5176 At
2109 5120 2166 5175 in
2227 5120 2503 5176 omnibus
2561 5113 2823 5189 antiquis
2886 5113 3320 5189 exemplaribus
3369 5113 3629 5189 legitur;

1987 5215 2012 5243 ((
2048 5193 2187 5257 Quis
2219 5194 2288 5247 de
2321 5194 2470 5247 bono
2511 5194 2640 5264 ejus
2694 5184 2873 5264 latere
2904 5184 3161 5264 tractet?
3186 5207 3219 5264 _»
3270 5184 3636 5264 Necdebuit

1988 5255 2223 5319 mutari.
2273 5266 2415 5320 Nam
2477 5255 2559 5318 et"
2590 5260 2895 5318 commode
2926 5258 3197 5329 explicari
3233 5261 3456 5328 potest:
3493 5255 3634 5329 Quis

1988 5340 2055 5391 de
2088 5338 2238 5393 bono
2265 5339 2392 5407 ejus
2426 5336 2607 5390 latere
2641 5337 2743 5389 aut
2798 5328 3033 5387 reticere
3065 5329 3219 5400 apud
3270 5345 3332 5384 se
3363 5329 3576 5400 cogitet
3607 5328 3635 5382 ?

1988 5410 2095 5547 111(6
2089 5451 2165 5537 1.81
2204 5482 2306 5535 Per
2337 5496 2453 5551 quae
2505 5480 2561 5532 in
2591 5471 3135 5551 e.r}_iedi'lo.__Phra_sis
3171 5469 3633 5551 jurisconsuﬂl‘to-

1989 5542 2117 5607 ruin
2141 5554 2197 5607 in
2218 5542 2484 5622 expedito
2504 5542 2811 5622 esse-Hinc
2836 5546 2977 5600 illud
3002 5544 3231 5622 Dlpiani
3254 5546 3294 5614 Ι,
3311 5544 3356 5622 si
3380 5542 3630 5622 dubitet,

1989 5624 2046 5678 ii".
2082 5624 2145 5679 de
2176 5616 2411 5695 ﬁdej-uss.
2448 5640 2460 5678 :
2498 5644 2524 5671 «
2551 5617 3272 5695 Cumgnumeratiototius
3304 5616 3483 5671 debiti
3515 5631 3634 5695 n_on

1990 5695 2067 5769 sit
2094 5696 2153 5750 in
2176 5685 2443 5769 'expedit.
2464 5715 2506 5769 ἠ
2538 5691 2819 5769 Similiter
2863 5694 2919 5746 et
2947 5688 3093 5745 illud
3122 5706 3133 5744 :
3171 5710 3198 5737 »
3232 5693 3294 5743 In
3327 5685 3631 5761 praescrip-

1990 5768 2169 5824 tionis
2197 5765 2562 5841 compendio.
2598 5788 2631 5841 »γ
2662 5765 2805 5841 Pam.

2061 5840 2176 5912 (19)
2205 5842 2267 5897 1η
2323 5829 2757 5913 ᾗνεεεσνίριίοηίδ
2807 5833 3151 5908 compendio.
3211 5831 3524 5893 Prmscribo
3574 5829 3636 5889 in
