4050 6346
431 367 585 429 ί367

1081 499 1311 555 CAPUT
1339 499 1406 556 V.

497 586 912 641 Verumtamen
939 588 1246 657 procedere
1271 587 1730 660 disputationem
1763 591 1833 644 de
1863 606 2064 644 neces-

428 675 601 730 sariis
631 673 764 729 fidei
798 691 911 730 non
959 679 1048 729 est
1102 675 1374 744 otiosum,
1421 677 1560 748 quia
1608 693 1712 732 nec
1741 677 2063 732 infructuo-

429 779 580 820 sum.
617 764 966 834 Loquacitas
1013 764 1072 817 in
1125 764 1507 819 aediﬁcatione
1556 765 1720 820 nulla
1769 766 1982 835 turpis,
2015 767 2063 821 si

429 852 662 923 quando
693 851 905 922 turpis.
940 856 1136 922 Itaque
1166 852 1214 905 si
1246 853 1316 906 de
1339 852 1534 922 aliquo
1566 854 1716 908 bono
1744 870 1933 908 sermo
1955 859 2063 919 est,

428 957 523 997 res
554 940 834 1012 postulat,
892 940 1246 995 contrarium
1278 957 1512 1011 quoque
1569 941 1706 996 boni
1745 956 2064 996 recensere.

430 1029 578 1094 Quid
610 1029 765 1084 enim
799 1029 1143 1084 sectandum
1177 1029 1273 1093 sit,
1302 1029 1492 1099 magis
1537 1028 1902 1084 illuminabis
1931 1030 2068 1099 (20),

431 1119 479 1174 si
513 1118 662 1188 quod
698 1118 1004 1171 vitandum
1037 1117 1114 1171 sit
1152 1118 1394 1188 proinde
1425 1118 1759 1189 digesseris.
1794 1118 2066 1173 Conside-

429 1222 629 1262 remus
657 1205 839 1277 igitur
867 1207 938 1259 de
971 1205 1377 1276 impatientia:
1413 1221 1482 1260 an
1519 1205 1670 1259 sicut
1695 1205 1978 1277 patientia
2008 1207 2066 1260 in

431 1296 570 1361 Deo,
604 1294 686 1350 ita
715 1294 1047 1350 adversaria
1076 1295 1202 1364 ejus
1234 1295 1293 1348 in
1342 1293 1673 1350 adversario
1704 1299 1905 1349 nostro
1938 1300 2072 1348 nata

430 1389 604 1454 atque
634 1388 930 1454 comperta
981 1381 1098 1450 sit;
1159 1386 1222 1436 ut
1259 1398 1327 1437 ex
1384 1382 1493 1437 isto
1551 1389 1852 1454 appareat,
1893 1399 2068 1453 quam

431 1470 833 1544 principaliter
861 1470 996 1525 fidei
1025 1471 1382 1526 adversetur.
1409 1471 1551 1525 Nam
1573 1472 1727 1542 quod
1761 1471 1830 1526 ab
1861 1470 2069 1525 aemulo

431 1559 533 1615 Dei
559 1563 904 1630 conceptum
936 1565 1046 1626 est,
1073 1559 1272 1630 utique
1305 1577 1418 1614 non
1451 1563 1541 1615 est
1569 1561 1826 1616 amicum
1850 1560 1951 1615 Dei
1978 1575 2070 1614 rs-

434 1648 567 1704 hus.
598 1649 809 1703 Eadem
843 1647 1131 1702 discordia
1153 1652 1242 1703 est
1271 1664 1488 1716 rerum,
1511 1665 1637 1718 quis
1669 1653 1726 1703 et
1745 1653 2072 1703 auctorum.

434 1739 610 1791 Porro
666 1752 800 1791 cum
848 1735 1002 1791 Deus
1049 1736 1330 1807 optimus,
1389 1736 1660 1791 diabolus
1710 1752 1740 1790 e
1785 1737 2074 1792 contrario

435 1823 730 1898 pessimus
754 1844 769 1892 ;
793 1823 922 1895 ipsa
953 1824 1045 1879 sui
1077 1824 1416 1879 diversitate
1447 1827 1758 1890 testantur,
1801 1828 2075 1879 neutrum

437 1913 604 1968 alteri
634 1913 823 1968 facere
842 1912 909 1980 ³⁷,
941 1917 1006 1966 ut
1029 1912 1198 1968 nobis
1222 1929 1336 1968 non
1371 1913 1558 1985 magis
1590 1931 1624 1969 a
1665 1911 1817 1970 malo
1850 1913 2072 1985 aliquid

435 2000 595 2068 boni,
627 2016 804 2072 quam
835 2017 868 2055 a
918 2001 1068 2056 bono
1119 2000 1341 2072 aliquid
1392 2001 1530 2058 mali
1570 2001 1794 2057 dictum
1819 2002 1862 2037 ³⁸
1892 2001 2073 2057 videri

434 2089 638 2161 possit.
663 2089 844 2158 Igitur
865 2089 1088 2145 natales
1109 2089 1487 2160 impatientia
1510 2090 1624 2161 (21)
1648 2089 1704 2145 in
1723 2090 1848 2161 ipso
1872 2091 2073 2146 diabo-

432 2177 490 2234 lo
520 2178 910 2250 deprehendo,
927 2179 1053 2247 jani
1079 2184 1217 2234 tunc
1239 2195 1370 2234 cum
1403 2179 1718 2234 Dominum
1741 2178 1925 2234 Deum
1948 2178 2077 2234 uni-

432 2283 601 2322 versa
631 2283 807 2337 opera
837 2282 964 2336 quas
986 2267 1236 2333 fecisset,
1271 2267 1511 2338 imagini
1531 2268 1743 2334 suae,id
1766 2273 1856 2323 est
1885 2266 2077 2323 homi-

432 2355 490 2411 ni
520 2355 841 2426 suhjecisse
865 2355 1238 2427 impatienter
1281 2356 1418 2410 tulit
1443 2358 1599 2428 (Gen.
1633 2356 1739 2426 ιιι).
1775 2356 1888 2411 Nec
1917 2357 2074 2411 enim

431 2444 737 2512 doluisset,
769 2443 819 2499 si
851 2442 1273 2512 sustinuisset;
1308 2460 1414 2499 nec
1444 2444 1750 2500 invidisset
1771 2443 2075 2512 homini,si

432 2549 548 2588 non
579 2531 882 2588 doluisset.
914 2532 1071 2587 Adeo
1090 2532 1136 2567 ³ο
1158 2533 1556 2603 decepiteum,
1589 2531 2070 2604 quiainviderat:

432 2619 942 2676 inviderat1257
1001 2626 1218 2685 autem,
1266 2623 1404 2691 quia
1451 2620 1736 2676 doluerat.
1785 2621 2071 2689 Doluerat,

386 2712 392 2718 ’
434 2709 568 2779 quia
582 2707 870 2778 patienter
890 2708 1091 2778 utique
1108 2724 1222 2763 non
1245 2708 1477 2763 tulerat.
1497 2709 1643 2773 Quid
1669 2709 1924 2779 primum
1945 2709 2071 2763 fue-

433 2801 509 2852 rit
536 2796 634 2852 ille
659 2797 902 2870 angelus
932 2797 1299 2869 perditionis,
1329 2797 1520 2854 malus
1551 2815 1623 2853 an
1655 2799 1700 2833 ⁴⁰
1729 2798 2065 2870 impatiens,

431 2888 740 2941 contemno
772 2900 1026 2955 quaerere
1053 2902 1066 2953 ;
1117 2884 1310 2956 palam
1346 2901 1479 2940 cum
1510 2886 1606 2955 sit,
1637 2885 2064 2957 impatientiam

983 370 1509 430 TERTULLIANI
1553 369 1874 432 OPEltUM
1918 371 2114 429 PAltS
2159 369 2307 430 1.-
2339 372 2612 433 SEBIES
2658 372 2734 444 Il,
2783 337 3255 434 DOGMATICA.

3688 372 3848 433 1368

2091 503 2143 568 Α
2177 517 2309 556 cum
2345 501 2591 566 malitia,
2621 505 2721 557 aut
2779 502 3065 558 malitiam
3116 504 3187 558 ab
3219 502 3602 574 impatientia
3632 504 3848 574 auspi-

2182 594 2395 658 catam,
2425 590 2627 645 deince
2682 590 2835 645 inter
2881 607 2945 645 se
2975 590 3368 661 conspirasse,
3405 596 3464 647 et
3497 591 3846 648 individuas

2184 678 2241 730 in
2273 693 2390 750 uno
2421 678 2604 749 patris
2663 678 2797 734 sinu
2827 679 3173 735 adolevisse.
3228 679 3463 734 Atenim
3497 696 3680 750 quam
3715 682 3844 751 pri-

2183 780 2315 818 mus
2345 771 2629 830 senserat,
2662 783 2765 836 per
2800 783 2972 836 quem
3030 767 3372 838 delinquere
3423 768 3758 823 intraverat
3779 769 3844 835 δ’,

2181 853 2252 908 de
2281 870 2386 908 suo
2415 854 2807 924 experimento
2864 855 3003 924 quid
3061 856 3132 910 ad
3189 856 3556 926 peccandum
3590 857 3844 926 adjuva-

2180 946 2266 996 ret
2293 942 2338 976 ⁴³
2388 947 2646 997 structus
2676 943 2722 976 ‘3
2752 944 3016 999 eamdem
3051 942 3432 1015 impingendo
3489 945 3549 998 in
3599 944 3834 1000 crimen

2183 1029 2403 1085 homini
2447 1030 2782 1086 advocavit:
2841 1038 3128 1087 conventa
3186 1033 3388 1087 statim
3448 1031 3531 1086 illi
3592 1032 3839 1096 mulier,

2181 1135 2295 1173 non
2327 1123 2543 1173 temere
2572 1119 2813 1174 dixerim
2875 1137 2976 1190 per
3021 1119 3380 1190 colloquium
3441 1121 3638 1192 ipsum
3700 1125 3839 1192 ejus

2180 1206 2408 1262 nt‘ﬂacta
2424 1212 2512 1262 est
2527 1207 2735 1278 spiritu
2758 1208 3126 1279 impatientia
3143 1209 3379 1274 infecto,
3408 1225 3600 1280 usque
3620 1210 3774 1265 adeo
3794 1213 3840 1245 “

2181 1311 2480 1367 nunquam
2541 1296 2778 1351 omnino
2826 1303 3146 1367 peccasset,
3180 1297 3229 1352 si
3264 1297 3321 1352 in
3353 1298 3398 1332 “
3428 1298 3628 1353 divino
3656 1299 3840 1354 inter-

2181 1385 2335 1439 dicto
2367 1383 2709 1456 patientiam
2761 1390 3155 1454 perservasset
3177 1386 3242 1441 “.
3287 1386 3434 1450 Quid
3495 1387 3655 1458 quod
3717 1405 3837 1443 non

2181 1473 2461 1528 sustinuit
2494 1471 2621 1528 sola
2653 1479 2935 1528 conventa
2971 1491 2984 1540 ;
3020 1477 3119 1529 sed
3153 1475 3311 1546 apud
3343 1475 3528 1529 Adam
3562 1476 3836 1531 nondum

2181 1561 2480 1630 maritum,
2525 1562 2787 1618 nondum
2813 1579 2985 1618 aures
3017 1563 3123 1618 sibi
3157 1563 3467 1619 debentem
3497 1564 3607 1633 (22)
3644 1565 3839 1636 impa-

2181 1650 2331 1706 tiens
2363 1650 2538 1706 etiam
2570 1652 2799 1706 tacendi
2831 1656 2940 1721 est,
2975 1669 3040 1707 ac
3069 1651 3112 1687 ‘7
3139 1653 3443 1708 traducem
3483 1652 3655 1707 illum
3680 1655 3838 1724 ejus,

2183 1739 2335 1810 quod
2369 1755 2403 1793 a
2432 1739 2585 1794 malo
2616 1739 2894 1795 hauserat
2923 1741 3056 1810 (23).
3090 1742 3227 1796 iacit
3257 1741 3321 1795 ⁸⁸.
3353 1741 3513 1796 Perit
3539 1741 3731 1814 igitur
3783 1750 3841 1798 et

2183 1824 2334 1879 alius
2364 1825 2536 1880 homo
2570 1842 2672 1896 per
2703 1825 3130 1897 impatientiam
3181 1826 3464 1896 alterius;
3518 1830 3674 1900 perit
3703 1846 3842 1885 mox

2182 1917 2239 1970 et
2266 1913 2389 1985 ipse
2446 1930 2550 1985 per
2605 1913 3032 1986 impatientiam
3091 1931 3263 1972 suam
3321 1915 3637 1988 utrobique
3671 1933 3837 1974 com-

2184 2001 2470 2058 missam:
2521 2007 2580 2058 et
2625 2002 2780 2059 circa
2830 2003 2932 2058 Dei
2991 2005 3521 2076 prmmonitionem,
3561 2010 3622 2062 et
3681 2006 3843 2063 circa

2188 2090 2404 2146 diaboli
2430 2091 3033 2163 circumscriptionem
3064 2093 3196 2165 (24),
3229 2092 3388 2149 illam
3420 2095 3842 2161 servare,hanc

2189 2181 2440 2236 refutare
2483 2196 2598 2236 non
2647 2181 2970 2236 sustinens.
3001 2181 3147 2236 Hinc
3192 2181 3381 2252 prima
3403 2181 3642 2253 judicii,
3678 2185 3839 2239 unde

2188 2266 2384 2322 delicti
2440 2267 2654 2339 origo;
2716 2266 2848 2322 hinc
2909 2267 3058 2322 Deus
3118 2265 3287 2322 irasci
3347 2284 3615 2334 exorsus,
3680 2272 3843 2325 unde

2186 2356 2476 2411 otiendere
2510 2355 2681 2411 homo
2741 2356 3038 2412 inductus.
3095 2357 3234 2412 Inde
3259 2355 3318 2412 in
3349 2357 3465 2413 Deo
3497 2357 3697 2429 prima
3728 2376 3840 2429 pa-

2184 2444 2408 2515 tientia,
2466 2445 2620 2500 unde
2667 2443 2994 2516 indignatio
3045 2446 3258 2516 prima.
3316 2445 3424 2511 Qui
3455 2450 3597 2500 tunc
3649 2447 3841 2502 male-

2185 2533 2436 2588 dictione
2485 2531 2611 2588 sola
2654 2537 2982 2598 contentus,
3033 2534 3104 2589 ab
3154 2533 3687 2590 animadversionis
3719 2535 3845 2591 im-

2185 2627 2319 2693 petu
2347 2621 2404 2676 in
2436 2621 2667 2678 diabolo
2699 2622 3064 2693 temperavit.
3097 2625 3212 2679 Aut
3243 2623 3398 2695 quod
3431 2623 3659 2679 crimen
3696 2632 3845 2681 ante

2182 2711 2336 2766 istud
2369 2711 2415 2745 "
2437 2710 2812 2782 impatientia
2833 2711 3158 2766 admissum
3191 2711 3418 2767 homini
3447 2711 3796 2784 imputatur
3815 2717 3847 2768 τ

2180 2801 2460 2853 Innocens
2516 2804 2660 2864 erat,
2720 2803 2776 2854 et
2813 2799 2927 2854 Deo
2958 2799 3029 2853 de
3060 2799 3322 2869 proximo
3353 2799 3602 2868 amicus,
3635 2806 3700 2855 et
3731 2818 3846 2873 pa-

2184 2884 2362 2941 radisi
2395 2883 2655 2940 colonus.
2696 2889 2769 2940 At
2798 2885 2896 2941 ubi
2946 2884 3126 2941 semel
3156 2886 3406 2942 succidit
3433 2887 3477 2922 ⁸ο
3507 2887 3848 2960 impatien-

1832 3028 2034 3090 Varia‘.
2077 3028 2396 3090 lectiones.

505 3135 550 3206 ἔτ
582 3134 807 3206 Favere
846 3137 1104 3192 Wouwer.
1145 3136 1250 3190 MS.
1327 3137 1370 3170 ⁸⁸
1399 3135 1630 3191 Editum
1676 3137 1839 3190 Fran.
1891 3135 2074 3206 Paris.
2126 3133 2353 3206 Rigalt.
2418 3134 2463 3206 _”
2495 3135 2646 3190 Ideo.
2727 3135 2772 3170 ιο
2807 3137 2889 3191 An
2929 3137 3080 3193 abest
3126 3139 3325 3206 Rigalt.
3401 3139 3443 3173 “
3491 3137 3602 3194 Per

1307 3208 1535 3281 primus
1563 3206 1915 3281 delinquere
1963 3205 2277 3260 intraverat
2325 3204 2451 3281 god.
2490 3207 2710 3281 Pilltazi.
2789 3209 2834 3281 θ’
2862 3209 3165 3281 Adjutaret
3193 3204 3359 3265 Fran.
3392 3210 3572 3264 Paris.
3617 3204 3844 3267 Wouw.

1555 3280 1783 3332 “Adeo
1833 3282 1896 3331 ut
1946 3293 2270 3348 numquam

433 3205 664 3332 Erimus
723 3205 1041 3278 deliquerat
1095 3207 1260 3262 Rhen.

483 3275 540 3331 S.
651 3277 695 3310 “
736 3282 1060 3332 Instructus
1105 3281 1260 3332 Wouu

483 3275 540 3331 S.
651 3277 695 3310 “
736 3275 1060 3334 Instructus
1105 3275 1442 3335 Warren—MS.

3641 3155 3682 3210 q
3695 3158 3845 3197 uam

2327 3277 2504 3353 _Wouv.
2565 3278 2671 3353 bis.
2716 3352 2720 3353 ί
2857 3277 3112 3353 Ιιιάὺεξι
3161 3283 3323 3336 Fran.
3375 3281 3557 3334 Paris.
3619 3283 3840 3353 Rigalt.

429 3347 476 3382 “
501 3352 910 3423 Praiservasset
939 3353 1102 3423 Fran.
1139 3350 1312 3423 Rhen.
1383 3351 1430 3423 [υτ
1461 3350 1542 3404 Ad
1574 3350 1740 3405 Seml.
1784 3347 1861 3423 “‘3
1890 3349 2046 3423 Facit
2072 3347 2271 3423 Ῡίιιαι.Δ
2308 3349 2436 3423 Jan.
2461 3357 2540 3423 Δρι
2581 3349 2723 3403 deest
2763 3349 2963 3406 Wouw.
2999 3352 3113 3408 ηδ.
3191 3353 3237 3390 ⁴⁹
3257 3355 3373 3408 Aut
3402 3354 3558 3423 quod
3593 3347 3836 3410 crimen

429 3423 562 3474 ante
586 3419 740 3475 istud
774 3425 905 3477 Jun.
928 3422 1089 3485 Quod
1121 3422 1340 3476 crimen
1365 3421 1536 3477 Ciacc.
1559 3423 1705 3478 ϐίας.
1781 3421 1826 3454 ⁸ο
1852 3419 2041 3474 Semel
2074 3419 2387 3476 succubuit
2413 3420 2535 3490 alii,
2566 3424 2704 3476 Jun.
2737 3436 2846 3476 non
2871 3423 3086 3493 probat.

1877 3561 2393 3622 Commentarius.

425 3686 562 3760 jure
588 3685 873 3756 triplicem
905 3688 1078 3760 habet
1104 3686 1673 3758 significationem,et
1699 3702 1900 3760 omnes
1925 3686 2061 3740 Ter-
2093 3685 2136 3752 C
2175 3684 2287 3760 lib1
2310 3685 2480 3760 Illdl.
2514 3686 2675 3760 Marc.
2704 3710 2738 3760 a
2769 3687 3011 3760 Natales
3024 3688 3343 3760 agnitionis
3366 3711 3394 3738 »
3424 3689 3612 3758 dixit;
3636 3695 3698 3747 et
3723 3691 3830 3748 lib.

433 3756 681 3830 tulliano
711 3759 1015 3814 convenire
1045 3756 1310 3830 possunt.
1345 3760 1560 3829 Prima,
1582 3757 1954 3830 praescribere
1977 3761 2065 3811 est

432 3828 742 3899 praefinire,
774 3837 838 3884 ut
868 3827 1265 3900 presseriptum
1298 3847 1331 3884 a
1363 3827 1638 3885 testatore
1660 3827 1959 3900 tempus,il
1980 3833 2068 3883 est

431 3900 802 3973 praeﬁnitum.
829 3899 1137 3973 Ergo,cum
1163 3901 1312 3956 Deus
1335 3904 1481 3957 tanti
1505 3901 1701 3956 fecerit
1718 3899 1868 3973 hanc
1888 3899 2062 3973 virtu-

427 3977 544 4026 tem
601 3971 782 4044 habes
813 3971 1221 4044 compendiose
1255 3973 1656 4044 praescriptum
1689 3971 2066 4044 praeﬁnitum-

428 4058 541 4114 que
567 4043 706 4114 quid
738 4041 1046 4100 sentire—de
1075 4043 1174 4098 illa
1203 4041 1437 4099 debeas.
1493 4041 2063 4113 Altera-signiﬁcatio

429 4117 537 4182 est,
572 4131 688 4184 qua
714 4115 850 4191 quis
871 4121 1014 4191 post
1061 4117 1139 4191 rei
1171 4116 1371 4191 alienae
1410 4116 1832 4191 usucapionem
1864 4118 2064 4191 contra

428 4201 660 4240 omnem
714 4185 835 4242 litis
867 4185 1338 4256 intentationem,
1373 4187 1484 4242 sibi
1533 4185 1641 4241 hoc
1691 4185 1858 4240 unico
1890 4185 2062 4240 verbo

429 4255 727 4322 consulit;
777 4258 971 4329 itaque
1019 4258 1116 4328 qui
1148 4255 1496 4328 prescripsit,
1526 4256 1709 4324 elidit,
1743 4257 2063 4326 adimitque

427 4343 661 4382 omnem
691 4329 976 4385 actionem
1009 4334 1210 4384 contra
1241 4346 1321 4397 se,
1349 4333 1405 4382 et
1437 4329 1597 4383 litem
1629 4344 2064 4398 quamcumque

425 4399 763 4454 internecet.
816 4401 960 4466 Quid
1018 4417 1153 4470 ergo
1185 4402 1290 4455 hoc
1340 4402 1512 4455 verbo
1543 4399 2012 4470 compendiosius
2037 4399 2065 4453 ?

428 4469 809 4543 lgiturliabes
829 4473 1268 4543 compendium,
1285 4469 1825 4542 quoimpugnantes
1845 4471 2062 4540 patien-

423 4543 566 4596 tiam
599 4541 802 4610 elidas,
823 4543 871 4597 si
903 4541 1128 4598 tantum
1156 4544 1337 4609 dicas,
1366 4541 1586 4597 Domini
1611 4551 1688 4597 est
1708 4546 1884 4596 virtus
1908 4560 1920 4597 :
1946 4559 2060 4612 quo

423 4614 599 4667 verbo
631 4630 864 4668 omnem
924 4615 1208 4670 actionem
1269 4615 1512 4679 adimes,
1547 4631 1659 4668 non
1693 4613 1858 4668 aliter
1888 4619 2062 4682 atque

427 4683 511 4737 illi
545 4683 653 4756 qui
688 4685 1112 4755 praescripsero.
1143 4686 1330 4740 Tertia
1376 4691 1432 4740 et
1488 4685 1721 4756 propria
1768 4689 1890 4739 est:
1926 4702 2060 4739 nam

425 4755 783 4828 praescriptio
840 4756 898 4810 in
958 4757 1084 4827 iure
1131 4762 1222 4811 est
1267 4755 1545 4828 exceptio,
1596 4762 1651 4811 et
1690 4756 2062 4826 praescribere

424 4830 514 4881 est
543 4826 824 4900 excipere,
857 4826 969 4900 aut;
985 4828 1379 4899 exceptionem
1406 4826 1733 4900 bpponere,
1793 4833 1850 4900 et
1905 4833 2059 4900 acto-

424 4843 514 4881 esr
543 4843 824 4950 excipere,
857 4843 957 4881 aut
985 4843 1379 4899 exceptionem
1421 4844 1733 4900 opponere,
1793 4843 1850 4881 et
1905 4843 2055 4882 acto-

423 4913 542 4952 rem
575 4913 674 4952 exc
704 4899 877 4952 udere
911 4918 923 4963 ;
960 4899 1067 4953 hoc
1099 4916 1273 4954 sensu
1307 4899 1405 4968 qui
1439 4916 1500 4954 se
1523 4899 1746 4967 judicio
1777 4899 2055 4966 defendit,

416 4973 474 5026 et
522 4968 742 5024 crimen
800 4969 857 5024 in
913 4971 1309 5026 adversarium
1364 4973 1662 5038 transfert,
1721 4987 1850 5024 cum
1911 4970 2054 5025 illud

416 5039 866 5106 refellit,dicitur
903 5043 1232 5097 adversario
1290 5058 1396 5097 suo
1457 5041 1850 5112 praescribere.
1903 5043 2050 5111 Ergo
2083 5047 2128 5110 D

416 5113 597 5167 habes
611 5113 955 5184 compendia
968 5131 1020 5168 ιιι
1033 5132 1083 5184 ,q
1096 5131 1166 5169 uo
1181 5114 1520 5180 praescribas
1544 5112 1657 5167 tuis
1680 5113 2047 5169 adversariis.

417 5184 579 5247 Quod
620 5185 725 5239 hoc
750 5183 1160 5254 compendium
1186 5184 1212 5238 ?
1250 5183 1444 5240 Virtus
1473 5189 1562 5239 est
1595 5184 1712 5248 Dei,
1745 5201 1870 5237 eam
1900 5190 2048 5239 Deus

421 5254 615 5326 magni
647 5255 842 5318 habet,
893 5259 1040 5313 Deus
1069 5257 1128 5312 in
1160 5255 1473 5326 semetipso
1501 5255 1876 5310 circumtulit.
1915 5257 2044 5311 Lac.

489 5326 601 5395 (20)
634 5327 802 5394 Magis
822 5329 1186 5384 illuminabis.
1227 5332 1367 5382 Vere
1397 5333 1620 5397 spectat
1650 5327 1719 5380 ad
1752 5326 2046 5380 illumina-

415 5396 604 5452 tiones
648 5400 970 5454 rhetorum.
1023 5401 1222 5468 Itaque
1272 5415 1386 5453 non
1436 5396 1615 5453 audio
1645 5397 1797 5460 illos,
1847 5399 1945 5468 qui
1979 5399 2048 5452 de

418 5468 709 5539 baptismo
751 5473 943 5527 nescio
1000 5472 1132 5537 quid
1198 5472 1444 5537 lingunt.
1505 5470 1631 5524 Scio
1691 5470 2045 5539 baptismum

413 5537 898 5596 illuminationem
934 5543 1069 5602 dici.
1124 5547 1268 5597 teste
1323 5543 1498 5596 etiam
1534 5539 1706 5596 Paulo
1741 5537 1904 5607 ;Vsed
1956 5539 2048 5595 hic

415 5612 682 5683 augurari
714 5611 933 5683 aliquid
972 5614 1042 5668 de
1076 5611 1384 5683 baptismo,
1439 5613 1729 5668 insulsum
1762 5617 1870 5666 est.
1915 5611 2044 5667 LAC.

481 5681 594 5755 (2t)
626 5681 845 5755 Natales
902 5681 1288 5755 impalieritzm.
1329 5684 1617 5755 Appellat
1672 5683 2046 5755 impatientia:

413 5749 661 5818 natales,
712 5749 994 5824 originem
1044 5755 1164 5811 sive
1211 5749 1454 5812 initium"
1496 5749 1898 5827 impatientius.
1953 5754 2046 5810 Sic

2161 5112 2412 5182 ptioncm
2463 5113 2754 5184 intelligit,

2161 5190 2356 5238 nerat:
2411 5184 2560 5239 hunc
2613 5184 2863 5240 refutare
2894 5188 3140 5243 debebat
3170 5191 3377 5244 Adam.
3425 5191 3810 5245 Circumscri-

2172 3756 2235 3812 dc
2254 3757 2456 3822 Pallio,
2490 3781 2517 3807 «
2549 3757 2782 3815 Natales
2812 3759 3038 3815 mundi.
3064 3756 3102 3808 ἶι
3135 3760 3311 3814 Rana.

2244 3828 2356 3898 (22)
2387 3829 2634 3884 Nondum
2664 3847 2824 3886 aures
2852 3831 2963 3886 sibi
2989 3831 3293 3887 debentem.
3323 3831 3543 3886 Alludit
3581 3832 3651 3886 ad
3683 3849 3828 3888 con-

2163 3899 2376 3973 jugum
2399 3901 2550 3956 inter
2578 3902 2737 3973 ipsos
2794 3903 3015 3971 debita,
3059 3919 3185 3973 qua:
3245 3903 3395 3958 bona
3431 3902 3545 3957 ﬁde
3595 3907 3826 3960 cxsolvi

2173 3971 2348 4054 etiam
2380 3971 2913 4054 Apostolusnvoluit
2945 3994 2960 4042 ;
3019 3971 3193 4054 itaut
3223 3991 3393 4054 aures
3423 3975 3636 4030 debeat
3668 3993 3819 4032 con-

2164 4044 2285 4118 jure
2302 4042 2532 4118 conjugi
2549 4042 3285 4118 appellantiposcentique.
3321 4046 3449 4101 RIG.

2241 4115 2353 4185 (23)
2385 4115 2455 4170 Ac
2485 4115 2760 4172 lradacem
2817 4115 2977 4172 illam
3027 4119 3145 4189 ejus
3172 4115 3334 4189 fquod
3364 4133 3398 4171 a
3425 4119 3579 4189 malo
3611 4123 3823 4174 hause-

2170 4189 2294 4261 rat,‘
2333 4189 2484 4256 facit.
2539 4189 2618 4261 lng
2651 4187 3396 4261 antiquisgexemplaribns
3445 4187 3688 4260 legitur,
3742 4191 3823 4246 ad

2173 4256 2447 4311 traducem
2476 4260 2550 4312 ad
2581 4259 2759 4314 illum.
2787 4256 2948 4323 Quod
2979 4261 3085 4315 etsi
3119 4256 3257 4316 vitio
3288 4277 3402 4314 non
3427 4256 3818 4326 caret,tamen

2170 4329 2427 4400 ostendit
2459 4330 2598 4400 quid
2629 4330 2921 4386 sincerum
2946 4330 3144 4387 haberi
3167 4331 3374 4388 debeat
3406 4347 3419 4386 :
3457 4353 3484 4380 «
3515 4333 3819 4389 Adtradu-

2169 4414 2292 4475 cem
2352 4399 2516 4475 illum
2571 4401 2699 4475 ejus
2739 4403 2907 4475 quod
2965 4420 2998 4458 a
3048 4401 3208 4475 malo
3253 4403 3547 4470 hauserat,
3582 4404 3750 4460 facit.
3785 4429 3813 4455 »

2170 4469 2363 4542 Evam,
2424 4471 2635 4542 inquit,
2668 4469 2854 4528 solam
2886 4472 3232 4530 convenerat
3273 4469 3555 4540 Satanas;
3619 4475 3816 4531 solam

2169 4541 2701 4622 efflaverat__spiritu
2758 4544 3125 4622 impatientia
3155 4547 3386 4602 infecto.
3437 4548 3508 4600 At
3538 4545 3659 4613 illa,
3698 4549 3816 4622 im-

2171 4614 2395 4682 patiens
2435 4614 2619 4689 etiam
2656 4614 2907 4689 tacendi,
2945 4634 3180 4688 pravam
3229 4622 3453 4672 Satanae
3488 4619 3817 4689 suggestin-

2170 4700 2300 4738 nem
2333 4685 2734 4761 transfuditin
2765 4685 2968 4761 suum
3026 4690 3225 4761 Adam.
3278 4693 3482 4761 Itaque
3540 4685 3669 4761 ipsa
3704 4691 3817 4745 fuit

2168 4757 2386 4832 peccati
2419 4758 2713 4832 tradux_in
2745 4759 3274 4832 Adam,exindeque
3304 4757 3471 4816 illum
3495 4757 3629 4815 fecit
3650 4763 3702 4832 ej
3716 4780 3817 4818 us-

2168 4827 2296 4898 dem
2332 4829 2544 4896 peccati
2579 4827 2973 4898 adtraducem,
3007 4832 3116 4888 hoc
3146 4827 3254 4898 est,
3300 4827 3722 4888 administrum
3757 4839 3816 4889 et

2163 4897 2846 4975 collegam_traducendo
2907 4897 2967 4958 in
3031 4897 3405 4960 commanem
3467 4905 3811 4975 prosapiam

2168 4975 2418 5039 peccato.
2454 4971 2579 5025 RIG.

2233 5042 2342 5115 (24)
2387 5045 2474 5115 El
2532 5041 2934 5115 cizjcardiaboli
2972 5047 3564 5115 circumscriptionem.
3633 5046 3808 5103 Decc-

2803 5133 2919 5186 qua
2964 5115 3231 5173 diabolus
3281 5123 3451 5174 Evam
3486 5120 3810 5174 circumve-

2159 5255 2291 5309 bere
2317 5255 2581 5326 decipere
2622 5256 2934 5327 signiﬁcat.
2967 5263 3034 5314 Et
3061 5260 3318 5316 Ciceroni
3345 5261 3808 5317 circumscribere

2156 5336 2424 5402 sertulam,
2456 5332 2542 5402 est
2569 5331 2911 5402 auctoritate
2945 5336 3212 5387 senatum
3250 5334 3491 5402 privare,
3545 5337 3739 5389 tracta
3773 5353 3807 5389 ιι

2159 5398 2336 5452 labris
2367 5403 2466 5475 aut
2495 5399 2787 5475 chirurgia
2828 5403 3186 5475 metaphora,
3221 5398 3467 5475 quiquae
3503 5407 3807 5474 praecisuri

2159 5477 2318 5559 sunt,
2372 5471 3091 5559 prius_circumscribunt.
3142 5475 3211 5558 Et
3241 5471 3458 5559 ’revara
3498 5471 3673 5558 primi
3705 5495 3807 5559 pa-

2157 5547 2350 5618 rentes
2381 5541 2628 5618 nostri_a
2657 5543 2887 5599 diabolo
2916 5551 3059 5618 sunt
3116 5541 3567 5618 circumscripti,
3625 5541 3807 5617 cujus

2157 5613 2390 5689 astu_d_e
2421 5613 2686 5684 paradiso
2717 5620 2855 5689 sunt
2876 5617 3040 5687 ejecti
3071 5622 3244 5689 atque
3274 5613 3478 5674 exsilio
3511 5613 3802 5689 damnati,

2155 5685 2313 5740 omni
2341 5685 2475 5754 jure
2505 5686 2892 5756 possessionis
2907 5685 3035 5745 sibi
3066 5685 3360 5761 adempto.
3395 5691 3577 5746 RHEN.
