4050 6338
275 327 432 388 1369

1553 327 1788 388 LIBER
1835 327 1936 390 DE
1979 329 2340 390 PATlENTl
2359 333 2394 388 Α
2413 373 2426 390 .

3543 317 3702 378 1370

271 460 388 530 tias,
421 459 630 517 desivit
658 459 700 498 ³¹
749 465 863 517 Deo
913 477 1140 533 sapere,
1190 459 1400 516 desivit
1445 460 1707 516 cmlestia
1751 461 1928 517 susti-
1965 465 2020 532 Α
2049 461 2252 518 tientia
2296 467 2384 518 est
2413 462 2570 518 boni.
2617 462 2797 518 Nemo
2843 459 3182 532 impudicus
3225 471 3336 512 non
3381 450 3696 524 impatiens

273 565 411 606 nere
447 566 636 622 posse.
671 549 891 608 Exinde
945 549 1121 606 homo
1175 553 1338 605 terrea
1387 550 1561 606 datus
1603 551 1738 622 (25),
1771 555 1827 606 et
1858 551 1928 606 ab

271 638 460 696 oculis
497 641 592 696 Dei
625 642 868 712 ejectus,
923 639 1092 696 facile
1127 641 1400 712 usurpari
1432 641 1476 674 ⁶²
1509 639 1580 696 ab
1613 641 1930 712 impatien-

273 727 352 782 tia
402 729 574 800 coepit
621 731 734 801 (26)
783 729 842 784 in
903 745 1076 784 omne
1125 729 1281 801 quod
1341 729 1526 786 Deum
1590 730 1927 786 offenderet.

273 817 480 874 I258
510 817 654 873 Nam
701 819 902 874 statim
947 817 1046 874 illa
1094 817 1318 874 semine
1368 817 1586 874 diaboli
1626 823 1926 890 concepta,

271 906 506 962 malitias
571 905 949 973 fecunditate,
1013 907 1160 962 iram
1219 907 1262 941 ³³
1321 907 1508 962 filium
1583 907 1924 979 procreavit,

266 996 492 1052 editum
525 997 649 1052 suis
679 997 904 1053 artibus
933 997 1148 1054 erudiit
1176 997 1239 1054 ⁸⁸.
1271 997 1432 1062 Quod
1466 995 1623 1052 enim
1658 997 1700 1032 ⁸⁸
1729 997 1926 1068 ipsum

264 1087 450 1141 Adam
483 1089 540 1141 et
569 1087 742 1140 Evam
777 1087 950 1142 morti
979 1085 1372 1153 immerserat,
1422 1087 1620 1142 docuit
1651 1090 1706 1142 et
1739 1085 1922 1141 lilium

267 1174 340 1230 ab
368 1173 685 1230 homicidio
719 1174 976 1246 incipere
1007 1175 1162 1246 (Gen.
1197 1175 1293 1246 ιν).
1345 1177 1582 1231 Frustra
1622 1175 1778 1230 istud
1812 1175 1922 1230 im-

263 1263 558 1334 patientius
591 1263 1026 1336 adscripserim,
1060 1265 1110 1320 si
1155 1263 1294 1320 Cain
1345 1263 1442 1320 ille
1473 1265 1702 1336 primus
1735 1263 1923 1320 homi-

263 1351 414 1418 cida,
449 1357 508 1408 et
553 1353 782 1424 primus
831 1353 1150 1420 fratricida,
1199 1353 1526 1410 oblationes
1575 1371 1714 1409 suas
1746 1371 1780 1410 a
1812 1354 1921 1410 Do-

263 1442 428 1498 mino
484 1443 528 1478 ⁶⁶
575 1447 874 1498 recusatae
923 1443 1332 1514 aequanimiter
1380 1459 1486 1498 nec
1545 1443 1922 1516 impatienter

263 1531 419 1602 tulit,
439 1532 488 1586 si
515 1531 702 1588 iratus
731 1531 894 1588 fratri
929 1549 1035 1588 suo
1067 1550 1180 1588 non
1213 1537 1322 1602 est,
1355 1533 1404 1588 si
1437 1531 1734 1588 nominem
1758 1531 1920 1588 deni-

265 1637 380 1692 que
431 1621 750 1677 interemit.
801 1621 943 1677 Cum
985 1638 1122 1694 ergo
1178 1639 1282 1678 nec
1331 1622 1594 1678 occidere
1641 1621 1916 1694 potuerit,

263 1709 380 1766 nisi
411 1710 618 1778 iratus,
651 1726 756 1765 nec
787 1710 982 1782 irasci,
1013 1710 1124 1766 nisi
1159 1711 1471 1782 impatiens
1506 1729 1518 1766 :
1553 1711 1920 1766 demonstrat

2041 551 2352 622 pudicitiae,
2392 557 2448 606 et
2478 553 2783 624 improbus
2813 549 3144 622 probitatis,
3178 549 3234 601 ct
3257 541 3475 614 impius
3506 539 3694 610 pieta—

2041 643 2138 708 tis,
2161 645 2216 696 et
2247 641 2544 712 inquietus
2571 641 2786 712 quietis
2832 639 2902 695 Ut
2926 636 3116 694 malus
3141 630 3549 704 unusquisque
3573 629 3694 694 flat,

2043 731 2232 786 bonus
2284 747 2653 802 perseverare
2705 746 2817 784 non
2870 725 3096 799 poterit.
3132 721 3292 779 Talis
3323 721 3502 792 igitur
3531 732 3693 772 exce-

2043 824 2130 874 tra
2160 821 2203 852 5°
2246 821 2354 890 (28)
2403 821 2605 876 I259
2657 817 3026 886 delictorum,
3060 831 3163 868 cur
3211 829 3324 866 non
3375 807 3690 864 Dominum

2038 909 2292 964 offendat
2337 909 2790 981 improbatorem
2843 903 3186 960 malorum?
3235 907 3442 955 Annon
3492 897 3691 968 ipsum

2037 1014 2270 1068 quoque
2303 999 2479 1054 Israel
2512 1015 2612 1070 per
2644 995 3068 1068 impatientiam
3125 1006 3355 1062 semper
3403 987 3457 1042 in
3503 985 3686 1040 Deum

2038 1086 2354 1158 deliquisse
2387 1087 2760 1142 manifestum
2797 1089 2903 1151 est,
2924 1081 3130 1140 exinde
3161 1095 3292 1134 cum
3318 1075 3539 1132 oblitus
3563 1075 3688 1128 bra-

2035 1174 2150 1230 chii
2186 1176 2456 1242 cwlestis,
2491 1193 2604 1248 quo
2655 1174 2936 1248 IEhyptiiS
2967 1167 3448 1228 afflictationibus
3502 1163 3690 1218 fuerat

2033 1269 2350 1336 extractus,
2382 1267 2450 1320 de
2483 1271 2674 1320 Aaron
2707 1263 2816 1320 sibi
2849 1263 2988 1318 deos
3020 1261 3196 1316 duces
3239 1254 3516 1328 postulat,
3551 1268 3682 1308 cum

2035 1353 2090 1408 in
2143 1351 2364 1410 idolum
2426 1353 2552 1408 auri
2615 1354 2702 1408 sui
2767 1350 3107 1406 collationes
3157 1345 3424 1401 defundit
3493 1341 3684 1414 (Exod.

2031 1443 2219 1511 xvu)?
2259 1445 2401 1498 Tam
2437 1442 2800 1498 necessarias
2832 1441 2984 1495 enim
3026 1437 3242 1508 Moysis
3273 1449 3402 1489 cum
3437 1431 3685 1487 Domino

2031 1533 2466 1606 congredientis
2519 1532 2890 1604 impatienter
2933 1531 3236 1598 exceperat
3293 1539 3488 1578 moras
3547 1521 3678 1592 (29).

2029 1623 2168 1679 Post
2225 1641 2451 1678 mannis
2502 1621 2800 1678 escatilem
2847 1618 2962 1690 (30)
3013 1615 3293 1689 pluviam,
3345 1615 3478 1684 post
3509 1614 3682 1682 petras

2029 1711 2346 1786 aquatilem
2392 1711 2692 1783 sequelam
2746 1710 3056 1780 desperant
3097 1706 3167 1760 de
3197 1701 3465 1768 Domino,
3501 1697 3684 1754 tridui

263 1800 422 1872 quod
454 1817 558 1872 per
584 1799 733 1856 iram
778 1799 962 1872 gessit
1007 1801 1078 1854 ad
1139 1816 1266 1855 eam
1319 1799 1712 1870 referendum,
1742 1815 1776 1854 a
1805 1815 1921 1870 qua
1953 1838 1996 1904 Β
2029 1803 2187 1858 sitim
2241 1819 2356 1858 non
2406 1799 2772 1858 sustinendo.
2821 1801 2966 1852 Nam
3009 1795 3130 1850 haec
3160 1807 3392 1892 quoque
3420 1787 3538 1904 illis
3569 1787 3683 1843 im-

259 1889 350 1944 ira
399 1893 678 1962 suggesta
724 1893 838 1946 est.
878 1890 947 1944 Et
995 1889 1116 1944 haec
1167 1889 1403 1961 quidem
1453 1889 1495 1924 ⁵⁷
1539 1888 1915 1961 impatientia

257 1981 398 2033 tunc
431 1977 672 2034 infantis
715 1978 1153 2049 quodammodo
1201 1977 1577 2034 incunabula.
1630 1981 1914 2036 Caeterum

257 2070 480 2139 quanta
543 2083 676 2122 mox
739 2067 1122 2136 incrementa,
1177 2083 1282 2123 nec
1337 2067 1572 2124 mirum.
1633 2067 1802 2139 Nam,
1863 2069 1914 2124 si

255 2155 452 2228 prima
507 2155 780 2226 deliquit,
815 2170 1180 2226 consequens
1239 2159 1347 2224 est,
1382 2160 1446 2212 ut
1505 2157 1643 2227 quia
1697 2157 1909 2228 prima,

257 2245 475 2300 idcirco
507 2249 566 2300 et
595 2244 722 2302 sola
769 2245 847 2300 sit
895 2244 1109 2300 matrix
1157 2245 1216 2300 in
1262 2261 1435 2301 omne
1477 2245 1778 2318 delictum,
1813 2249 1912 2303 de-

257 2334 514 2390 fundens
545 2334 615 2389 de
646 2351 753 2389 suo
803 2333 962 2389 fonte
991 2333 1182 2390 varias
1231 2334 1546 2390 criminum
1595 2353 1796 2392 venas.
1831 2337 1912 2392 De

259 2422 576 2478 homicidio
626 2421 862 2494 quidem
921 2423 1142 2480 dictum
1201 2427 1309 2480 est.
1363 2424 1472 2480 Sed
1505 2424 1592 2481 ira
1621 2425 1842 2481 editum
1877 2443 1910 2482 a

257 2512 605 2584 primordio,
622 2514 799 2568 etiam
829 2528 1234 2586 quascumque
1256 2514 1620 2586 postmodum
1639 2515 1682 2550 ⁸³
1700 2531 1910 2573 causas

259 2601 374 2656 sibi
402 2601 644 2672 invenit,
677 2602 748 2656 ad
779 2600 1209 2673 impatientiam
1261 2605 1324 2658 ut
1371 2603 1444 2658 ad
1495 2603 1783 2676 originem
1816 2605 1909 2661 sui

260 2690 499 2745 confert.
553 2689 686 2745 Sive
737 2691 892 2746 enim
945 2691 1076 2762 quis
1127 2690 1474 2762 inimicitiis,
1525 2693 1644 2748 sive
1701 2695 1908 2766 priedas

257 2779 449 2851 gratia
477 2779 535 2834 id
568 2779 759 2835 scelus
791 2780 1045 2846 conﬁcit,
1077 2779 1238 2852 prius
1279 2786 1368 2838 est
1407 2785 1471 2836 ut
1520 2785 1622 2837 aut
1659 2783 1776 2839 odii
1807 2788 1909 2840 aut

257 2867 510 2924 avaritia:
565 2869 668 2924 fiat
713 2869 1052 2941 impatiens.
1094 2869 1380 2941 Quicquid
1427 2871 1747 2944 compellit,
1780 2873 1906 2929 sine

255 2956 622 3028 impatientia
677 2958 766 3013 sui
817 2975 931 3014 non
995 2963 1084 3014 est
1152 2963 1215 3014 ut
1260 2959 1459 3030 perfici
1507 2961 1714 3032 possit.
1766 2962 1906 3028 Quis

252 3045 610 3102 adulterium
642 3046 768 3103 sine
799 3046 1062 3104 libidinis
1092 3047 1461 3120 impatientia
1489 3049 1718 3105 subiit?
1741 3053 1903 3117 Quod

252 3136 386 3191 etsi
419 3137 603 3208 pretio
653 3136 709 3191 in
751 3137 987 3193 feminis
1037 3137 1268 3210 cogitur
1297 3139 1555 3195 venditio
1597 3139 1698 3194 illa
1729 3141 1898 3212 pudi-

2027 1892 2302 1964 patientia
2324 1909 2358 1948 a
2377 1891 2622 1948 Domino
2649 1887 3050 1960 exprobratur.
3079 1885 3156 1938 Ac
3188 1898 3259 1937 ne
3289 1878 3524 1952 singula
3546 1893 3682 1949 per-

2024 1998 2325 2054 vagemur,
2359 1995 2664 2052 nunquam
2697 1994 2812 2034 non
2854 1993 2956 2050 per
3012 1969 3440 2044 impatientiam
3493 1965 3680 2022 delin-

2024 2071 2254 2144 quendo
2327 2071 2662 2143 perierunt.
2735 2064 3036 2129 Quomodo
3109 2065 3304 2116 autem
3379 2055 3679 2130 prophetis

2023 2177 2234 2218 manus
2276 2161 2321 2196 ⁶⁰
2377 2161 2727 2226 intulerunt,
2775 2155 2886 2211 nisi
2949 2168 3050 2225 per
3107 2145 3532 2221 impatientiam
3576 2159 3676 2199 au-

2021 2250 2220 2306 diendi
2253 2251 2388 2321 (Act.
2421 2266 2539 2312 VIII,
2572 2247 2699 2318 Sap.
2735 2245 2797 2317 ιι)
2827 2245 2847 2298 ?
2893 2242 3139 2298 Domino
3171 2243 3368 2294 autem
3403 2233 3536 2306 ipsi,
3571 2247 3674 2305 per

2017 2339 2450 2412 impatientiam
2507 2335 2739 2392 videndi
2796 2333 2953 2405 (3i)?
3010 2329 3170 2398 Quod
3226 2325 3274 2383 si
3327 2321 3669 2398 potientiam

2021 2430 2299 2498 inissent,
2331 2428 2741 2484 liberarentur.

2677 2565 2902 2622 CAPUT
2945 2567 3037 2618 VI.

2089 2702 2221 2770 Ipsa
2277 2697 2421 2752 adeo
2473 2697 2583 2762 est,
2633 2709 2760 2765 quae
2817 2691 2988 2744 fidem
3037 2691 3092 2742 et
3153 2681 3554 2753 subsequitur,
3586 2684 3668 2770 “et

2017 2767 2310 2844 antecedit
2341 2785 2494 2857 (Gen.
2527 2789 2642 2850 xv).
2675 2781 2932 2850 Denique
2979 2775 3272 2832 Abraham
3305 2771 3422 2826 Deo
3472 2767 3666 2825 credi-

2015 2878 2120 2944 dit,
2153 2881 2211 2931 et
2249 2874 2494 2946 justitise
2542 2874 2858 2944 deputatus
2899 2867 2940 2902 ⁶¹
2995 2867 3065 2922 ab
3111 2863 3210 2918 illo
3243 2861 3354 2933 (32)
3392 2861 3482 2916 est
3515 2874 3526 2914 :
3561 2857 3664 2913 sed

2016 2967 2188 3021 fidem
2221 2967 2348 3035 ejus
2381 2963 2659 3035 patientia
2705 2959 2988 3032 probavit,
3042 2971 3175 3010 cum
3223 2951 3410 3005 filium
3447 2949 3660 3002 immo-

2013 3056 2132 3110 lare
2171 3055 2380 3125 jussus
2419 3057 2525 3120 est,
2560 3052 2630 3106 ad
2667 3049 2798 3104 fidei
2831 3063 2944 3103 non
2979 3042 3359 3099 tentationem
3392 3035 3661 3103 dixerim,

2014 3146 2114 3200 sed
2149 3145 2400 3216 typicam
2435 3139 2916 3197 contestationem
2973 3133 3106 3206 (33).
3157 3133 3436 3184 Caeterum
3491 3125 3668 3188 Deus,

252 3224 426 3296 citiie,
458 3224 662 3297 utique
693 3225 1060 3298 impatientia
1108 3227 1522 3284 contemnendi
1563 3227 1711 3286 lucri
1739 3211 1901 3286 ordi-
1933 3211 1976 3279 C
2016 3211 2192 3304 quem
2213 3211 2458 3304 :justitias
2488 3231 2848 3302 deputasset,
2873 3223 3112 3282 sciebat.
3141 3221 3285 3275 Tam
3317 3230 3490 3289 grave
3519 3229 3666 3304 prm-

253 3319 448 3370 natur.
503 3315 654 3382 Haec,
690 3319 754 3370 ut
801 3315 1150 3388 principalia
1202 3317 1313 3390 (27)
1367 3333 1545 3388 penes
1595 3321 1907 3376 Dominum

253 3402 486 3462 delicta.
517 3403 662 3459 Nam
697 3410 759 3460 ut
790 3407 1136 3477 compendio
1169 3406 1390 3462 dictum
1421 3408 1520 3478 sit,
1565 3425 1738 3464 omne
1777 3426 1909 3481 pec-

259 3497 455 3548 catum
505 3493 886 3565 impatientia;
933 3495 1408 3552 adscribendum.
1446 3497 1666 3554 Malum
1718 3499 1909 3570 impa-

2019 3302 2277 3394 ceptum,
2302 3322 2456 3392 quod
2491 3335 2596 3374 nec
2629 3315 2872 3372 Domino
2905 3311 3100 3384 perfici
3135 3307 3422 3382 placebat,
3449 3302 3670 3394 patien-

2019 3392 2108 3467 ter
2165 3415 2221 3466 et
2268 3409 2508 3478 audivit,
2564 3413 2620 3464 et
2669 3407 2718 3462 si
2771 3411 2920 3460 Deus
2978 3400 3278 3464 voluisset,
3343 3392 3666 3464 implesset.

2019 3499 2226 3556 Merito
2283 3515 2416 3570 ergo
2467 3497 2833 3562 benedictus,
2865 3491 3006 3564 quia
3062 3497 3119 3544 et
3174 3484 3401 3550 ﬁdelis;
3459 3481 3668 3536 merito

1670 3625 1874 3688 Variae
1929 3625 2250 3687 lectiones.

321 3733 365 3770 ⁸⁸
397 3735 622 3792 Desinit
651 3766 720 3776 —
751 3736 970 3792 desinit
999 3739 1170 3806 Rgen.

255 3805 439 3860 Latin.
543 3809 586 3842 ⁸⁸
616 3809 699 3862 Ad
733 3805 1238 3864 dominum’Rhen.
1341 3810 1384 3843 ⁸⁷
1433 3811 1500 3864 Et
1541 3810 1664 3866 haec

1266 3737 1312 3773 ⁸³
1342 3737 1406 3814 in
1433 3755 1612 3814 psum
1645 3741 1920 3814 occupari
1949 3743 2078 3798 Jun.

1712 3813 1950 3884 quidem
1997 3814 2153 3868 abest
2203 3815 2368 3869 Rhea.
2421 3815 2586 3867 Fran.

2635 3739 2680 3774 5‘
2708 3733 2973 3792 Erudivit
3002 3731 3186 3789 Latin.
3263 3727 3306 3762 ⁵⁸
3328 3723 3477 3790 Quid
3509 3720 3665 3778 enim

2171 3741 2216 3776 ⁸³
2243 3741 2387 3796 Mira
2415 3743 2542 3798 Jun.
2635 3741 2680 3774 ⁵⁴
2708 3741 2973 3792 Erudivit
3002 3741 3186 3789 Latin.
3263 3741 3306 3762 ου
3328 3741 3477 3790 Quid
3509 3741 3663 3778 enim

2203 3815 2368 3864 Rhen.
2421 3815 2586 3864 Fran.
2689 3810 2731 3844 ⁵⁸
2764 3813 2970 3863 Postea
3017 3809 3190 3860 Fran.
3239 3799 3425 3854 Puris.
3465 3793 3663 3864 Rigalt.

257 3876 302 3911 5°
332 3879 594 3934 Exoedra
619 3882 748 3936 Jun.
783 3880 1036 3936 exhedra
1067 3881 1248 3935 Paris.
1283 3882 1492 3937 exedra
1520 3884 1692 3938 Rhea.
1728 3876 1746 3884 ’
1770 3886 1816 3920 ⁶⁰
1847 3885 2056 3941 Manus
2087 3886 2388 3957 prophetis
2420 3887 2535 3955 Rig.
2612 3884 2654 3918 ⁶¹
2693 3885 3043 3954 Deputatum
3073 3877 3199 3932 Jun.

1663 4003 2183 4065 Commentarius.

323 4103 436 4174 (25)
469 4102 682 4177 Ewiade
711 4103 866 4160 homo
899 4108 1056 4161 terrae
1086 4105 1268 4160 (lat-us.
1319 4107 1466 4177 Ipse,
1512 4105 1612 4162 lib.
1663 4108 1729 4163 de
1771 4109 1900 4163 Pal-

253 4175 326 4231 lio
361 4193 379 4228 :
412 4197 440 4225 «
472 4174 715 4232 Pellitus
747 4177 870 4232 orbi
903 4194 1006 4233 ceu
1040 4178 1275 4233 metallo
1306 4174 1496 4233 datur.
1520 4199 1547 4231 ι
1582 4180 1712 4235 Rm.

318 4247 431 4318 (26)
473 4248 649 4322 Facile
695 4251 926 4322 usupari
971 4250 1038 4305 ab
1083 4251 1467 4322 impatiantia
1496 4255 1671 4322 coepit.
1721 4256 1901 4306 Usur-

253 4324 388 4400 pant
416 4319 674 4400 proprie,
707 4321 775 4400 a_d
797 4319 962 4400 quos
983 4323 1086 4393 jus
1117 4319 1777 4400 possessionisspectat.

252 4391 617 4467 impatientia
654 4391 846 4467 veluti
869 4391 1001 4467 jam
1037 4391 1344 4467 possidens
1379 4391 1696 4467 homin—em,
1731 4395 1900 4451 facile

251 4478 380 4589 (ﬁam
441 4465 512 4519 ad
570 4464 801 4536 quidvis
850 4464 1054 4521 traxit'
1084 4467 1238 4537 quod
1299 4467 1478 4523 Deum
1557 4466 1892 4524 offenderet.

299 4552 428 4589 mea.

299 4552 428 4589 HEN.

315 4607 428 4682 (24)
461 4607 666 4682 Haece!
691 4609 1055 4682 principalia.
1104 4609 1266 4664 Haud
1290 4608 1651 4682 iabsimiliter
1679 4615 1734 4665 S.
1786 4615 1892 4682 Cy-

251 4679 510 4752 prianus,
559 4677 776 4752 lil».i'de
825 4677 971 4736 Bene
1019 4685 1135 4752 ραι.
1187 4699 1233 4735 c.
1287 4681 1322 4733 5
1367 4697 1378 4734 :
1436 4699 1456 4727 α
1505 4677 1892 4752 Adulterium,

251 4749 424 4816 fraus,
459 4749 868 4821 homicidium,
903 4749 1150 4808 mortale
1193 4753 1414 4808 crimen
1447 4757 1551 4808 est.
1583 4773 1610 4803 η
1657 4755 1775 4809 Hoc
1803 4749 1892 4808 in;

249 4822 416 4878 terim
450 4823 808 4896 notandum,
843 4825 1019 4896 quod,
1053 4841 1186 4880 cum
1217 4826 1274 4880 S.
1308 4826 1675 4896 Augustinus
1705 4832 1760 4882 et
1793 4825 1890 4881 alii

251 4895 885 4970 recentioresdelicta
903 4895 1191 4968 accipiant
1234 4914 1337 4969 pro
1370 4895 1623 4970 peccatis
1657 4899 1892 4954 minori-

247 4965 372 5034 bus,
420 4965 818 5024 Tertullianus
873 4968 932 5024 in
968 4965 1192 5042 (genere
1235 4965 1508 5040 ‘accipiat
1569 4988 1672 5042 pro
1731 4971 1890 5026 omni

247 5054 449 5115 genere
481 5046 848 5115 peccatorum
877 5059 889 5108 ;
927 5041 1021 5096 ubi
1057 5046 1254 5115 autem
1278 5043 1348 5096 de
1369 5041 1731 5115 gravioribus
1751 5044 1889 5115 agit,

248 5111 405 5186 addit
440 5111 850 5186 :Aprincipalia,
884 5114 1176 5186 capitalia,
1203 5111 1475 5186 mortalia
1504 5113 1645 5186 ΡΑΜ.

308 5185 415 5254 (28)
450 5183 588 5257 Talis
636 5183 814 5253 igitur
844 5183 1074 5241 excetra.
1125 5187 1199 5240 De
1244 5185 1496 5240 exhedra
1545 5185 1887 5257 interpreta-

246 5259 329 5309 tus
361 5259 449 5310 est
481 5255 675 5310 locum
725 5257 881 5312 hunc
937 5258 1275 5324 Rhenanus,
1312 5274 1416 5312 nos
1447 5262 1646 5312 tamen
1678 5255 1886 5312 malui-

244 5343 378 5400 mus
409 5325 554 5400 alios
594 5329 758 5398 sequi
803 5327 899 5400 qui
933 5335 1244 5396 excetram,
1279 5329 1387 5384 hoc
1418 5333 1504 5383 est
1535 5335 1883 5400 serpentem,

242 5414 344 5473 seu
369 5399 612 5473 hydram
646 5401 718 5455 ab
751 5399 991 5457 Hercule
1023 5401 1228 5456 victam
1261 5400 1570 5473 explicant.
1607 5402 1684 5456 LE
1716 5407 1812 5457 Pa.

307 5471 416 5545 (29)
487 5473 848 5545 Impatientcr
904 5479 1191 5545 exceperat
1249 5471 1456 5528 moras.
1521 5473 1885 5529 Postremum

243 5541 405 5618 istud
445 5541 796 5600 vocabulum
844 5563 959 5601 non
993 5541 1204 5618 legitur
1243 5545 1299 5600 in
1332 5545 1528 5601 codice
1560 5545 1785 5612 Pithcei,
1823 5552 1888 5602 ut

241 5613 291 5690 in
325 5615 759 5690 hoccommate
784 5613 1172 5690 repetendum
1208 5619 1276 5673 de
1311 5619 1650 5690 praecedenti
1687 5620 1884 5673 videa-

241 5688 348 5756 tur,
379 5687 719 5757 collationes,
743 5687 921 5746 Mos’is
951 5691 1221 5747 videlicet
1251 5687 1384 5746 cum
1416 5691 1683 5748 Domino.
1718 5691 1845 5747 Hic.

303 5758 412 5831 (30)
459 5766 591 5817 Pou
639 5776 864 5820 manna:
914 5764 1215 5834 escatilem,
1247 5768 1356 5820 etc.
1405 5768 1481 5820 De
1526 5780 1741 5821 manna
1773 5763 1885 5820 He-

1929 4542 1972 4605 D
2004 4539 2068 4594 de
2124 4540 2360 4596 Gubern.
2413 4559 2426 4596 :

2012 4109 2182 4165 brteis
2212 4111 2272 4166 in
2318 4113 2543 4166 deserto
2575 4107 2922 4178 vagantibus
2951 4115 3228 4178 concessa
3257 4095 3541 4178 loqi‘ilmv
3565 4095 3660 4178 ,υίί

2011 4186 2212 4251 postea
2241 4183 2311 4238 de
2342 4165 2504 4252 aqua:
2531 4165 2884 4235 abundantia
2919 4191 3094 4252 quam
3131 4165 3658 4252 Moscsnapominc

2009 4239 2300 4321 obtinuit;
2361 4239 2484 4308 leca
2529 4253 2697 4307 obvia
2746 4257 2886 4305 sunt
2919 4239 3024 4302 hac
3057 4247 3126 4298 de
3159 4239 3656 4322 re_infinita,‘t'um

2009 4305 2164 4395 apud
2185 4305 2492 4396 wprofanos.
2529 4305 2839 4392 tumiapud
2891 4335 3108 4396 sacros
3137 4305 3655 4396 scriptoremﬁon-

2011 4378 2171 4451 nillla
2198 4378 2892 4466 devhi‘sin'animadvers,
2923 4378 3430 4466 nostrisd_ixiirulis
3459 4378 3658 4466 adver:

2623 4467 2715 4523 hic
2747 4449 3102 4532 subiungam
3129 4456 3492 4533 salvianum,
3515 4449 3655 4533 lib.1

2481 4521 2515 4589 «ξ
2543 4521 2825 4594 [iurantes
2860 4521 3030 4589 "escis
3087 4527 3418 4604 ccelestibus
3467 4521 3654 4604 polos,

2005 4611 2281 4737 ialigntes
2315 4613 2562 4686 rupibus
2601 4627 2804 4682 aquas.
2837 4628 2862 4659 ι)
2918 4605 3072 4661 Satis
3121 4600 3357 4673 quidem
3409 4599 3651 4667 poetice.

2051 4701 2080 4737 ις
2157 4705 2210 4737 n.
3503 4736 3506 4737 ν
3606 4734 3616 4737 -

2051 4687 2210 4740 EPR.
3147 4743 3287 4746 κ-.
3353 4740 3383 4746 __
3501 4734 3617 4746 ..

2081 4757 2192 4828 (31)
2237 4760 2346 4812 Per
2391 4755 2800 4826 impatientiam
2855 4743 3321 4828 elian‘thvidcnrli.‘
3351 4740 3648 4828 ‘Perdinvi-g

2002 4814 2156 4887 diam
2177 4814 2296 4884 [nec
2327 4814 2481 4884 enim
2517 4829 2831 4902 patie_nter_
2853 4827 2952 4902 aut
2997 4819 3244 4902 libenter
3271 4814 3650 4902 videturmq-ui

2000 4882 2317 4964 invidetur,
2341 4882 2398 4954 et
2427 4882 2554 4954 ess‘e
2589 4899 2718 4952 odio
2752 4895 2898 4952 solet
2922 4888 3341 4964 invidentibus.
3366 4885 3459 4938 Sic
3491 4882 3652 4964 fibri-

2419 4953 2667 5036 invisus,
2719 4973 2772 5024 et
2808 4985 2818 5020 :
2856 4965 3070 5020 Sciebat
3122 4961 3336 5016 Pilatus
3385 4953 3653 5010 (raditum

1999 5048 2108 5102 sibi
2135 5063 2164 5098 a
2197 5045 2402 5100 Judazis
2432 5062 2528 5116 per
2557 5042 2844 5098 invidiam.
2881 5044 2988 5093 RIG

2073 5095 2184 5190 (32)
2471 5095 2910 5190 idcpataiusuest
2957 5111 3024 5165 ab
3071 5105 3204 5190 i'_ll0._
3217 5174 3227 5190 Ι
3241 5103 3302 5190 in
3319 5174 3332 5190 ‘

1999 5171 2191 5262 typica
2218 5171 2364 5243 ’ﬁdei'
2385 5171 2746 5245 contestatio.
2777 5180 3161 5262 (nequeenim
3193 5174 3334 5262 illud
3369 5171 3645 5262 {assem

1998 5245 2172 5317 aliam
2207 5279 2382 5333 quam
2433 5263 2616 5316 vivam
2666 5245 2956 5333 pertipere
2994 5254 3116 5333 ipse
3149 5253 3349 5333 auctor
3373 5245 3472 5333 hic
3502 5245 3650 5297 indi-

1998 5341 2090 5389 cat
2121 5322 2258 5388 dum
2295 5334 2562 5402 subiicit:
2608 5355 2634 5380 «
2669 5322 2790 5384 'Sed
2815 5322 3138 5404 ﬁde_m_ejus
3171 5322 3480 5404 patientia"
3517 5335 3646 5402 pro-

2004 5406 2197 5474 bavit;
2232 5429 2258 5456 n
2309 5411 2364 5461 et
2404 5390 2758 5477 "paulo’post
2787 5416 2876 5477 :_«
2906 5390 3089 5477 Fides
3111 5390 3392 5477 patientia
3422 5390 3644 5477 illumi:

2001 5465 2237 5534 nata.»
2300 5465 2714 5532 (Tui‘similem
2778 5470 2948 5542 plane
2998 5465 3179 5524 habes
3235 5465 3427 5518 locum
3489 5465 3642 5534 apud

1994 5555 2049 5604 S.
2084 5555 2218 5622 Cyp.
2254 5551 2405 5622 epist
2466 5551 2559 5603 63.
2601 5548 2744 5602 PAM.

2069 5610 2180 5692 (τ-ιξῖι)
2213 5610 2321 5676 ,ςεᾶ
2371 5622 2608 5692 typimm
2654 5618 3144 5692 contestationem._
3175 5610 3287 5692 Hpc
3332 5613 3424 5692 est
3449 5622 3640 5660 exem-

1995 5681 2180 5765 plum,
2212 5681 2485 5766 figuram,
2509 5695 2967 5758 sacramentum,
3002 5681 3354 5757 mysterium.
3391 5681 3512 5735 [ὶια.
