4050 6394
262 397 416 455 1373

1547 395 1776 455 LIBER
1820 396 1923 454 DE
1964 396 2410 456 PATIENTIA.

3528 394 3682 452 1374

254 530 501 587 fortasse
557 529 763 585 animm
819 532 1195 601 anteponant.
1246 528 1393 584 Nam
1438 529 1479 562 τι
1558 532 1614 584 et
1664 529 1906 600 faciunt,
1941 534 1987 601 Α
2023 533 2087 584 ut
2117 530 2407 586 benedicti
2438 546 2565 586 esse
2599 530 2916 602 possimus.
2950 529 3009 585 Si
3034 545 3240 601 parum
3269 528 3679 599 {equanimiter

255 638 389 676 cum
423 620 571 675 lucri
602 620 811 675 1⁸162
836 617 1262 690 cupiditatibus
1289 621 1626 689 quaestuosa
1658 618 1918 691 pericula
1945 697 1953 707 Ι

258 710 779 765 mercimoniorum
814 709 873 763 in
908 707 1058 762 mari
1088 712 1357 763 exercent
1388 730 1400 775 ;
1465 724 1598 763 cum
1656 710 1913 781 pecunia:

254 814 434 853 causa
466 798 638 853 etiam
672 797 731 850 in
790 796 912 851 foro
970 794 1115 849 nihil
1166 796 1527 851 damnationi
1586 798 1913 852 timendum

256 886 495 958 aggredi
520 885 837 953 dubitant;
872 901 1005 939 cum
1040 885 1290 955 denique
1324 884 1461 939 ludo
1491 889 1545 939 et
1571 887 1911 957 castrisﬁi)

257 992 386 1030 sese
413 974 605 1030 locant
632 974 766 1045 (42),
802 990 934 1028 cum
966 991 1067 1045 per
1098 974 1250 1029 viam
1286 974 1342 1027 in
1366 990 1557 1030 mores
1586 974 1912 1031 bestiarum

256 1062 684 1119 latrocinantur
715 1064 846 1133 (43).
868 1062 985 1117 Nos
1001 1079 1132 1117 vero
1152 1064 1476 1118 secundum
1491 1064 1912 1133 diversitatem,

256 1169 531 1224 quacum
562 1151 680 1207 illis
713 1169 945 1218 sumus,
997 1168 1113 1208 non
1166 1153 1424 1209 animam
1480 1171 1584 1225 pro
1643 1155 1911 1226 pecunia,

258 1243 358 1298 sed
396 1242 708 1314 pecuniam
744 1260 847 1314 pro
879 1242 1079 1297 anima
1137 1243 1429 1314 deponere
1476 1244 1764 1311 convenit,
1810 1259 1912 1300 seu

255 1336 463 1405 sponte
492 1332 549 1386 in
583 1331 907 1403 largiendo,
944 1346 1047 1387 seu
1082 1332 1374 1403 patienter
1406 1333 1463 1388 in
1498 1332 1837 1389 amittendo.

936 1474 1169 1531 CAPUT
1192 1476 1339 1530 VIII.

328 1603 522 1673 Ipsam
547 1601 805 1657 animam
838 1600 1151 1673 ipsumque
1179 1618 1392 1673 corpus
1424 1602 1481 1655 in
1531 1601 1742 1657 saeculo
1800 1602 1913 1659 isto

255 1691 591 1763 expositum
616 1690 894 1746 omnibus
926 1691 994 1745 ad
1025 1691 1306 1761 injuriam
1340 1690 1624 1762 gerimus,
1670 1692 1915 1763 ejusque

254 1780 485 1852 injuriis
520 1779 864 1851 patientiam
900 1778 1175 1834 subimus
1211 1797 1224 1846 ;
1274 1780 1567 1835 minorum
1626 1780 1911 1837 delibera-

252 1869 413 1925 tione
438 1870 482 1904 "
511 1868 793 1924 laedemur
825 1869 937 1939 (44)
968 1868 994 1922 ?
1028 1868 1194 1923 Absit
1246 1886 1279 1923 a
1309 1885 1473 1924 servo
1526 1869 1738 1925 Christi
1797 1871 1911 1927 tale

252 1956 794 2029 inquinamentum,
827 1960 893 2011 ut
916 1956 1219 2029 patientia,
1253 1958 1575 2027 majoribus
1633 1958 1908 2016 tentatio-

251 2048 432 2103 nibus
457 2052 804 2121 praeparata,
838 2048 897 2102 in
931 2047 1156 2103 frivolis
1187 2050 1434 2105 excidat.
1464 2050 1520 2106 Si
1553 2066 1734 2106 manu
1775 2053 1910 2123 quis

245 2136 560 2193 tentaverit
590 2136 997 2208 provocare",
1022 2142 1233 2208 praesto
1278 2142 1368 2194 est
1424 2138 1732 2195 Dominica
1780 2155 1907 2196 mo-

247 2225 384 2281 nela
412 2225 559 2297 (45):
602 2225 920 2281 Verberanti
950 2230 1003 2281 te
1058 2225 1274 2298 (inquit
1332 2227 1532 2284 Matth.
1588 2246 1639 2295 ν,
1700 2229 1792 2301 39)
1848 2230 1909 2285 in

244 2316 473 2385 faciem,
525 2316 692 2369 etiam
759 2314 1001 2370 alteram
1057 2332 1256 2384 genam
1313 2319 1551 2372 obverte.
1613 2317 1910 2389 Fatigetur

248 2405 598 2477 improbitas
640 2404 924 2477 patientia
979 2409 1103 2462 tua.
1150 2408 1329 2478 Cujus
1359 2409 1405 2442 ⁷⁴
1462 2409 1757 2471 ictusille
1811 2411 1906 2483 sit,

249 2494 455 2550 dolore
480 2499 535 2551 et
566 2496 926 2551 contumelia
980 2498 1355 2567 constrictus,
1414 2501 1647 2571 gravius
1707 2519 1740 2558 a
1796 2503 1905 2558 Do-

248 2584 416 2639 mino
462 2584 703 2655 vapulat
747 2586 882 2653 (46).
932 2584 1069 2640 Plus
1120 2587 1455 2658 improbum
1514 2589 1681 2645 illum
1733 2591 1906 2646 caedis

248 2672 601 2729 sustinendo
629 2674 657 2745 ε)
692 2675 763 2729 ab
805 2691 870 2730 eo
922 2676 1077 2729 enim
1124 2676 1446 2748 vapulabit,
1506 2680 1675 2751 cujus
1719 2681 1907 2752 gratia

248 2762 536 2819 sustines.
570 2764 623 2817 Si
660 2763 873 2837 lingua:
907 2765 1238 2821 amaritudo
1272 2768 1581 2824 maledicto
1614 2769 1735 2826 sive
1767 2787 1903 2826 con-

240 2851 396 2907 vicio
455 2852 733 2924 eruperit,
798 2854 1020 2925 respice
1080 2855 1302 2911 dictum

248 2941 389 2995 Cum
443 2956 536 2995 vos
587 2942 1009 3009 maledixerint,
1086 2943 1342 3011 gaudete.
1433 2944 1721 3001 Dominus
1777 2946 1904 3018 ipse

247 3027 605 3085 maledictus
637 3029 695 3084 in
729 3029 856 3102 lege
897 3036 985 3086 est
1043 3031 1225 3103 (Deut.
1278 3049 1395 3102 xxx,
1443 3033 1556 3102 23),
1606 3039 1663 3090 et
1704 3039 1901 3091 tamen

247 3116 415 3173 solus
448 3122 536 3172 est
566 3118 911 3173 benedictus
943 3120 1254 3188 (Galat.1n,
1307 3122 1416 3192 13).
1471 3124 1656 3196 Igitur
1706 3124 1902 3179 Domi-

238 3222 387 3262 num
408 3207 559 3263 servi
582 3224 1039 3280 consequamur,
1062 3213 1117 3265 et
1139 3209 1563 3268 maledicamur
1583 3213 1900 3285 patienter,

1388 2858 1602 2928 (Matth.
1664 2876 1716 2929 v,
1774 2860 1927 2930 12):.

2028 620 2263 675 audiam
2297 621 2513 675 dictum
2549 620 2784 690 aliquod
2820 620 2876 673 in
2920 636 3011 674 me
3059 624 3391 690 protervum
3446 622 3547 673 aut
3574 634 3680 675 ne-

2026 725 2225 780 quam,
2260 712 2499 764 reddam
2536 714 2591 764 et
2624 711 2745 780 ipse
2776 708 3193 763 amaritudinis
3224 708 3407 763 vicem
3443 724 3682 764 necesse

2026 803 2137 863 est,
2171 805 2269 851 aut
2324 800 2629 852 cruciabor
2685 797 3057 868 impatientia
3106 802 3287 852 muta.
3350 797 3492 852 Cum
3541 812 3678 868 ergo

2025 903 2366 958 percussero
2423 886 2854 952 maledictus",
2888 888 3178 957 quomodo
3232 892 3471 941 secutus
3522 886 3677 941 inve-

2026 977 2152 1031 niar
2182 978 2505 1032 doctrinam
2540 977 2915 1048 Domini,qua
2946 975 3230 1031 traditum
3256 980 3342 1031 est
3366 975 3549 1047 (Marc.
3574 992 3678 1041 vn,

2030 1067 2254 1137 15,18),
2292 1082 2406 1121 non
2456 1066 2827 1121 vasculorum
2879 1065 3346 1137 inquinamentis
3396 1065 3530 1138 (47),
3574 1065 3675 1120 sed

2026 1171 2226 1211 eorum
2260 1172 2387 1227 quae
2444 1156 2649 1211 1263
2699 1172 2767 1210 ex
2814 1172 2910 1210 ore
2970 1159 3344 1226 promuntur,
3377 1154 3675 1209 hominem

2024 1245 2450 1300 communicari
2492 1244 2579 1298 ⁷⁶Ρ
2630 1245 2809 1300 item:
2863 1244 3073 1315 (Matth.
3133 1243 3259 1315 ιιι),
3304 1259 3540 1299 manere
3572 1259 3678 1298 nos

2025 1335 2217 1389 omnis
2247 1334 2378 1389 vani
2411 1338 2468 1389 et
2508 1333 2854 1406 supervacui
2906 1333 3045 1387 dicti
3095 1338 3320 1388 reatum
3346 1334 3373 1387 ?
3403 1332 3678 1404 Sequitur

2024 1439 2160 1494 ergo
2194 1428 2322 1478 uta
2382 1439 2496 1495 quo
2527 1440 2631 1479 nos
2694 1423 2976 1478 Dominus
3029 1426 3209 1488 arcet,
3261 1422 3415 1477 idem
3461 1422 3531 1477 ab
3563 1421 3676 1478 alio

2026 1512 2435 1583 aequanimiter
2464 1513 2580 1582 pati
2613 1513 2943 1568 admoneat.
2979 1512 3080 1566 Hic
3121 1513 3245 1583 jam
3277 1511 3320 1545 ⁷⁷
3349 1513 3418 1565 de
3450 1511 3673 1583 patien-

2024 1604 2119 1657 tiae
2152 1602 2470 1674 voluptate.
2504 1603 2649 1657 Nam
2679 1602 2873 1657 omnis
2900 1602 3138 1671 injuria,
3171 1617 3270 1656 seu
3314 1600 3536 1672 lingua,
3571 1617 3673 1655 seu

2024 1709 2202 1747 manu
2236 1693 2495 1763 incussa,
2529 1707 2663 1746 cum
2719 1689 3058 1761 patientiam
3114 1690 3439 1759 offenderit,
3469 1690 3673 1745 eodem

2022 1781 2177 1837 exitu
2214 1782 2602 1854 dispungetur
2631 1780 2765 1851 (48),
2800 1796 2914 1851 quo
2960 1778 3140 1835 telum
3193 1777 3430 1850 aliquod
3481 1778 3539 1833 in
3573 1794 3671 1850 pe-

2026 1872 2188 1926 tra"3
2244 1870 2740 1927 constantissimis
2798 1869 3026 1924 duritiae
3084 1867 3362 1923 libratum
3423 1867 3557 1939 (49),
3618 1870 3675 1923 et

2026 1962 2325 2017 obtusum.
2378 1960 2678 2016 Coincidet
2724 1958 2879 2015 enim
2940 1957 3159 2013 ibidem
3206 1956 3373 2011 irrita
3403 1973 3580 2029 opera
3617 1960 3674 2012 et

2018 2049 2406 2121 infructuosa,
2448 2052 2505 2105 et
2528 2064 2955 2119 nonnunquam
2978 2061 3390 2118 repercussum
3421 2045 3479 2100 in
3512 2062 3673 2116 eum,

2020 2139 2119 2210 qui
2150 2139 2367 2206 emisit,
2418 2138 2763 2209 reciproquo
2809 2136 3034 2207 impetu
3069 2134 3282 2191 saviet.
3329 2134 3549 2206 Nempe
3578 2134 3669 2190 id-

2018 2230 2169 2285 circo
2202 2228 2336 2300 quis
2365 2231 2421 2282 te
2447 2226 2625 2297 laedit,
2658 2229 2724 2280 ut
2752 2224 2974 2292 doleas,
3009 2224 3148 2295 quia
3195 2224 3422 2279 fructus
3453 2222 3666 2279 laaden-

2016 2319 2093 2373 tis
2123 2318 2183 2372 in
2242 2317 2439 2373 dolore
2496 2315 2617 2371 laesi
2660 2319 2769 2370 est.
2830 2318 2974 2385 Ergo
3034 2330 3167 2368 cum
3227 2312 3481 2367 fructum
3539 2313 3668 2383 ejus

2016 2406 2317 2471 averteris,
2378 2423 2493 2461 non
2554 2404 2823 2470 dolendo,
2883 2404 3008 2474 ipse
3056 2401 3246 2457 doleat
3296 2417 3534 2457 necesse
3578 2405 3670 2457 est

2016 2496 2333 2552 amissione
2365 2495 2591 2549 fructus
2623 2494 2711 2548 sui
2741 2510 2754 2550 :
2810 2498 2948 2547 tunc
2978 2497 3038 2547 tu
3075 2509 3188 2546 non
3242 2491 3414 2546 modo
3446 2490 3666 2546 illassus

2016 2586 2227 2650 abis“,
2261 2585 2414 2656 quod
2445 2584 2620 2639 etiam
2654 2582 2847 2638 solum
2880 2582 2984 2636 tibi
3016 2579 3251 2647 sufﬁcit,
3286 2579 3384 2634 sed
3419 2581 3663 2651 insuper

2015 2674 2333 2730 adversarii
2381 2673 2466 2728 tui
2520 2678 2575 2727 et
2631 2670 3005 2726 frustratione
3061 2667 3407 2737 oblectatus,
3456 2672 3514 2723 et
3553 2668 3657 2723 do-

2013 2764 2133 2819 lore
2164 2764 2461 2818 defensus.
2516 2762 2643 2816 Haec
2692 2765 2781 2816 est
2825 2759 3113 2830 patientia:
3145 2757 3362 2812 utilitas
3411 2760 3467 2812 et
3495 2756 3660 2813 volu-

2014 2858 2144 2927 ptas
2166 2852 2231 2908 ⁸ο.

2653 2983 2883 3039 CAPUT
2931 2984 3024 3039 IX.

2081 3123 2163 3177 Ne
2194 3121 2291 3176 illa
2323 3121 2557 3192 quidem
2590 3118 2970 3191 impatientiaa
2998 3118 3221 3189 species
3252 3121 3567 3172 excusatur
3598 3116 3659 3171 in

2011 3211 2329 3267 amissione
2360 3215 2718 3277 nostrorum,
2769 3209 2868 3263 ubi
2913 3208 3111 3279 aliqua
3159 3207 3377 3263 doloris
3405 3206 3658 3278 patroci-

1692 3341 1895 3402 Variee
1924 3340 2248 3401 lectiones.

320 3450 541 3526 “Quid
572 3452 755 3526 Latin.
833 3453 878 3487 ⁷²
910 3453 1263 3510 delibatione
1308 3458 1493 3511 Latin.
1540 3458 1688 3513 Pith.
1740 3466 1789 3513 et
1832 3457 2034 3526 Rigalt.
2086 3457 2344 3511 Statuunt

2396 3470 2547 3526 posse
2600 3470 2612 3508 :
2656 3455 2726 3509 de
2772 3453 3133 3526 liberatione.
3187 3451 3436 3526 Latinius
3477 3465 3659 3526 emen-

251 3523 436 3599 davit:
472 3523 872 3599 delibatione.
948 3526 991 3599 ⁷⁷
1024 3526 1325 3583 Provocari
1353 3529 1518 3585 Rhen.
1596 3531 1641 3563 ⁷⁴
1671 3531 1871 3596 Quivis
1898 3522 2079 3585 Fran.
2119 3530 2302 3583 Puris.
2345 3522 2527 3599 Rigal.
2603 3526 2646 3560 ⁷⁵
2682 3525 2988 3581 Maledicto
3012 3526 3187 3599 (Fran.
3241 3525 3421 3599 Paris.
3464 3522 3662 3599 Amale-

251 3596 450 3650 dictus
492 3596 682 3651 Wouw.
719 3596 785 3652 Μ.
816 3598 869 3653 8.

255 3667 457 3723 luntas
492 3668 660 3723 Rhen.

948 3598 992 3633 7°
1022 3598 1402 3671 Coinquinari
1433 3603 1555 3657 alii.
1634 3603 1675 3636 ⁷⁷
1699 3595 2032 3658 Αάωοηθοι
2061 3600 2236 3656 etiam
2268 3595 2430 3657 Junf
2483 3599 2525 3633 ⁷⁸
2552 3602 2781 3654 Petram
2803 3599 2931 3655 Jun.
3010 3598 3053 3632 79
3077 3596 3192 3652 Ibis
3241 3597 3410 3653 Rhea.
3463 3595 3507 3630 ⁸ο
3544 3595 3660 3650 Vo-

1700 3772 2224 3836 Commentarius.

324 3898 437 3978 (41)
472 3896 868 3978 cumulantque
900 3897 1026 3978 tudo
1055 3901 1107 3952 et
1135 3900 1364 3978 castris.
1391 3901 1621 3978 Lucium
1674 3903 1901 3978 gladia-
1935 3912 1978 3978 α
2013 3902 2281 3978 monendo
2312 3918 2413 3973 pro
2468 3902 2839 3970 monitioneﬂ
2870 3903 3025 3958 sicut
3070 3919 3102 3957 a
3134 3901 3404 3973 sequendo
3456 3915 3662 3970 seque-

247 3970 467 4025 torium
499 3968 790 4040 intelligit,
824 3971 990 4039 cujus
1022 3969 1327 4041 prtefectus
1388 3973 1603 4029 lanista
1667 3968 1899 4031 diceba-
1940 3968 1977 3978 ν
2014 3974 2153 4031 lam.
2191 3968 2371 4029 Rana.

246 4047 387 4097 tur:
421 4056 524 4110 per
554 4045 767 4109 castra,
799 4041 1091 4096 militiam.
1119 4042 1301 4097 RHEN.

321 4112 432 4188 (i2)
466 4111 588 4166 Sese
620 4112 821 4167 locant.
872 4113 1037 4168 Fuite
1084 4113 1195 4188 iste
1255 4115 1641 4185 turpissimus
1699 4117 1898 4188 acqui-

246 4184 415 4241 rendi
448 4188 710 4257 quasstus
747 4200 872 4239 mos
899 4201 911 4238 :
949 4202 1085 4241 nam
1111 4184 1373 4242 honesto,
1393 4188 1566 4243 etiam
1599 4188 1725 4243 loco
1758 4184 1897 4257 n'ati,

243 4273 382 4314 cum
418 4259 487 4310 ad
519 4260 835 4329 egestatem
861 4264 1267 4329 pervenerant,
1301 4259 1574 4315 locabant
1630 4265 1898 4316 auctora-

245 4331 512 4405 bantqu‘e
543 4345 605 4383 se
635 4328 706 4384 ad
744 4329 945 4405 ludum
963 4329 1693 4405 gladia‘torium.Meminit
1722 4333 1901 4405 hujus

246 4400 433 4457 moris
459 4401 679 4475 Seneca
710 4400 878 4475 epist.
914 4400 1020 4457 87:
1066 4426 1094 4453 ‹‹
1132 4403 1336 4459 Utrum
1398 4420 1459 4459 se
1514 4408 1585 4459 ad
1635 4400 1898 4475 gladium

245 4475 418 4542 locet,
446 4490 519 4527 an
548 4474 618 4527 ad
650 4472 924 4548 cultrum.
946 4495 988 4548 _»
1024 4475 1179 4531 Nihil
1240 4476 1456 4548 mirum
1489 4493 1521 4548 :7
1565 4472 1700 4530 nam
1757 4478 1898 4548 quid

248 4549 566 4620 paupertas
599 4562 712 4620 non
744 4544 968 4620 efficit?
1000 4548 1070 4602 de
1093 4565 1207 4618 qua
1236 4547 1431 4620 Cyrill.
1464 4547 1622 4604 Alex.
1655 4544 1815 4604 hom.
1841 4552 1898 4619 5,

247 4617 312 4673 de
336 4617 489 4687 festis
520 4617 837 4672 Paschalib.
876 4617 1008 4672 an.
1111 4617 1122 4618 “
1286 4617 1298 4620 ⁷
1482 4643 1493 4649 -

319 4690 432 4759 (43)
468 4692 570 4743 Per
601 4691 743 4743 viam
775 4691 832 4743 in
880 4706 1064 4745 more:
1116 4691 1415 4745 bestiarum
1475 4692 1896 4749 latrocinantur.

243 4763 436 4817 Codex
468 4760 695 4828 Pithoei,
732 4776 827 4831 per
860 4764 1039 4818 viain
1087 4779 1376 4819 memores.
1440 4764 1704 4833 Vestigia
1761 4772 1901 4821 sunt

244 4850 390 4889 verae
420 4833 690 4889 lectionis
719 4850 893 4904 quam
931 4835 1110 4891 fuisse
1140 4836 1494 4890 arbitramur
1524 4835 1895 4906 hujusmodi:

247 4929 274 4955 «
305 4907 411 4961 Per
440 4906 598 4959 invia
635 4906 694 4960 in
758 4922 949 4961 mores
1000 4907 1321 4963 bestiarum
1372 4907 1824 4967 latrocinantur.
1872 4933 1897 4959 ››

242 4978 339 5032 Sic
371 4978 498 5052 ipse
528 4977 628 5044 lib,
650 4978 717 5032 de
747 4978 936 5052 anima
966 4996 990 5052 :7
1032 5002 1060 5028 «
1088 4980 1233 5044 Quia
1292 4984 1349 5035 et
1379 4980 1509 5052 ipsa
1542 4982 1749 5037 bestiis
1798 4984 1903 5038 ob—

240 5050 453 5120 jecerit
483 5066 604 5113 eos,
628 5066 773 5120 quos
806 5049 860 5103 in
911 5051 1088 5121 sylvis
1121 5056 1179 5108 et
1227 5053 1373 5107 aviis
1405 5049 1831 5109 'trucidaverit.
1870 5079 1895 5105 ››

249 5124 308 5176 in
342 5137 534 5175 mores
566 5121 915 5191 bestiarum,
940 5123 1050 5179 hoc
1081 5130 1191 5192 est,
1212 5124 1269 5179 in
1295 5140 1518 5182 morem
1549 5126 1895 5192 bestiarum,

247 5209 405 5249 more
436 5193 782 5250 bestiarum.
817 5194 944 5249 Rm.

2084 4047 2199 4118 (46)
2229 4046 2464 4101 Gravius
2509 4064 2541 4100 a
2592 4047 2819 4102 Domino
2871 4046 3126 4115 vapulat.
3179 4045 3299 4099 Ictu
3351 4042 3665 4110 contrario,

2012 4135 2111 4173 seu
2147 4134 2498 4189 repercussu
2531 4118 2738 4172 divinae
2770 4118 3027 4173 ultionis.
3062 4118 3188 4171 Rie.

2081 4185 2347 4259 (47)’Νοη
2398 4192 2749 4244 vasculorum
2806 4189 3263 4260 inquinamentis.
3314 4186 3477 4260 Quod
3509 4185 3663 4260 apud

2012 4252 2245 4326 Matth.,
2278 4277 2405 4331 cap.
2439 4278 2528 4325 xv,
2561 4262 2770 4331 legitur
2802 4252 2915 4316 non
2951 4260 3149 4329 semel,
3196 4262 3374 4311 κοινοῖ
3428 4256 3521 4309 τὸν
3547 4252 3666 4331 ’ἄν-

2011 4332 2253 4405 θρωπον,
2289 4330 2687 4405 Tertullianus
2736 4334 2907 4389 vertit
2947 4333 3338 4405 communicat,
3376 4330 3661 4405 qu_emad-

2012 4402 2251 4459 modum
2284 4404 2457 4459 etiam
2502 4404 2768 4460 Aurelius
2820 4406 3185 4475 Augustinus
3233 4402 3388 4475 legit.
3426 4402 3524 4475 Est
3553 4417 3658 4475 αυτ

2011 4481 2127 4531 tem
2158 4480 2371 4529 κοινοῦν
2406 4492 2716 4531 commune
2760 4473 2964 4532 facere.
3004 4479 3068 4530 Et
3097 4475 3235 4546 quia
3261 4473 3470 4546 Judaei,
3506 4474 3659 4543 quod

2011 4549 2309 4619 impurum
2372 4554 2479 4614 est,
2516 4548 2570 4602 id
2634 4548 2741 4616 ipsi
2796 4544 3390 4619 commune'rvocant,
3441 4544 3659 4619 factum

2009 4616 2193 4675 est—ut
2220 4623 2429 4673 κοινοῦν
2462 4620 2580 4674 sive
2612 4623 3065 4685 communicare,
3107 4618 3184 4672 sit
3228 4618 3345 4671 illis
3392 4616 3660 4685 coinqui-

2010 4709 2169 4757 nare,
2198 4710 2298 4747 ceu
2334 4698 2495 4745 vetus
2542 4693 2984 4760 Evangeliorum
3027 4691 3202 4746 editio
3234 4690 3407 4745 habet
3441 4690 3494 4742 in
3531 4690 3658 4761 qui-

2010 4766 2259 4819 busdam
2292 4764 2728 4833 exemplaribus
2780 4766 3065 4836 praecipue
3110 4763 3345 4836 nostris:
3381 4762 3660 4817 Erasmus

2009 4836 2448 4905 elegantissime
2480 4836 2669 4901 vertit,
2705 4834 3000 4907 impurum
3034 4835 3289 4890 reddere.
3327 4834 3514 4888 HHEN.

2083 4910 2190 4977 (48)
2225 4909 2419 4964 Eodem
2447 4910 2603 4962 exitu
2642 4905 3033 4979 dispungetur.
3082 4908 3437 4977 Dispungere
3470 4905 3659 4979 delere

2010 4984 2093 5034 est
2124 4984 2179 5034 et
2217 4981 2512 5050 inducere,
2547 4977 2784 5052 sumpta
2830 4977 3212 5036 translatione
3244 4996 3275 5033 a
3325 4977 3658 5052 ceratista-

2010 5052 2166 5107 bulis
2198 5053 2439 5108 nomina
2469 5048 2926 5119 continentibus,
2951 5054 3007 5106 in
3042 5053 3257 5123 quibus
3287 5066 3354 5123 ea
3386 5065 3514 5119 quae
3535 5048 3652 5103 dis-

2009 5124 2201 5179 soluta
2258 5131 2397 5180 sunt
2444 5124 2665 5195 grapho
2717 5120 3193 5196 dispunguntur,
3249 5120 3653 5196 delenturque.

2006 5198 2149 5251 Nam
2213 5196 2319 5251 hoc
2378 5192 2616 5251 verbum
2679 5197 2748 5250 ad
2810 5192 3115 5252 ratio—cinia
3174 5193 3459 5265 pertinere
3490 5192 3656 5247 docet

319 5265 429 5334 (44)
456 5265 729 5353 Minorum
758 5266 1156 5353 aeliheratz'one
1187 5268 1473 5353 laedantur.
1505 5267 1697 5353 ‘Hanc
1758 5270 1899 5353 sori-
1932 5290 1976 5353 D
2008 5269 2294 5353 Ulpianas
2321 5267 2784 5353 jureconsultus,
2831 5286 2968 5353 ‘rum
3002 5264 3239 5353 inquit:
3294 5264 3657 5353 Diispungere

248 5341 479 5406 pturam
513 5338 995 5393 constantissime
1021 5344 1253 5393 servant
1286 5340 1414 5393 libri
1430 5344 1650 5395 veteres
1677 5362 1688 5409 ;
1715 5345 1899 5398 mino-

248 5424 387 5472 rum,
423 5409 530 5465 hoc
563 5413 673 5476 est,
713 5411 989 5480 pecuniae.
1039 5412 1443 5466 Deliberatione
1489 5417 1684 5467 autem
1741 5414 1897 5480 posi-

249 5483 373 5555 tum
398 5482 627 5555 videtur
653 5499 776 5551 pro,
811 5482 1167 5537 liberatione.
1200 5485 1267 5538 Et
1308 5484 1653 5539 Christiana;
1708 5482 1895 5555 philo-

247 5551 466 5623 sophiae
527 5554 739 5608 scitum
787 5558 895 5619 est,
946 5555 1178 5611 divitias
1247 5558 1398 5611 inter
1475 5551 1899 5626 impedimenta

247 5626 486 5679 censeri.
508 5626 861 5700 Eodemque
892 5643 1065 5700 sensu
1092 5634 1291 5699 posset
1322 5629 1495 5683 etiam
1554 5629 1687 5700 legi.
1726 5650 1749 5680 α
1784 5630 1894 5684 Mi-

250 5710 457 5820 porum
492 5697 909 5823 acliberatione
942 5697 1321 5756 laedemur?»
1360 5701 1516 5774 quod
1565 5697 1638 5757 et"
1670 5701 1895 5758 Pithoeo

285 5782 457 5823 nsum.
541 5785 616 5823 ie.

249 5781 457 5825 Visum.
494 5781 616 5825 ﬂlG.

317 5837 428 5910 (45)
452 5841 1016 5899 Dominicamonela.
1060 5842 1155 5901 Sic
1211 5843 1506 5905 monelam
1565 5850 1809 5917 usurpat
1863 5861 1897 5902 a

2010 5339 2098 5397 est
2128 5343 2387 5397 conferre
2438 5345 2671 5411 accepta
2718 5347 2774 5395 et
2814 5342 2949 5396 data
2997 5340 3054 5394 ff.
3115 5340 3185 5393 de
3232 5339 3541 5392 verborum
3577 5339 3654 5389 si-

2010 5414 2508 5489 gniﬁcationibus.
2544 5418 2723 5489 ItsEN-
2872 5484 2889 5489 _
2915 5483 2945 5489 __
3119 5482 3129 5489 .
3165 5481 3173 5489 .
3642 5478 3652 5489 -

2080 5486 2193 5556 (49)
2226 5488 2337 5553 Quo
2360 5487 2525 5540 telum
2556 5485 2838 5539 libratum.
2872 5481 3336 5556 Librarehicpro
3365 5481 3656 5556 magnavi

2009 5553 2295 5627 conjicere
2326 5557 2557 5628 accipit,
2588 5556 2848 5628 imitatus
2874 5554 3013 5609 illud
3053 5553 3373 5628 Virgilii,_lx
3396 5553 3655 5628 Ai'neid._:

2009 5651 2036 5677 ‹‹
2070 5621 2311 5685 Summa
2361 5621 2551 5684 telum
2594 5627 2847 5682 librabat
2897 5628 2967 5681 ab
3021 5621 3243 5680 aure.»
3294 5623 3521 5694 Alioqui
3576 5621 3651 5677 si-

2007 5702 2305 5771 gniﬁcatio
2356 5700 2591 5773 propria
2637 5699 2807 5772 longe
2840 5698 2953 5755 alia
3000 5703 3111 5766 est,
3146 5714 3248 5770 pro
3308 5698 3650 5769 ponderare.

2007 5778 2154 5830 Pan.
