4050 6366
158 406 296 467 1377

1428 398 1658 459 LIBER
1701 400 1803 460 DE
1851 396 2295 459 PATIENTIA.

3416 408 3571 471 1378

154 540 362 595 idcirco
388 535 705 609 judicat“,
751 538 814 588 ut
846 531 1156 605 ignoscat?
1210 533 1288 586 Ac
1322 531 1370 586 si
1404 532 1686 603 ignoscet,
1719 537 1809 586 ta-
1840 534 1894 601 Α
1924 530 2206 603 gratulari
2238 537 2295 587 et
2324 534 2575 603 gaudere
2609 550 2712 590 nos
2745 535 2912 591 docet
2936 537 2975 606 ⁸,
3009 538 3347 610 dignatione
3365 544 3573 604 divina

159 644 283 683 men
318 624 645 698 judicantis
694 621 1123 694 impatientiam
1157 622 1200 656 ”
1246 622 1394 676 cavit
1424 621 1489 687 9‘,
1541 626 1597 675 et
1627 621 1808 675 hono-

162 734 275 773 rem
296 715 461 771 ‘unici
494 712 732 785 iudicis,
767 712 822 765 id
857 715 946 766 est
976 709 1101 779 Dei,
1132 708 1397 765 abstulit.
1423 710 1681 774 Quantos
1712 726 1810 765 ve-

162 823 219 862 ro
274 822 446 860 casus
516 800 862 873 hujusmodi
940 799 1313 870 impatientia
1372 800 1641 854 incusare
1699 799 1811 870 (59)

160 894 455 951 consuevit
513 893 554 926 ⁹⁷
604 892 615 945 l
675 888 955 953 Quotiens
1018 887 1290 959 ptenituit
1348 888 1747 942 defensionem
1797 887 1807 941 l

155 984 429 1049 Quotiens
462 979 748 1036 instantia
782 979 911 1049 ejus
934 977 1187 1032 deterior
1218 977 1369 1031 facta
1394 978 1436 1011 ⁰⁸
1466 982 1555 1032 est
1584 976 1812 1032 caussis

153 1075 269 1130 suis
310 1069 463 1141 (60)!
515 1068 802 1134 Quoniam
855 1066 1002 1121 nihil
1053 1066 1417 1137 impatientia
1467 1071 1809 1137 susceptum

162 1163 283 1219 sine
323 1161 545 1231 impetu
597 1155 847 1228 transigi
879 1155 1039 1211 novit
1073 1173 1085 1210 :
1121 1154 1268 1209 nihil
1315 1155 1541 1226 impetu
1589 1162 1811 1228 actum,

154 1255 255 1308 aut
284 1266 398 1306 non
451 1247 716 1317 oﬁ‘endit,
765 1249 867 1301 aut
914 1244 1155 1314 corruit,
1208 1249 1310 1299 aut
1359 1260 1617 1315 praeceps
1648 1243 1809 1298 abiit.

151 1338 281 1395 Jam
336 1336 385 1392 si
442 1334 631 1391 levius
682 1332 1039 1397 defenderis,
1090 1331 1351 1387 insanias
1397 1349 1408 1385 :
1456 1334 1504 1387 si
1554 1332 1813 1399 uberius,

154 1425 508 1483 oneraberis.
560 1422 709 1488 Quid
742 1422 949 1478 I266
989 1420 1137 1476 mihi
1188 1437 1323 1476 cum
1372 1420 1611 1491 ultione,
1645 1421 1815 1491 cujus

171 1515 409 1571 modum
442 1528 640 1585 regere
662 1527 777 1566 non
802 1525 1042 1582 possum
1072 1526 1174 1581 per
1195 1508 1622 1581 impatientiam
1654 1507 1815 1563 dolo-

167 1604 245 1661 ris
268 1607 289 1659 ?
315 1603 477 1668 Quod
511 1601 561 1657 si
592 1599 887 1673 patientia
916 1599 1205 1655 incubabo
1240 1599 1372 1669 (61),
1406 1614 1521 1654 non
1555 1596 1764 1653 dolebo
1797 1618 1813 1653 :

155 1694 203 1749 si
230 1709 346 1749 non
376 1690 605 1757 dolebo,
640 1688 842 1745 ulcisci
874 1704 990 1744 non
1024 1687 1396 1744 desiderabo.

804 1830 1035 1886 CAPUT
1066 1830 1156 1885 XI.

224 1960 359 2016 Post
407 1960 514 2014 has
564 1955 916 2030 principales
965 1954 1344 2025 impatientia
1400 1955 1699 2025 materias,
1742 1959 1806 2009 ut

158 2049 485 2123 potuimus,
520 2050 801 2118 regestae,
837 2044 979 2116 quid
1013 2044 1166 2099 inter
1196 2050 1432 2099 caeteras
1462 2043 1814 2116 evagemur?

156 2140 291 2204 Qua
324 2137 510 2202 domi,
543 2152 668 2206 qua
702 2134 844 2190 foris
865 2134 893 2187 ?
926 2134 1067 2189 Lata
1098 2138 1273 2203 atque
1304 2133 1518 2188 dilfusa
1559 2138 1648 2188 est
1676 2148 1813 2204 ope-

157 2226 306 2282 ratio
341 2224 481 2280 mali
502 2225 546 2258 9°
577 2224 688 2294 (6‘2)
715 2242 728 2290 ;
772 2220 1124 2292 multiplicia
1156 2221 1403 2291 spiritus
1436 2220 1818 2275 incitamenta

150 2314 497 2387 jaculantis,
515 2317 573 2369 et
607 2312 779 2367 modo
803 2310 1065 2382 parvula,
1086 2311 1257 2365 modo
1278 2310 1530 2365 maxima
1550 2309 1659 2364 Sed
1686 2326 1815 2381 par-

158 2402 297 2459 vula
330 2403 401 2458 de
433 2419 539 2457 sua
568 2400 964 2456 mediocritate
1006 2404 1367 2466 contemnas,
1411 2398 1684 2453 maximis
1715 2414 1818 2469 pro

162 2510 271 2549 sua
324 2489 738 2562 exsuperantia
770 2490 785 2521 ¹
832 2489 1024 2542 cedas.
1060 2486 1166 2542 Ubi
1198 2487 1390 2543 minor
1448 2488 1684 2558 injuria,
1740 2486 1820 2541 ibi

164 2581 332 2638 nulla
364 2580 687 2635 necessitas
718 2577 1100 2648 impatientia
1132 2577 1173 2628 ³.
1218 2578 1290 2631 At
1322 2576 1419 2630 ubi
1452 2577 1638 2647 major
1665 2576 1821 2648 inju-

158 2670 269 2737 ria,
303 2669 384 2724 ibi
418 2668 782 2724 necessarior
812 2666 924 2737 (63)
952 2664 1178 2735 injuria
1204 2664 1450 2735 medela,
1474 2666 1755 2737 patientia
1776 2667 1815 2721 ³.

160 2760 462 2817 Certemus
492 2757 670 2826 igitur
701 2772 828 2826 qua
861 2772 894 2809 a
924 2754 1079 2809 malo
1121 2754 1473 2825 inﬂiguntur
1505 2755 1819 2821 sustinere,

168 2854 237 2904 ut
266 2847 455 2903 hostis
487 2844 753 2901 studium
786 2845 1083 2898 amulatio
1116 2847 1329 2897 nostra
1361 2842 1823 2913 aquanimitatis

165 2937 387 2993 eludat.
422 2935 477 2989 Si
508 2949 642 2989 vero
676 2932 944 3005 quadam
978 2931 1091 3003 ipsi
1140 2931 1200 2985 in
1228 2947 1357 2997 nos,
1390 2935 1454 2986 ut
1481 2930 1824 3003 impruden-

164 3026 274 3094 tia,
308 3029 408 3080 aut
438 3028 648 3095 sponte
684 3022 861 3077 etiam
902 3018 1376 3091 superducimus,
1406 3035 1570 3090 aque
1599 3020 1827 3091 patien-

167 3120 258 3170 ter
306 3114 608 3181 obeamus,
660 3126 787 3182 qua
837 3109 1005 3165 nobis
1047 3108 1436 3180 imputamus.
1491 3108 1655 3176 Quod
1704 3110 1753 3164 si
1794 3127 1828 3166 a

169 3202 421 3260 Domino
440 3199 724 3257 nonnulla
740 3198 1035 3255 credimus
1052 3197 1260 3265 incuti,
1280 3196 1373 3253 cui
1397 3197 1583 3269 magis
1605 3198 1828 3270 patien-

170 3294 321 3350 tiam
353 3306 529 3363 quam
584 3288 828 3346 Domino
878 3287 1243 3359 praebeamus
1267 3286 1294 3340 ?
1342 3284 1491 3353 Quin
1518 3287 1539 3322 ⁴
1584 3286 1829 3359 insuper
1858 3272 1900 3339 C

1920 621 2344 692 castigationis.
2396 624 2527 690 Ego,
2578 622 2791 694 inquit,
2840 642 2968 693 quos
3015 627 3189 696 diligo
3261 635 3484 701 castigo.
3528 635 3573 691 Ο

1921 725 2153 765 servum
2186 709 2355 765 illum
2389 711 2647 781 beatum,
2671 715 2841 780 cujus
2864 716 3257 773 emendationi
3285 720 3574 779 Dominus

1918 796 2136 853 instat!
2172 799 2263 853 cui
2298 799 2577 870 dignatur
2624 801 2790 855 irasci
2825 803 2959 871 (64),
3008 822 3181 876 quem
3216 809 3574 867 admonendi

1922 887 2396 943 dissimulatione
2446 906 2561 943 non
2610 890 2861 960 decipit!
2918 892 3181 965 Undique
3231 897 3410 968 igitur
3466 903 3573 956 ad-

1922 976 2113 1031 stricti
2147 994 2355 1031 sumus
2377 977 2567 1031 ofiicio
2591 979 2881 1049 patientia
2902 983 3401 1043 administranda.
3428 992 3577 1055 Qua-

1924 1082 2041 1136 qua
2065 1083 2132 1121 ex
2164 1082 2347 1137 parte,
2384 1074 2482 1121 aut
2523 1071 2820 1123 erroribus
2856 1072 3091 1141 nostris,
3128 1081 3227 1128 aut
3260 1078 3396 1131 mali
3430 1079 3575 1135 insi-

1924 1154 2058 1219 diis,
2102 1155 2292 1210 I267
2342 1161 2441 1209 aut
2491 1157 2994 1213 admonitionibus
3047 1162 3273 1218 Domini
3324 1165 3574 1223 interve-

1924 1243 2011 1298 nit
2041 1243 2152 1314 (65)
2185 1261 2350 1311 usus,
2384 1244 2512 1314 ejus
2561 1246 2733 1299 ofﬁcii
2788 1264 3000 1318 magna
3050 1267 3293 1319 merces,
3327 1253 3576 1313 felicitas

1925 1330 2165 1387 scilicet.
2201 1333 2355 1396 Quos
2387 1333 2542 1387 enim
2578 1332 2773 1388 felices
2806 1335 3113 1407 Dominus,
3143 1342 3256 1395 nisi
3294 1344 3579 1412 patientes

1925 1420 2304 1492 nuncupavit,
2357 1422 2601 1477 dicendo
2637 1439 2648 1474 :
2684 1424 2842 1477 Beati
2883 1444 3148 1497 pauperes
3193 1433 3416 1502 spiritu,
3451 1436 3581 1490 illo-

1923 1527 2051 1564 rum
2095 1518 2171 1564 est
2218 1512 2367 1564 enim
2416 1526 2646 1580 regnum
2693 1512 2950 1568 caelorum
3001 1516 3205 1582 (Matth.
3239 1521 3315 1590 v).
3367 1522 3577 1579 Nullus

1926 1599 2182 1670 profecto
2215 1598 2425 1669 spiritu
2477 1615 2715 1670 pauper,
2751 1600 2863 1656 nisi
2917 1602 3198 1673 humilis;
3243 1609 3375 1679 quis
3422 1612 3576 1668 enim

1926 1686 2189 1755 humilis,
2236 1686 2349 1742 nisi
2401 1688 2676 1758 patiens?
2725 1690 2865 1760 quia
2896 1708 3064 1749 nemo
3114 1698 3405 1767 subjicere
3449 1717 3580 1757 sese

1927 1781 2137 1849 potest,
2179 1776 2309 1832 sine
2361 1777 2552 1847 prima
2611 1779 2889 1847 patientia
2939 1784 3322 1852 subjectionis
3366 1789 3577 1861 ipsius.

1929 1866 2102 1933 Beati,
2131 1864 2343 1936 inquit,
2376 1866 2564 1934 ﬂentes
2594 1875 2760 1939 atque
2791 1870 3049 1939 lugentes.
3104 1876 3243 1938 Quis
3278 1876 3417 1932 talia
3451 1880 3580 1935 sine

1923 1954 2208 2027 patientia
2242 1953 2503 2009 tolerat?
2550 1956 2748 2025 Itaque
2779 1958 3000 2014 talibus
3031 1966 3085 2015 et
3135 1964 3434 2022 advocatio
3467 1970 3579 2041 (66)

1922 2048 1979 2099 et
2008 2043 2164 2098 risus
2214 2042 2596 2113 promittitur.
2650 2046 2802 2100 Beati
2832 2052 3005 2102 mites.
3066 2052 3177 2105 Hoc
3210 2056 3447 2124 quidem
3480 2076 3579 2115 vo-

1924 2131 2132 2186 cabulo
2166 2131 2536 2202 impatientes
2573 2150 2686 2187 non
2722 2134 2856 2189 licet
2886 2138 3126 2193 omnino
3157 2144 3401 2198 censeri.
3437 2152 3577 2203 Item

1925 2237 2056 2274 cum
2095 2219 2366 2289 paciﬁcos
2412 2221 2615 2276 eodem
2653 2224 2822 2277 titulo
2874 2224 3166 2283 felicitatis
3214 2239 3393 2301 notat,
3425 2241 3483 2290 et
3514 2239 3579 2291 ti-

1926 2310 2036 2364 lios
2070 2309 2169 2363 Dei
2198 2315 2523 2380 nuncupat,
2558 2312 2844 2382 numquid
2872 2313 3244 2384 impatientes
3268 2324 3426 2392 pacis
3458 2327 3583 2381 affi-

1928 2397 2079 2454 nes?
2109 2397 2333 2452 Stultus
2386 2400 2529 2453 hoc6
2562 2402 2831 2456 senserit.
2879 2407 3021 2457 Cum
3055 2422 3205 2472 vero,
3261 2411 3502 2469 Gaudete
3531 2421 3582 2472 et

1926 2488 2227 2556 exsatiate,
2261 2487 2420 2551 dicit,
2444 2490 2694 2558 quotiens
2718 2506 2802 2544 vos
2833 2493 3232 2552 maledicentet
3258 2515 3582 2573 persequen-

1928 2584 2038 2643 tur,
2072 2592 2275 2630 merces
2306 2578 2451 2630 enim
2484 2587 2663 2632 vestra
2700 2580 2952 2650 plurima
2984 2585 3041 2637 in
3072 2586 3243 2647 creto;
3292 2590 3347 2642 id
3383 2593 3587 2665 utique

1931 2680 2047 2719 non
2071 2664 2483 2720 exsultationis
2502 2666 2881 2738 impatientia
2902 2670 3229 2743 pollicetur,
3254 2680 3394 2748 quia
3416 2664 3586 2739 nemo

1930 2753 1990 2807 in
2024 2754 2283 2808 adversis
2315 2754 2689 2821 exsultavit",
2724 2758 2836 2812 nisi
2870 2765 3003 2815 ante
3034 2778 3101 2816 ea
3131 2771 3584 2840 contempserit;

1931 2859 2104 2898 nemo
2136 2848 2491 2910 contemnet,
2527 2846 2639 2900 nisi
2670 2847 3011 2917 patientiam
3044 2855 3312 2923 gesserit.

2569 2987 2802 3045 CAPUT
2841 2991 2957 3049 XII.

2007 3113 2170 3177 Quod
2185 3112 2256 3167 ad
2278 3110 2435 3183 pacis
2456 3112 2806 3184 gratissima
2825 3115 2940 3172 Deo
2959 3119 3164 3177 attinet
3186 3123 3583 3200 disciplinam,

1936 3200 2071 3271 quis
2121 3201 2356 3255 omnino
2407 3201 2789 3272 impatientia
2832 3210 3005 3263 natus
3036 3209 3124 3265 vel
3172 3215 3352 3271 semel
3382 3217 3584 3289 ignos-

1939 3292 2028 3344 cet
2056 3298 2076 3331 ε
2106 3289 2271 3345 fratri
2315 3305 2422 3345 suo
2469 3289 2609 3359 (non
2657 3291 2849 3349 dicam
2897 3296 3133 3369 septies,
3168 3303 3268 3358 sed
3298 3310 3357 3361 et
3385 3306 3406 3341 ⁹
3452 3324 3583 3382 sep-

1578 3394 1781 3455 Varia
1811 3394 2131 3456 lectiones.

243 3494 293 3530 ’δ
319 3493 554 3548 Judicet
586 3495 756 3547 Fran.
862 3490 905 3526 “
938 3489 1283 3546 Patientiam
1314 3492 1496 3547 Latin.

166 3640 191 3674 δ
226 3634 335 3705 Qui
386 3639 630 3708 insuper
676 3636 805 3691 Jun.
896 3634 1134 3708 _‘,Decet
1162 3636 1354 3693 Latin.

166 3712 189 3746 ⁸
223 3709 479 3782 lgnoscit
509 3705 681 3765 Rhea.
758 3708 779 3743 °
812 3705 912 3762 Vel
943 3707 1130 3763 Latin.
1161 3708 1289 3765 Jun.

1602 3491 1645 3525 ⁸⁸
1691 3491 1965 3549 Incusare
1997 3492 2169 3548 Rhen.

169 3568 221 3609 νο
250 3564 543 3638 Operatio.
578 3562 711 3638 Mali
746 3563 1103 3638 distinguunt
1147 3562 1295 3638 alii.)
1362 3566 1378 3599 ί
1414 3562 1802 3638 Esuberantia
1850 3566 2030 3620 Paris.
2110 3563 2460 3638 '_Patientia
2505 3566 2693 3624 Latin.

1456 3636 1477 3670 ⁸
1508 3634 1636 3692 Hac
1682 3636 1848 3693 Fran.
1899 3638 2089 3693 Paris.
2143 3635 2250 3691 hoc
2294 3637 2423 3692 Jun.
2471 3639 2700 3695 mavult.

2273 3492 2315 3569 ξδτ
2346 3490 2733 3569 consueverat
2780 3497 2945 3553 Rhea.
3051 3502 3094 3543 νυ
3126 3504 3363 3565 Inventa
3409 3512 3582 3569 Rhea.

2791 3570 2812 3603 ³
2845 3570 3138 3630 Patientia
3186 3579 3351 3638 Fran.
3401 3585 3585 3643 Paris.

2803 3652 2823 3685 7
2854 3644 3149 3705 Exultabit
3194 3651 3362 3709 Fran.
3402 3657 3587 3715 Paris.

1617 3789 2137 3852 Commentarius.

251 3896 636 3969 (59)7Tamgen_
661 3895 977 3969 judicantis
1033 3894 1437 3969 impatientiam
1494 3900 1659 3954 cavit.
1718 3898 1837 3954 Hoc

169 3966 273 4028 est
303 3966 574 4041 adhibuit
615 3966 1055 4041 impatientiam
1095 3968 1443 4041 judicantis,
1487 3986 1588 4025 seu
1642 3986 1836 4041 perse-

170 4040 420 4115 quentis
450 4037 1010 4115 injuriamjudicio.
1034 4038 1193 4093 Cavit
1223 4037 1835 4115 imp_ati‘entiamiinju-

172 4109 307 4181 Eia,
362 4112 651 4166 actionem
702 4109 829 4177 ejus
888 4124 1204 4182 aggressus
1250 4109 1496 4182 judicio,
1557 4113 1667 4168 etsi
1719 4109 1836 4167 non

216 4179 421 4253 eregit.
442 4182 622 4256 pavit,
646 4185 926 4250 tanquam
959 4179 1387 4256 periclitaretur
1403 4179 1659 4255 reposita
1681 4186 1837 4256 apud

227 4274 368 4314 eum
402 4254 584 4319 ultio;
617 4268 801 4322 eaque
816 4254 1088 4325 cautione
1114 4254 1393 4310 honorem
1422 4254 1835 4325 unicijudi'cis,

172 4332 241 4386 id
280 4332 368 4383 est
399 4327 516 4392 Dei,
551 4325 812 4379 abstulit.
845 4324 1501 4394 Cavereimpatientiam
1536 4324 1680 4382 dikit
1702 4324 1837 4383 Ter;

172 4400 475 4459 tullianus
519 4398 720 4451 eadem
750 4398 959 4468 ,forma
989 4413 1125 4468 qua
1155 4397 1439 4468 Ulpianus
1467 4403 1523 4453 et
1552 4399 1657 4454 Sce
1688 4400 1835 4467 vola,

171 4488 390 4531 cavere
436 4467 909 4539 chirographum,
961 4465 1061 4541 lib.
1114 4486 1186 4537 v;
1233 4465 1300 4524 D.
1353 4470 1740 4541 Commodati,
1786 4465 1842 4526 et

166 4548 293 4603 lib.
334 4558 535 4597 LXXXIX
569 4541 640 4595 De
668 4541 830 4614 solut.
883 4542 935 4593 et
966 4539 1126 4614 liber.
1181 4542 1334 4611 quod
1366 4547 1473 4606 est,
1508 4539 1843 4614 cavere'per

168 4614 662 4684 chirographum.
711 4612 803 4665 Sic
848 4626 1048 4684 cavere
1090 4612 1543 4683 impatientiam,
1595 4613 1703 4669 hoc
1732 4612 1837 4682 est,

170 4682 390 4747 cavere
424 4682 523 4755 per
551 4682 1002 4755 impatientiam,
1038 4682 1369 4755 prospicere
1412 4685 1524 4741 sibi
1558 4684 1838 4742 ultionem

170 4754 1021 4837 per‘i‘mpatientiaminjuria.
1059 4754 1184 4837 Βία.

255 4831 380 4902 (60)
406 4827 679 4902 Instantis
724 4827 839 4892 ejus
890 4828 1137 4902 deterior
1180 4830 1334 4902 facta
1374 4835 1451 4882 est
1484 4829 1676 4902 causis
1702 4828 1838 4881 suis.

172 4898 413 4961 Institit
443 4900 635 4955 acrius
667 4903 724 4952 et
755 4898 1019 4967 asperius
1049 4915 1234 4969 aquo.
1261 4899 1383 4953 Non
1408 4900 1646 4955 suberat
1667 4915 1845 4955 causa

169 4983 315 5033 tam
349 4989 495 5027 save
526 4976 764 5041 tamque
790 4970 1003 5025 atrocis
1035 4976 1136 5025 aut
1169 4971 1480 5041 pertinacis
1524 4971 1843 5027 instantia.

169 5046 399 5115 Exegit
465 5042 599 5114 plus
665 5059 843 5112 quam
912 5043 1001 5097 lex
1070 5041 1187 5097 ulla
1265 5042 1450 5098 dolori
1534 5044 1842 5099 concessit.

172 5123 320 5177 RIG.

260 5187 381 5259 (61)
428 5184 582 5259 Quod
625 5182 677 5237 si
720 5184 1010 5259 patientia
1066 5184 1373 5259 incubabo._
1413 5183 1697 5259 Incubare
1744 5201 1846 5256 pro

166 5254 528 5322 indonrnire,
560 5254 944 5310 translatione
967 5262 1204 5327 sumpta
1234 5274 1267 5311 a
1298 5256 1473 5311 rebus
1504 5257 1676 5321 caris,
1700 5254 1847 5326 quas

169 5352 260 5391 ne
294 5327 847 5403 perdamusgetiam
882 5328 1395 5403 cum‘dormimus,
1430 5328 1599 5403 nobis
1632 5345 1847 5399 suppo-

169 5398 398 5464 nitﬁus
445 5398 722 5455 custodia
761 5415 969 5471 causa.
1022 5399 1366 5471 Cyprianus,
1414 5399 1480 5454 de
1527 5398 1796 5455 Eleemos.
1830 5419 1848 5455 :

175 5502 208 5531 ‹‹
252 5474 413 5539 Quid
444 5472 660 5527 divitiis
688 5468 809 5525 tuis
838 5470 978 5526 solis
1009 5468 1254 5528 incubes
1277 5472 1305 5526 ?
1339 5468 1365 5521 ἡ
1396 5471 1488 5526 Sic
1518 5471 1576 5525 in
1609 5471 1756 5526 libro
1788 5472 1851 5527 de

171 5544 521 5616 Praescript.
577 5542 997 5608 Tertullianus,
1058 5548 1115 5599 et
1165 5548 1229 5600 de
1286 5545 1585 5601 Resurrect.
1640 5544 1848 5599 carnis.

418 5689 563 5743 Lata
592 5692 760 5760 atque
796 5684 1000 5760 cii/fusa
1046 5695 1124 5741 est
1155 5689 1398 5757 operatio
1430 5685 1590 5760 mali.
1620 5684 1715 5741 Sic
1748 5685 1850 5741 lib.

171 5756 490 5821 de'ldotot.
532 5773 659 5827 cap.
708 5758 763 5823 2,
810 5756 958 5811 dixit
1008 5775 1021 5813 :
1077 5778 1103 5810 α
1154 5762 1282 5814 Non
1327 5761 1388 5815 in
1437 5758 1665 5814 modico
1715 5774 1852 5813 con-

172 5836 417 5899 sistere
446 5827 663 5888 diaboli
700 5827 1029 5903 ingenium,
1079 5833 1137 5889 et
1180 5830 1546 5891 Christianos
1576 5830 1856 5889 adversus

1870 4648 1917 4714 D

1949 3898 2166 3956 diaboli
2197 3898 2541 3955 latitudines
2575 3901 2814 3957 muniri.
2850 3925 2878 3953 »
2910 3905 3038 3964 Βία.

1994 3971 2133 4053 ,(63)
2165 3974 2249 4027 lbi
2290 3974 2655 4053 necessariam
2701 3978 3168 4053 Comparativum
3219 3984 3591 4043 inusitatum.

1947 4041 2042 4097 Sic
2074 4041 2439 4098 necessarius
2470 4044 2614 4099 dixit
2644 4045 2699 4097 in
2736 4041 2963 4114 neutro,
2994 4052 3094 4107 lib.
3127 4055 3199 4109 de
3225 4041 3592 4115 CarneChri;

1946 4116 2039 4240 gi.
2078 4137 2098 4161 α
2134 4116 2331 4185 Quasi,
2366 4115 2578 4186 inquit,
2614 4120 2980 4176 necessarius
3011 4126 3231 4196 aliquid
3265 4130 3594 4187 aﬂ‘errent.»

2002 4202 2134 4239 nam.

2002 4202 2134 4239 HEN.

2020 4256 2132 4327 (64)
2167 4255 2265 4309 Cui
2294 4255 2558 4335 dignatur
2605 4260 2794 4314 irasci.
2842 4259 3151 4335 Fraclare;
3204 4287 3337 4326 nam
3366 4271 3463 4327 ira
3500 4272 3598 4328 Dei

1949 4326 2009 4401 in
2030 4326 2149 4381 nos
2180 4328 2599 4401 proceduntcx
2633 4344 2790 4384 mera
2820 4334 2945 4401 ejus
2969 4326 3307 4401 dignatione
3338 4349 3396 4397 et
3429 4326 3601 4399 mise-

1950 4397 2221 4486 ricordia,
2270 4404 2333 4486 ut
2380 4400 2764 4486 corr-igamur.
2822 4397 2970 4486 Uror
2999 4397 3237 4486 Iuliani
3284 4397 3598 4486 Apostata,

1948 4471 2044 4540 pia
2073 4475 2362 4554 et'sanctla
2385 4471 2618 4554 femina,
2640 4488 2765 4554 cum
2797 4478 3014 4554 videret
3044 4481 3289 4554 impium
3324 4471 3603 4542 maritum

1952 4543 2259 4631 3219913610..
2283 4542 2551 4631 θίῖῗίθίυίη
2604 4560 2636 4596 ³
2683 4542 3171 4631 Πθον,.,ἀίλίὲ.ί]1ἶν
3221 4561 3285 4631 9t
3326 4561 3602 4631 estspud

1951 4612 2286 4703 T’he’pdorit.
2338 4612 2437 4696 lib.
2492 4631 2573 4703 11‘1.
2628 4632 2753 4703 cap.
2809 4620 2873 4673 12
2926 4612 3281 4703 εὶούξδᾘγὰρ
3332 4626 3390 4682 ἄν

1949 4683 2029 4744 τίς
2072 4686 2098 4777 ξδ
2130 4683 2275 4758 παρὰ
2305 4687 2400 4769 ceu
2448 4682 2890 4774 πολεμοτξμενος,
2940 4692 2987 4745 εἶν
3028 4698 3095 4766 τῇ
3123 4682 3364 4768 auarae“
3402 4682 3600 4777 “aiiéb:

1953 4755 2120 4847 eputq
2176 4755 2791 4847 Xpnodjisvrp'em‘raufac
2850 4781 2933 4814 σοι
2982 4755 3310 4835 (lenita-ccede.
3380 4755 3603 4847 ’ἀληῆἆξ

1953 4827 2064 4917 06.x!
2101 4827 2384 4917 ἰπῆῖγιογςν.
2411 4831 2614 4917 hP‘lane
2679 4832 2987 4917 ignarasses
3048 4827 3211 4917 quem
3256 4827 3585 4917 oppugnasti

1951 4901 2077 4981 me
2112 4891 2265 4981 εμέεςι
2291 4891 2535 4981 ’έθηίιαιε
2590 4891 2723 4957 usus
2779 4906 2877 4961 has
2930 4891 3608 4981 pingi;".‘i..;.;e;;;";;5;

1952 4974 2269 5041 inﬂixisset.
2306 4972 2437 5025 Lac.

2027 5045 2138 5113 (65)
2170 5044 2275 5098 Aut
2305 5044 2783 5099 admonitionibus
2814 5048 3033 5105 Domini
3071 5054 3382 5112 intervenit.
3422 5060 3606 5112 lnter-

1955 5117 2222 5192 venimus
2253 5114 2549 5192 erroribus
2600 5118 2818 5173 nostris
2866 5128 2965 5175 aut
2996 5126 3134 5180 mali
3185 5127 3435 5192 insidiis,
3468 5146 3602 5185 cum

1956 5204 2073 5267 nos
2096 5186 2741 5267 illis_opponimus_,_non
2768 5197 3205 5267 consentiendo,
3231 5200 3314 5253 vel
3339 5186 3607 5257 evitando

1960 5260 2173 5330 potius.
2211 5257 2301 5312 Sic
2349 5257 2491 5313 olim
2525 5258 2797 5315 tribunus
2847 5257 3375 5327 senatusconsultis
3424 5272 3605 5328 inter-

1960 5332 2224 5386 cedebat.
2256 5336 2329 5383 At
2359 5330 2861 5388 admonitionibus
2903 5340 3126 5394 Domini
3163 5341 3582 5401 intervenimus

1959 5419 2093 5459 cum
2276 5403 2676 5473 Obsequimup,
2712 5386 3126 5459 RHE1§.w'“-'"'
3164 5386 3301 5397 "‘"“
3325 5386 3605 5412 ’νυ-ωυυ,

2032 5474 2142 5549 (66)
2192 5475 2409 5549 Talibus
2444 5474 2732 5549 advocatio
2779 5479 3017 5549 etirisus
3074 5486 3431 5549 promittitur.
3491 5487 3608 5542 Ad-

1960 5542 2209 5606 voCatio,
2259 5542 2627 5617 παράκλησις.
2671 5548 3011 5605 consolatio.
3064 5542 3154 5609 Sic
3203 5572 3351 5613 υοσεε
3381 5558 3609 5613 advoca.

1963 5619 2151 5701 tionis,
2200 5617 2255 5671 id
2316 5616 2405 5701 est
2461 5616 2897 5701 consolationis.
2950 5622 3219 5701 devocare
3267 5630 3608 5701 languentes,

2056 5694 2146 5775 est
2192 5688 2477 5775 conso‘la‘ri
2526 5694 2892 5775 agrotantes.
2943 5695 3244 5755 Advocator
3282 5688 3611 5775 pauperum;

1962 5760 2023 5815 id
2057 5768 2147 5818 est
2176 5760 2526 5817 consolator.
2563 5760 2688 5819 Hic.
