4050 6344
451 361 608 421 i379

976 356 1499 418 TERTULLIANI
1546 354 1864 416 OPERUM
1914 354 2114 414 PARS
2160 352 2208 414 Ι.
2248 387 2326 399 -—
2356 354 2630 417 SERIES
2676 355 2755 432 II,
2798 350 3279 418 DOGMATIGA.

3708 351 3861 415 i380

450 493 676 565 tuagies
706 489 921 564 septies
951 489 1161 562 (Matth.
1187 489 1343 559 xvm)
1364 488 1392 542 Ἰ
1423 487 1554 560 quis
1577 488 1870 560 judicium
1892 488 1934 523 ιο
1955 501 2089 541 cum
2120 488 2177 555 Α
2206 491 2568 544 cramentum
2628 488 2760 561 (71),
2820 487 3135 545 Christiani
3191 487 3455 544 nominis
3512 487 3856 542 thesaurus!

453 579 782 638 adversario
830 595 931 634 suo
979 578 1238 650 dirigens
1282 577 1436 648 (Luc.
1483 592 1574 643 vr;
1629 576 1813 632 Matth.
1864 576 1943 645 v),
1996 590 2095 629 ne-

450 670 674 744 gotium
720 666 1122 725 convenientia
1169 665 1351 721 solvet
1381 665 1516 738 (67),
1572 664 1685 722 nisi
1716 665 1880 737 prius
1913 660 2094 720 animi

450 756 733 822 dolorem,
789 754 1089 824 duritiam,
1141 753 1615 821 amaritudinem,
1664 769 1842 809 venas
1875 751 2097 807 scilicet

450 844 833 918 impatientia
864 841 1231 914 amputarit?
1263 841 1563 908 Quomodo
1595 840 1882 909 remittes,
1914 845 1973 897 et
2004 855 2095 896 re-

452 933 721 990 mittetur
739 931 870 1000 tibi,
887 931 935 988 si
968 936 1141 986 tenax
1160 930 1386 1001 injuria
1406 946 1506 1001 per
1522 929 1846 987 absentiam
1873 929 2094 1003 patien-

451 1022 545 1079 tia
575 1020 801 1077 fueris?
846 1020 1027 1075 Nemo
1075 1017 1391 1074 convulsus
1440 1018 1703 1073 animum
1753 1017 1811 1072 in
1857 1017 2093 1072 fratrem

453 1127 629 1168 suum
678 1125 896 1165 munus
953 1106 1157 1164 I268
1218 1107 1372 1179 apud
1420 1106 1601 1162 altare
1650 1106 1933 1177 perﬁciet,
1979 1104 2101 1165 nisi

453 1200 616 1273 prius
647 1196 1076 1255 reconciliando
1123 1195 1286 1251 fratri
1318 1211 1587 1251 reversus
1636 1196 1709 1250 ad
1753 1195 2095 1267 patientiam

451 1288 647 1345 fuerit.
680 1287 790 1343 Sed
823 1301 998 1357 super
1044 1285 1192 1340 iram
1237 1288 1499 1340 nostram
1532 1283 1580 1338 si
1612 1283 1912 1352 occiderit,
1944 1285 2094 1357 peri-

451 1376 744 1433 clitamur.
789 1374 916 1430 Non
964 1373 1100 1429 licet
1149 1372 1316 1428 nobis
1351 1389 1467 1427 una
1518 1371 1610 1427 die
1658 1371 1783 1427 sine
1816 1372 2094 1444 patientia

452 1480 709 1521 manere.
750 1466 826 1519 At
871 1461 1023 1518 enim
1068 1477 1201 1516 cum
1234 1477 1461 1516 omnem
1510 1460 1763 1533 speciem
1814 1460 2091 1517 salutaris

451 1553 775 1626 disciplina
804 1552 1089 1623 gubernet
1124 1549 1341 1621 (Ephes.
1377 1548 1476 1621 ιν),
1512 1549 1653 1621 quid
1687 1549 1903 1605 mirum
1935 1550 2088 1622 quod

451 1643 627 1700 etiam
644 1639 994 1714 pauitantia
1013 1638 1329 1707 ministrat,
1349 1638 1529 1694 solita
1550 1638 1731 1710 lapsis
1757 1639 2088 1710 subvenire,

450 1747 608 1803 cum,
658 1731 954 1803 disjuncto
1002 1726 1390 1798 matrimonio,
1424 1741 1493 1782 ex
1538 1743 1606 1782 ea
1650 1731 1848 1783 tamen
1889 1744 2087 1800 causa,

450 1837 568 1893 qua
597 1820 735 1876 licet
765 1834 867 1876 seu
899 1818 1042 1888 viro,
1094 1832 1196 1873 seu
1230 1815 1458 1872 femina
1508 1816 1580 1871 ad
1628 1815 1929 1873 viduitatis
1959 1833 2088 1888 per-

449 1908 841 1967 severantiam
871 1904 1171 1972 sustineri,
1193 1904 1316 1961 hac
1348 1909 1660 1975 exspectat,
1687 1904 1806 1961 hac
1833 1910 2087 1978 excptat,

450 1997 573 2054 hac
603 1997 863 2053 exorat“
898 1995 1004 2066 (68)
1036 1993 1437 2067 paenitentiam
1470 1995 1821 2066 quandoque
1851 1994 2090 2051 inituris

450 2086 723 2144 salutem.
756 2086 1045 2151 Quantum
1083 2082 1128 2119 ¹²
1175 2082 1312 2140 boni
1361 2083 1594 2155 utrique
1641 2082 1900 2139 conferti
1953 2082 2089 2139 alte-

448 2191 580 2231 rum
614 2190 728 2230 non
759 2172 1087 2230 adulterum
1122 2173 1165 2208 ¹³
1197 2170 1334 2227 facit
1353 2171 1487 2243 (69),
1515 2170 1765 2227 alterum
1797 2172 2086 2228 emendat.

450 2263 545 2319 Sic
570 2267 627 2319 et
647 2260 763 2318 illis
785 2260 1222 2317 Dominicarum
1245 2259 1692 2315 similitudinum
1717 2260 1997 2332 exemplis
2017 2261 2089 2317 de

448 2351 730 2423 patientia
757 2349 977 2406 sanctis
1027 2349 1215 2405 adest.
1265 2348 1576 2404 Erroneam
1610 2363 1775 2403 ovem
1807 2347 2090 2419 patientia

449 2440 705 2513 pastoris
737 2439 846 2511 (70)
877 2437 1117 2510 requirit
1154 2440 1213 2492 et
1260 2436 1505 2492 invenit.
1546 2436 1691 2491 Nam
1722 2436 2090 2508 impatientia

450 2545 626 2584 unam
659 2529 826 2583 facile
857 2531 1271 2583 contemneret.
1324 2526 1433 2580 Sed
1466 2524 1723 2581 laborem
1756 2525 2087 2597 inquisitio-

449 2618 543 2673 nis
573 2616 855 2690 patientia
884 2613 1153 2685 suscipit,
1184 2619 1242 2669 et
1290 2612 1552 2669 humeris
1586 2613 1825 2684 insuper
1856 2613 2088 2670 advenit

449 2704 687 2777 bajulus
715 2704 941 2775 patiens
965 2701 1341 2774 peccatricem
1369 2700 1723 2757 derelictam.
1748 2702 1918 2758 Illum
1943 2719 2084 2774 quo-

449 2810 563 2866 que
593 2792 899 2864 prodigum
931 2789 1117 2845 lilium
1150 2789 1431 2861 patientia
1461 2789 1644 2862 patris
1684 2794 1740 2845 et
1773 2791 1996 2861 recipit,
2030 2795 2088 2847 et

446 2882 640 2948 vestit,
674 2884 730 2936 et
759 2879 965 2952 pascit,
996 2884 1052 2933 et
1081 2878 1232 2949 apud
1265 2877 1693 2948 impatientiam
1727 2878 1857 2933 irati
1888 2878 2086 2935 fratris

447 2974 707 3027 excusat.
740 2968 944 3025 Salvus
973 2974 1061 3023 est
1091 2967 1269 3038 igitur
1297 2969 1398 3038 qui
1430 2966 1700 3039 perierat,
1735 2968 1873 3038 quia
1902 2966 2085 3039 pani-

446 3059 691 3115 tentiam
744 3057 896 3113 iniit.
945 3056 1291 3112 Panitentia
1338 3071 1453 3111 non
1500 3055 1650 3127 perit
1681 3058 1747 3126 ¹⁴,
1797 3057 1933 3127 quia
1982 3073 2084 3129 pa-

448 3147 717 3205 tientiam
748 3145 986 3203 invenit.
1018 3144 1164 3202 Nam
1197 3142 1457 3216 dilectio,
1488 3161 1789 3201 summum
1822 3145 1955 3202 ﬁdei
1991 3162 2083 3203 sa-

2202 590 2380 644 quam
2408 575 2722 649 Apostolus
2754 577 2891 634 totis
2918 576 3143 634 viribus
3174 576 3361 633 sancti
3401 575 3667 648 Spiritus
3698 590 3856 631 com-

2204 666 2462 734 mendat,
2490 666 2658 738 cujus
2689 665 2802 721 nisi
2832 665 3129 739 patientia
3170 664 3507 737 disciplinis
3539 661 3858 720 eruditur?

2205 754 2465 826 Dilectio,
2487 755 2700 827 inquit,
2721 755 3096 826 magnanimis
3117 757 3195 810 est
3225 753 3359 826 (72).
3391 753 3481 810 Ita
3510 751 3857 825 patientiam

2204 843 2406 899 sumit.
2450 844 2691 914 Boniﬁoa
2737 853 2853 907 est;
2902 843 3125 900 malum
3174 842 3461 915 patientia
3514 858 3634 898 non
3696 841 3857 897 facit.

2202 932 2319 987 Non
2347 932 2678 1001 aemulatur;
2710 932 2769 987 id
2800 932 3039 1004 quidem
3090 931 3374 1004 patientia
3402 930 3715 1003 proprium
3748 934 3856 986 est.

2203 1019 2307 1075 Nec
2329 1026 2645 1091 protervum
2684 1021 2869 1092 sapit;
2917 1019 3268 1076 modestiam
3302 1019 3374 1074 de
3420 1018 3712 1091 patientia
3743 1022 3861 1074 tra-

2202 1106 2305 1162 xit.
2344 1111 2469 1164 Non
2516 1110 2748 1180 inﬂatur
2790 1125 2902 1166 non
2951 1109 3185 1180 proterit
3230 1108 3340 1178 (73)
3373 1107 3417 1143 ¹⁵
3449 1123 3461 1162 :
3495 1107 3710 1163 1269
3744 1124 3860 1163 non

2204 1197 2359 1252 enim
2390 1198 2460 1252 ad
2509 1196 2850 1269 patientiam
2898 1197 3169 1269 pertinet.
3219 1197 3325 1253 Nec
3359 1212 3463 1253 sua
3510 1197 3785 1269 requirit,
3813 1197 3862 1253 si

2203 1284 2372 1340 offert
2402 1302 2510 1341 sua
2541 1286 2604 1353 1‘,
2638 1286 2780 1341 dum
2808 1285 2975 1342 alteri
3005 1285 3191 1358 prosit
3222 1302 3235 1341 :
3264 1301 3361 1341 nec
3400 1285 3715 1349 incitatur;
3748 1301 3859 1341 ca-

2201 1377 2394 1429 terum
2416 1372 2456 1407 ¹⁷
2486 1374 2624 1446 quid
2648 1374 3024 1448 impatientia
3044 1373 3431 1447 reliquisset?
3460 1374 3608 1441 Ideo,
3639 1373 3858 1445 inquit,

2199 1461 2417 1518 dilectio
2446 1464 2642 1518 omnia
2686 1465 2937 1534 sustinet,
2986 1465 3173 1519 omnia
3211 1464 3428 1532 tolerat,
3478 1461 3690 1534 utique
3722 1462 3860 1534 quia

2198 1551 2453 1621 patiens.
2499 1552 2704 1608 Merito
2736 1568 2872 1625 ergo
2921 1568 3222 1625 nunquam
3256 1551 3521 1620 excidet;
3574 1568 3718 1607 nam
3750 1568 3857 1607 ca-

2196 1644 2320 1695 tera
2347 1640 2808 1712 evacuabuntur,
2837 1640 3435 1697 consummabantur.
3469 1639 3857 1696 Exhauriun-

2197 1732 2294 1783 tur
2351 1729 2393 1764 ⁸⁸
2448 1728 2683 1802 linguae,
2741 1729 3017 1798 scientia,
3077 1728 3395 1802 prophetia
3445 1746 3460 1798 ;
3517 1732 3857 1802 permane-It

2195 1815 2348 1887 fides,
2376 1832 2518 1887 spes,
2559 1818 2816 1881 dilectio;
2867 1818 3036 1887 fides,
3069 1834 3246 1890 quam
3295 1817 3509 1875 Christi
3563 1818 3857 1891 patientia

2197 1904 2424 1961 induxit
2470 1922 2483 1960 :
2536 1922 2691 1977 spes,
2737 1922 2917 1978 quam
2966 1906 3228 1963 hominis
3275 1906 3561 1979 patientia
3607 1924 3853 1981 exspec-

2196 1998 2317 2061 tat;
2352 1993 2605 2065 dilectio,
2634 2012 2836 2067 quam,
2873 1996 2983 2052 Deo
3015 1995 3324 2069 magistro,
3359 1995 3651 2068 patientia
3680 1997 3856 2053 comi-

2195 2086 2375 2138 tatur.

2805 2218 3039 2275 CAPUT
3077 2217 3224 2275 XIII.

2268 2350 2461 2424 Usque
2505 2350 2620 2407 huc
2669 2351 2740 2406 de
2790 2351 3070 2424 patientia
3118 2352 3358 2408 tandem
3389 2352 3433 2388 ¹⁹
3481 2351 3746 2425 simplici
3802 2362 3860 2409 et

2196 2438 2499 2506 nniformi,
2555 2444 2612 2496 et
2668 2443 2898 2496 tantum
2947 2440 3006 2495 in
3057 2439 3253 2496 animo
3301 2440 3667 2509 constituta;
3720 2458 3858 2499 cum

2195 2528 2398 2584 eadem
2455 2528 2500 2564 ὀ
2550 2528 2727 2584 etiam
2773 2528 2834 2585 in
2884 2543 3147 2602 corpore,
3189 2529 3551 2588 demerendo
3596 2529 3860 2586 Domino

2197 2615 2599 2689 multipliciter
2627 2616 2930 2687 allaboret,
2953 2622 3154 2690 utpote
3175 2633 3302 2689 qua
3332 2618 3407 2674 ab
3431 2618 3562 2691 ipso
3594 2617 3859 2676 Domino

2195 2704 2253 2759 in
2304 2705 2564 2778 corporis
2622 2721 2855 2779 quoque
2909 2706 3122 2762 virtute
3178 2706 3337 2762 edita
3379 2711 3489 2776 est,
3550 2707 3862 2779 siquidem

2194 2796 2385 2850 rector
2408 2793 2642 2850 animus
2674 2794 2841 2851 facile
2860 2794 3261 2851 communicat
3282 2795 3531 2868 spiritus
3554 2796 3796 2852 invecta
3817 2800 3860 2839 ³³

2194 2898 2326 2938 cum
2359 2882 2693 2940 habitacula
2709 2900 2835 2940 suo.
2855 2883 2989 2947 Qua
3008 2884 3188 2955 igitur
3208 2883 3525 2956 negotiatio
3548 2884 3861 2956 patientia

2193 2970 2254 3026 in
2282 2971 2562 3043 corpore?
2588 2972 2651 3028 In
2682 2971 2889 3044 primis
2918 2970 3218 3029 afﬂictatio
3250 2972 3465 3044 carnis,
3509 2972 3717 3029 hostia
3738 2973 3862 3031 Do-

2193 3057 2350 3115 mino
2380 3059 2699 3131 piscatoria
2728 3077 2832 3133 per
2859 3060 3290 3118 humiliationis
3303 3061 3701 3129 sacriﬁcium,
3722 3080 3864 3119 cum

2195 3148 2398 3207 sordes
2429 3165 2562 3205 cum
2592 3149 2867 3223 angustia
2887 3149 2934 3184 ⁸³
2982 3149 3173 3206 victus
3217 3146 3463 3206 Domino
3490 3149 3669 3221 libat,
3718 3168 3863 3209 con-

1869 3289 2072 3352 Varia
2115 3289 2438 3355 lectiones.

518 3416 561 3452 ¹⁰
591 3414 731 3480 Quis
754 3413 1013 3487 judicem
1068 3411 1231 3469 Rhea.

446 3504 561 3543 non
610 3486 777 3542 Fran.
827 3488 1006 3541 Paris.
1037 3486 1164 3540 Jun.

446 3558 490 3594 ¹⁷
521 3557 877 3614 Cateroauin
908 3558 1091 3611 Latin.
1197 3556 1238 3591 ¹⁸
1282 3556 1708 3612 Exhaurientur
1753 3556 1881 3614 Jun.

453 3629 658 3687 Wouw.
691 3627 796 3685 MS.
869 3628 918 3665 ³³
948 3630 1138 3694 Quum
1168 3628 1500 3698 angustiam
1539 3628 1734 3685 Wouw.
1768 3627 1873 3684 MS.

1333 3413 1375 3448 ¹¹
1412 3414 1538 3469 Hac
1587 3412 1926 3470 exhortatur
1974 3415 2162 3470 Paris.

1270 3485 1316 3520 “
1346 3484 1689 3541 Panitentia
1718 3501 1830 3540 non
1862 3485 2034 3558 periit
2058 3488 2187 3542 Jun.
2292 3487 2338 3522 ¹⁵
2366 3487 2486 3543 Prol

1282 3556 1708 3612 Exhaurientur
1753 3558 1881 3614 Jun.
1986 3558 2030 3594 η
2076 3558 2329 3615 Tantum
2376 3560 2486 3616 Jun

2269 3416 2314 3451 ¹¹
2342 3414 2646 3486 Salutem?
2692 3419 2975 3486 quantum
3022 3419 3132 3471 etc.
3180 3417 3307 3473 Jun.
3416 3417 3461 3453 ¹³
3492 3416 3863 3475 Adulterum

2292 3487 2338 3522 ¹⁵
2366 3484 2648 3544 Protervit
2689 3484 2863 3544 Fran.
2913 3489 3100 3543 Paris:
3207 3487 3250 3523 ¹⁶
3278 3486 3387 3542 Sed
3435 3487 3610 3544 offert
3659 3491 3862 3546 Latin.

2609 3559 2654 3595 ²⁰
2684 3559 2960 3617 Eamdem
3009 3558 3181 3615 Rhea.
3232 3559 3434 3630 Rigalt.
3541 3561 3589 3597 ²¹
3621 3564 3866 3619 Invicta

1875 3763 2397 3826 Commentarios.

515 3888 627 3961 (67)
652 3889 940 3960 Negotium
968 3888 1352 3961 convenientia
1395 3887 1580 3943 solvet.
1633 3887 1750 3944 Hoc
1796 3891 1905 3954 est,
1936 3903 2075 3943 con-
2108 3895 2152 3961 α
2190 3888 2428 3961 omnino
2461 3886 2982 3961 :_Nonufacit,non
3032 3886 3234 3961 mittit,
3262 3885 3473 3961 vadere
3497 3902 3653 3961 Anon
3684 3889 3861 3945 sinit.

440 3958 747 4026 ventione,
766 3965 932 4032 pacto
962 3958 1274 4032 emicabili.
1311 3958 1437 4013 Rm.

514 4032 625 4102 (68)
656 4029 783 4087 Hac
813 4035 1052 4101 exoptat,
1101 4030 1219 4087 haec
1245 4033 1454 4085 exorat.
1503 4029 1791 4085 Patientia
1836 4046 1948 4084 non
1983 4045 2079 4084 so-

441 4102 566 4158 lum
597 4109 905 4176 exspectat
931 4108 1104 4176 atque
1143 4107 1641 4176 excptat,_verum
1685 4102 1859 4176 etiam
1890 4106 2076 4157 extor-

446 4179 585 4247 quet
613 4172 1032 4247 panitentiam,
1053 4174 1160 4247 hoc
1179 4172 1455 4247 est,ﬁcogi‘t
1487 4188 1586 4228 eos
1612 4190 1758 4247 quos
1789 4174 1871 4228 sic
1893 4189 2081 4245 aqua-

404 4243 682 4311 _riimiter
736 4245 963 4311 tolerat,
1022 4246 1093 4300 ad
1146 4243 1545 4314 paenitentiam
1610 4243 1975 4311 faciendam;
2018 4249 2082 4298 ut

444 4316 758 4390 aliquando
808 4322 1055 4390 salutem
1104 4316 1252 4390 inire
1300 4315 1546 4390 possint,
1607 4323 1663 4371 et
1717 4317 1852 4390 quia
1894 4316 2078 4390 addit,

441 4385 627 4445 solitae
650 4389 818 4460 lapsis
844 4389 1153 4460 subvenire,
1180 4385 1338 4460 loqui
1367 4388 1594 4460 videtur
1615 4390 1685 4442 de
1707 4385 2077 4454 Christianis,

443 4475 544 4514 seu
578 4458 716 4515 viris
737 4477 837 4515 seu
863 4459 1118 4523 feminis,
1147 4458 1243 4530 qui
1272 4475 1333 4513 se
1357 4459 1607 4514 ethnicis
1627 4461 1685 4513 in
1713 4459 2080 4515 matrimonio

441 4531 820 4602 conjungunt.
874 4532 980 4585 Hic
1023 4530 1336 4599 aliquando
1381 4530 1772 4601 contingebat,
1804 4536 1889 4602 (ut
1938 4547 2082 4586 uxor

441 4601 772 4658 Christiana
832 4602 1041 4657 marito
1089 4602 1322 4656 ethnico
1372 4602 1606 4655 tandem
1658 4601 2078 4657 continentiam

443 4674 836 4745 persuaderet,
871 4688 1046 4745 quam
1081 4673 1383 4745 amplexus
1404 4672 1503 4727 ille
1532 4674 1800 4745 servabat
1827 4691 1843 4735 ;
1874 4674 2084 4729 mulier

448 4759 577 4815 vero
607 4744 1006 4815 panitentiam
1039 4744 1265 4815 agebat,
1316 4748 1492 4815 atque
1524 4744 1685 4814 prius
1733 4746 1948 4800 factum
1980 4761 2078 4799 ex-

444 4813 822 4898 plebatapud
854 4813 1190 4898 Ecclesiam,
1216 4813 1593 4898 juxta'rttum
1617 4818 1743 4898 ejus
1766 4816 2079 4898 temporis;

444 4884 614 4956 atque
646 4884 754 4941 hoc
782 4893 871 4941 est
900 4889 1048 4956 quod
1073 4884 1374 4956 sequitur:
1403 4907 1431 4936 «
1450 4884 1740 4951 Quantum
1776 4884 1911 4943 boni
1935 4887 2079 4943 utri-

444 4904 614 4956 atque
646 4904 754 4941 noc
782 4904 871 4941 est
943 4904 1048 4941 uou
1073 4904 1374 4956 sequitur:
1403 4904 1740 4951 «quantum
1776 4904 1911 4943 nom
1935 4904 2079 4943 um-

444 4973 557 5028 que
585 4959 804 5013 confert
830 4959 840 5012 !
878 4904 1123 5011 alterum
1149 4956 1475 5012 adulterum
1503 4974 1612 5011 non
1650 4958 1803 5025 facit,
1830 4958 2079 5014 alterum

441 5030 734 5085 emendat.
770 5052 796 5078 ››
828 5029 1130 5085 Consentit
1162 5030 1312 5099 quod
1348 5031 1499 5083 infra
1532 5031 1693 5100 dicit,
1732 5051 1753 5079 α
1789 5030 2081 5087 Ρωηὶιοιι-

441 5100 584 5155 tiam
613 5106 867 5171 exoptat,
898 5100 1353 5170 exomologesim
1386 5100 1663 5171 assignat.
1701 5102 1881 5157 Rana.
1920 5126 1941 5153 ι

660 5171 911 5254 Alterum
946 5171 1406 5254 adulterumnnon
1434 5174 1591 5254 facit.
1640 5172 1734 5254 S_ic
1766 5174 2082 5254 Bhenanus

443 5241 699 5328 editione
746 5251 1070 5328 postrema:
1124 5241 1586 5328 ‘siCHPam'eliu-s;
1639 5245 1868 5328 sic‘alii.
1918 5247 1989 5299 At
2021 5244 2078 5328 in
2113 5263 2160 5328 D

443 5314 877 5386 antiquissimis
916 5314 1345 5386 exemplaribus
1392 5315 1623 5385 legitur,
1659 5337 1687 5364 ‹‹
1718 5316 1976 5371 Alterum
2009 5315 2081 5369 ad

444 5383 689 5441 alterum
722 5404 835 5443 non
872 5389 1027 5451 facit,
1062 5383 1099 5436 ››’
1122 5386 1276 5457 quod
1309 5387 1380 5440 ab
1428 5383 1551 5457 ipso
1581 5404 1709 5441 esse
1737 5386 2080 5443 Tertulliani

444 5457 593 5529 stylo
625 5459 790 5514 facile
816 5459 1178 5542 adducimur.
1218 5459 1469 5540 credere.
1512 5457 2080 5542 Disjunctotinquit,

443 5542 517 5602 ex,
541 5545 736 5602 causa
763 5530 1035 5586 adulterii
1056 5529 1461 5602 matrimonio,
1512 5529 1790 5602 patientia
1836 5531 2079 5585 interce-

441 5597 546 5666 dit,
579 5616 645 5655 ac
684 5599 1004 5672 plurimum
1054 5600 1189 5655 boni
1220 5597 1475 5672 (utrique
1512 5597 1747 5658 'confert
1780 5620 1792 5657 :
1828 5601 2079 5658 alterum

442 5671 760 5745 non‘fac’it,
805 5672 913 5729 hoc
960 5677 1069 5745 est,
1102 5671 1431 5745 conjugem,
1482 5674 1787 5745 repudiata
1836 5675 2083 5745 conjuge

442 5738 726 5814 adultera,
746 5738 864 5800 non
896 5743 1075 5801 mittit
1102 5743 1173 5799 ad
1205 5738 1454 5800 altorum
1474 5738 1836 5818 coniugium.
1867 5738 2084 5802 Sio'est

2191 3960 2263 4016 Ut
2289 3959 2439 4017 libro
2469 3959 2540 4015 de
2568 3957 2748 4015 Pallio
2782 3957 2965 4028 {Quae
3008 3958 3079 4013 ad
3120 3958 3281 4014 illum
3310 3973 3382 4013 ea:
3406 3957 3588 4030 Lybia
3616 3960 3867 4018 Ammon

2186 4034 2343 4102 facit,
2374 4031 2485 4087 hoc
2516 4035 2624 4099 est,
2657 4030 2832 4086 venit.
2867 4035 2991 4085 Rm.

3160 4104 3250 4183 est
3295 4098 3538 4183 Christi,
3559 4103 3705 4183 "qui
3733 4120 3859 4183 pa-

2190 4178 2312 4229 stor
2341 4171 2830 4247 patientissimus,
2847 4174 3031 4246 Ignat.
3057 4171 3223 4247 Mart.
3242 4187 3335 4243 ep.
3358 4171 3860 4247 adAPhiladelph.

2189 4242 2450 4317 ποιμένος
2508 4242 2836 4319 πραοτάτου,
2876 4242 3127 4371 Ἐωιοῄε
3179 4242 3638 4326 mansuetissimi.
3676 4242 3862 4319 Gneg.

2189 4317 2324 4373 Naz.
2374 4321 2517 4373 orat.
2553 4319 2606 4373 1.
2647 4317 2800 4372 inter
2845 4315 2886 4371 C
2933 4316 3060 4371 rist1
3109 4311 3317 4373 eloaia.
3350 4319 3530 4370 etiam
3581 4315 3704 4372 hoc
3752 4320 3862 4373 ha-

2189 4330 2324 4373 Naz.
2374 4330 2517 4373 orat.
2553 4330 2606 4387 1,
2647 4330 2800 4372 inter
2845 4330 3060 4371 unrisu
3109 4330 3317 4387 elogia,
3350 4330 3530 4370 etiam
3582 4330 3704 4372 noc
3752 4330 3862 4373 na-

2188 4388 2306 4469 bet.
2342 4388 2435 4444 Sic
2467 4393 2524 4469 et
2552 4407 2585 4444 a
2622 4388 2788 4469 Petro
2810 4385 3093 4469 _Chrys_ol_.
3145 4385 3408 4469 serm'.‘6.
3457 4386 3866 4469 Christus_di-

2191 4460 2342 4515 citur
2384 4466 2575 4531 pastor
2629 4458 3212 4531 missricors,rdatque
3259 4458 3449 4514 eidem
3498 4461 3865 4529 pastoralem

2189 4530 2546 4598 disciplinam
2572 4538 2624 4587 et
2647 4533 2942 4588 lenitatem.
2977 4530 3104 4586 Lac.

2259 4603 2374 4727 (71)
2428 4602 2653 4684 Diti-otio
2704 4618 2979 4686 sammum
3031 4599 3159 4725 girls:
3211 4607 3651 4683 sacramentum:
3718 4602 3862 4666 Qua

2308 4673 2431 4727 sola
2477 4672 2711 4727 exhibet
2757 4692 2815 4727 in
2857 4690 2919 4727 ss
2968 4690 3029 4725 ου
3074 4663 3287 4727 λήϐδην
3337 4687 3545 4727 omnes
3595 4679 3862 4727 virtutes

2192 4663 2278 4728 vel
2308 4663 2431 4728 sola
2477 4672 2711 4730 exhibet
2757 4674 2815 4728 in
2857 4690 2919 4729 ss
2968 4663 3287 4740 ου’λλήϐδην
3337 4687 3545 4727 omnes
3595 4663 3866 4731 virtutes

2191 4744 2570 4801 Christianas.
2604 4744 2731 4800 Ric.

2262 4816 2370 4893 (72)
2404 4816 2647 4882 Dilectio,
2675 4815 2905 4893 Ainquit,
2952 4812 3324 4893 magnanimis
3372 4819 3474 4867 est.
3529 4813 3862 4893 Paulinum

2189 4882 2458 4953 verbum,
2493 4882 2849 4958 μακροθυμεῖ,
2882 4884 3055 4958 vertit
3080 4882 3500 4958 Tertullianus,
3546 4890 3866 4956 magnani-

2190 4959 2295 5013 mis
2324 4962 2438 5025 est;
2470 4954 2624 5030 quod
2653 4954 3003 5030 vocabulum
3039 4954 3255 5030 Latinis
3286 4954 3549 5030 insolens
3581 4954 3678 5030 est
3704 4977 3721 5027 ;
3759 4960 3863 5015 sed

2193 5046 2298 5103 suo
2323 5026 2675 5103 more—loqui
2709 5029 2875 5103 solet.
2910 5026 3233 5103 Cyprianus
3274 5027 3584 5103 aemulator
3612 5026 3864 5103 Tertqu

2192 5101 2364 5176 liani,
2392 5103 2489 5158 sed
2543 5097 2676 5176 styli
2712 5097 3026 5176 purioris:
3060 5120 3097 5176 (ε
3123 5097 3409 5176 Charitas,
3466 5100 3691 5176 inquit,
3743 5119 3866 5158 ma-

2192 5174 2470 5244 gnanima
2499 5168 2621 5230 est:
2644 5195 2670 5222 ››
2705 5168 2859 5228 Idem
2897 5168 3865 5244 μακροθυμίαν,Δημαρηαήίγηίιαιεπι

2192 5241 2447 5300 reddidit
2475 5246 2531 5300 in
2565 5245 2713 5300 libro
2744 5245 2815 5300 de
2844 5241 3225 5317 Eleemosyna.
3251 5241 3396 5297 Aliis
3428 5243 3624 5314 placet
3655 5246 3865 5317 magis

2191 5317 2529 5387 longanimis
2557 5321 2616 5373 et
2646 5314 3060 5386 longanimitas.
3096 5319 3278 5387 Busa.

2261 5383 2373 5460 (73)
2404 5393 2523 5445 Non
2564 5383 2813 5460 inﬂatur,
2864 5401 2974 5441 non
3020 5386 3266 5460 proterit.
3318 5383 3398 5460 De
3446 5384 3742 5460 superbia
3774 5404 3869 5460 ex-

2190 5455 2369 5530 plicat
2400 5460 2480 5516 La
2522 5455 2723 5526 Cerda,
2773 5474 2972 5514 eorum
3006 5455 3229 5530 scilicet
3278 5455 3376 5526 qui
3430 5456 3688 5530 nimium
3748 5459 3863 5515 sibi

2191 5525 2531 5603 arrogantes
2575 5525 2720 5588 alios
2771 5532 3095 5603 proterunt.
3148 5525 3367 5598 Legunt
3398 5525 3495 5581 alii
3545 5533 3865 5599 proteruit.

2191 5601 2470 5659 Erasmus
2502 5620 2615 5660 non
2650 5601 2797 5658 male
2828 5600 3021 5668 vertit,
3063 5613 3177 5668 non
3225 5604 3302 5653 est
3330 5614 3564 5668 proram,
3598 5601 3718 5657 hoc
3749 5607 3865 5668 est,

2193 5614 2470 5659 Erasmus
2502 5620 2615 5660 non
2650 5614 2797 5658 male
2828 5614 3021 5669 verm,
3063 5614 3176 5652 non
3225 5614 3302 5653 est
3330 5614 3564 5671 proram,
3600 5614 3718 5657 noc
3749 5614 3863 5668 est,

2193 5678 2260 5728 ut
2312 5690 2380 5729 ex
2427 5675 2639 5747 Gracia
2697 5673 3048 5747 quibusdam
3105 5667 3347 5747 scholiis
3385 5669 3863 5747 interpretatur,

2193 5760 2308 5802 non
2338 5745 2566 5803 extollit
2595 5741 2730 5805 sese
2754 5761 2941 5819 neque
2966 5745 3241 5800 ostentat.
3277 5741 3356 5797 Ls
3384 5741 3487 5798 Pa.
