4050 6362
213 333 239 389 1
252 328 372 388 385

1493 319 1726 380 LIBER
1766 321 1793 380 ῐ
1838 321 1942 381 AD
1983 317 2340 381 UXOREM.

3468 320 3627 382 I386

206 459 417 532 pandis
472 456 824 513 orbitatibus
880 454 991 524 (92)
1048 469 1283 509 omnem
1348 453 1528 508 coacti
1579 451 1848 523 obsequii
1881 459 1936 525 Α
1964 451 2075 507 Sed
2108 449 2315 505 viderit
2341 466 2448 505 sua
2477 449 2590 521 (95)
2613 453 2668 504 et
2689 450 2775 504 sui
2807 450 3071 522 praesidis
3104 451 3214 522 (96)
3247 452 3528 523 patientia
3549 454 3617 523 ι’,

204 550 463 605 laborem
498 546 757 602 mentitis
775 542 1179 599 affectionibus
1204 541 1409 597 tolerat
1434 559 1447 607 ;
1482 558 1607 611 quae
1630 542 1848 597 ventris

203 636 624 709 operarios(93)
638 630 1074 689 contumeliosis
1090 628 1372 700 patrocini
1387 630 1851 698 is‘5subjectione

205 726 491 782 libertatis
530 724 679 794 gulae
711 723 755 765 ‘6
784 720 1031 776 addicit.
1071 720 1232 773 Talia
1266 722 1535 773 nationes
1568 720 1855 789 patientiae

206 816 403 872 studia
434 817 759 879 noverunt;
791 814 849 866 et
870 808 1014 865 tanti
1048 808 1184 863 boni
1219 824 1430 862 nomen
1456 808 1623 862 {mdis
1653 824 1855 879 opera-

208 905 469 959 tionibus
498 903 788 973 occupant
818 917 831 955 :
866 899 1157 971 patientes
1190 896 1457 952 rivalium
1501 901 1557 952 et
1606 896 1853 951 divitum

210 998 267 1048 et
296 992 673 1047 invitatorum
697 989 829 1060 (94),
864 986 1237 1059 impatientes
1270 984 1453 1041 solius
1488 985 1583 1040 Dei
1633 985 1851 1040 vivunt.

1960 556 2136 613 quam
2178 541 2380 595 subter
2429 540 2581 611 ignis
2635 540 2744 609 (97)
2806 544 3119 608 exspectat.
3176 540 3460 597 Caeterum
3516 560 3624 599 nos

1968 646 2213 685 amenus
2248 628 2583 700 patientiam
2616 629 3092 700 Dei,pattentiam
3126 629 3337 685 Christi
3376 648 3625 703 :repen-

1966 719 2176 773 damus
2206 717 2287 772 illi
2319 734 2495 788 quam
2530 736 2632 789 pro
2667 719 2835 773 nobis
2869 718 2992 788 ipse
3038 718 3315 790 dependit
3346 720 3409 776 ‘5.
3466 720 3623 776 Oﬂ‘e-

1967 822 2168 860 ramus
2201 806 2542 876 patientiam
2577 806 2842 877 spiritus,
2877 806 3219 878 patientiam
3263 809 3480 880 carnis,
3520 826 3599 881 qu

1968 894 2023 949 in
2058 894 2544 951 resurrectionem
2591 895 2634 929 ⁴⁹
2686 894 2881 951 carnis
2924 901 2981 951 et
3013 895 3260 968 spiritus
3291 898 3614 955 credimus.

1634 1102 1837 1163 Variae
1868 1102 2189 1163 lectiones.

276 1216 322 1259 ‘6
352 1212 817 1270 Contumeliosos
865 1209 1129 1283 patronis
1167 1210 1369 1284 Wouw.
1413 1208 1530 1284 MS.
1552 1208 1993 1284 contumeliosis
2038 1208 2299 1284 pati-opis
2347 1208 2551 1284 Ιὲξσαζ.Δ
2607 1209 2651 1253 ⁸ο
2695 1206 2844 1284 Gula
2894 1209 3095 1284 Wouw.
3132 1208 3254 1284 MS._
3299 1218 3610 1284 utrumque

204 1288 356 1343 abest
388 1288 598 1357 Rigalt.
674 1286 716 1321 ‘7
746 1280 1013 1339 Viderint
1043 1298 1209 1336 suam
1244 1282 1334 1335 sui
1365 1280 1641 1353 prasides
1671 1297 1847 1351 quam
1881 1282 2044 1335 Fran.

2122 1280 2166 1313 ⁸⁸
2193 1280 2458 1336 Defendit
2489 1280 2654 1337 Rhen.
2730 1281 2775 1315 ⁴⁹
2804 1280 2909 1344 Qui
2948 1281 3436 1340 resurrectionem
3464 1280 3572 1340 ,Ιίιη
3596 1324 3609 1339 .

1647 1398 1794 1457 Com
1807 1396 2171 1457 mentarius.

202 1510 301 1583 qui
342 1512 623 1566 notantur
668 1505 912 1583 infamia
942 1509 1014 1574 (o.
1136 1502 1461 1583 _athle_tas),_
1488 1502 1845 1583 lenocinium

208 1574 342 1655 tiicit
372 1584 469 1655 qui
508 1578 862 1655 qumstuaria
894 1576 1187 1655 mancipia
1215 1574 1511 1655 habuerit,
1537 1574 1845 1655 sed‘etqui

203 1656 262 1710 ib
296 1646 492 1709 liberis
526 1646 695 1721 (adde
718 1666 785 1704 ex
814 1646 1107 1704 sententia
1126 1648 1378 1702 auctoris
1402 1646 1848 1717 uxorem),hunc

206 1732 494 1799 quaestum
528 1728 772 1799 exercet.
808 1723 951 1799 Plias.

280 1800 385 1878 (92)
419 1788 781 1878 Hucapandis
810 1793 1165 1878 orbitatibas.
1205 1789 1523 1878 Notissima
1565 1794 1651 1843 est
1677 1788 1851 1878 sedu-

205 1859 341 1925 litas
371 1859 858 1939 haeredipetarum
891 1864 989 1934 qui
1021 1863 1190 1917 orbos
1216 1861 1559 1939 caelibesque
1593 1859 1848 1939 muneri-

208 1942 318 1997 bus
349 1932 626 2011 omnique
648 1932 973 2013 ol'ﬁciorujm
998 1951 1206 2013 genere
1241 1932 1553 2013 palpabant
1678 1934 1848 2013 heare
1880 1940 1925 2003 Β

206 2014 307 2067 des
339 2002 751 2067 scriberentur.
786 2010 865 2064 De
910 2002 1071 2061 iisin
1126 2002 1435 2059 Paradoitis
1486 2002 1735 2058 Tullius.
1771 2003 1849 2057 De

206 2085 413 2137 iisdem
453 2086 512 2138 Β.
548 2083 956 2151 Hieronymus,
988 2076 1168 2148 Epist.
1202 2080 1258 2151 2,
1290 2093 1415 2147 quae
1464 2083 1553 2130 est
1581 2076 1654 2129 ad
1684 2075 1848 2136 Nepo-

204 2159 428 2211 tianum
472 2172 490 2208 :
540 2176 567 2203 «
630 2150 813 2208 Audio
870 2156 1167 2221 praeterea,
1242 2150 1297 2201 in
1358 2164 1539 2221 senes
1584 2154 1641 2201 et
1699 2164 1846 2221 anus

206 2230 427 2297 absque
459 2226 679 2292 liberis,
702 2218 1105 2299 quorumdam
1126 2226 1309 2299 turpe
1347 2218 1668 2299 servitium.
1700 2219 1846 2299 ipsis

205 2291 506 2371 apponunt
534 2291 838 2371 matulam,
871 2294 1141 2371 obsident
1167 2291 1401 2371 lectum,
1448 2291 1845 2371 purulentiarr.

206 2362 494 2426 stomachi
545 2376 601 2423 et
652 2367 985 2439 phlegmata
1042 2363 1336 2439 pulmonis
1386 2380 1563 2439 manu
1615 2362 1847 2439 prOpri_a

200 2443 537 2513 suscipiunt
564 2434 759 2513 nete.
792 2434 936 2491 Vide
969 2442 1147 2513 totam
1208 2435 1537 2513 epistolam,
1592 2440 1772 2513 temo
1802 2434 1841 2513 [τ

206 2521 281 2569 Ds
315 2504 416 2568 Pa.
449 2543 518 2552 —-
555 2536 575 2560 ι
609 2512 746 2575 Quae
797 2507 1162 2577 ancupandis
1209 2507 1584 2561 orbitatibus.
1623 2528 1648 2553 ››
1674 2504 1847 2559 Notat

201 2590 687 2642 testamentorum
721 2587 1070 2647 captatores,
1110 2595 1259 2649 quos
1290 2579 1469 2633 satira
1498 2578 1847 2631 duodecima

201 2660 397 2729 arguit
427 2655 745 2710 Juvenalis.
781 2653 965 2729 BHEN.
1080 2724 1089 2729 Δ
1247 2724 1257 2729 _
1395 2720 1430 2729 __
1481 2723 1490 2729 ⁸
1761 2718 1771 2728 ⁹

274 2720 386 2801 (93)
436 2729 569 2797 Quae
615 2726 821 2782 ventris
850 2724 1193 2801 _operarios.__
1232 2720 1499 2792 Appellat
1548 2720 1845 2788 operarios

198 2792 625 2867 ventrisfcum
670 2792 983 2867 parasitos
1012 2801 1068 2849 et
1122 2792 1447 2867 alienarum
1500 2806 1843 2845 mensarum

199 2872 479 2933 asseclas,
512 2871 727 2941 quibus
759 2870 904 2923 nihil
938 2866 1095 2921 aliud
1128 2872 1218 2920 est
1248 2866 1435 2941 magis
1468 2878 1844 2941 curae_,_q.uam

201 2951 267 3000 ut
307 2943 493 2997 ventri
530 2934 797 2997 'satistiat
838 2957 850 2994 :
906 2942 1031 2993 tum
1078 2954 1177 2993 eos
1227 2934 1437 3008 quise
1486 2934 1547 3008 in
1598 2934 1844 2989 divitum

196 3016 528 3071 clientelam
567 3015 829 3078 tradunt,
865 3010 1080 3081 quibus
1130 3008 1211 3063 illi
1266 3013 1470 3080 postea
1502 3007 1841 3061 abutantur.

1958 1502 2491 1629 lftnsxv—tt'entris
2518 1504 2818 1575 operarios.
2854 1504 3149 1561 Parasitos
3182 1522 3333 1579 quos
3363 1511 3419 1563 et
3452 1508 3617 1564 Luci-

1984 1592 2093 1629 ius.
2178 1591 2243 1629 en
2282 1592 2370 1629 res
2406 1592 2419 1629 :

1984 1592 2093 1643 ius,
2137 1591 2370 1630 ventres
2406 1592 2419 1630 :

2178 1689 2348 1741 Vivite,
2383 1688 2619 1740 lurcones,
2647 1690 2954 1743 comedones,
2986 1690 3141 1742 vivite,
3178 1696 3396 1739 ventr.s.

2031 1794 2159 1859 Ipse
2187 1788 2455 1862 Tertull.,
2507 1791 2565 1862 in
2615 1789 2835 1860 Apolog.
2874 1808 2888 1862 :7
2922 1813 2949 1840 ι(
2998 1791 3243 1846 Parasiti
3297 1791 3452 1862 apud
3507 1807 3608 1847 vos

1958 1862 2229 1917 aiI‘eciant
2276 1862 2346 1915 ad
2395 1860 2641 1931 gloriam
2716 1861 3064 1917 famulandae
3131 1860 3443 1927 libertatis,
3495 1864 3605 1919 sub

1960 1937 2397 1989 auctoramento
2422 1932 2637 1988 ventris
2661 1932 2813 2006 inter
2829 1934 3216 1989 contumelias
3231 1934 3605 2006 saginandi.»

1958 2006 2268 2076 Propterea
2313 2022 2443 2060 mox
2494 2003 2880 2075 parasitorum
2932 2007 3267 2062 invitatores
3300 2003 3605 2061 contume-

1958 2079 2135 2133 liosos
2162 2083 2434 2150 patronos
2467 2083 2786 2150 nuncupat.
2805 2082 2999 2150 (Atque
3030 2078 3141 2149 ipsi
3175 2079 3422 2149 parasiri
3448 2079 3602 2150 apud

1957 2151 2235 2219 comicos,
2279 2148 2674 2221 plagipatidae,
2697 2149 2913 2221 et_duri
2946 2148 3271 2221 capitones.
3340 2152 3409 2205 Et
3455 2148 3604 2205 invi-

1956 2228 2210 2275 tatorum
2248 2238 2459 2275 mense:
2493 2220 2729 2289 iniqua,
2759 2219 3059 2277 Juvenaliis
3091 2222 3212 2277 Sat.
3247 2222 3371 2277 RIG.

2032 2293 2145 2363 (94)
2177 2293 2452 2346 Patientes
2480 2292 2743 2346 rivalium
2773 2296 2821 2346 et
2853 2294 3094 2347 divitum
3134 2298 3183 2348 et
3224 2295 3604 2348 invitatorum.

1957 2364 2249 2419 Patientes
2278 2363 2546 2418 rivalium
2578 2364 2716 2416 dicit
2749 2366 2990 2420 maritos
3022 2366 3153 2419 dote
3183 2366 3418 2419 venales
3453 2382 3466 2419 :
3501 2365 3608 2418 Pa-

1956 2438 2168 2490 tientes
2218 2436 2463 2490 divitum
2516 2436 2898 2506 haeredipetas
2956 2437 3304 2492 insidiantes
3357 2436 3605 2490 divitum

1956 2508 2345 2574 orbitatibus;
2384 2508 2667 2577 patientes
2701 2508 3104 2575 invitatorum,
3155 2508 3470 2577 parasitos,
3503 2509 3605 2578 qui

1957 2581 2106 2650 apud
2140 2580 2479 2634 invitatores
2511 2579 3105 2635 contumeliosissime
3127 2580 3605 2652 pascebant.RtG.

2026 2654 2135 2721 (95)
2169 2652 2272 2723 Sed
2304 2651 2499 2723 viderit
2528 2668 2647 2705 sua.
2685 2651 2911 2706 Viderit
2953 2651 3234 2723 patientia
3262 2652 3602 2719 Nationum,

1956 2739 2082 2792 quae
2118 2722 2326 2777 rivales
2359 2728 2417 2777 et
2449 2722 2654 2777 divites
2684 2728 2743 2778 et
2773 2722 3111 2781 invitatores
3142 2722 3607 2779 contumeliosis-

1957 2796 2137 2849 simos
2171 2795 2407 2861 patitur.
2446 2794 2569 2848 Rm.

2029 2868 2136 2934 (96)
2171 2866 2270 2920 Sui
2296 2866 2589 2935 prasidiis.
2620 2870 2865 2921 Satanae.
2898 2866 3025 2921 Βία.

2026 2938 2133 3006 (97)
2167 2938 2359 2992 Subter
2388 2939 2551 3007 ignis.
2593 2939 2753 3009 Ignis
2783 2940 2979 2993 arcani
3030 2938 3141 2994 sub
3190 2944 3409 2995 terram
3476 2939 3606 2995 the-

1956 3024 2190 3065 saurus.
2224 3014 2352 3063 RIG.

195 3160 3421 3492 MULLIANI

808 3555 1024 3649 AD
1129 3549 1870 3652 UXOREM
1937 3549 2426 3649 ιιΒιιι
2544 3550 2875 3650 DUO
2922 3533 2990 3648 1.

1434 3721 1800 3814 LIBER
1868 3720 2355 3816 PRIMUS.

1591 4026 2219 4084 ARGUMENTUM.

266 4141 669 4207 Tertullianus,
704 4141 822 4199 sive
851 4146 1012 4197 astate
1044 4139 1127 4196 vel
1164 4140 1359 4196 morbo
1385 4142 1809 4211 ingravescente
1840 4141 2237 4208 monitus,sive
2261 4142 2379 4212 jam
2412 4142 2580 4200 rebus
2611 4143 2975 4201 saecularibus
3004 4144 3269 4200 nuntium
3311 4143 3608 4212 missurus,

197 4240 255 4287 ut
284 4233 497 4288 arctius
527 4231 904 4286 Christianam
942 4229 1296 4299 proﬁteretur
1326 4230 1713 4300 disciplinam,
1745 4237 1796 4286 et
1822 4231 1892 4284 ad
1946 4231 2212 4286 sublimis
2262 4233 2561 4289 sacerdotii
2610 4233 2829 4303 festigia
2876 4232 3227 4300 eveheretur,
3277 4234 3346 4287 ad
3378 4248 3608 4288 uxorem

198 4325 358 4390 quasi
393 4321 711 4375 testamenti
745 4319 963 4374 tabulas
991 4319 1287 4385 condiditi,
1321 4320 1461 4375 duos
1493 4336 1696 4388 nempe
1728 4319 1895 4375 hosce
1926 4319 2122 4385 libros,
2154 4322 2212 4375 iu
2244 4336 2485 4389 quorum
2522 4322 2703 4389 primo
2732 4338 2966 4377 uxorem
3026 4338 3192 4377 suam
3240 4322 3500 4377 hortatur
3555 4325 3618 4375 ut

198 4410 241 4462 si
277 4409 431 4480 prior
454 4410 574 4479 ipse
599 4409 667 4463 ad
705 4407 1007 4463 Dominum
1040 4407 1382 4476 migraverit,
1416 4425 1447 4461 a
1478 4408 1744 4462 secundis
1775 4407 1985 4476 unptiis
2024 4407 2328 4473 abstineat,
2364 4409 2421 4462 in
2455 4409 2635 4464 altero
2683 4424 2811 4464 vero
2864 4409 3118 4479 praecipit
3169 4416 3230 4463 ut
3277 4410 3323 4463 si
3382 4410 3617 4481 nubere,

199 4498 356 4568 velis,
387 4505 608 4554 tantum
639 4512 768 4554 cum
800 4496 1120 4553 Christiano
1150 4496 1267 4552 viro
1293 4496 1689 4566 conjungatur.
1724 4496 1818 4551 Sic
1849 4512 1908 4550 se
1941 4495 2105 4551 habet
2135 4497 2311 4551 totius
2339 4497 2526 4567 operis
2548 4505 2896 4569 prospectus.

743 4744 977 4800 CAPUT
1022 4743 1323 4799 PRIMUM.

280 4835 537 4905 Dignum
587 4834 724 4889 duxi
774 4834 817 4904 ²,
873 4832 1251 4887 dilectissime
1304 4831 1448 4885 mihi
1482 4832 1590 4885 8in
1618 4832 1861 4887 Domino

209 4939 509 4990 conserva,
543 4924 679 4994 quid
716 4922 819 4977 tibi
856 4922 1202 4977 sectandum
1249 4921 1325 4975 sit
1373 4925 1505 4992 post
1536 4921 1862 4976 discessum

209 5012 281 5067 de
313 5012 528 5069 saeculo
560 5029 781 5080 meum,
830 5011 879 5065 si
932 5010 1092 5082 prior
1122 5014 1177 5065 te
1224 5009 1389 5065 fuero
1439 5016 1697 5079 vocatus,
1735 5010 1863 5078 jam

1980 4744 2116 4799 hinc
2173 4744 2476 4816 providere
2535 4745 2784 4811 I275;
2848 4748 2911 4799 ut
2969 4743 3268 4816 provisum
3329 4745 3625 4817 observes,

1975 4835 2257 4888 mandare
2291 4834 2423 4887 fidei
2452 4839 2565 4888 tum
2616 4838 2757 4888 Nam
2792 4833 3172 4888 saecularibus
3212 4834 3357 4890 satis
3388 4842 3628 4907 agentes

1976 4937 2185 4976 sumus
2216 4926 2271 4977 et
2309 4922 2545 4993 utrique
2578 4927 2846 4977 nostrum
2898 4921 3234 4978 consultum
3278 4923 3552 4979 volumus
3583 4925 3622 4980 ⁸.

1978 5010 2035 5065 Si
2069 5010 2288 5065 talibus
2329 5010 2561 5067 tabulas
2592 5011 2936 5067 ordinamus
2969 5012 3068 5082 (1),
3115 5026 3218 5067 cur
3269 5028 3384 5067 non
3437 5012 3629 5085 magis

1611 5128 1813 5188 Variae
1858 5129 2180 5189 lectiones.

287 5242 303 5274 ¹
338 5237 576 5294 Additur
605 5237 676 5291 de
708 5234 843 5290 unis
874 5234 1099 5305 nuptiis
1131 5235 1295 5289 Fran.

1400 5235 1421 5267 ²
1450 5234 1701 5304 Dignum
1738 5234 1899 5301 duxi,
1934 5237 2103 5307 abera
2133 5252 2166 5289 a
2192 5237 2377 5306 prima
2425 5234 2596 5291 Rhcn.
2676 5236 2695 5270 ³
2726 5236 2806 5289 Ita
2852 5236 3017 5289 Fran.
3064 5235 3247 5307 Paris.
3308 5236 3428 5307 Rig.
3481 5237 3630 5293 mihi

210 5307 358 5381 delet
388 5310 615 5364 Semter.
652 5380 660 5381 ί
693 5308 715 5340 ⁸
746 5308 929 5381 Itonos:
957 5308 1297 5381 auctoritate
1327 5306 1449 5360 cod.
1483 5307 1649 5381 Agob.
1683 5323 1860 5381 cons._
1875 5306 1987 5362 vol.
2025 5308 2236 5381 talibus
2268 5307 2485 5381 talibus
2519 5307 2645 5362 ord.
2679 5308 2823 5360 hunc
2853 5307 3029 5381 testim
3059 5306 3379 5381 emendavit
3401 5310 3631 5381 Rigalt:

224 5379 515 5447 Woawer;
544 5381 599 5434 Si
632 5380 702 5435 de
735 5379 952 5434 talibus
982 5379 1105 5433 ord.
1139 5379 1309 5432 Semt.
1345 5394 1414 5432 ex
1441 5381 1522 5432 ed.
1560 5380 1740 5448 princ.
1776 5378 2049 5435 volumus
2098 5379 2315 5435 talibus
2347 5380 2473 5435 ord.
2507 5380 2696 5434 cwteri
2728 5394 2742 5433 :
2774 5382 2832 5433 et
2861 5377 3078 5434 talibus
3114 5378 3262 5450 ord.,
3293 5378 3385 5435 vel
3416 5377 3634 5437 si'tali-

213 5449 327 5507 bus
357 5453 483 5508 ord.

1640 5553 1787 5611 Com
1799 5552 2163 5612 mentarius.

289 5660 365 5730 (1)
398 5662 620 5717 Talibus
658 5659 873 5714 tabulas
919 5657 1263 5713 ordinamus.
1310 5657 1730 5728 Tertullianus,
1781 5664 1878 5713 Ec-

1988 5664 2256 5715 vescente
2315 5658 2673 5727 admonitus,
2738 5656 2918 5713 libros
2996 5659 3066 5713 ad
3144 5675 3383 5718 uxorem
3441 5661 3639 5721 adhuc

222 5728 414 5790 etesiae
444 5730 926 5802 Carthaginensis
961 5730 1286 5803 presbyter,
1320 5736 1491 5788 atate
1531 5732 1649 5803 jam
1682 5732 1874 5802 ingra—
1985 5731 2242 5789 vividam
2276 5731 2447 5801 duos,
2477 5729 2647 5802 quasi
2678 5730 3017 5788 testamenti
3045 5730 3280 5791 tabulas
3328 5732 3591 5793 condidit
3620 5753 3637 5795 :

541 5863 813 5927 Panos.
862 5860 915 5925 Ι.

3233 5865 3316 5928 μ
