4050 6350
393 313 574 405 1337’

943 340 1468 401 TERTULLIANI
1511 339 1835 402 OPERUM
1881 340 2079 400 PARS
2124 341 2171 400 1.
2206 373 2282 384 --
2315 339 2585 400 SERIES
2629 340 2706 408 II.
2753 338 3236 400 DOGMATICA.

3643 336 3811 398 1388

395 478 466 532 de
494 473 706 529 divinis
738 477 913 543 atque
945 471 1276 527 coelestibus
1305 470 1629 542 posteritati
1660 476 1869 527 nostra:
1902 488 2033 544 pro-
2063 474 2119 539 Α
2148 469 3132 541 seculodigressisnullarestitutio
3150 470 3500 542 nuptiarum
3524 470 3578 524 in
3605 467 3809 523 diem’

395 563 617 636 spicere
650 562 987 629 debeamus,
1020 564 1076 614 et
1117 559 1374 631 legatum
1421 559 1853 630 quodammodo
1886 577 2034 631 prae-

394 654 610 724 legare,
645 649 1104 705 admonitionem
1139 655 1194 702 et
1224 648 1782 704 demonstrationem
1830 665 2030 703 eorum

398 759 524 812 qua:
555 757 624 795 ex
669 737 838 794 bonis
889 737 1341 804 immortalibus,
1385 741 1442 792 et
1491 738 1582 808 [de
1626 738 1668 809 ⁵]
1701 737 2036 792 inmeditate

399 828 673 884 caelorum
707 827 1061 896 deputantur
1087 829 1108 880 Ρ
1136 826 1220 880 Tu
1260 826 1429 880 modo
1460 829 1524 879 ut
1553 825 1806 880 solidum
1834 841 2038 896 capere

400 915 612 989 possis,
666 915 771 970 hoc
819 929 956 968 mea:
1023 913 1444 968 admonitionis
1491 915 1512 948 ⁸
1560 913 1692 968 ﬁdei
1759 914 2036 968 commis-

401 1022 530 1061 sum
568 1007 664 1076 (2),
699 1005 846 1058 Deus
881 1001 1058 1056 faciat
1091 1018 1103 1055 :
1138 1002 1228 1056 cui
1264 1003 1340 1055 sit
1368 1002 1576 1069 honor,
1627 1001 1835 1072 gloria,
1868 1002 2037 1056 clari-

399 1099 510 1163 tas,
542 1091 797 1163 dignitas
826 1092 868 1158 7,
902 1095 1157 1161 potestas
1187 1091 1227 1159 ⁸,
1264 1107 1418 1144 nunc
1449 1096 1504 1145 et
1537 1091 1593 1144 in
1623 1089 1836 1144 saecula
1857 1107 2036 1145 seacu-

398 1183 612 1250 lorum,
644 1197 835 1234 amen.
869 1177 1144 1248 Praecipio
1176 1179 1358 1249 igitur
1406 1178 1532 1247 tibi,
1585 1183 1804 1249 quanta
1854 1179 2037 1233 conti-

399 1270 599 1326 nentia
644 1273 829 1340 potes,
879 1272 1016 1338 post
1074 1283 1376 1322 excessum
1426 1274 1688 1322 nostrum
1741 1267 2039 1321 renunties

401 1357 620 1429 nuptiis
673 1373 686 1411 :
733 1354 879 1410 nihil
928 1354 1072 1409 mihi
1121 1355 1232 1410 isto
1288 1355 1523 1410 nomine
1571 1354 1875 1420 collatura,
1930 1356 2039 1410 nisi

400 1446 554 1516 quod
603 1443 706 1499 iihi
772 1444 978 1500 1276
1031 1442 1313 1515 proderis.
1364 1446 1642 1499 Caeterum
1693 1443 2041 1499 Christianis

2143 560 2586 615 resurrectionis
2634 558 3084 629 repromittitur,
3141 558 3453 614 translatis
3483 557 3713 614 scilicet
3749 557 3809 611 in

2145 648 2465 719 angelicam
2515 647 2858 718 qualitatem
2917 651 2971 702 et
3040 646 3418 702 sanctitatem
3480 665 3494 701 :
3550 645 3809 718 proinde

2146 736 2479 791 sollicitudo
2514 735 2675 790 nulla
2705 753 2832 807 quae
2865 735 2935 789 de
2965 735 3157 789 carnis
3192 735 3318 790 zelo
3363 736 3442 807 (3)
3472 734 3560 789 vel
3595 735 3657 788 in
3691 735 3806 788 Do-

2145 825 2289 879 mini
2324 825 2670 879 scntentiam
2715 825 2874 878 illam
2910 823 2973 894 ¹⁰,
3009 839 3188 894 quam
3238 829 3462 896 septem
3519 823 3811 877 fratribus

2147 931 2248 986 per
2275 913 2702 969 successionem
2736 912 2963 984 nuptiis
2999 912 3331 983 voluerunt,
3382 913 3682 968 neminem
3719 918 3814 968 tot

2146 1003 2487 1057 maritorum
2522 1001 2965 1058 resurrectionis
2994 1001 3054 1056 in
3086 1002 3178 1056 die
3210 1002 3483 1069 offendet,
3507 1019 3615 1057 nec
3639 1003 3810 1073 quis-

2148 1106 2322 1160 quam
2361 1089 2520 1145 illam
2553 1090 2910 1145 confusurus
2938 1095 3229 1160 exspecta.
3279 1091 3532 1155 Quaestio
3571 1090 3812 1144 Saddu-

2147 1194 2395 1233 caeorum
2437 1179 2615 1234 cessit
2641 1178 2946 1233 sententiae
2975 1177 3220 1234 Domini.
3259 1178 3375 1234 Nec
3422 1180 3464 1214 ¹¹
3499 1195 3594 1232 me
3623 1184 3809 1250 putes

2148 1271 2383 1338 propter
2414 1267 2606 1322 carnis
2636 1273 2749 1321 tum
2774 1265 3170 1338 integritatem
3193 1265 3340 1321 mihi
3362 1268 3810 1323 reservandam.

2147 1356 2218 1410 de
2250 1354 2614 1411 contumelias
2661 1355 2859 1410 dolore
2910 1359 3274 1426 suspectum,
3325 1354 3632 1410 insinuare
3671 1355 3809 1424 jam

2148 1443 2284 1498 hinc
2334 1444 2437 1498 tibi
2479 1443 2791 1499 consilium
2839 1443 3144 1498 viduitatis
3197 1459 3211 1498 :
3263 1442 3412 1498 nihil
3463 1448 3606 1498 tunc
3648 1443 3812 1497 inter

1813 1543 2016 1606 Variae
2046 1542 2369 1604 lectiones.

474 1648 496 1682 δ
521 1639 600 1695 De
643 1639 792 1694 abest
820 1636 976 1693 aliis.
1051 1639 1072 1673 °
1104 1641 1184 1693 Ac
1213 1639 1463 1694 inserunt
1501 1638 1623 1693 alii.

474 1710 536 1766 ll.
571 1728 651 1766 n..
685 1726 782 1766 au.
816 1709 886 1764 de
919 1726 968 1763 c.
1002 1708 1145 1764 zelo.
1180 1709 1280 1764 Vel
1312 1709 1541 1763 Domini
1573 1726 1623 1764 εε

405 1728 536 1767 sou.
571 1728 651 1778 n.,

1701 1640 1720 1672 ⁷
1749 1638 1818 1693 Et
1859 1638 1997 1694 add.
2049 1639 2174 1694 alii.

2277 1638 2298 1673 ⁸
2347 1639 2415 1692 Et
2463 1638 2709 1694 additur.
2787 1638 2808 1673 ⁰
2849 1638 2950 1693 Die
2997 1638 3133 1694 alii.
3212 1639 3257 1674 ¹⁰
3310 1639 3522 1709 Vulgo:
3553 1636 3813 1693 Proinde

685 1726 782 1779 qu.
816 1709 886 1764 de
919 1726 968 1763 c.
1002 1708 1145 1764 zelo.
1180 1709 1280 1764 Vel
1312 1709 1541 1763 Domini
1573 1710 1860 1764 sententia
1887 1710 2158 1765 Seml.vel
2188 1708 2247 1762 in
2279 1711 2626 1765 sententiam
2661 1709 2821 1764 illam
2851 1709 2949 1764 illa
2979 1727 3150 1776 quam
3182 1713 3408 1835 septem
3439 1710 3621 1780 fr.per
3645 1725 3812 1764 socc.

705 1780 1032 1835 voluerunt.
1065 1781 1229 1835 Scml.
1266 1798 1279 1834 :
1315 1780 1534 1835 nuntiis
1561 1781 1819 1835 evolvere
1851 1797 2019 1835 nemo
2051 1785 2136 1835 tot
2181 1797 2326 1835 mar.
2371 1798 2482 1835 res.
2517 1781 2609 1835 die
2641 1781 2912 1835 offendet.
2964 1781 3088 1835 Cod.
3139 1783 3246 1835 Aao
3289 1823 3301 1835 .
3339 1797 3352 1834 :
3385 1780 3638 1835 Proinde
3672 1779 3807 1835 8011.

404 1783 678 1853 nupsisse
705 1780 1032 1853 voluerunt,
1065 1781 1229 1853 Scml.
1251 1798 1279 1853 A:
1315 1780 1534 1853 nuptiis
1561 1781 1819 1836 evolvere
1851 1797 2019 1836 nemo
2051 1785 2136 1853 tot
2181 1797 2326 1853 mar.
2371 1798 2482 1836 res.
2517 1781 2609 1836 die
2641 1781 2912 1836 offendet.
2964 1781 3088 1836 Cod.
3139 1780 3301 1852 Agob.

3339 1797 3352 1834 :
3385 1779 3638 1835 Proinde
3672 1779 3807 1836 8011.

406 1872 465 1910 0.
491 1850 616 1923 quae
648 1853 718 1907 de
747 1869 797 1906 e.
829 1850 950 1906 zelo
978 1852 1156 1923 venit,
1188 1851 1361 1906 etiam
1397 1850 1556 1906 illam
1591 1869 1766 1923 quam
1802 1857 2023 1922 septem
2058 1852 2337 1906 fratribus
2369 1870 2470 1923 per
2498 1854 2929 1907 successionem
2966 1850 3313 1907 maritorum
3348 1852 3812 1907 resurrectionis

407 1921 531 1980 dies
555 1924 823 1991 offendet,
855 1927 963 1977 etc.
996 1921 1138 1977 unde
1167 1924 1372 1990 Rigalt.
1405 1923 1523 1978 haec
1553 1921 1668 1979 sola
1699 1921 1936 1978 retineri
1955 1924 2129 1992 jussit
2157 1940 2176 1977 .·
2208 1921 2452 1979 Proinde
2483 1924 2610 1979 8011.
2654 1941 2713 1980 0.
2767 1940 2893 1994 quas
2924 1924 2995 1979 de
3021 1941 3070 1979 c.
3122 1941 3171 1978 z.
3223 1924 3382 1978 venit
3419 1925 3598 1979 etiam
3635 1923 3808 1978 illam

407 2001 630 2067 septem
665 1994 1006 2049 maritorum
1037 2010 1148 2049 res.
1183 1995 1275 2050 die
1307 1994 1577 2050 offendet.
1657 1995 1696 2031 “
1728 1995 1808 2049 Ne
1841 1994 2066 2050 Semler.

1813 2091 2336 2154 Commentarius.

409 2206 658 2263 quorum
681 2188 870 2263 altero
903 2189 1144 2263 quidem
1173 2188 1573 2263 delectissimai
1619 2190 1882 2259 conjugis
1916 2190 2047 2246 fidei
2079 2195 2126 2259 Β
2155 2189 2471 2263 Sequentia
2501 2205 2634 2244 vero
2663 2204 2676 2243 ε
2717 2209 2739 2238 ι
2773 2188 2880 2263 Illa
2909 2206 3082 2260 quam
3115 2192 3337 2261 septem
3387 2189 3673 2245 fratribus
3705 2207 3815 2262 per

409 2260 742 2325 committit,
774 2265 838 2315 ut
869 2261 918 2315 si
951 2261 1108 2330 prior
1132 2260 1256 2330 ipse
1286 2262 1356 2314 ad
1407 2261 1719 2316 Dominum
1755 2263 2045 2332 migrave-

410 2335 506 2402 rit,
539 2331 1079 2404 nuptiissecundis
1123 2332 1446 2404 abstineat;
1480 2332 1657 2388 altero
1690 2331 1951 2403 praecipit
1981 2338 2046 2404 ut

412 2406 462 2461 si
496 2403 693 2459 minus
739 2403 1155 2458 abstinendum
1205 2403 1315 2457 sibi
1371 2404 1564 2468 ducat,
1612 2408 1844 2458 tantum
1876 2403 2043 2458 Chri-

412 2475 586 2532 stiani
619 2475 856 2546 nuptias
888 2479 1188 2546 sequatur.
1236 2475 1436 2544 Itaque
1485 2475 1673 2545 priore
1721 2475 1868 2529 libro
1901 2492 2042 2546 prae-

413 2549 588 2615 fatur,
641 2545 828 2600 hance
877 2563 1075 2600 curam
1126 2545 1362 2599 homine
1410 2561 1538 2601 esse
1585 2545 1913 2600 Christiano
1957 2547 2047 2601 di-

415 2619 784 2690 gnissimam.
815 2616 1040 2690 Etenim
1091 2632 1294 2690 omnes
1345 2615 1525 2690 ferme
1559 2616 1840 2690 homines
1873 2617 2048 2672 rebus

416 2686 563 2751 Suis,
595 2686 870 2742 humanis
900 2693 956 2742 et
987 2687 1354 2751 mortalibus,
1387 2688 1631 2743 sollicite
1680 2695 1851 2758 atque
1882 2689 2050 2744 anxie

418 2759 738 2832 providere,
772 2774 838 2812 ac
869 2775 1045 2832 super
1074 2758 1159 2832 iis
1179 2759 1410 2832 tabulas
1443 2759 1884 2832 ordinare,quas
1915 2759 2047 2832 dili-

416 2829 755 2902 gentissime
786 2829 1000 2884 servari
1033 2829 1293 2901 cupiant.
1333 2831 1490 2894 Quod
1545 2830 1592 2884 si
1627 2830 2050 2885 momentaneis

417 2900 482 2958 ac
513 2900 785 2972 perituris
817 2900 1118 2971 tantopere
1145 2907 1390 2972 cavent,
1442 2917 1545 2955 cur
1587 2918 1699 2956 non
1747 2903 1933 2971 magis
1981 2902 2050 2957 de

417 2970 630 3029 divinis
661 2976 833 3042 atque
865 2970 1296 3028 immortalibus
1351 2972 1522 3027 bonis
1569 2970 1891 3042 posteritati
1931 2990 2050 3027 suae

419 3043 752 3101 consultum
802 3043 1043 3098 velint?
1094 3065 1117 3093 ι)
1171 3049 1313 3098 Nam
1374 3043 1768 3110 saecularibus,
1839 3044 2048 3114 inquit,

418 3114 561 3172 satis
592 3118 829 3185 agentes
851 3119 1143 3180 sumus,et
1166 3115 1398 3185 utrique
1429 3120 1692 3170 nostrum
1718 3114 2051 3169 consultum

417 3187 708 3259 volumus.
743 3185 800 3239 Si
833 3185 1052 3259 talibus
1083 3186 1446 3259 ordinamus,
1480 3203 1583 3259 cur
1607 3203 1722 3259 non
1758 3186 1947 3259 magis
1983 3187 2054 3240 de

421 3257 635 3316 divinis
681 3259 856 3326 atque
907 3256 1240 3312 coelestibus
1293 3257 1620 3326 posteritati
1668 3256 1883 3312 nostrai
1922 3274 2052 3326 pro-

421 3329 644 3400 spicere
674 3327 1038 3400 debeamus?
1070 3328 1220 3400 »δίο
1267 3326 1325 3382 in
1374 3328 1627 3400 vulgatis
1672 3326 2051 3400 editionihus.

420 3398 562 3456 Aliis
594 3399 830 3470 placuit,
861 3398 1001 3470 side
1036 3398 1244 3470 talibus
1288 3399 1627 3455 ordinamus.
1691 3399 1861 3455 Liber
1913 3401 2057 3470 Ago-

423 3469 884 3540 bardi’genuinaa
916 3469 1179 3524 lectionis
1223 3471 1466 3540 vestigia
1513 3472 1763 3526 servavit
1795 3487 1807 3525 :
1845 3492 1871 3521 «
1909 3469 2054 3527 Utri-

2157 2260 2586 2315 successionem
2636 2261 2936 2332 nupsisse,
2979 2260 3310 2330 voluerunt,
3361 2263 3660 2316 neminem
3708 2260 3814 2316 tot

2156 2332 2499 2386 maritorum
2532 2331 2975 2388 resurrectionis
3007 2333 3100 2387 die
3129 2333 3400 2398 offendet,
3429 2353 3452 2384 ι
3487 2333 3811 2388 Tertullia-

2156 2404 2353 2457 nicum
2387 2402 2619 2457 dicendi
2667 2419 2851 2528 genus
2903 2403 3145 2460 minime
3195 2404 3456 2475 sapiunt.
3505 2405 3810 2476 Agobardi

2156 2473 2302 2528 liber
2349 2475 2630 2528 mendosa
2711 2491 2790 2528 ssc
2821 2491 2949 2528 esse
2995 2475 3236 2528 indicat.
3281 2491 3482 2528 verum
3537 2493 3641 2528 nec
3679 2476 3810 2528 inse

2156 2473 2302 2528 liber
2349 2473 2790 2548 mendosaAhaac
2821 2491 2974 2548 esse
2995 2475 3236 2548 indicat,
3265 2473 3507 2548 verum,
3537 2473 3641 2530 nec
3679 2476 3816 2548 ipse

2157 2550 2316 2600 caret
2345 2546 2597 2599 mendis.
2631 2545 2726 2599 Sic
2773 2547 2926 2600 enim
2963 2545 3138 2602 habet
3170 2564 3182 2601 :
3215 2569 3242 2596 «
3294 2547 3651 2602 Christianis
3702 2545 3816 2602 se-

2158 2615 2286 2670 culo
2337 2616 2617 2687 digressis
2668 2616 2830 2672 nulla
2877 2617 3169 2672 restitutio
3219 2619 3559 2687 nuptiarum
3609 2619 3671 2672 in
3717 2621 3818 2675 die

2160 2688 2604 2759 resurrectionis
2644 2689 3089 2759 repromittitur,
3138 2688 3440 2744 translatis
3488 2689 3719 2744 scilicet
3749 2692 3812 2744 in

2159 2758 2482 2828 angelicam
2515 2758 2858 2829 qualitatem
2891 2765 2948 2814 et
2977 2761 3366 2816 sanctitatem.
3398 2762 3650 2816 Proinde
3684 2762 3814 2816 sol-

2158 2829 2399 2903 licitudo
2444 2829 2602 2884 nulla
2649 2847 2771 2899 quae
2829 2833 2910 2903 de,
2955 2832 3146 2886 carnis
3194 2831 3313 2887 zelo
3358 2833 3540 2896 venit,
3590 2837 3648 2886 et
3673 2835 3813 2903 jam

2160 2899 2320 2974 illam
2375 2918 2549 2972 quam
2603 2906 2842 2974 septem,
2891 2902 3170 2957 fratribus
3219 2920 3318 2974 per
3365 2899 3815 2959 successionem

2162 2973 2505 3046 maritorum
2539 2972 2981 3046 resurrectionis
3019 2975 3146 3028 dies
3171 2972 3440 3042 offendet,
3497 2992 3603 3030 nec
3631 2979 3815 3046 quis-

2162 3059 2335 3116 quam
2372 3043 2528 3097 illam
2559 3045 2913 3116 confusurus
2945 3050 3256 3116 exspectat.
3296 3069 3315 3094 ι
3351 3046 3482 3100 Haec
3529 3043 3816 3102 vetustis-

2162 3114 2296 3168 simi
2348 3114 2694 3185 exemplaris
2739 3114 3223 3185 scriptura'satis
3278 3118 3556 3172 admonet
3604 3134 3813 3174 veram

2163 3189 2336 3258 atque
2392 3203 2727 3258 germanam
2771 3187 3102 3241 adulterina
3168 3189 3499 3258 superjecta
3545 3188 3819 3245 vitiatam

2165 3255 2365 3332 fuisse,
2400 3273 2465 3332 ac
2524 3257 2646 3332 vitii
2710 3263 2930 3332 partem
2993 3274 3133 3332 sane
3186 3255 3429 3332 discutit
3462 3277 3475 3313 :
3510 3260 3818 3332 reliquum

2165 3327 2512 3400 discerniac
2544 3327 2755 3400 discuti
2786 3345 2954 3400 posse
2985 3330 3129 3383 mihi
3160 3330 3408 3398 videtur,
3441 3332 3491 3386 si
3525 3327 3822 3400 posterio-

2166 3415 2286 3470 rem
2321 3398 2622 3468 periodum
2665 3399 2746 3453 sic
2778 3399 3029 3470 legimus
3064 3417 3077 3454 :
3116 3423 3142 3450 »
3168 3403 3416 3456 Proinde
3475 3398 3822 3459 sollicitudo

2168 3468 2331 3546 nulla
2359 3486 2484 3540 quae
2513 3471 2583 3524 de
2615 3471 2808 3526 carnis
2836 3468 2957 3546 sele
2988 3473 3356 3546 veinit,etiam
3389 3473 3550 3528 illam
3584 3481 3819 3546 septem

427 3546 835 3619 quenostrum
881 3540 1214 3619 consnltum
1263 3541 1533 3619 volumus
1569 3541 1795 3619 talibus
1841 3543 2058 3619 talibus
2173 3540 2517 3619 maritorum
2546 3543 2989 3619 resurrectionis
3029 3544 3123 3598 die
3178 3544 3449 3619 offendet,
3499 3562 3610 3619 nec
3650 3540 3821 3615 quis-

428 3611 787 3680 ordinamus,
828 3634 848 3659 ν
886 3617 993 3666 etc.
1029 3611 1232 3666 Facilis
1265 3612 1642 3668 hallucinatio
1665 3613 1795 3677 fuit,
1828 3615 2058 3669 Talibus

429 3683 736 3754 scripsisse
768 3699 868 3752 pro
901 3683 1137 3755 fabulis,
1160 3685 1548 3755 iprmcedentis
1579 3683 1843 3738 vocabuli
1891 3700 2056 3755 repe-

425 3752 624 3810 cussu.
658 3757 844 3819 Quare
886 3752 973 3826 sic
1021 3753 1312 3809 edidimus
1361 3771 1374 3809 ε
1423 3778 1451 3805 ‹‹
1502 3755 1742 3826 Utrique
1784 3752 2055 3826 nostrum

424 3826 759 3883 consultum
808 3825 1079 3880 volumus
1128 3826 1346 3880 talibus
1394 3825 2056 3882 tabulas’ordinamos:

424 3915 526 3953 cur
557 3915 669 3953 non
701 3899 882 3966 magis
912 3897 982 3951 de
1036 3897 1248 3951 divinis
1299 3901 1473 3967 atque
1504 3897 1840 3968 coelestibus
1871 3902 2057 3968 poste-

423 3970 580 4024 ritati
612 3974 822 4023 nostra:
854 3968 1180 4039 prospicere
1211 3968 1527 4023 debeamus
1555 3967 1583 4021 ‘l
1622 3990 1650 4017 ››
1682 3971 1805 4023 Rm.

494 4043 568 4111 (2)
604 4043 677 4096 Tu
715 4040 868 4094 modo
917 4049 975 4094 ut
1015 4041 1251 4094 solidum
1297 4055 1490 4109 capere
1531 4054 1723 4111 possis,
1775 4043 1871 4093 hoc
1915 4054 2057 4111 mox

419 4109 815 4167 admenitionis
843 4127 907 4164 ac
934 4110 1065 4179 ﬁdei
1110 4112 1474 4165 commissum.
1524 4109 1743 4164 Alludit
1786 4111 1855 4164 ad
1885 4109 2054 4164 solidi

420 4185 800 4254 capacitatem
833 4184 983 4236 inter
1012 4182 1200 4254 virum
1233 4188 1290 4236 et
1321 4197 1582 4254 uxorem,
1617 4198 1746 4254 quis
1776 4198 1890 4236 non
1941 4181 2054 4237 nisi

419 4252 594 4310 certis
627 4254 858 4310 casibus
891 4253 1339 4323 permittebatur
1368 4270 1434 4308 ex
1467 4252 1589 4322 lege
1635 4253 1790 4307 Julia
1827 4257 1881 4308 et
1913 4257 2057 4323 Pap-

418 4326 529 4396 pia.
561 4328 684 4391 Qua
715 4326 785 4379 de
816 4341 873 4379 re
904 4328 1089 4378 exstat
1119 4324 1271 4379 inter
1304 4325 1625 4396 fragmenta
1657 4323 1884 4396 Ulpiani
1918 4324 2054 4396 titu-

415 4393 512 4452 tus
557 4414 670 4451 xvr.
719 4397 801 4450 Ad
847 4396 1080 4450 easdem
1149 4393 1579 4467 quoque'leges
1626 4393 1828 4467 allusit
1873 4393 2050 4467 etiam

415 4467 562 4522 libro
593 4468 658 4522 de
686 4467 1025 4536 Monogamia
1052 4483 1065 4520 :
1105 4487 1131 4514 «
1161 4466 1329 4522 Aliud
1364 4472 1453 4521 est
1484 4466 1530 4521 si
1565 4467 1717 4536 apud
1751 4466 2050 4520 Christum

412 4539 641 4610 legibus
670 4537 844 4593 Jutiis
875 4538 966 4608 agi
1017 4536 1284 4601 credunt,
1319 4543 1388 4610 iet
1440 4537 1774 4610 existimant
1823 4537 2051 4592 caelibes

414 4607 672 4666 et_orbos
702 4626 794 4734 ἐκ
835 4613 1184 4664 testamento
1237 4607 1333 4664 Dei
1381 4609 1634 4664 solidum
1681 4624 1886 4680 capere
1934 4625 2047 4664 non

414 4698 667 4734 posse.»
754 4697 828 4734 IG.

455 4698 606 4738 0888.
639 4701 667 4731 ³)
703 4697 828 4735 ΠῙῦ.

413 4699 606 4754 posse.
639 4701 667 4731 »
703 4699 828 4735 me.

484 4754 556 4819 (3)
589 4751 826 4807 Proinde
872 4750 1174 4804 sollicitudo
1195 4751 1396 4821 inulla,
1456 4765 1580 4821 quae
1611 4750 1682 4804 de
1708 4751 1904 4821 carnis
1933 4749 2047 4805 zelo

409 4826 576 4880 venit.
612 4824 672 4877 In
695 4821 945 4892 vulgatis
967 4820 1321 4876 editionibus
1351 4820 1604 4892 legitur:
1639 4843 1666 4870 «
1696 4820 2045 4876 Christianis

411 4893 620 4951 saeculo
643 4893 924 4963 digressis
947 4892 1107 4947 nulla
1128 4893 1420 4948 restitutio
1445 4893 1781 4963 nuptiarum
1808 4894 1864 4947 in
1889 4893 2042 4947 diem

411 4965 855 5023 resurrectionis
887 4964 1335 5033 repromittitur,
1396 4963 1698 5019 translatis
1739 4963 1960 5018 scilicet
1989 4964 2046 5018 in

411 5039 733 5107 angelicam
766 5034 1107 5105 qualitatem
1140 5040 1195 5090 et
1225 5038 1617 5107 sanctitatem,
1660 5035 1906 5107 Proinde
1936 5035 2048 5089 sol-

409 5105 653 5164 licitudo
685 5107 847 5162 nulla
878 5123 1000 5177 quae
1032 5108 1102 5161 de
1133 5107 1326 5161 carnis
1357 5107 1499 5174 zelo,
1532 5105 1617 5161 vel
1651 5105 1874 5160 Domini
1907 5122 2042 5160 sen-

408 5181 613 5248 tentia,
646 5179 748 5234 illa
779 5195 951 5249 quam
986 5183 1210 5248 septem
1269 5179 1549 5234 fratribus
1581 5193 1683 5248 per
1720 5177 2043 5249 successio-

407 5269 540 5309 nem
571 5248 846 5322 nupsisse
875 5249 1204 5322 voluerunt,
1239 5250 1535 5305 neminem
1568 5253 1650 5322 tot
1697 5248 2040 5322 maritorum

406 5319 851 5380 resurrectionis
895 5321 986 5377 die
1042 5322 1312 5386 offendat,
1365 5337 1468 5376 nec
1522 5321 1828 5390 quisquam
1879 5319 2038 5376 illam

404 5395 756 5451 confusurus
788 5396 1100 5462 exspectat.
1135 5391 1382 5457 Quaestio
1433 5392 2041 5462 Sadducaeorumicee-

405 5468 485 5522 sit
530 5464 830 5520 sententiae
883 5463 1129 5518 Domini.
1181 5486 1209 5514 »
1281 5465 1413 5529 Quae
1480 5462 1647 5518 lectio
1695 5461 2041 5518 Tertulliani

403 5554 642 5594 sensum
676 5552 820 5605 pene
851 5535 1048 5589 obruit
1077 5535 1622 5606 priefocatqueﬂase
1653 5535 2036 5602 enim,Proin-

402 5611 474 5665 de
522 5608 830 5663 sollicitudo
877 5607 1038 5660 nulla
1085 5621 1210 5676 quae
1253 5606 1317 5660 de
1363 5608 1550 5662 carnis
1598 5607 1732 5671 zelo,
1786 5606 2040 5676 pendent

403 5679 762 5748 imperfecta.
790 5677 914 5732 Jam
958 5676 1100 5731 illud
1139 5677 1236 5732 Vel
1277 5679 1500 5732 Domini
1541 5677 1834 5741 sententia,
1871 5675 2038 5744 plane

401 5750 804 5819 importunum
851 5751 961 5814 est,
1010 5752 1067 5802 et
1112 5751 1494 5819 sequentibus
1538 5749 1695 5805 haud
1745 5749 2032 5820 congruit.

2169 3628 2345 3683 quam
2379 3611 2536 3667 illam
2569 3613 2924 3685 confusurus
2954 3620 3270 3685 exspectat.
3305 3618 3555 3681 Qumstio
3587 3611 3822 3674 Saddu-

2167 3699 2414 3738 caeorum
2446 3684 2622 3738 cessit
2663 3685 2963 3739 sententias
3017 3684 3263 3741 Domini.
3297 3709 3324 3736 ιι
3362 3688 3451 3741 Ait
3496 3687 3817 3744 Tertullia-

2167 3771 2504 3830 nus,_suum
2536 3754 2678 3809 illud
2713 3755 2783 3810 ad
2822 3772 3056 3830 uxorem
3100 3757 3170 3811 de
3213 3757 3430 3830 nuptiis
3482 3775 3596 3813 non
3632 3776 3816 3830 repe-

2165 3825 2357 3880 tendis
2382 3827 3008 3907 praaceptum,minim_e
3028 3843 3157 3883 esse
3176 3829 3284 3907 viri
3299 3825 3606 3907 selotypiai
3630 3825 3816 3888 livore

2166 3899 2454 3969 succensi,
2487 3898 2582 3953 cui
2613 3898 2804 3952 doleat
2835 3900 2987 3969 quod
3023 3915 3084 3955 se
3115 3905 3344 3955 mortuo
3380 3898 3522 3956 uxor
3551 3903 3814 3958 alterum

2165 3968 2274 4040 sibi
2305 3969 2496 4023 forsan
2532 3968 2946 4040 quzesitura’sit
2977 3971 3251 4026 maritum
3278 3991 3291 4039 ;
3328 3972 3548 4027 nullam
3573 3973 3714 4029 hinc
3740 3985 3812 4030 ad

2165 4039 2505 4115 defunctum
2538 4039 2950 4115 contumeliam
2999 4044 3335 4112 pervenire;
3370 4061 3579 4115 nempe
3610 4062 3813 4100 resur-

2164 4111 2412 4185 recturis
2441 4111 2785 4185 Christianis
2814 4111 3034 4167 nullam
3091 4116 3413 4184 repromitti
3465 4111 3813 4185 nuptiarum

2167 4183 2615 4247 restitutionem,
2650 4183 2835 4238 otioso
2867 4190 2924 4239 et
2951 4185 3144 4239 inutili
3179 4191 3320 4240 tunc
3371 4183 3816 4244 immortalibus

2162 4267 2407 4329 seruum
2431 4253 2838 4329 officio,__quod
2887 4255 2979 4310 hic
3029 4257 3375 4329 mortalibus
3423 4259 3718 4329 tantisper
3751 4262 3811 4314 in

2162 4324 2430 4401 solatium
2465 4324 2854 4391 mortalitatis,
2898 4335 2951 4381 et
2974 4327 3402 4401 substituendae
3431 4324 3652 4384 sobolis
3677 4347 3813 4401 gra-

2160 4396 2239 4449 tia
2298 4395 2486 4450 fuerat
2542 4412 2906 4451 concessum.
2964 4397 3068 4452 Cui
3122 4401 3421 4454 sententia:
3474 4395 3806 4457 firmandae.

2159 4465 2370 4542 Christi
2442 4467 2626 4542 ipsius
2689 4468 3090 4542 testimonium
3147 4473 3385 4541 profert,
3439 4473 3537 4542 qui
3588 4489 3721 4527 cum
3781 4493 3813 4527 a

2157 4538 2492 4619 Sa‘dducasis
2511 4544 2862 4619 argumento
2895 4540 2952 4619 in
2987 4538 3248 4596 fraudem
3281 4538 3600 4613 composito
3623 4561 3807 4619 roga-

2158 4612 2338 4683 retur.
2385 4639 2450 4649 —
2507 4608 2653 4671 Quid
2711 4611 2864 4683 olim
2901 4611 2986 4683 in
3019 4629 3328 4683 corporum
3377 4608 3810 4672 resurrectione

2157 4679 2421 4756 futurum
2454 4687 2608 4756 esset
2639 4681 2866 4756 mulieri
2900 4679 3158 4756 cuidam,
3191 4701 3317 4755 quae
3368 4692 3586 4756 septem
3622 4688 3808 4742 mari-

2154 4753 2348 4826 torum
2381 4767 2526 4806 uxor
2557 4753 2762 4821 fuerat,
2794 4753 2915 4826 hoc
2933 4759 3041 4820 est,
3066 4753 3234 4826 elatis
3258 4757 3383 4826 jam
3416 4753 3516 4812 sex
3568 4759 3805 4814 maritis

2155 4821 2402 4894 septimo
2449 4829 2747 4947 nupserat,
2801 4824 2987 4879 sexies
3035 4825 3208 4882 vidua
3248 4821 3529 4898 septimas
3561 4830 3804 4901 nuptias

2157 4893 2507 4947 constitutas
2582 4894 2791 4947 abebat
2827 4913 2839 4947 ε
2874 4897 3156 4947 malitiam
3189 4901 3533 4947 aumatinnia
3564 4901 3801 4947 simnli-

2157 4893 2507 4971 constitutas
2540 4893 2791 4950 habebat
2827 4913 2839 4950 :
2874 4897 3156 4971 malitiam
3189 4893 3533 4971 quaestionis
3564 4893 3801 4971 simpli-

2157 4964 2394 5036 cissimo
2445 4981 2722 5036 responso
2773 4969 3095 5023 confutavit
3146 4986 3158 5023 :
3206 4964 3432 5025 nullam
3485 4977 3625 5026 tunc
3679 4964 3806 5030 fore

2157 5035 2493 5111 nuptiarum
2530 5037 2884 5111 mentionem
2919 5039 3257 5096 hominibus
3281 5043 3591 5098 sanctitate
3618 5061 3796 5111 ange-

2152 5105 2265 5160 lica
2287 5108 2565 5185 donatis;
2603 5109 2960 5179 proindeque
2991 5128 3104 5185 non
3139 5128 3267 5167 esse
3306 5131 3410 5169 cur
3440 5113 3539 5168 illa
3571 5105 3800 5185 septem

2153 5178 2516 5262 maritorum.
2534 5185 2778 5262 metuat,
2810 5178 2880 5236 ne
2912 5183 3146 5262 quisde
3189 5189 3274 5240 tot
3324 5185 3551 5262 maritis
3596 5178 3801 5262 resurf

2151 5249 2427 5305 rectionis
2460 5250 2554 5306 die
2583 5257 2863 5322 tanquam
2897 5249 3182 5310 rivalibus
3231 5256 3598 5313 exulceratas
3630 5261 3797 5315 uxori

2151 5323 2455 5400 quondam
2478 5339 2598 5378 suae
2629 5323 2705 5400 sit
2725 5322 3060 5400 __molestp_s,
3085 5344 3178 5400 _ac
3202 5397 3211 5400 Α
3233 5329 3506 5399 repetitas
3555 5331 3800 5400 nuptias

2147 5391 2306 5447 velut
2335 5393 2610 5466 probrum
2643 5394 2906 5463 objictat.
2957 5391 3054 5452 Sic
3081 5396 3214 5453 libri
3245 5391 3460 5456 veteris
3506 5391 3797 5457 beneficio

2147 5481 2412 5542 verusac
2443 5482 2757 5542 germanus
2787 5466 3133 5542 Tertulliani
3166 5486 3378 5542 sensus
3409 5473 3626 5542 optime
3657 5490 3794 5528 con-

2148 5537 2434 5611 stituitur.
2469 5538 2537 5591 Et
2564 5537 2673 5611 erit
2702 5553 2885 5611 Operae
2918 5541 3170 5610 pretium
3207 5537 3478 5611 pluscula
3506 5545 3685 5598 etiam
3719 5547 3793 5602 de

2147 5607 2527 5687 sequentibus
2566 5609 2639 5687 ad
2695 5607 2961 5687 eamdem
3021 5607 3287 5687 incudem
3343 5616 3791 5687 refingere,quze

2145 5696 2277 5758 eum
2310 5679 2566 5758 editione
2603 5679 2863 5758 Pameilii
2895 5682 2944 5736 si
2988 5685 3380 5753 conferantur,
3413 5679 3790 5758 oppido'me-

2144 5749 2310 5822 liora,
2343 5751 2520 5808 etiam
2552 5767 2646 5809 me
2675 5751 2966 5812 indicente
2995 5749 3378 5830 apparebunt.
3414 5749 3541 5816 Bia.
