4050 6344
246 352 271 411 Ι
283 349 402 410 389

242 569 470 633 frivola,
504 572 624 622 tam
656 582 870 636 spurca
900 570 1051 619 Deus
1100 566 1225 620 suis
1275 565 1599 637 pollicetur.
1655 566 1764 621 Sed
1816 582 1890 620 an

240 661 344 715 tibi
398 658 487 713 vel
538 657 868 727 cuicunque
919 656 1121 711 I277
1181 654 1280 709 alii
1329 654 1553 710 feminas
1603 656 1673 710 ad
1708 656 1889 711 Deum

244 749 560 824 pertinenti
590 748 666 821 (4)
703 747 990 820 proficiat,
1023 764 1138 819 quo
1173 748 1516 814 suademus,
1542 746 1677 802 licet
1706 750 1891 802 retra-

245 846 405 898 ctare
437 841 503 896 ¹².

906 969 1135 1025 CAPUT
1165 971 1232 1025 Ιῐ.

315 1111 439 1165 Non
492 1108 731 1180 quidem
780 1106 1101 1161 abnuimus
1144 1105 1617 1176 conjunctionem
1669 1104 1774 1159 viri
1828 1119 1892 1158 ac

245 1200 474 1255 femina:
508 1196 876 1252 benedictam
909 1212 942 1250 a
989 1194 1235 1250 Domino
1285 1195 1349 1259 ¹³,
1402 1200 1465 1248 ut
1514 1194 1799 1249 sciremus
1853 1194 1895 1227 ιδ

243 1288 438 1361 generi
498 1288 754 1341 humano
812 1288 867 1340 et
917 1283 1196 1356 replendo
1254 1282 1380 1338 orbi
1440 1288 1496 1338 et
1548 1283 1890 1338 instruendo

244 1377 455 1434 saeculo
514 1376 946 1447 excogitatam,
1007 1378 1182 1444 atque
1238 1373 1447 1430 exinde
1505 1372 1888 1444 permissam;

248 1483 427 1523 unam
459 1470 679 1521 tamen.
712 1469 858 1519 Nam
890 1466 948 1518 et
974 1463 1156 1518 Adam
1188 1479 1342 1517 unus
1374 1463 1497 1517 Eva.
1532 1462 1798 1526 maritus,
1839 1466 1896 1517 et

250 1559 365 1612 Eva
396 1572 512 1610 una
543 1571 687 1609 uxor
716 1552 899 1621 illius,
931 1570 1049 1607 una
1080 1551 1309 1617 mulier,
1358 1568 1474 1606 una
1513 1556 1695 1613 costa.
1746 1552 1895 1607 Sane

246 1646 399 1719 apud
457 1648 683 1700 veteres
742 1648 975 1699 nostros
1034 1642 1315 1713 ipsosque
1366 1641 1730 1712 patriarchas
1779 1658 1893 1695 non

251 1736 418 1790 modo
452 1734 689 1799 nubere,
725 1732 821 1785 sed
856 1731 1032 1786 etiam
1082 1730 1450 1801 plurifariam
1503 1730 1895 1785 matrimoniis

1522 342 1760 405 LIBER
1800 343 1827 403 Ῑ
1871 342 1977 402 AD
2022 341 2375 405 UXOREM.

240 498 348 537 nos
378 477 684 536 dedecoris
713 474 1055 547 voluptuosi
1086 478 1561 531 resumetur.Nec
1583 475 1739 531 enim
1764 478 1887 530 tam
1919 476 1973 543 Α

3498 340 3663 408 189οη

2591 473 2828 530 CAPUT
2873 474 2972 530 lII.

2073 574 2182 629 Sed
2216 590 2332 628 non
2364 573 2493 629 ideo
2526 573 2908 645 priemiserim
2948 574 3019 628 de
3045 572 3314 630 libertate
3343 573 3655 632 vetustatis

2001 667 2059 717 et
2084 664 2289 719 I278
2326 662 2685 734 posteritatis
2716 662 3120 733 castigatione,
3154 668 3253 718 aut
3303 668 3651 735 praestruam

2001 751 2302 807 Christum
2356 752 2702 823 separandis
2751 751 3143 806 matrimoniis
3194 758 3250 807 et
3301 752 3341 788 ³⁸
3389 752 3657 808 delendis

2002 841 2518 913 conjunctionibus
2550 840 2878 910 advenisse,
2911 841 3080 911 quasi
3105 841 3231 911 jam
3284 840 3421 897 hinc
3474 842 3652 898 finem

2002 932 2260 985 nubendi
2306 931 2705 1002 praescribam.
2758 930 3043 997 Viderint,
3092 931 3193 1001 qui
3244 931 3397 986 inter
3448 934 3658 988 caetera

2003 1020 2449 1091 perversitatem
2479 1036 2722 1074 suarum
2758 1019 2828 1088 (6)
2861 1019 3201 1091 disjungere
3245 1020 3475 1088 docent,
3524 1038 3656 1077 car-

2003 1126 2135 1164 nem
2170 1110 2239 1165 de
2273 1111 2315 1145 ¹⁹
2345 1109 2576 1164 duobus
2609 1126 2810 1168 unam.
2868 1114 3153 1180 negantes
3203 1125 3361 1179 eum,
3413 1109 3516 1182 qui
3569 1110 3652 1166 fe-

2004 1200 2228 1254 minam
2287 1200 2359 1253 de
2416 1197 2677 1253 masculo
2737 1202 3064 1264 mutuatus,
3116 1199 3230 1253 duo
3286 1214 3529 1271 corpora
3587 1214 3657 1255 ex

2004 1289 2267 1359 ejusdem
2318 1286 2573 1342 materia:
2622 1286 2915 1342 consortio
2968 1292 3227 1358 sumpta,
3262 1304 3468 1344 rursus
3501 1288 3560 1343 in
3593 1304 3655 1344 se

2005 1376 2364 1433 matrimonii
2437 1376 2841 1447 compactione
2900 1376 2944 1415 το
3005 1377 3334 1448 compegit.
3395 1376 3656 1449 Denique

2005 1466 2299 1538 prohiberi
2345 1466 2579 1537 nuptias
2626 1481 2920 1535 nusquam
2979 1466 3217 1521 omnino
3274 1465 3544 1537 legimus,
3590 1469 3657 1522 ut

2007 1558 2221 1611 bonum
2256 1554 2480 1610 scilicet
2513 1570 2524 1609 :
2559 1554 2696 1624 quid
2729 1558 2886 1610 tame
2933 1555 3082 1609 bono
3132 1554 3243 1611 isto
3294 1555 3504 1611 melius
3552 1556 3653 1625 sit,

2005 1644 2328 1713 accipimus
2376 1644 2447 1699 ab
2497 1642 2793 1713 Apostolo,
2848 1644 3221 1715 permittente
3269 1645 3508 1716 quidem
3543 1660 3653 1701 nu-

2007 1735 2142 1788 bere
2191 1734 2289 1803 (7),
2337 1734 2434 1787 sed
2470 1732 2887 1787 abstinentiam
2922 1734 3262 1803 preeferente
3296 1749 3309 1787 :
3344 1732 3487 1787 illud
3521 1750 3656 1804 pro-

248 1826 331 1880 uti
366 1826 453 1878 fas
486 1822 612 1887 fuit,
645 1826 810 1876 erant
838 1826 894 1875 et
922 1820 1261 1875 concubinae
1301 1838 1313 1874 :
1346 1820 1446 1874 sed
1480 1818 1636 1873 lucet
1678 1820 1894 1890 figura-
1932 1845 1977 1909 B
2010 1828 2135 1894 pter
2164 1822 2409 1877 insidias
2443 1820 2853 1889 tentationum,
2904 1821 3012 1876 hoc
3066 1827 3305 1893 propter
3350 1824 3655 1894 angustias

251 1920 377 1969 tum
414 1914 457 1947 ³⁸
487 1914 544 1966 in
573 1927 927 1983 synagogam
961 1914 1018 1964 et
1068 1909 1382 1964 Ecclesiam
1436 1910 1474 1943 ¹⁶
1522 1908 1783 1976 cesserit,
1836 1913 1899 1963 ut

252 2009 447 2057 tamen
484 1999 831 2071 simpliciter
855 2000 1331 2069 interpretemur,
1365 1998 1756 2053 necessarium
1792 1998 1901 2053 fuit

254 2092 584 2155 instituere,
635 2105 762 2159 quae
814 2092 1013 2157 postea
1063 2092 1164 2141 aut
1212 2087 1501 2156 amputari
1547 2090 1648 2141 aut
1677 2093 1898 2157 tempe-

254 2181 367 2235 rari
428 2184 827 2234 mererentur.
889 2180 1321 2247 Superventura
1377 2175 1532 2230 enim
1589 2175 1678 2230 lex
1736 2181 1897 2242 erat,

251 2269 556 2340 oportebat
588 2266 731 2337 legis
764 2264 1152 2336 adimplenda}
1185 2281 1393 2319 causas
1425 2264 1894 2335 prmcucurrisse.

251 2360 409 2413 Idem
446 2359 487 2392 *7
521 2372 655 2409 mox
688 2353 799 2424 legi
848 2369 1188 2407 succurrere
1237 2352 1509 2417 habebat,
1564 2354 1659 2407 Dei
1707 2370 1898 2409 sermo

248 2444 756 2501 circumcisionem
813 2442 1100 2495 inducens
1159 2440 1507 2512 spiritalem.
1568 2442 1751 2513 Igitur
1799 2460 1900 2514 per

246 2534 546 2592 licentiam
580 2537 716 2587 tunc
750 2530 1043 2603 passivam
1076 2530 1174 2601 (5),
1225 2530 1481 2585 materiae
1531 2532 1897 2603 subsequen-

254 2625 406 2679 tium
437 2621 916 2677 emendationum
952 2618 1582 2690 prmministrabantur,
1618 2637 1763 2691 quas
1801 2622 1900 2675 Do-

252 2713 450 2768 minus
484 2708 789 2781 Evangelio
822 2725 950 2773 suo,
984 2708 1192 2763 dehinc
1243 2707 1552 2779 Apostolus
1605 2710 1659 2763 in
1706 2715 1899 2764 extre-

247 2801 555 2857 mitatibus
582 2798 778 2854 saeculi
809 2801 912 2853 aut
941 2797 1157 2853 excidit
1184 2798 1714 2863 redundantes,aut
1740 2816 1896 2854 com-

250 2890 449 2963 posuit
478 2888 827 2945 inconditas.

2009 1918 2340 1983 temporum
2374 1929 2386 1967 :
2423 1928 2539 1982 qua
2570 1911 2791 1966 ratione
2823 1911 3131 1982 utriusque
3158 1912 3654 1983 pronuntiationis

2005 2001 2273 2073 inspecta
2305 1998 2471 2055 facile
2501 2000 2848 2064 dinoscitur,
2901 2000 3247 2056 necessitate
3296 2001 3466 2056 nobis
3515 2018 3653 2057 con-

2006 2106 2229 2145 cessam
2251 2107 2377 2146 esse
2401 2090 2659 2144 nubendi
2686 2090 3217 2161 potestatem:quod
3244 2094 3439 2146 autem
3464 2106 3660 2147 neces-

2008 2181 2151 2235 sitas
2176 2178 2724 2250 preestat,depretiat
2746 2178 3065 2249 ipsa.Quod
3092 2178 3340 2250 denique
3367 2179 3657 2251 scriptum

2007 2277 2115 2337 est,
2149 2269 2353 2324 Melius
2382 2278 2462 2323 est
2490 2268 2695 2323 nubere
2724 2284 2889 2339 quam
2923 2270 3012 2321 uri
3039 2268 3090 2340 (I
3118 2271 3246 2323 Cor.
3278 2284 3379 2336 vn,
3402 2268 3662 2338 9),quale

2009 2358 2115 2412 hoc
2148 2358 2366 2412 bonum
2398 2362 2629 2419 est,oro
2663 2357 2901 2426 te,quod
2937 2356 3075 2411 mali
3106 2358 3466 2427 comparatio
3499 2374 3652 2412 com-

2011 2446 2291 2501 mendat?
2324 2444 2395 2499 Ut
2425 2445 2553 2500 ideo
2586 2445 2796 2501 melius
2822 2446 2896 2499 sit
2928 2446 3163 2512 nubere,
3213 2445 3352 2516 quia
3400 2445 3661 2501 deterius

2009 2540 2098 2591 est
2126 2535 2237 2589 uri.
2272 2534 2503 2589 Atenim
2536 2539 2756 2605 quanto
2808 2534 3019 2589 melius
3062 2539 3153 2589 est
3203 2550 3393 2605 neque
3442 2536 3662 2591 nubere

2010 2641 2196 2693 neque
2231 2621 2358 2677 uri!
2394 2622 2527 2696 [Sed
2558 2624 2598 2657 ²¹
2633 2624 2812 2678 etiam
2862 2624 2919 2678 in
2974 2623 3482 2695 persecutionibus
3534 2640 3658 2679 me-

2009 2712 2121 2768 lius
2153 2716 2241 2767 est
2272 2712 2316 2745 ²²
2369 2726 2437 2765 ex
2486 2712 2776 2782 permissu
2829 2712 3024 2782 fugere
3058 2712 3127 2767 de
3157 2712 3371 2783 oppido
3400 2711 3458 2766 in
3490 2712 3659 2784 oppi-

2008 2803 2356 2872 dum,quam
2390 2800 2881 2872 comprehensum
2914 2805 2971 2855 et
3000 2801 3315 2856 distortum
3346 2802 3661 2873 negare(8).

2006 2892 2197 2961 Atque
2228 2889 2356 2944 ideo
2389 2888 2694 2957 beatiores,
2729 2888 2829 2960 qui
2879 2888 3075 2945 valent
3124 2888 3288 2944 beata
3336 2888 3661 2945 testimonii

1666 3013 1867 3074 Variae
1908 3015 2229 3076 lectiones.

320 3130 363 3163 ¹²
394 3128 770 3193 Pertractare,
803 3124 929 3180 alii.
1046 3124 1091 3159 ¹³
1122 3128 1230 3178 Deo
1262 3125 1395 3179 alii.

250 3269 554 3327 abolendis
584 3270 787 3339 Rigalt.
894 3270 935 3303 ¹⁰
967 3269 1029 3322 In
1061 3269 1186 3323 alii.

1509 3126 1554 3201 ii
1586 3125 1657 3201 Ut
1688 3129 2071 3185 seminarium
2103 3128 2333 3201 generis
2364 3128 2608 3183 humani
2642 3129 2844 3196 Rigalt.

259 3199 584 3272 figuraliter
611 3200 744 3272 Bia.
818 3199 860 3233 ¹⁶
893 3197 1282 3272 ln_synagoga
1314 3195 1559 3272 ecclesia
1593 3199 1988 3272 intercesserit
2022 3195 2140 3272 Rigv.

1290 3270 1333 3343 ’_°
1352 3269 1806 3343 Computatione
1839 3275 1957 3343 Rig.

2959 3128 3001 3161 ¹¹⁵
3044 3129 3255 3187 Figura
3306 3130 3434 3184 Jun.
3487 3134 3660 3187 Fran.

2223 3203 2261 3237 ιτ
2298 3201 2493 3255 Eidem
2528 3202 2690 3254 Fran.
2728 3202 2903 3255 Paris.
2941 3202 3081 3255 Item
3117 3201 3237 3269 Rig.
3318 3202 3461 3256 “Et
3488 3204 3666 3265 abest;

2064 3275 2103 3312 ἰ
2141 3274 2252 3327 Sed
2284 3273 2450 3328 Seml.
2485 3274 2644 3341 Leop.
2678 3277 2851 3327 omitt.
2886 3274 3008 3326 alii.
3113 3272 3158 3306 ’³
3186 3274 3266 3327 Ita
3310 3275 3527 3328 omissis
3574 3291 3660 3328 υυ.

248 3362 316 3399 ex
349 3344 638 3415 permissu
669 3342 782 3396 cod.
816 3340 988 3413 Agob.
1021 3341 1257 3410 praebuit
1292 3341 1547 3415 Rigallio,
1581 3346 1677 3412 qui
1708 3348 1892 3398 tamen
1908 3340 2163 3415 reposuit
2194 3362 2211 3397 :
2245 3349 2419 3415 atque
2453 3345 2563 3398 isto
2599 3344 2908 3407 beatiores,
2933 3344 3032 3414 qui
3056 3374 3123 3383 —
3154 3346 3517 3401 confessione
3548 3363 3665 3400 non

250 3413 534 3471 excidere.
565 3417 857 3487 Rhenanus
887 3431 908 3466 ,ο
943 3428 1345 3487 compressum
1382 3417 1438 3466 et
1468 3413 1781 3470 distortum
1819 3413 2053 3487 negare,
2083 3422 2256 3487 atque
2288 3413 2399 3470 isto
2433 3416 2601 3470 beata
2633 3421 2742 3470 est.
2778 3413 3005 3470 ldemve
3059 3415 3199 3485 quid
3253 3426 3460 3487 negent
3509 3418 3665 3472 beati

247 3487 593 3552 testimonii,
646 3486 909 3559 excidere
960 3490 1085 3559 cet._
1116 3485 1389 3539 Pomelius
1417 3502 1436 3538 :
1466 3491 1524 3538 at
1555 3502 1684 3556 quae
1714 3487 1827 3542 ista
1858 3485 2106 3543 beatitas
2134 3485 2242 3543 est.
2280 3488 2410 3543 Ideo
2444 3504 2515 3542 ne
2541 3488 2640 3559 qui
2674 3492 2866 3558 neget,
2902 3488 3049 3543 beati
3080 3485 3405 3543 testimonii
3436 3491 3665 3544 confes-

249 3562 412 3615 sione
437 3558 744 3614 excidere?
777 3560 1023 3611 Possum
1056 3556 1112 3610 d.
1149 3573 1247 3626 qu.
1282 3572 1465 3626 perm.
1502 3575 1616 3612 non
1647 3564 1737 3613 est
1766 3560 2007 3615 bonum.
2042 3561 2186 3624 Quid
2223 3560 2378 3615 enim
2414 3576 2536 3615 nec.
2558 3556 2720 3614 ﬁmori
2754 3556 2940 3614 mihi?
2966 3559 3015 3615 si
3046 3559 3229 3630 ploro,
3262 3562 3480 3617 bonum
3524 3565 3616 3619 est
3648 3577 3662 3617 :

250 3633 297 3687 si
332 3633 529 3687 timeo.
565 3630 727 3696 Quod
753 3644 937 3700 perm.
970 3658 1039 3669 —
1069 3644 1360 3683 caussam.

1693 3726 2213 3788 Commentarius.

321 3835 398 3907 (4)
430 3836 671 3891 Femina"
711 3833 782 3888 ad
824 3834 993 3888 Deum
1042 3832 1364 3903 pertinenti.
1416 3829 1534 3887 Hoc
1580 3836 1689 3903 est,
1740 3833 1900 3890 Chri-

254 3908 483 3963 stianas.
526 3911 651 3960 Βία.

325 3980 401 4048 (5)
433 3978 735 4031 Licentiam
762 3975 1064 4044 passivam.
1097 3974 1345 4045 Nuptias
1378 3973 1731 4045 multiplices
1764 3994 1896 4048 pas-

253 4050 363 4105 sim
392 4064 721 4103 concessas.
754 4051 882 4101 Βία.

325 4124 400 4190 (6)
434 4124 585 4175 Inter
613 4123 814 4176 caetera
842 4118 1275 4190 perversitatum
1306 4133 1558 4171 suarum.
1594 4118 1897 4173 Marcioni-

252 4188 344 4249 tas
386 4188 598 4257 nutat;
646 4191 803 4261 apud
852 4188 1202 4242 Marcionem
1249 4190 1425 4254 enim,
1464 4195 1525 4242 ut
1557 4190 1825 4245 scribitl.
1860 4206 1900 4256 ι,

250 4266 307 4319 in
338 4265 632 4321 eumdem,
668 4260 781 4316 non
818 4260 1068 4328 tingitur
1098 4276 1252 4326 caro,
1287 4261 1399 4315 nisi
1434 4261 1616 4331 virgo,
1654 4263 1765 4317 nisi
1814 4261 1901 4315 vi-

251 4339 389 4401 dua,
423 4336 535 4391 nisi
568 4334 796 4399 caelebs,
832 4334 945 4387 nisi
979 4332 1224 4387 divortio
1276 4331 1568 4402 baptisma
1624 4341 1901 4388 mercata.

258 4410 443 4463 RHEN.

323 4482 401 4549 (7)
432 4479 783 4534 Permittente
817 4475 1041 4549 quidem
1070 4474 1528 4549 nubereNuptim
1563 4476 1907 4549 permittun-

256 4545 353 4605 tur
384 4545 454 4605 ὁὶ)
484 4549 909 4615 infirmitatem,
944 4546 1045 4600 sed
1079 4546 1152 4599 iis
1185 4545 1542 4600 abstinentia
1568 4545 1764 4618 potior
1808 4548 1906 4600 ha-

258 4626 462 4687 betur;
499 4622 580 4676 sic
640 4620 792 4690 apud
844 4623 900 4672 S.
947 4618 1344 4682 Ambrosium,
1402 4618 1494 4672 lib.
1551 4634 1569 4671 1
1614 4620 1677 4673 de
1739 4621 1906 4685 l"irg.,

261 4718 286 4743 ‹‹
338 4701 470 4760 Quae
523 4694 691 4747 nubit
739 4708 851 4745 non
906 4690 1356 4760 reprehenditur
1404 4706 1416 4743 :
1473 4706 1599 4759 qua:
1650 4692 1909 4744 abstinet

260 4767 613 4821 laudatur.»
665 4764 729 4817 Et
779 4763 839 4816 B.
874 4762 1262 4831 Hieronymus
1311 4761 1368 4814 in
1418 4778 1484 4814 ea
1534 4764 1707 4815 verba
1756 4766 1909 4832 Apo-

262 4838 392 4893 stoli
430 4854 441 4892 :
477 4858 504 4886 ‹‹
530 4835 589 4891 Si
619 4838 817 4888 autem
851 4834 1142 4903 acceperis
1178 4849 1559 4896 uxorem,non
1594 4836 1908 4958 peccasti.»

263 4910 430 4958 Aliud
464 4914 553 4958 est
583 4908 764 4958 enim.
813 4905 1024 4958 innuit.
1078 4921 1193 4958 non
1246 4922 1503 4958 peccare.
1560 4924 1590 4958 a
1622 4906 1716 4958 iud
1766 4907 1908 4958 bene

261 4910 430 4963 Aliud
464 4914 553 4964 est
583 4908 764 4971 enim,
813 4905 1024 4976 inquit,
1078 4921 1193 4959 non
1245 4922 1503 4976 peccare,
1560 4905 1716 4959 aliud
1766 4907 1912 4961 bene

264 4984 468 5035 facere.
510 4981 587 5033 La
618 4979 718 5032 Pa.

336 5054 411 5122 (8)
446 5053 643 5105 Etiam
688 5052 747 5122 in
790 5047 1260 5118 persecutionibus
1306 5047 1504 5122 melius
1547 5055 1629 5101 est
1670 5064 1735 5103 e1
1784 5064 1910 5118 per-

262 5120 435 5179 missu
464 5126 652 5191 fugere
682 5120 746 5174 de
774 5121 1175 5190 oppida,quam
1206 5120 1657 5191 comprehensum
1688 5137 1910 5190 negare.

1929 3841 1971 3907 α
2014 3832 2226 3907 minus
2256 3832 2549 3889 intellecta
2598 3832 2937 3907 ﬂaccescere
2988 3834 3273 3907 videatur.
3334 3833 3429 3890 Sic
3482 3833 3668 3890 edidit

2013 3905 2306 3961 Pamelius
2343 3922 2355 3960 :
2391 3928 2419 3954 ‹‹
2454 3907 2514 3959 In
2549 3906 3057 3977 persecutionibus
3082 3905 3291 3961 melius
3321 3910 3409 3960 est
3437 3922 3506 3961 ex
3535 3922 3661 3977 per-

2012 3978 2200 4032 missu
2233 3980 2432 4048 fugere
2462 3978 2533 4031 de
2566 3979 2778 4048 oppido
2813 3977 2873 4031 in
2924 3977 3226 4049 oppidum,
3279 3993 3454 4049 quam
3504 3993 3666 4032 com-

2010 4066 2282 4121 pressum
2314 4056 2370 4105 et
2399 4049 2711 4104 distortum
2741 4066 2985 4120 negare:
3021 4055 3083 4121 at
3112 4066 3235 4117 quae
3260 4049 3381 4121 ista
3413 4050 3664 4121 beatitas

2013 4120 2102 4175 est
2129 4137 2141 4171 :
2167 4122 2295 4175 ideo
2330 4138 2399 4175 ne
2432 4122 2531 4191 qui
2563 4120 2917 4191 neget,beati
2949 4120 3270 4175 testimonii
3302 4120 3669 4175 confessione

2012 4192 2319 4248 excidere?
2354 4194 2596 4247 Possum
2631 4192 2820 4247 dicere
2871 4208 2884 4245 :
2936 4193 3090 4261 quod
3143 4193 3664 4263 permittiturgnon

2014 4270 2102 4318 est
2135 4264 2542 4327 bonum.Quid
2572 4266 2727 4318 enim
2760 4280 2995 4318 necesse
3030 4261 3173 4318 mori
3209 4264 3385 4319 mihi?
3404 4263 3453 4317 si
3485 4261 3665 4332 plore,

2015 4337 2236 4390 bonum
2270 4341 2358 4389 est
2391 4352 2403 4390 :
2441 4336 2487 4390 si
2522 4336 2885 4398 timeo.Quod
2920 4335 3302 4406 permittitur,
3327 4341 3664 4406 suspectam

2018 4408 2190 4461 habet
2222 4407 2631 4477 permissionis
2664 4424 2781 4461 suae
2814 4424 3112 4462 causam.»
3147 4407 3291 4463 Mire
3321 4408 3493 4461 torsit
3522 4406 3671 4461 Rbe-

2018 4497 2239 4533 nanum
2274 4480 2367 4532 hic
2400 4479 2580 4545 locus,
2616 4484 2673 4532 et
2703 4484 2791 4533 est
2838 4480 2910 4532 ab
2954 4495 3019 4533 eo
3073 4479 3266 4535 editus
3312 4479 3421 4534 hoc
3468 4483 3669 4533 tenore

2018 4553 2325 4605 verborum
2365 4566 2377 4603 :
2411 4556 2606 4620 atque,
2642 4555 2706 4604 ut
2738 4550 3051 4605 verisimile
3082 4556 3191 4618 est,
3245 4550 3669 4620 manuscriptis

2018 4623 2100 4677 ita
2130 4621 2735 4677 commonstrantibus
2771 4640 2782 4675 :
2823 4642 2843 4669 α
2882 4622 3084 4677 Melius
3116 4626 3205 4675 est
3254 4640 3323 4677 ex
3373 4622 3665 4693 permissu

2020 4696 2220 4765 fugere
2253 4695 2323 4748 de
2355 4695 2569 4764 oppido
2602 4696 2658 4747 in
2692 4693 2997 4764 oppidum,
3033 4710 3211 4765 quam
3264 4710 3672 4765 compressum

2021 4773 2077 4820 et
2106 4767 2393 4820 distorum
2431 4782 2660 4835 negare,
2694 4773 2870 4836 atque
2902 4766 3011 4820 isto
3064 4768 3229 4820 beata
3279 4772 3385 4821 est.
3441 4766 3670 4821 Idemve

2022 4838 2161 4907 quid
2198 4842 2408 4908 negent
2438 4838 2589 4891 beati
2625 4838 2943 4891 testimonii
2979 4837 3345 4893 confessione
3384 4838 3669 4891 excidere.

2022 4915 2268 4978 Possum
2303 4910 2514 4963 dicere.
2549 4911 2711 4974 Quod
2742 4910 3103 4978 permittitur
3128 4927 3243 4963 non
3292 4913 3381 4964 est
3425 4910 3666 4963 bonum.

2024 4972 2171 5044 Quid
2225 4981 2380 5034 enim
2432 4972 2668 5035 necesse
2718 4972 2806 5035 est
2858 4981 3003 5036 mori
3056 4981 3223 5047 mihi,
3273 4982 3321 5036 si
3376 4979 3537 5050 ploro
3570 4981 3670 5034 bo-

2026 5069 2165 5108 num
2200 5058 2288 5107 est
2321 5068 2333 5105 :
2370 5052 2419 5105 si
2451 5053 2651 5108 timeo.
2689 5053 2851 5119 Quod
2888 5054 3268 5124 permittitur,
3335 5056 3674 5124 suspectam

2025 5125 2201 5179 habet
2256 5124 2663 5195 permissionis
2716 5141 2835 5179 suae
2887 5121 3145 5179 causam.
3202 5145 3228 5172 »
3272 5124 3414 5195 Quae
3449 5121 3671 5193 procul

264 5190 583 5275 Notissima
614 5197 701 5275 est
734 5191 899 5245 Pauli
927 5193 997 5275 ad
1030 5190 1363 5246 Corinthios
1412 5190 1912 5275 scribenltisvsen-
1951 5211 1997 5275 Ι)
2028 5197 2204 5250 dubio
2242 5190 2399 5275 _bo_ni
2457 5214 2669 5275 sensus
2701 5196 2981 5275 expertia
3038 5199 3194 5251 sunt.
3244 5190 3553 5275 Videamus
3602 5211 3676 5250 an

265 5268 447 5321 tentia
481 5281 494 5321 :
530 5266 721 5320 Melius
751 5279 865 5318 esse
894 5264 1098 5317 nubere
1148 5279 1313 5331 quam
1360 5263 1474 5315 uri.
1525 5262 1921 5318 Tertullianus

267 5342 533 5409 disputat
563 5335 1003 5409 contenditque,
1041 5334 1221 5409 multo
1257 5333 1467 5387 melius
1498 5349 1626 5409 esse
1653 5351 1757 5389 nec
1811 5352 1919 5409 nu-

266 5406 419 5476 bere,
457 5425 561 5465 nec
595 5408 869 5476 uri,quod
903 5412 967 5461 ut
996 5407 1246 5471 evincat,
1266 5406 1704 5475 comparatione
1737 5408 1923 5461 utitur

267 5484 510 5539 alterius
540 5479 847 5535 sententiae
880 5495 997 5549 qua
1026 5480 1287 5541 docetur,
1321 5476 1533 5531 melius
1584 5493 1712 5533 esse
1762 5478 1922 5533 Chri-

271 5557 460 5610 stiano
513 5552 571 5607 in
626 5551 1130 5622 persecutionibus
1162 5550 1381 5622 fugere,
1416 5566 1591 5619 quam
1627 5550 1922 5605 Christum

272 5642 518 5697 negare;
554 5621 646 5678 cui
678 5624 881 5677 statim
910 5624 1182 5697 subjacit,
1216 5621 1385 5697 longe
1418 5621 1787 5697 meli_us_esse
1821 5639 1925 5697 nec

274 5693 493 5771 fugere,
527 5712 631 5771 nec
663 5711 896 5766 negare.
920 5696 1029 5771 Qui
1059 5694 1222 5771 locus
1252 5693 1311 5749 in
1344 5693 1775 5771 exemplaribus
1804 5695 1925 5771 edi:

280 5767 369 5830 tis
389 5767 531 5827 adeo
564 5769 914 5839 dcpravatus
945 5767 1353 5825 circumfertur
1384 5771 1447 5824 ut
1470 5767 1557 5825 vis
1600 5768 1928 5838 argumenti

2031 5267 2381 5337 exemplaris
2448 5269 2630 5324 nostri
2701 5267 2979 5322 beneﬁcio
3038 5283 3204 5322 mens
3261 5266 3523 5321 Auctoris
3580 5282 3670 5321 re-

2033 5341 2163 5395 duci
2199 5336 2395 5409 queat.
2431 5340 2495 5395 In
2530 5358 2593 5396 eo
2644 5339 2858 5410 legitur
2909 5355 2920 5392 :
2975 5361 3002 5388 ‹‹
3058 5342 3120 5395 In
3169 5336 3680 5409 persecutionibus

2034 5412 2244 5467 melius
2310 5416 2400 5467 est
2467 5415 2663 5483 fugere
2716 5412 2785 5466 de
2838 5411 3091 5482 oppido,
3163 5427 3340 5482 quam
3408 5426 3679 5480 compre-

2034 5484 2286 5540 bensum
2321 5490 2378 5539 et
2411 5484 2721 5539 distortum
2754 5498 2999 5553 negare;
3035 5488 3203 5552 atque
3235 5483 3363 5538 ideo
3390 5482 3680 5538 beatiores

2035 5555 2132 5626 qui
2167 5555 2360 5610 valent
2392 5556 2556 5611 beata
2598 5554 2919 5609 testimonii
2968 5553 3332 5610 confessione
3379 5554 3675 5622 excedere,

2034 5632 2282 5682 Possum
2316 5627 2527 5693 dicere,
2564 5628 2715 5696 quod
2750 5626 3113 5697 permittitur
3142 5628 3364 5682 bonum
3398 5643 3510 5681 non
3562 5632 3672 5684 est.

2037 5698 2184 5763 Quid
2202 5699 2357 5756 enim
2377 5715 2613 5756 necesse
2629 5702 2717 5755 est
2735 5700 2882 5772 mori
2903 5700 3124 5772 mihi,si
3145 5698 3305 5772 ploro
3325 5701 3544 5772 bonum
3562 5704 3672 5772 est.

2036 5772 2193 5839 Quod
2222 5772 2271 5830 si
2302 5772 2481 5829 timeo
2513 5772 2667 5844 quod
2703 5770 3082 5846 permittitur,
3115 5770 3453 5847 suspectam
3500 5770 3681 5832 habet
