4050 6328
396 361 545 423 1391

394 491 755 548 confessione
783 491 1055 546 excedere
1083 494 1329 544 Possum
1361 488 1550 543 dicere
1585 505 1596 543 :
1631 487 1834 544 I279
1870 487 2032 555 Quod
2065 490 2117 554 Α

393 581 750 653 permittitur
778 580 996 636 bonum
1030 595 1145 634 non
1170 577 1432 640 est.Quid
1465 573 1648 632 enim?
1669 575 1914 632 Necesse
1945 580 2034 632 est

396 670 543 725 mori
577 668 803 724 mihi.Si
837 667 1020 739 ploro,
1051 667 1270 721 bonum
1301 671 1410 736 est,
1444 666 1595 738 quod
1649 665 1696 719 si
1747 666 1791 699 ³³
1839 665 2035 733 timeo,

409 759 559 831 quod
579 753 1292 830 permittitur,suspectam
1313 755 1904 826 habetpcrmissionis
1921 771 2037 808 suae

398 845 842 916 causamzquod
878 848 1072 900 autem
1106 843 1316 898 melius
1348 848 1640 909 est,nemo
1673 843 2040 914 permisit,ut

400 933 798 988 indubitatum
817 937 874 987 et
892 949 998 987 sua
1015 932 1346 986 sinceritate
1366 931 1738 986 manifestum
1753 930 1891 984 .Non
1917 946 2039 1002 pro-

397 1028 594 1095 pterea
624 1022 948 1094 appetenda
977 1025 1117 1075 sunt
1149 1019 1584 1091 quasdam,quia
1607 1036 1719 1073 non
1741 1023 2034 1086 vetantur,

396 1112 506 1168 etsi
536 1110 964 1181 quodammodo
996 1114 1422 1175 vetantur,cum
1450 1107 1562 1162 alia
1591 1107 1705 1161 illis
1729 1108 2038 1179 praeferun-

394 1203 492 1254 tur
522 1217 535 1255 :
570 1198 827 1270 praelatio
857 1197 1010 1252 enim
1044 1197 1408 1268 superiorum
1441 1197 1488 1230 "
1510 1195 1802 1250 dissuasio
1833 1200 1920 1250 est
1946 1195 2035 1249 in-

392 1289 698 1343 firmorum
724 1287 923 1342 ".Non
957 1285 1085 1341 ideo
1117 1285 1256 1357 quid
1287 1286 1505 1340 bonum
1540 1284 1792 1357 est,quia
1814 1283 2035 1339 malum

393 1395 508 1434 non
541 1380 670 1433 est:
705 1392 811 1431 nec
855 1375 980 1430 ideo
1040 1374 1256 1429 malum
1310 1391 1421 1429 non
1469 1379 1556 1429 est
1608 1374 1672 1438 ³⁸,
1725 1373 1863 1445 quia
1919 1390 2034 1428 non

389 1467 573 1522 obest.
609 1466 782 1521 Porro
812 1463 986 1535 plane
1015 1464 1059 1497 ’⁷
1090 1464 1305 1518 bonum
1346 1462 1454 1518 hoc
1506 1463 1826 1532 antecedet,
1877 1463 2034 1534 quod

399 1570 514 1609 non
547 1553 720 1608 modo
753 1568 867 1607 non
899 1551 1191 1618 obest,sed
1225 1551 1464 1622 insuper
1493 1550 1969 1620 prodest.ltaque
1991 1548 2037 1584 *9

395 1641 564 1696 malle
595 1641 799 1706 debeo,
832 1639 983 1711 quod
1019 1639 1271 1710 prodest,
1308 1654 1479 1710 quam
1514 1638 1667 1710 quod
1700 1654 1816 1693 non
1847 1638 2032 1694 obest.

397 1731 480 1784 Ad
505 1729 760 1801 primum
791 1727 946 1783 enim
975 1727 1166 1782 locum
1201 1733 1491 1782 certamen
1523 1743 1693 1781 omne
1717 1727 2032 1782 contendit:

393 1819 689 1874 secundus
713 1816 983 1872 solatium
1007 1815 1506 1885 habet,victoriam
1533 1833 1645 1870 non
1671 1815 2033 1883 habet.Quod
2067 1858 2112 1921 B

393 1907 442 1960 si
475 1905 750 1977 Apostolo
789 1905 1212 1966 auscultamus,
1259 1903 1420 1958 obliti
1477 1905 1886 1974 posteriorum,
1937 1921 2032 1958 ex-

394 1995 710 2048 tendamur
740 1993 785 2027 ²⁹
809 1992 867 2046 in
891 1990 1103 2061 priora,
1133 1997 1188 2047 et
1219 1991 1522 2045 meliorum
1557 1992 1937 2046 donationum
1990 1993 2035 2028 ³ο

393 2085 709 2136 sectatores
738 2079 1010 2135 simus.Si
1040 2079 1206 2134 nobis
1235 2080 1281 2113 ³2
1313 2079 1587 2150 laqueum
1618 2096 1731 2134 non
1764 2080 2030 2151 imponit:

394 2169 533 2240 quid
568 2168 841 2223 utilitatis
873 2168 968 2234 sit,
997 2168 1272 2231 ostendit,
1303 2168 1502 2222 dicens
1534 2169 1578 2237 (Ι
1601 2171 1727 2223 Cor.
1760 2184 1857 2236 vn,
1889 2170 1982 2236 94)
2017 2186 2030 2223 :

391 2260 625 2327 Innupta
653 2257 719 2311 de
747 2257 1033 2311 dominicis
1061 2258 1274 2325 cogitat,
1323 2258 1408 2309 uti
1458 2271 1686 2326 corpore
1730 2261 1783 2310 et
1832 2259 2034 2326 spiritu

391 2350 583 2401 sancta
613 2347 706 2400 sit.
739 2346 918 2416 Nupta
946 2360 1096 2410 vero,
1127 2345 1367 2398 so'licita
1394 2352 1471 2399 est.
1501 2345 1764 2414 quomodo
1812 2347 2034 2415 coniugi

390 2452 492 2492 suo
510 2436 1028 2506 placeat.Caaterum
1053 2448 1344 2502 nusquam
1371 2433 1448 2488 ita
1471 2433 1707 2503 nuptias
1725 2434 2027 2504 permittit,

395 2529 458 2578 ut
486 2539 602 2578 non
635 2521 824 2593 patius
851 2538 925 2575 an
957 2536 1130 2574 suum
1163 2519 1493 2590 exemplum
1528 2538 1636 2576 nos
1667 2521 1810 2575 eniti
1843 2521 2025 2578 malit.

392 2610 638 2666 Felicem
671 2609 837 2664 illum
873 2609 973 2679 qui
1006 2607 1167 2662 Pauli
1199 2608 1411 2662 similis
1441 2608 1725 2664 exstiterit
1751 2611 1857 2681 (9).

941 356 1465 418 TERTULLIANI
1507 355 1827 417 OPERU“
1871 353 2068 414 PARS
2112 356 2158 415 Ι.
2192 387 2272 399 -
2299 354 2570 416 SERIES
2614 356 2693 432 Il,
2739 356 3219 417 DOGMATICA.

3639 354 3802 413 I392

2665 487 2872 544 I280
2901 486 3135 543 CAPUT
3166 486 3260 542 IV.

2215 577 2321 632 Sed
2373 592 2602 632 carnem
2649 575 2901 648 legimus
2957 576 3272 639 inﬁrmam,
3323 579 3382 630 et
3430 575 3568 630 hinc
3616 573 3795 630 nobis

2147 664 2458 720 adulamur
2487 667 2814 736 impensius
2847 682 2860 720 :
2891 665 3144 738 legimus
3175 670 3372 720 tamen
3405 671 3464 719 et
3512 663 3790 735 spiritum

2147 754 2556 809 ﬁrmumNam
2589 754 2644 808 in
2679 771 2792 809 uno
2824 770 3003 808 sensu
3036 759 3351 824 utrumque
3384 752 3640 824 positum
3673 758 3788 808 est.

2147 842 2290 897 Caro
2319 849 2548 897 terrena
2593 841 2836 897 materia
2881 846 2989 910 est,
3040 841 3284 913 spiritus
3326 858 3461 897 vero
3509 843 3790 897 ccelestis.

2146 935 2258 985 Cur
2285 948 2418 1002 ergo
2451 932 2519 986 ad
2554 932 2986 986 excusationem
3021 931 3343 1002 proniores,
3368 947 3495 1002 quae
3525 931 3584 984 in
3618 929 3794 986 nobis

2146 1020 2378 1074 infirma
2410 1025 2569 1086 sunt,
2604 1020 2957 1091 opponimus
3008 1037 3020 1074 :
3073 1036 3198 1091 quae
3248 1035 3381 1074 vero
3435 1020 3672 1074 fortiora
3715 1019 3794 1086 ⁸³,

2147 1125 2259 1163 non
2292 1108 2569 1163 tuemur?
2597 1113 2710 1163 Cur
2741 1107 3074 1164 coelestibus
3104 1113 3339 1163 terrena
3368 1125 3483 1163 non
3533 1107 3798 1163 cedant?

2145 1196 2193 1252 si
2225 1197 2468 1268 spiritus
2498 1212 2668 1251 carne
2704 1196 2922 1267 fortior,
2955 1197 3090 1267 quia
3118 1200 3175 1250 et
3199 1196 3553 1268 generosior,
3586 1200 3802 1251 nostra

2145 1285 2315 1357 culpa
2343 1286 2728 1340 inﬁrmiorem
2758 1286 2803 1320 ³³
2835 1290 3150 1341 sectamur.
3181 1285 3328 1339 Nam
3376 1285 3693 1355 disjunctis
3744 1286 3795 1320 ⁸⁴

2147 1374 2516 1429 matrimonio
2575 1375 2700 1428 duae
2757 1376 2982 1446 species
3038 1373 3311 1428 humanae
3363 1372 3796 1430 imbecillitatis

2145 1461 2503 1516 necessarias
2533 1461 2768 1532 nuptias
2801 1461 3042 1516 faciunt.
3076 1460 3271 1516 Prima
3301 1461 3536 1532 quidem
3580 1467 3796 1532 poten-

2143 1549 2391 1620 tissima,
2421 1566 2545 1620 quae
2575 1550 2732 1605 venit
2757 1550 3234 1621 concupiscentia
3261 1549 3454 1605 carnis
3486 1565 3501 1604 :
3531 1566 3794 1621 sequens

2143 1639 2212 1694 de
2244 1639 2716 1710 concupiscentia
2745 1639 2964 1694 saeculi.
2994 1639 3102 1694 Sed
3137 1643 3386 1710 utraque
3418 1639 3793 1711 repudianda

2143 1731 2292 1782 esta
2322 1727 2505 1781 servis
2539 1727 2655 1791 Dei,
2689 1728 2788 1799 qui
2839 1733 2896 1782 et
2944 1727 3185 1781 luxuria
3237 1731 3294 1781 et
3341 1727 3647 1781 ambitioni
3697 1744 3792 1783 re-

2144 1815 2506 1871 nuntiamus.
2557 1816 2759 1871 Carnis
2816 1816 3292 1886 concupiscentia
3352 1815 3536 1870 aetatis
3591 1816 3794 1872 ofﬁcia

2145 1905 2416 1968 defendii,
2450 1905 2675 1959 decoris
2708 1921 2958 1958 messem
2991 1904 3257 1976 requirit,
3289 1906 3501 1974 gaudet
3529 1905 3600 1960 de
3644 1921 3795 1959 con-

2142 1994 2386 2049 tumelia
2417 2010 2524 2048 sua
2556 2010 2570 2048 :
2603 1994 2747 2048 dicit
2777 1993 2964 2048 virum
2997 1995 3392 2048 necessarium
3427 1994 3612 2059 sexui,
3649 1999 3717 2048 ut
3746 1996 3794 2030 “

2143 2080 2504 2137 auctoritatis
2537 2085 2592 2136 et
2619 2081 2807 2137 solatii
2842 2097 3040 2148 causa,
3071 2081 3158 2136 vel
3196 2087 3260 2136 ut
3289 2083 3333 2117 ³⁸
3385 2099 3419 2137 ιι
3462 2083 3636 2138 malis
3689 2101 3796 2137 ru-

2143 2172 2403 2224 moribus
2436 2175 2558 2224 tuta
2587 2170 2684 2225 sit.
2720 2175 2784 2223 Et
2819 2175 2878 2225 tu
2911 2170 3193 2225 adversus
3223 2169 3472 2224 consilia
3501 2169 3625 2225 haec
3658 2172 3793 2239 ejus

2141 2258 2351 2312 adhibe
2380 2274 2642 2312 sororum
2677 2264 3008 2312 nostrarum
3041 2258 3328 2327 exempla,
3378 2273 3630 2327 quarum
3687 2277 3794 2312 no-

2140 2346 2297 2401 mino
2329 2361 2506 2417 penes
2539 2345 2848 2400 Dominum
2883 2345 3016 2415 (10),
3048 2361 3178 2416 quae
3210 2344 3433 2399 nullam
3468 2347 3668 2400 formae
3698 2349 3795 2401 vel

2139 2434 2325 2489 zetatis
2355 2433 2723 2489 occasionem
2755 2433 3075 2504 praemissis
3119 2432 3346 2489 maritis
3391 2434 3694 2489 sanctitati
3748 2437 3797 2470 37

2138 2522 2640 2594 anteponunt(1l)
2676 2538 2689 2576 ι
2723 2522 2951 2577 malunt
3001 2520 3157 2576 enim
3209 2523 3319 2577 Deo
3369 2522 3612 2589 nubere,
3673 2529 3794 2579 Deo

2136 2611 2429 2681 speciosae,
2459 2611 2573 2665 Deo
2604 2615 2745 2666 sunt
2776 2609 2979 2681 puellae
3012 2626 3026 2664 :
3059 2626 3191 2664 cum
3226 2609 3325 2666 illo
3373 2611 3595 2677 vivunt,
3649 2629 3792 2667 cum

1795 2789 1996 2850 Varia}
2026 2788 2346 2850 lectiones.

462 2929 510 2964 ³³
540 2929 700 2995 Quod
731 2927 781 2983 si
813 2926 987 2983 timeo
1017 2929 1139 2995 Βία.
1169 2997 1182 2999 Α
1217 2927 1263 2960 ²⁸
1292 2928 1442 2983 Recte
1468 2929 1610 2999 conj.
1645 2928 1852 2984 Semler

1916 2946 1977 2985 ro
2007 2930 2274 3002 superior
2300 2932 2566 3002 scriptum
2611 2933 2778 2999 fuisse
2827 2931 3216 3002 superiorum.
3273 2961 3335 2973 -
3387 2933 3450 2987 Et
3498 2938 3682 2990 Pran.
3743 2947 3803 2990 et

464 2947 510 2964 ιη
540 2947 700 2995 υιιοα
731 2947 781 2983 ει
813 2947 987 2983 timeo
1017 2947 1139 2995 mg.
1219 2947 1263 2960 "
1292 2947 1442 2983 necw
1468 2947 1610 2999 con}.
1645 2947 1852 2984 oemwr
1871 2947 1977 3036 pro
2007 2947 2274 3002 superior
2300 2947 2566 3002 scriptum
2611 2947 2778 2999 [uisse
2827 2947 3216 3002 superiorum.
3273 2961 3335 2973 -
3387 2947 3450 2987 El
3498 2947 3682 2990 Fran.
3743 2947 3803 2990 et

395 3001 522 3072 Rig.
554 3001 943 3072 inﬁrmorum.
1013 2999 1057 3032 ’⁸
1081 2997 1457 3072 infirmorum
1488 3001 1649 3054 Fran.
1684 3003 1802 3070 Rz'g.
1893 3003 1913 3036 ⁶
1943 3002 2067 3056 Non
2099 3003 2226 3057 ideo
2259 3003 2312 3056 b.
2347 3019 2396 3057 c.
2433 3019 2536 3057 nec
2571 3003 2696 3057 ideo
2731 3003 2950 3058 malum
2986 3021 3098 3058 non
3126 3011 3214 3058 est
3246 3003 3456 3058 Veneta.
3529 3005 3577 3039 ’7
3610 3007 3804 3061 Plene

393 3070 620 3127 Seinlcr.
698 3071 741 3105 ⁸³
772 3075 1037 3141 Namque
1066 3070 1230 3124 Seml.
1267 3075 1469 3142 Itaque
1498 3073 1664 3126 Fran.
1697 3073 1876 3126 Paris.
1915 3073 2076 3127 illud.
2111 3075 2229 3142 Βία.
2324 3073 2370 3108 ²⁹
2401 3074 2469 3128 Et

393 3143 487 3197 Sic
516 3160 573 3197 n.
606 3143 736 3197 etsi.
770 3143 886 3197 Ilia.
983 3141 1027 3175 ³2
1063 3141 1254 3196 Fortis.
1282 3143 1450 3197 Fran.
1486 3143 1617 3197 Par.
1711 3143 1755 3177 ³³
1788 3143 2118 3197 Inﬁrmiora
2148 3145 2310 3197 Fran.
2346 3146 2482 3197 Pari

861 3160 886 3194 ι.
983 3145 1027 3175 π
1063 3145 1254 3196 Fortia
1282 3145 1450 3198 Fran.
1486 3145 1617 3199 Par.
1711 3145 1755 3177 ³³
1788 3145 2118 3200 Infirmiora
2148 3145 2310 3200 Fran.
2346 3146 2526 3200 Paris.
2623 3145 2668 3180 3‘
2695 3145 2741 3199 A
2771 3151 2938 3200 matr.
2972 3147 3093 3214 Rig.
3187 3145 3233 3180 ³⁸
3266 3145 3363 3201 Vel
3396 3149 3523 3202 Jun.
3608 3149 3652 3188 ³⁸
3688 3149 3798 3204 Vel

861 3211 986 3286 ulla,
1010 3211 1204 3286 formae
1235 3212 1321 3267 vel
1351 3213 1534 3269 aetatis
1567 3215 1867 3270 occasione
1901 3232 2120 3286 pressae
2143 3215 2370 3272 maritis
2397 3217 2566 3271 Fran.
2607 3216 2859 3271 Parisin.
2895 3215 3116 3272 nullam
3147 3216 3391 3272 formam
3414 3249 3483 3260 ——
3505 3220 3807 3276 sanctita-

393 3143 487 3197 Sic
516 3160 573 3198 n.
606 3143 736 3205 etsi,
770 3143 886 3205 Rig.
983 3141 1027 3175 3‘3
1063 3141 1254 3196 Fortia
1282 3143 1450 3198 Fran.
1486 3143 1617 3199 Par.

394 3221 459 3269 ut
485 3219 660 3270 Fran.
736 3214 777 3247 ³⁷

393 3290 514 3341 tem
543 3285 768 3341 Semler.
806 3284 1131 3356 permissis,
1163 3288 1272 3339 etc.

2984 3074 3029 3109 ³ο
3059 3075 3472 3130 Donativorum
3504 3077 3638 3131 alii.
3745 3079 3793 3114 ³¹

3187 3145 3233 3180 ³⁸
3266 3145 3363 3201 Vel
3396 3149 3523 3202 Jun.
3608 3149 3652 3188 ³⁸
3688 3149 3798 3204 Vel

2324 3073 2370 3108 ²⁹
2401 3074 2469 3128 Et
2499 3074 2727 3129 extend.
2760 3075 2890 3130 alii.

2623 3145 2668 3180 3‘
2695 3145 2741 3199 A
2771 3151 2938 3200 matr.
2972 3147 3093 3214 Rig.

1823 3403 2339 3464 Commentarius.

441 3531 804 3588 ermissionis
834 3548 950 3586 suae
983 3546 1238 3585 causam.
1271 3549 1297 3580 ιι
1340 3535 1422 3585 Ita
1451 3531 1688 3586 omnino
1735 3531 1830 3587 ille
1877 3535 2024 3605 Ago-
2057 3534 2100 3600 C
2138 3533 2197 3587 in
2227 3533 2436 3587 vitium
2467 3532 2886 3589 imbecillitatis
2917 3535 3220 3602 incideret,
3253 3536 3464 3590 melius
3522 3538 3796 3605 profecto

398 3550 565 3658 ξιπόί
600 3603 762 3658 liber.
794 3604 886 3658 aui
920 3604 1093 3656 etiam
1126 3618 1232 3658 one
1282 3601 1480 3658 aliqua
1531 3602 1775 3658 indiget.
1823 3620 2023 3658 verum
2142 3604 2364 3658 fuisset.
2400 3621 2513 3658 non
2547 3604 2784 3658 fouisse.
2829 3607 3434 3658 comprehensumque
3483 3614 3793 3658 tormenta

443 3603 565 3658 ardi
600 3603 762 3669 liber,
794 3604 886 3672 qui
920 3604 1093 3656 etiam
1126 3618 1232 3672 ope
1282 3601 1480 3672 aliqua
1531 3602 1775 3673 indiget,
1823 3601 2023 3658 verum

401 3673 713 3740 levissima,
747 3674 874 3737 hac,
907 3674 1112 3742 opinor
1145 3690 1158 3739 ;
1193 3696 1220 3721 «
1271 3673 1452 3726 Etiam
1503 3675 1558 3727 in
1611 3677 2024 3744 persecutioni-

400 3748 512 3800 bus
543 3745 752 3799 melius
783 3751 870 3799 est
916 3761 983 3798 ex
1033 3744 1318 3813 permissu
1370 3745 1583 3814 fugere,
1634 3761 1810 3814 quam
1865 3763 2021 3801 com-

400 3817 755 3889 prehensum
806 3822 866 3889 et
912 3815 1222 3889 distortum
1270 3831 1509 3889 negare,
1542 3823 1716 3884 atque
1742 3817 1856 3870 isto
1891 3819 2028 3872 bea-

393 3886 572 3944 tiores
603 3889 700 3958 qui
729 3888 923 3941 valent
955 3888 1120 3939 beata
1149 3886 1465 3941 testimonii
1499 3889 1862 3941 confessione
1911 3905 2024 3942 non

390 3961 668 4015 excidere.
707 3959 946 4013 Possum
980 3959 1170 4012 dicere
1221 3975 1234 4012 :
1285 3959 1445 4021 Quod
1498 3960 1871 4027 permittitur,
1926 3960 2023 4014 bo-

391 4047 532 4086 num
590 4046 699 4085 non
733 4035 840 4084 est.
875 4029 1020 4094 Quid
1057 4028 1256 4083 enim?
1286 4029 1530 4084 Necesse
1559 4034 1649 4083 est
1679 4029 1824 4084 mori
1859 4030 2023 4085 mihi.

387 4102 445 4156 Si
477 4103 661 4174 plnro,
694 4102 917 4174 bonum
939 4105 1049 4174 est.
1081 4099 1240 4162 Quod
1275 4101 1321 4174 si
1354 4100 1530 4174 timeo
1562 4102 1712 4170 quod
1750 4102 2028 4169 permitti-

390 4171 506 4241 tur,
539 4183 873 4242 suspectam
908 4171 1082 4227 habet
1114 4171 1517 4241 permissionis
1548 4188 1665 4226 sua:
1697 4188 2024 4226 caussam.»

389 4245 484 4298 Ait
513 4243 904 4298 Tertullianus
936 4259 950 4314 ς
984 4243 1359 4314 Christianis
1385 4243 1456 4297 ab
1505 4249 1748 4314 tyranno
1805 4244 1871 4296 ad
1925 4245 2024 4297 de-

388 4315 693 4370 iectionem
726 4313 1231 4386 requisitis,licere
1263 4312 1494 4386 quidem
1526 4312 1666 4386 fuga
1697 4313 1874 4369 saluti
1909 4331 2025 4368 suae

385 4391 708 4452 consulere,
741 4384 818 4440 ac
840 4384 1052 4438 melius
1082 4401 1208 4439 esse
1241 4385 1320 4438 uti
1354 4384 1641 4454 permissu
1691 4401 1758 4439 ex
1808 4388 2022 4453 fugere,

385 4475 559 4528 quam
594 4456 1042 4528 comprehensos
1075 4455 1432 4528 cruciatibus
1455 4459 1521 4511 ad
1549 4457 1850 4528 perﬁdiam
1874 4473 2024 4510 com-

382 4527 540 4599 pelli.
580 4529 789 4583 Deinde
820 4527 1078 4598 apponit,
1112 4527 1281 4596 longe
1310 4527 1519 4582 melius
1548 4544 1675 4583 esse
1722 4529 1834 4581 fixo
1882 4531 2023 4597 pede

379 4605 689 4671 tyrannum
724 4605 782 4653 et
810 4603 1079 4671 uncoset
1108 4614 1311 4652 cruces
1342 4605 1678 4667 exspectare
1694 4615 1774 4671 Aac
1803 4601 2024 4668 perpeti

379 4669 484 4726 nec
513 4672 658 4724 datis
687 4670 915 4725 Christo
949 4670 1080 4724 ﬁdei
1121 4676 1551 4726 sacramentum
1597 4669 1830 4726 violare.
1885 4671 2020 4725 Per—

378 4744 464 4814 git
495 4742 882 4814 gravissimus
913 4757 1139 4814 censor,
1171 4747 1224 4795 et
1261 4740 1452 4814 fugam
1487 4740 1646 4798 illam
1680 4757 1852 4810 quam
1887 4759 2020 4813 per-

379 4811 620 4867 fnissiam
656 4827 778 4866 esse
809 4812 1054 4876 dixerat,
1090 4811 1360 4866 obstruit.
1401 4812 1643 4868 Possum
1678 4811 1900 4870 dicere;
1932 4814 2019 4866 in-

2142 3604 2364 3670 fuisset,
2400 3621 2513 3658 non
2547 3604 2784 3678 fugisse,
2829 3607 3434 3678 comprehensumque
3483 3604 3793 3665 termenta

2137 3678 2366 3747 fortiter
2396 3675 2725 3744 pertulisse,
2757 3692 2942 3746 neque
2974 3694 3243 3747 negasse.
3288 3675 3414 3733 Βία.

2205 3746 2281 3871 (9?
2313 3747 2549 3828 Felicem
2581 3749 2867 3828 illum.q_ui
2897 3746 3076 3803 Pauli"
3101 3750 3308 3803 similis
3354 3750 3660 3830 exstiterit.
3720 3753 3787 3806 Β.

2205 3835 2250 3871 ιιι
2284 3835 2380 3871 um
2412 3818 2666 3871 οωιιὴθηι
2703 3835 2914 3871 νιχιεεθ
2948 3821 3196 3871 probant
3223 3821 3344 3871 haec
3374 3822 3581 3871 verba:
3634 3822 3787 3871 Illud

2138 3817 2380 3872 Paulum
2412 3818 2666 3872 caelibem
2703 3819 2914 3874 vixisse
2948 3821 3196 3889 probant
3223 3821 3344 3874 haec
3374 3822 3582 3886 verba;
3634 3822 3788 3877 illud

2135 3896 2342 3963 autem,
2389 3891 2542 3958 apud
2594 3890 3022 3963 Tertullianum
3072 3891 3499 3957 certissimum;
3535 3903 3792 3963 excepto

2135 3964 2290 4014 enim
2315 3960 2374 4013 Β.
2411 3961 2851 4033 Petro,apostoli
2884 3978 3088 4016 omnes
3120 3963 3483 4018 continentes
3515 3960 3794 4033 fuerunt,

2137 4037 2201 4085 ut
2231 4038 2390 4099 patet
2417 4048 2484 4084 ex
2519 4032 2613 4084 lib.
2649 4033 2712 4086 de
2741 4033 2955 4100 Monog.
2991 4033 3066 4087 Ls
3101 4034 3201 4088 Pa.

2207 4103 2315 4174 (l0)
2349 4102 2594 4174 Quarum
2623 4105 2850 4157 nomina
2882 4120 3045 4170 penes
3095 4106 3417 4159 Dominum.
3467 4103 3631 4174 Saepe
3684 4123 3790 4161 oc-

2136 4173 2316 4226 currit
2346 4174 2404 4227 in
2428 4173 2691 4248 _anti_quit
2720 4175 3162 4248 martyrologiis,
3196 4177 3260 4229 Et
3286 4176 3394 4230 alii
3417 4173 3621 4241 sancti,
3651 4195 3796 4248 quo-

2134 4259 2260 4296 rum
2286 4245 2510 4298 nomina
2543 4245 2682 4298 Deus
2703 4247 2822 4300 scit.
2859 4245 2935 4300 Ls.
2965 4245 3066 4302 Pii.

2205 4316 2316 4384 (ll)
2370 4316 2504 4382 Quae
2545 4316 2767 4369 nullam
2816 4323 3017 4382 romae
3061 4317 3146 4372 vel
3203 4317 3380 4372 artatis
3435 4318 3794 4373 occasionem

2131 4389 2436 4454 praemissis
2482 4389 2707 4441 maritis
2750 4390 3042 4442 sanctitati
3091 4397 3446 4456 anteponunt.
3500 4387 3638 4442 Post
3690 4407 3792 4443 re-

2137 4473 2394 4526 pressam
2419 4459 2744 4525 eorum,qui
2766 4459 3181 4514 imbecillitatis
3203 4459 3472 4513 humanae
3497 4467 3791 4527 praetextu

2136 4529 2412 4583 secundis
2441 4529 2662 4598 nuptiis
2689 4529 3015 4598 impensius
3051 4531 3337 4594 favebant,
3394 4532 3790 4596 sententiam,

2133 4599 2527 4654 Tertullianus
2587 4603 2747 4653 uxori
2805 4617 2925 4656 suae
2983 4602 3264 4656 adversus
3329 4602 3512 4669 ipsam
3582 4603 3782 4656 imbe-

2139 4669 2436 4743 cillitatem
2478 4670 2732 4743 consilia
2779 4672 2978 4735 dictat,
3031 4673 3196 4743 quasi
3231 4673 3507 4736 amuleta,
3541 4672 3630 4726 vel
3667 4691 3788 4743 po-

2141 4741 2261 4795 tius
2290 4742 2613 4814 νικητήρια.
2649 4765 2675 4790 ‹‹
2730 4741 3064 4811 Disjunctis
3106 4744 3500 4808 matrimonio,
3551 4741 3786 4813 inquit,

2131 4813 2256 4865 duae
2315 4813 2537 4883 species
2605 4813 2872 4868 humanae
2927 4815 3348 4869 imbecillitatis
3406 4817 3784 4873 necessarias

380 4884 537 4966 quit,
560 4885 711 4966 quod
749 4883 1348 4966 permittitur,bonum
1386 4899 1496 4966 pop
1530 4884 1800 4966 est.Quid
1834 4884 2020 4966 enim?
2053 4901 2095 4963 D
2131 4883 2376 4966 nuptias
2398 4883 2638 4938 faciunt.
2679 4885 2866 4966 Prima
2892 4887 3134 4966 quidem
3170 4887 3602 4966 potentissima,
3637 4905 3779 4966 quae

376 4954 646 5011 imminet
677 4954 878 5009 cervici
908 4955 1158 5019 gladius,
1195 4959 1404 5009 aestuat
1455 4957 1676 5019 fornax,
1725 4961 2018 5010 tormenta

374 5032 632 5097 crepant,
667 5042 902 5082 necesse
933 5031 1022 5080 est
1055 5019 1197 5079 mori
1233 5026 1398 5080 mihi.
1433 5026 1488 5079 Si
1522 5027 1655 5082 fietu
1691 5031 1748 5080 et
1795 5026 2013 5096 ejulatu

373 5099 612 5169 pavidus
642 5102 950 5163 tormenta,
1002 5099 1262 5169 morbem
1311 5098 1609 5166 deprecor,
1665 5098 1876 5150 bonum
1929 5102 2016 5154 est

372 5168 527 5241 quod
562 5171 940 5240 permittitur,
977 5185 1186 5238 nempe
1220 5168 1435 5241 fugere.
1471 5171 1630 5233 Quod
1664 5169 1710 5221 si
1742 5169 1885 5241 illud
1924 5169 2013 5238 ip-

373 5239 504 5296 sum
540 5242 689 5312 quod
726 5241 1082 5311 permittitur
1112 5241 1310 5312 timeo,
1357 5239 1608 5294 dictante
1656 5239 2014 5312 conscientia

370 5315 489 5367 tam
517 5310 696 5366 beatae
717 5310 922 5367 mortis
946 5312 1141 5381 fugam
1163 5311 1495 5367 indecorem
1518 5327 1647 5366 esse
1660 5310 1737 5363 Ch
1750 5312 2009 5377 ristiano,

370 5384 427 5438 id
460 5400 655 5453 ipsum
688 5385 837 5452 quod
869 5399 1035 5438 mens
1065 5383 1402 5453 mealugam
1426 5382 1769 5451 permissam
1805 5397 2012 5451 sugge.

370 5455 736 5524 rit-quidem,
783 5471 896 5509 non
951 5459 1141 5508 tamen
1196 5455 1322 5509 sine
1381 5459 1539 5507 metu
1594 5453 1809 5522 probri,
1870 5453 2011 5507 satis

371 5527 560 5595 arguit
594 5531 925 5596 suspectam
960 5541 1087 5580 esse
1119 5525 1522 5595 permissionis
1555 5524 1713 5578 illius
1747 5539 2004 5578 causam:

374 5598 634 5651 animum
669 5597 891 5651 scilicet
922 5613 1124 5667 parum
1160 5598 1384 5664 fortem,
1421 5613 1624 5666 parum
1655 5601 1916 5651 tenacem
1951 5596 2011 5648 ﬁ-

373 5667 497 5739 dei;
533 5667 735 5739 vitium
758 5667 1314 5739 _imbecillitatis;cui
1348 5667 1501 5723 malo
1533 5669 1668 5739 fuga
1699 5683 1800 5736 pro
1834 5682 2009 5720 reme-

373 5737 470 5790 dio
501 5736 577 5790 sit
608 5737 1022 5794 indulta.Adeo
1053 5737 1101 5792 si
1132 5739 1226 5792 cui
1257 5740 1476 5795 bonum
1509 5736 1680 5794 fuerit
1709 5739 2007 5810 fugere,ne

2126 4955 2282 5008 venit
2346 4956 2416 5009 de
2490 4957 2963 5026 concupiscentia
3031 4957 3226 5011 carnis
3295 4974 3307 5011 :
3378 4955 3783 5023 sequens‘de

2125 5027 2600 5095 concupiscentia
2652 5029 2866 5083 saeculi.
2927 5029 3030 5082 Sed
3089 5033 3338 5096 utraque
3403 5029 3782 5098 repudianda

2124 5108 2201 5151 es!
2237 5114 2266 5150 ιι
2297 5099 2477 5151 servis
2511 5098 2629 5162 Dei,
2679 5100 2777 5167 qui
2826 5104 2882 5153 et
2931 5100 3171 5154 luxuria:
3216 5106 3272 5155 et
3319 5100 3622 5155 ambitioni
3675 5119 3778 5156 re-

2124 5168 2486 5224 nuntiamus.
2532 5170 2736 5224 Carnis
2793 5171 3270 5238 concupiscentia
3324 5173 3510 5227 altatis
3566 5170 3774 5230 ofﬁcia

2122 5239 2399 5306 defendit,
2433 5241 2659 5296 decoris
2691 5257 2939 5296 messem
2973 5243 3236 5312 requirit,
3267 5245 3480 5311 gaudet
3507 5243 3578 5297 de
3626 5260 3777 5298 con-

2119 5312 2361 5366 tumelia
2413 5328 2552 5376 sua;
2607 5312 2747 5366 dicit
2793 5312 2978 5368 virum
3033 5315 3425 5369 necessarium
3475 5314 3661 5380 sexui,
3699 5323 3777 5370 ut

2121 5384 2488 5437 auctoritatis
2518 5388 2574 5437 et
2603 5383 2792 5437 solatii
2825 5401 3054 5448 caussa,
3089 5385 3176 5440 vel
3207 5392 3268 5438 ut
3298 5385 3466 5440 malis
3509 5390 3775 5440 rumori-

2121 5453 2230 5507 bus
2259 5458 2390 5508 tuta
2421 5455 2589 5508 sit.Et
2608 5459 2668 5508 tu
2690 5455 2968 5511 adversus
2994 5456 3237 5511 consilia
3264 5457 3385 5511 haec
3400 5457 3528 5526 ejus
3547 5456 3774 5514 adhibe

2119 5531 2751 5598 sororum‘nostrarum
2785 5527 3070 5598 exempla,
3105 5545 3351 5598 quarum
3385 5528 3625 5582 nomina
3655 5545 3765 5597 pe-

2119 5611 2222 5648 nes
2254 5595 2586 5660 Dominum,
2621 5613 2748 5667 quae
2779 5595 3168 5654 nulla—formis
3211 5599 3298 5654 vel
3347 5599 3533 5654 aetatis
3580 5595 3764 5656 occa-

2118 5667 2295 5740 sjone
2329 5684 2562 5740 pressae,
2613 5669 2839 5724 maritis
2887 5671 3255 5725 sanctitatem
3298 5675 3685 5740 anteponunt.
3732 5695 3757 5719 ι

2115 5737 2243 5793 Haec
2275 5739 2382 5793 fuit
2399 5740 2456 5794 in
2474 5739 2728 5810 vulgatis
2747 5741 3028 5797 hactenus
3048 5741 3406 5798 editionibus
3433 5737 3755 5814 scriptura.
