4050 6390
310 365 466 425 1393

1610 361 1845 420 LIBER
1890 362 1913 420 l
1962 362 2064 421 AD
2115 360 2461 425 UXOREM.

3486 412 3491 423 .
3573 362 3729 423 139‘

312 495 409 552 illo
441 496 913 552 sermocinantur
946 511 958 548 ε
991 494 1157 549 illum
1209 493 1417 550 diebus
1445 496 1503 549 et
1534 494 1805 549 noctibus
1839 499 1953 548 tra-
1987 497 2040 562 Α
2072 510 2187 549 non
2221 493 2457 564 quidem
2490 492 2799 550 monilium
2829 493 3225 565 pondera,non
3249 491 3501 549 vestium
3532 495 3726 563 taedis,

310 590 472 640 ctant
502 601 514 639 :
550 583 841 639 orationes
873 583 1072 639 I28]
1110 600 1248 638 suas
1296 583 1451 637 velut
1504 584 1668 637 dotes
1715 582 1961 637 Domino

312 675 658 745 assignant:
693 674 765 727 ab
810 673 1013 728 eodem
1062 672 1461 744 dignationem
1514 671 1669 726 velut
1720 688 1962 726 munera

312 762 606 818 maritalia
636 762 700 831 ³⁸,
724 761 1188 832 quotiescunque
1219 762 1572 831 desiderant,
1590 777 1957 831 consequun-

308 856 427 907 tur.
473 850 566 906 Sic
610 857 893 905 asternum
944 850 1055 904 sibi
1106 850 1325 904 bonum
1375 849 1607 904 Domini
1636 850 1680 884 3°
1710 866 1958 920 occupa-

306 945 536 1007 verunt,
570 956 636 994 ac
661 940 786 1009 jam
840 941 898 992 in
931 938 1101 993 terris
1136 955 1248 993 non
1291 938 1586 1008 nubendo,
1621 939 1691 993 de
1741 936 1963 992 familia

308 1029 573 1101 angelica
602 1029 959 1099 deputantur
986 1029 1119 1095 (i2).
1141 1027 1369 1083 Talium
1404 1026 1687 1099 exemplis
1713 1026 1957 1082 femina-

310 1136 441 1174 rum
500 1119 573 1173 ad
632 1117 1063 1172 inmutationem
1123 1122 1180 1171 te
1238 1116 1603 1172 continentia:
1661 1132 1956 1186 exercens,

308 1206 560 1280 spiritali
586 1206 891 1263 aﬂectione
913 1205 1207 1261 carnalem
1240 1205 1401 1260 illam
1423 1206 1957 1277 concupiscentiam

311 1298 585 1352 bumabis
614 1314 627 1363 ;
660 1294 1005 1367 temporalia
1033 1300 1091 1350 et
1140 1294 1383 1349 volatica
1422 1295 1714 1350 desideria
1762 1295 1957 1349 formae

306 1386 394 1443 vel
428 1387 616 1441 aetatis
664 1384 1099 1440 inimicantium
1148 1385 1435 1438 bonorum
1484 1383 1958 1456 compensatione

306 1476 554 1531 delendo
594 1476 658 1531 ιο.
692 1474 976 1529 Οωὶθνυῐη
1029 1475 1073 1509 ⁴ι
1122 1473 1238 1528 haec
1298 1473 1595 1529 saecularis
1647 1473 1952 1544 concupis—

306 1566 498 1621 centia
554 1581 797 1620 caussas
855 1563 1031 1617 habet
1085 1562 1352 1633 gloriam,
1391 1562 1794 1634 cupiditatem,
1829 1579 1957 1617 am-

306 1653 613 1718 bitionem,
666 1651 1145 1707 insufﬁcientiam
1201 1668 1299 1721 per
1350 1668 1496 1721 quas
1550 1652 1955 1706 necessitatem

306 1742 565 1797 nubendi
601 1742 907 1805 subornat,
941 1739 1209 1795 videlicet
1238 1739 1493 1794 coelestia
1524 1742 1955 1811 repromittens,

306 1831 596 1886 dominari
647 1830 707 1885 in
739 1830 929 1885 aliena
978 1828 1216 1895 familia,
1251 1828 1311 1882 in
1356 1828 1563 1883 alienis
1607 1830 1817 1899 opibus
1864 1828 1955 1882 in-

305 1922 582 1975 cumbere
612 1920 679 1986 ‘3,
713 1919 937 1974 cultum
988 1919 1059 1973 de
1089 1918 1278 1972 alieno
1316 1924 1659 1989 extorquere
1688 1924 1953 1988 sumptu,

306 2023 480 2078 quem
517 2024 632 2062 non
664 2006 884 2061 sentias
921 2007 1123 2061 cedere
1153 2005 1209 2059 in
1243 2010 1317 2060 te.
1352 2005 1481 2060 Haec
1519 2006 1717 2076 procul
1750 2023 1782 2059 a
1806 2006 1954 2073 iide-

304 2097 481 2161 libus,
519 2096 737 2167 quibus
788 2094 950 2150 nulla
994 2112 1134 2149 cura
1182 2094 1494 2150 tolerandas
1541 2095 1688 2163 vitae,
1739 2094 1852 2150 nisi
1907 2096 1955 2149 si

304 2185 634 2241 diffidimus
666 2185 737 2240 de
782 2184 1093 2257 promissis
1138 2184 1257 2251 Dei,
1292 2188 1349 2239 et
1376 2200 1516 2239 cura
1564 2189 1620 2239 et
1649 2184 1957 2255 providen-

304 2275 384 2330 tia
413 2275 457 2309 "
492 2291 505 2329 :
540 2274 641 2345 qui
672 2273 795 2329 lilia
826 2273 1078 2345 agrestia
1106 2273 1151 2307 “
1182 2273 1373 2342 vestit,
1408 2272 1510 2343 qui
1542 2272 1800 2328 volatilia
1830 2273 1957 2328 cmli

306 2363 467 2418 nullo
500 2363 762 2435 ipsorum
794 2362 990 2417 labore
1023 2362 1230 2433 pascit,
1264 2361 1362 2432 qui
1404 2361 1672 2433 prohibet
1701 2363 1772 2417 de
1802 2380 1958 2418 cras-

301 2452 426 2506 tino
482 2452 759 2523 victuque
808 2450 854 2484 ⁴⁸
901 2452 1235 2521 vestituque
1266 2452 1309 2485 ‘°
1358 2450 1585 2518 curari;
1637 2453 1960 2523 spondens,

303 2540 453 2596 scire
484 2556 572 2605 se,
606 2539 746 2610 quid
779 2539 991 2611 cuique
1034 2555 1329 2595 servorum
1382 2556 1624 2595 suorum
1657 2557 1806 2612 opus
1836 2541 1914 2596 sit
1947 2558 1960 2596 :

2073 600 2186 637 non
2219 582 2463 655 gallicos
2497 582 2711 638 multos
2739 584 2780 616 ‘7
2812 584 2921 654 (13)
2957 600 3060 638 nec
3091 582 3454 653 germanicos
3490 582 3727 653 bajulos

2072 685 2198 741 quae
2233 672 2570 743 nuptiarum
2614 671 2862 743 gloriam
2895 671 3257 738 accendunt;
3292 672 3393 726 sed
3428 671 3727 727 sufﬁcien-

2070 762 2235 827 tiam,
2270 778 2395 832 qua:
2429 761 2726 816 modestia:
2762 765 2818 816 et
2850 760 3141 832 pudicitiae
3189 766 3324 832 apta
3354 766 3463 817 est.
3499 765 3727 816 Praesu-

2073 866 2292 917 me,oro
2326 849 2553 916 te,nihil
2586 849 2690 905 tibi
2717 867 2866 923 opus
2897 856 3005 917 est,
3039 852 3089 906 si
3120 851 3367 906 Domino
3402 868 3725 922 apparens;

2070 938 2188 995 imo
2236 939 2436 994 omnia
2487 939 2722 1009 habere,
2773 939 2821 994 si
2872 940 3089 995 habeas
3140 940 3499 995 Dominum:
3553 940 3727 1010 cujus

2070 1028 2266 1083 omnia
2296 1028 2338 1062 ‘3
2368 1028 2628 1083 cmlestia
2656 1028 2861 1084 I282
2894 1029 3168 1100 recogita,
3201 1032 3257 1083 et
3306 1032 3539 1084 terrena
3586 1029 3726 1084 des-

2069 1116 2264 1189 picies.
2300 1116 2457 1171 Nihil
2490 1118 2755 1173 viduitati
2788 1119 2942 1189 apud
2998 1120 3177 1173 Deum
3228 1118 3585 1190 subsignatzs
3619 1134 3723 1173 ne-

2067 1205 2383 1262 cessarium
2416 1210 2525 1276 est,
2560 1223 2731 1277 quam
2766 1222 3152 1278 perseverare.

2722 1295 2947 1351 CAPUT
2983 1295 3050 1349 V.

2137 1384 2439 1455 Adjiciunt
2468 1384 2701 1452 quidem
2734 1384 2845 1439 sibi
2888 1383 3157 1440 homines
3208 1400 3452 1440 caussas
3487 1382 3719 1456 nuptia-

2067 1491 2199 1529 rum
2257 1475 2327 1530 de
2383 1473 2782 1529 sollicitudine
2842 1473 3225 1546 posteritatis,
3285 1480 3340 1528 et
3398 1473 3717 1529 liberorum

2067 1563 2441 1618 amarissima
2489 1563 2805 1635 voluptate.
2840 1563 2950 1618 Sed
3004 1563 3061 1617 id
3096 1579 3329 1634 quoque
3382 1579 3557 1634 penes
3611 1579 3718 1617 nos

2066 1654 2336 1708 odiosum
2369 1658 2457 1708 est
2487 1654 2711 1707 “.Nam
2734 1652 2871 1723 quid
2897 1652 3222 1723 gestiamus
3250 1651 3467 1707 liberos
3497 1667 3717 1723 gerere,

2067 1758 2214 1812 quos
2244 1758 2377 1796 cum
2412 1742 2716 1811 habemus,
2750 1742 3101 1813 praemittere
3131 1746 3426 1812 Optamus,
3449 1744 3716 1811 respectu

2066 1830 2288 1887 scilicet
2334 1831 2774 1886 imminentium
2815 1831 3221 1901 angustiarum
3256 1831 3390 1900 (14),
3424 1827 3624 1900 cupidi
3659 1831 3717 1883 et

2064 1920 2177 1992 ipsi
2224 1921 2599 1992 iniquissimo
2648 1921 2758 1975 isto
2803 1920 3012 1975 saeculo
3069 1919 3243 1974 eximi
3272 1920 3315 1952 ⁵ο
3345 1923 3402 1974 et
3432 1917 3610 1988 recipi
3642 1917 3713 1971 ad

2064 2010 2400 2076 Dominum,
2433 2011 2588 2081 quod
2620 2010 2792 2064 etiam
2827 2008 3102 2081 Apostolo
3133 2014 3327 2064 vetum
3366 2008 3493 2063 fuit.
3527 2007 3712 2061 Nimi-

2066 2116 2191 2153 rum
2221 2098 2553 2153 necessaria
2599 2098 2831 2153 suboles
2862 2114 3028 2153 servo
3076 2096 3198 2151 Dei.
3251 2095 3403 2152 Satis
3453 2095 3609 2151 enim
3642 2095 3715 2150 de

2067 2186 2255 2241 salute
2289 2192 2489 2241 nostra
2518 2185 2838 2241 “securi”
2864 2201 3070 2241 sumus
3095 2188 3160 2239 ut
3179 2183 3380 2240 liberis
3401 2199 3672 2239 vacemus
3701 2200 3714 2238 :

2070 2276 2380 2348 quaerenda
2431 2274 2600 2331 nobis
2652 2292 2828 2331 onera
2876 2278 3034 2345 sunt,
3069 2291 3195 2345 quae
3241 2274 3415 2329 etiam
3448 2290 3482 2328 a
3528 2271 3719 2344 genti-

2069 2365 2213 2420 lium
2246 2365 2289 2399 ⁸³
2330 2363 2588 2435 profanis
2636 2365 2914 2432 vitantur,
2972 2381 3099 2435 quas
3146 2362 3374 2435 legibus
3424 2361 3722 2428 coluntur,

2072 2471 2200 2525 qua:
2227 2454 2558 2525 parricidiis
2590 2459 3000 2525 expugnantur
3032 2453 3162 2524 (15).
3195 2452 3372 2508 Nobis
3403 2451 3448 2485 ⁵⁸
3482 2450 3722 2523 quidem

2073 2542 2396 2614 plurimum
2416 2542 3195 2615 importuna(16),quantum
3219 2541 3350 2596 iidei
3372 2539 3720 2612 periculosa.

1719 2655 1923 2716 Variae
1955 2656 2275 2718 lectiones.

383 2763 426 2798 ³⁸
456 2761 684 2818 Dotalia
712 2763 839 2818 alii.
917 2763 963 2797 ³ο
995 2762 1307 2835 Dominum
1336 2762 1465 2818 Jun.
1499 2766 1726 2818 Bonum
1757 2763 1977 2817 donum
2023 2762 2255 2819 Domini
2307 2764 2425 2835 Rig.
2481 2765 2584 2819 Pro
2631 2762 2928 2829 humabis,
2968 2780 3042 2819 an
3089 2761 3403 2820 domabis?
3474 2761 3520 2796 ‘°
3548 2766 3719 2835 Com-

314 2851 571 2908 pensans
623 2837 706 2889 vel
758 2834 1168 2908 compensabis
1216 2839 1390 2890 Rhea.
1443 2851 1833 2908 compensans
1862 2836 2044 2890 Paris.
2091 2834 2440 2908 compenses
2488 2835 2732 2891 delenda
2772 2836 3000 2891 Semler.

931 2906 976 2940 ‘3
1006 2907 1319 2976 Sumptum
1346 2937 1409 2945 —
1443 2907 1633 2973 edere,
1666 2907 1793 2963 sine
1824 2910 1883 2961 in
1921 2912 1993 2973 te,
2026 2908 2144 2978 Rig.

310 2908 357 2945 ⁴²
386 2907 671 2962 lncubare
702 2908 825 2975 Rig.

310 2980 501 3048 gratia
534 2978 706 3059 vestit
732 2980 868 3059 Rign
956 2979 1000 3020 ‘6
1034 2977 1379 3059 Vestituque
1409 2978 1525 3059 del:
1547 2979 1712 3059 Seml.

313 3068 480 3115 num,
513 3052 682 3121 cujus
713 3050 909 3104 omnia
943 3066 955 3104 :
992 3050 1118 3122 cmi.
1149 3050 1275 3104 Jun.
1357 3050 1603 3122 ‘97Nobis
1634 3051 1885 3104 otiosum
1917 3056 2026 3121 est,
2058 3052 2177 3122 Rig.

309 3124 378 3176 de
409 3129 568 3177 sorte
599 3128 801 3177 nostra
831 3121 1019 3175 securi
1048 3138 1277 3187 sumus,
1313 3128 1376 3175 ut
1405 3121 1605 3177 liberis
1639 3138 1910 3178 vacemus
1938 3124 2067 3179 Jun.

313 3195 513 3266 risque
543 3194 746 3264 Rigalt.
826 3194 871 3227 “
900 3198 1144 3249 Demum
1178 3196 1296 3263 Rig.
1329 3196 1523 3249 omisso
1555 3194 1811 3265 quidem.

1811 2980 1851 3013 ‘7
1882 2977 2133 3034 Gallicos
2164 2978 2358 3035 mulos
2386 2979 2518 3045 alii,
2552 2977 2769 3035 multos
2809 2981 3015 3047 Rigalt.

3106 2838 3146 2871 “
3183 2835 3310 2891 Haec
3343 2836 3517 2890 omitt.
3548 2834 3717 2889 Seml.

2594 2924 2679 2978 pr.
2728 2908 2873 2962 abest
2920 2908 2987 2961 ab
3034 2908 3185 2963 aliis.
3292 2907 3336 2941 ⁴⁵
3362 2907 3505 2977 Agri
3557 2909 3719 2978 tanta

3112 2980 3155 3015 ⁴⁸
3188 2979 3245 3033 Si
3279 2976 3496 3033 habeas
3527 2976 3719 3031 Domi-

2254 3052 2297 3094 ‘0
2334 3050 2533 3106 Excuti
2562 3052 2689 3106 Jun.
2716 3068 2744 3106 e
2776 3052 2893 3106 Mss.
2924 3051 3212 3106 Vaticanis.
3290 3051 3329 3085 ⁵¹
3366 3050 3519 3105 Satis
3552 3049 3708 3102 enim

2254 3124 2410 3174 Enim
2445 3125 2658 3174 desunt
2689 3129 2908 3174 nostra-
2943 3122 2991 3174 si
3024 3122 3213 3174 securi
3244 3122 3411 3174 Seml.
3515 3120 3559 3153 ⁸³
3590 3120 3708 3174 Ple-

3656 3136 3717 3175 e—

2248 2908 2293 2941 “
2322 2908 2390 2962 Et
2422 2925 2470 2963 c.
2507 2913 2563 2962 et

2168 3122 2213 3157 ⁵²
2244 3124 2410 3178 Enim
2445 3125 2658 3179 desunt
2689 3129 2909 3193 nostra,
2943 3122 2991 3180 si
3024 3122 3213 3177 securi
3244 3122 3411 3177 Seml.

1744 3320 1891 3379 Com
1904 3320 2267 3380 mentarius.

308 3427 474 3482 Unde
504 3426 719 3497 aliquis
761 3427 932 3493 dicat,
961 3425 1280 3481 invalidum
1313 3443 1441 3482 esse
1474 3427 1581 3481 hoc
1611 3425 1956 3481 Tertulliani
1988 3431 2031 3498 ε
2071 3428 2166 3481 bus
2197 3428 2466 3493 locuntur,
2503 3444 2604 3497 pro
2646 3428 2852 3497 legibus
2893 3429 3170 3482 coluntur.
3220 3425 3311 3481 Sic
3353 3425 3426 3498 ale
3470 3424 3720 3498 calonica

305 3499 589 3571 adversus
612 3500 899 3553 secundas
922 3498 1155 3571 nuptias
1189 3504 1626 3571 argumentum,
1662 3499 1732 3553 ab
1762 3514 1956 3553 exem-

310 3570 419 3642 plis
453 3587 677 3632 earum,
711 3586 839 3640 qua
872 3570 1033 3624 nulla
1062 3570 1263 3627 form-ce
1294 3572 1382 3625 vel
1416 3571 1603 3625 aetatis
1651 3571 1956 3625 occasione

306 3659 539 3713 pressae,
576 3644 802 3697 maritis
824 3644 1196 3697 sanctitatem
1230 3647 1613 3713 anteponunt.
1639 3642 1782 3697 Nam
1816 3643 1955 3711 quid

311 3716 523 3769 mirum
574 3715 622 3769 si
671 3714 960 3769 deformes
1005 3721 1062 3769 et
1096 3716 1220 3785 jam
1271 3715 1500 3779 vetulae,
1559 3715 1616 3767 in
1677 3715 1958 3769 viduitate

306 3792 686 3857 perseverant
732 3786 759 3840 Τ
816 3795 987 3841 castae
1046 3794 1207 3851 sunt,
1262 3788 1403 3856 quia
1480 3802 1651 3840 nemo
1711 3788 1956 3856 rogavit,

305 3864 363 3912 et
437 3875 529 3913 res
586 3857 835 3927 exempli
893 3857 1105 3927 fuerit,
1146 3860 1194 3911 si
1255 3874 1367 3927 qua
1432 3857 1542 3912 hoc
1594 3857 1814 3911 afﬂicta
1869 3858 1955 3911 in-

306 3930 582 3994 fortunio,
618 3926 868 3983 alterum
921 3926 1178 3983 inveniat
1210 3926 1508 3983 maritum.
1542 3929 1760 3998 Nempe
1791 3928 1959 3984 aliter

304 4001 563 4055 exaravit
594 4017 804 4054 manus
856 4000 1144 4063 Auctoris,
1178 4000 1309 4068 styli
1362 4002 1451 4055 sui
1484 4000 1955 4070 diligentissima.

302 4073 541 4126 Veteres
599 4074 954 4125 membrana:
1009 4072 1281 4127 habent:
1342 4094 1369 4121 ‹‹
1431 4072 1499 4125 Et
1555 4078 1619 4127 tu
1680 4073 1956 4128 adversus

308 4144 550 4197 consilia
605 4144 724 4196 haec
796 4144 945 4212 ejus,
1005 4142 1218 4198 adhibe
1276 4159 1540 4197 sororum
1623 4149 1956 4198 nostrarum

307 4216 590 4285 exempla,
627 4231 876 4284 quarum
930 4217 1167 4269 nomina
1219 4232 1396 4285 penes
1448 4214 1783 4279 Dominum,
1831 4233 1957 4284 qua;

309 4284 528 4341 nullam
592 4287 789 4340 formai
833 4284 919 4358 vel
966 4286 1155 4340 {etatis
1210 4284 1592 4358 Occasionem,
1638 4287 1958 4358 praemissis

308 4360 562 4425 maritis,
611 4357 925 4429 sanctitati
962 4363 1343 4429 anteponunt.
1381 4380 1410 4406 »
1443 4357 1650 4412 Utitur
1678 4359 1958 4424 exemplis

308 4448 509 4486 earum
559 4447 686 4500 quae
736 4428 964 4483 maritis
1009 4428 1300 4501 suis-jam
1355 4429 1497 4484 ccelo
1550 4430 1817 4500 receptis.
1850 4430 1957 4485 hos

309 4504 464 4557 enim
500 4502 834 4572 praemissos
867 4501 1009 4554 dicit
1040 4502 1140 4571 qui
1193 4502 1473 4557 uxoribus
1513 4501 1638 4555 suis
1668 4504 1741 4556 ad
1774 4502 1957 4556 Deum

308 4575 604 4643 praeivere,
663 4590 729 4627 ac
782 4574 935 4626 diem
995 4590 1169 4627 suum
1233 4573 1454 4642 priores
1510 4572 1748 4639 obiere;
1808 4590 1956 4645 quae,

307 4647 574 4717 inquam,
607 4645 861 4717 maritis,
885 4646 1010 4699 suis
1033 4645 1341 4717 jamicozlo
1389 4644 1656 4717 receptis,
1690 4646 1959 4715 quamvis

313 4716 599 4799 formosas,
632 4716 1113 4799 quamvisatate
1160 4716 1452 4799 florentes,
1485 4716 1706 4797 nullam
1758 4722 1955 4799 tamen

2068 3500 2378 3567 gloria,pro
2408 3499 2483 3570 de,
2504 3496 2751 3554 lucanica
2781 3500 2981 3570 gloria.
3004 3501 3203 3569 Itaque
3234 3498 3327 3553 hic
3355 3496 3677 3570 legendum
3706 3511 3721 3551 :

2066 3571 2314 3626 Gallicos
2368 3569 2605 3634 mullos,
2658 3567 3195 3626 nec'Germanicos
3255 3567 3505 3638 bajulOs.
3553 3567 3720 3622 Unde

2066 3648 2260 3697 ortum
2309 3642 2475 3708 illud,
2509 3644 2663 3712 quod
2696 3643 2754 3696 in
2806 3642 3066 3697 Rhenani
3118 3642 3477 3697 editionibus
3526 3638 3715 3712 cerni-

2066 3722 2182 3779 tur,
2235 3714 2465 3769 Gallicos
2517 3709 2718 3768 uultus.
2752 3713 2882 3769 Scio
2944 3714 3171 3786 placere
3224 3730 3402 3786 posse
3446 3712 3603 3786 quod
3655 3709 3715 3764 in

2067 3787 2421 3856 quibusdam
2473 3802 2613 3840 mss.
2678 3786 2918 3855 reperiri
2946 3783 3152 3853 'aiunt,
3204 3785 3432 3840 Gallicos
3490 3783 3715 3856 mulos.-

2068 3852 2207 3928 quia
2245 3858 2488 3937 scilicet_
2511 3852 2789 3937 seque-nte
2834 3859 2979 3937 libro
3022 3858 3081 3912 in
3118 3858 3405 3937 ejusdem
3442 3852 3713 3937 praecepti

2066 3926 2410 3984 tractatione
2456 3926 2775 4000 Septimius
2821 3930 3018 3984 dicat:
3054 3950 3081 3978 «
3118 3926 3298 3993 Unde,
3352 3926 3465 3980 nisi
3514 3926 3716 4000 adia-

2066 4002 2221 4068 bolo,
2258 3996 2551 4055 maritum'
2568 4007 2767 4072 petant
2805 4002 3078 4056 idoneum
3106 4000 3441 4072 exhibendas
3475 3996 3632 4072 sella}
3662 4000 3719 4051 et

2072 4074 2343 4128 mulabus
2389 4080 2447 4126 et
2494 4068 2796 4127 cinerariis
2850 4074 3166 4143 peregrinae
3220 4069 3588 4143 proceritatis
3608 4068 3717 4143 ⁸1η»

2068 4146 2176 4200 Sed
2212 4161 2343 4198 cum
2376 4142 2591 4199 ibidem
2620 4143 2736 4199 alia
2768 4138 2951 4197 multa
2982 4138 3047 4199 ἐκ
3085 4144 3191 4197 hoc
3220 4138 3398 4197 etiam
3428 4140 3578 4195 libro
3606 4138 3717 4194 ali-

2071 4224 2155 4270 ter
2198 4221 2446 4270 tractata
2493 4216 2878 4285 reperiantur,
2911 4222 2967 4269 et
3016 4215 3330 4269 multitudo
3382 4214 3718 4285 bajulorum

2065 4286 2416 4342 Gallicorum
2449 4292 2505 4340 et
2534 4283 3015 4342 Germanicorum
3044 4304 3265 4357 pompae
3293 4283 3559 4357 muliebri
3587 4300 3722 4337 con-

2068 4359 2282 4423 veniat,
2318 4358 2618 4412 retinenda
2652 4360 2794 4412 mihi
2829 4358 3058 4412 videtur
3087 4356 3435 4427 exemplaris
3466 4358 3720 4427 Agobar-

2069 4432 2192 4485 dini
2226 4431 2536 4501 scriptura,
2575 4452 2601 4480 ‹‹
2632 4430 2754 4485 Non
2790 4429 3040 4485 Gallicos
3092 4431 3310 4501 multos
3343 4445 3448 4483 nec
3478 4435 3717 4501 Germa-

2070 4503 2230 4557 nicos
2281 4497 2531 4568 bajulos.
2578 4525 2604 4550 »
2654 4502 2797 4555 Nam
2845 4511 2897 4555 et
2951 4503 3103 4569 apud
3154 4500 3510 4569 clementem
3558 4497 3717 4552 Alex.

2067 4574 2215 4628 libro
2248 4591 2311 4628 III
2533 4589 2659 4648 cap.
2773 4568 3018 4648 legitur,
3069 4571 3173 4626 Καὶ
3225 4568 3466 4648 φοράδην
3531 4568 3720 4643 βεστά-

2071 4651 2249 4714 ζοντες
2281 4642 2469 4697 Κελτοὶ
2512 4642 2735 4698 πολλοί.
2772 4642 2898 4699 Βῐό.

2143 4718 2252 4788 (14)
2286 4719 2540 4787 Respectu
2590 4718 3001 4771 imminentium
3048 4717 3452 4787 angustiarum.
3485 4713 3577 4768 Sic
3622 4730 3719 4767 su-

311 4788 772 4868 pulchritudinis
825 4794 944 4868 aut
986 4789 1249 4868 juventae
1308 4788 1688 4868 occasionem
1757 4789 1960 4868 obten-
1990 4805 2037 4868 Β
2070 4790 2460 4868 pra_,_Prgpter_
2481 4791 2763 4868 angustias
2793 4797 3116 4868 temporum.
3148 4792 3274 4868 Bia.

310 4864 477 4927 dunt,
512 4878 613 4917 nec
670 4860 919 4916 blandiri
951 4859 1063 4915 sibi
1095 4860 1398 4932 patiuntur
1430 4876 1443 4916 :
1477 4859 1577 4915 sed
1617 4861 1810 4914 carnis
1841 4878 1959 4915 suae

312 4935 707 5001 integritatem
756 4932 1062 5004 unicarum
1098 4930 1455 5004 nuptiarum
1498 4932 1705 4987 honori
1737 4950 1802 4987 ac
1835 4949 1958 4987 me-

314 5006 509 5087 moriae
570 5008 925 5087 persgrvant.
948 5076 959 5087 Ι
985 5003 1216 5087 Pergit"
1233 5003 1630 5085 Tertullianus
1658 5020 1698 5087 τε

316 5077 445 5132 lunt
493 5075 648 5131 enim
698 5077 815 5131 Deo
865 5076 1116 5138 nubere;
1157 5076 1273 5131 Deo
1311 5077 1608 5147 speciosae,
1658 5075 1773 5131 Deo
1823 5079 1965 5131 sunt

316 5148 559 5274 puelge;
594 5165 727 5203 cum
760 5147 860 5204 illo
892 5148 1247 5215 vivunt,cum
1283 5147 1382 5203 illo
1414 5146 1899 5212 sermocinantur,
1934 5170 1962 5197 ››

316 5228 419 5274 etc.
508 5236 582 5273 IG.

313 5228 419 5277 etc.
458 5228 582 5274 Hic.

383 5294 493 5362 (12)
527 5293 598 5345 De
646 5290 867 5359 familia
898 5291 1163 5362 angelica
1208 5290 1566 5362 deputantur.
1618 5288 1961 5362 Quasijam

318 5360 615 5419 translatae
649 5364 707 5416 in
742 5361 1064 5434 angelicam
1098 5361 1534 5434 qualitatem,ut
1565 5378 1693 5431 sup.
1729 5368 1785 5415 et
1809 5360 1911 5415 lib.
1946 5378 1963 5415 ι

316 5438 389 5492 de
422 5436 580 5489 Cultu
610 5439 739 5505 fern.
776 5450 789 5488 :
827 5456 855 5483 «
886 5438 1032 5488 Nam
1066 5439 1122 5488 et
1153 5435 1316 5489 vobis
1362 5433 1563 5489 eadem
1618 5438 1757 5487 tunc
1788 5435 1963 5488 subs-

315 5508 501 5563 tantia
532 5506 794 5578 angelica
826 5506 1200 5577 repromissa.
1239 5529 1258 5555 ιο
1294 5508 1418 5560 RIG.

388 5580 500 5650 (13)
532 5575 647 5650 Non
677 5575 907 5647 gallicas:
943 5578 1159 5633 multos.
1196 5579 1257 5633 In
1305 5575 1619 5650 exemplari
1667 5575 1964 5650 scribitur,

319 5653 439 5705 Non
467 5646 695 5719 ralligos
740 5650 961 5714 multos,
996 5666 1098 5719 pro
1140 5651 1395 5721 gallicas.
1429 5646 1772 5721 Hujusmodi
1822 5648 1965 5701 naevi

321 5727 610 5793 apparent
662 5721 719 5774 in
782 5719 1197 5793 manuscriptis
1253 5739 1368 5777 non
1427 5738 1576 5793 raro,
1635 5719 1963 5793 litterarum

322 5791 801 5867 transpositione.
834 5792 929 5850 Sic
957 5791 1132 5866 paqu
1162 5799 1317 5866 post,
1348 5793 1455 5849 hac
1486 5792 1614 5865 ipsa
1643 5806 1774 5864 pag.
1806 5791 1966 5863 Legi-

1760 5028 1788 5055 ‹‹
1838 5004 1961 5058 Ma-
2032 5006 2039 5013 °

2140 4861 2249 4929 (15)
2292 4856 2620 4915 Parricidiis
2679 4856 3091 4929 expugnantur.
3151 4857 3465 4922 Ahortivis,
3526 4856 3719 4911 disso-

2071 4931 2194 4986 luto
2219 4933 2707 4987 medicaminibus
2732 4938 3035 5002 conceptu.
3069 4931 3161 4987 Sic
3184 4932 3285 4986 lib.
3319 4931 3382 4985 de
3409 4929 3721 5002 Virginibus

2072 5004 2174 5058 vel.
2209 5003 2371 5069 dixit,
2406 5005 2653 5074 Infantes
2686 5001 3013 5076 aliquandiu
3033 5021 3065 5057 a
3097 5004 3369 5059 matribus
3398 5001 3716 5056 debellatos.

2072 5076 2301 5143 adem.)

2144 5146 2253 5215 (16)
2288 5146 2464 5201 Onera
2495 5148 2796 5202 liberorum
2828 5148 2982 5201 nobis
3026 5148 3332 5215 plurimum
3380 5146 3717 5211 importuna.

2073 5218 2165 5272 Sic
2224 5218 2370 5271 libro
2428 5220 2491 5273 de
2550 5220 2783 5273 bac/tori.
2826 5224 2961 5273 cast.
3024 5220 3189 5280 dixit,
3248 5219 3722 5285 Importunitatem

2074 5290 2390 5345 liberorum.
2441 5291 2522 5344 Ad
2572 5307 2721 5359 quos
2769 5289 3196 5359 suspiciendos,
3246 5288 3460 5359 inquit,
3494 5287 3723 5358 legibus

2075 5361 2507 5432 compelluntur
2536 5361 2823 5416 homines.
2858 5362 3033 5415 Idem.

2144 5430 2223 5473 --’
2244 5433 2547 5501 Quaerenda
2579 5434 2731 5488 nobis
2762 5449 2934 5488 onaru
2968 5434 3113 5497 sunt,
3139 5445 3264 5500 quae
3294 5430 3502 5498 legibus
3532 5430 3721 5483 colun-

2076 5514 2183 5561 tur.
2215 5506 2356 5561 Jure
2385 5506 2546 5560 ﬁlum
2579 5504 2916 5560 liberorum.
2946 5502 3269 5569 Juvenalis,
3300 5503 3420 5557 Sat.
3453 5518 3510 5557 1x
3543 5518 3555 5556 :

2231 5619 2346 5662 Jura
2373 5618 2584 5675 parentis
2610 5618 2772 5670 habes,
2802 5623 2996 5676 prOpter
3025 5630 3100 5662 me
3123 5617 3353 5662 scriberis
3384 5617 3559 5669 haeres,

2237 5683 2465 5739 Legatum
2495 5696 2636 5727 omne
2665 5684 2814 5739 capis,
2844 5696 3027 5727 necnon
3055 5689 3103 5727 et
3130 5681 3269 5727 dulce
3295 5681 3546 5727 caducum.

2234 5746 2495 5791 Commoda
2524 5752 2763 5803 praeterea
2785 5747 3042 5802 jungentur
3070 5744 3217 5790 multa
3244 5743 3443 5789 caducis

2234 5809 2285 5853 Si
2311 5821 2579 5864 numerum,
2606 5808 2650 5855 si
2674 5815 2775 5855 tres
2798 5809 3079 5867 implevero.
3162 5809 3279 5855 Rm.
