4050 6376
450 395 606 457 1399

990 395 1516 457 TERTULLIANI
1560 393 1884 458 OPERUM
1927 393 2127 454 PARS
2169 392 2218 453 Ῑ.
2252 425 2326 438 -
2358 393 2628 454 SERIES
2673 393 2749 465 ll,
2797 390 3279 454 DOGMATICA.

3679 388 3814 450 1400

453 527 587 583 dida
607 527 678 581 de
733 526 1040 582 sanctitate
1086 527 1456 583 describitur.
1515 527 1628 596 (28)
1683 526 2079 582 Sacerdotium
2114 527 2166 592 Α
2199 525 2373 579 venit.
2407 526 2467 580 In
2502 525 2602 580 illa
2641 526 2848 596 gratia,
2898 525 2956 578 in
3012 525 3124 579 ista
3181 521 3382 578 I288
3428 521 3617 575 virtus
3671 535 3815 575 coro-

455 612 774 676 viduitatis,
808 618 864 668 et
891 614 934 647 9'
972 613 1327 668 celebratum
1369 619 1456 669 est
1515 615 1714 670 1287
1779 614 1928 686 apud
1989 631 2090 667 na-

458 703 670 767 tiones,
732 719 832 773 pro
879 701 1095 756 diaboli
1154 703 1377 757 scilicet
1431 702 1817 758 amulatione.
1880 707 2092 774 Regem

455 790 674 860 saculi,
709 790 1047 845 Pontificem
1074 791 1392 845 maximum
1425 792 1560 862 (29),
1612 808 1818 846 rursus
1876 792 2094 845 nubere

458 880 622 934 nefas
678 883 812 935 est:
864 883 1148 950 quantum
1216 879 1332 934 Deo
1372 881 1652 935 sanctitas
1692 878 1900 951 placet,
1961 895 2093 933 cum

456 967 620 1022 illam
647 967 820 1022 etiam
854 967 1128 1022 inimicus
1158 967 1409 1036 atfectat,
1434 985 1548 1022 non
1597 969 1795 1035 utique
1823 973 1886 1022 ut
1913 967 2095 1022 alicu-

452 1055 551 1126 jus
578 1055 712 1110 boni
735 1055 949 1124 affinis,
989 1057 1089 1110 sed
1150 1062 1213 1110 ut.
1258 1055 1356 1110 Dei
1417 1056 1641 1111 Domini
1701 1055 1912 1128 placita
1963 1071 2094 1110 cum

460 1142 816 1200 contumelia
842 1141 1152 1199 affectans!

1079 1285 1310 1342 CAPUT
1353 1285 1496 1342 VIII.

533 1408 676 1465 Nam
709 1408 780 1464 de
809 1409 853 1444 '3
880 1408 1179 1464 viduitatis
1207 1408 1524 1464 honoribus
1579 1411 1730 1480 apud
1793 1411 2095 1466 Dominum

468 1513 583 1552 uno
631 1498 784 1552 dicto
843 1497 972 1566 ejus
1024 1513 1126 1568 per
1173 1497 1520 1569 PrOphetam
1577 1498 1907 1570 expeditum
1965 1505 2098 1556 est:

472 1587 630 1641 Juste
655 1587 822 1657 facite
850 1585 897 1620 οδ
942 1585 1120 1642 viduae
1166 1594 1216 1640 et
1259 1587 1490 1655 pupillo,
1541 1595 1596 1641 et
1632 1590 1815 1642 venite
1860 1587 2100 1658 dispute-

464 1690 607 1744 mus,
638 1675 770 1729 dicit
819 1676 1097 1730 Dominus.
1131 1674 1391 1752 Duoista
1422 1674 1660 1729 nomina
1697 1675 1758 1730 in
1815 1682 2101 1747 quantum

466 1763 765 1834 despectui
811 1763 854 1798 π
891 1763 1171 1832 humano,
1223 1763 1281 1816 in
1335 1767 1563 1818 tantum
1621 1764 1828 1819 divina
1877 1765 2103 1819 miseri-

2201 621 2392 668 natur.
2453 615 2725 679 Quadam
2786 612 2938 668 enim
2990 621 3129 667 sunt
3184 611 3391 665 divina
3452 607 3818 672 liberalitatis,

2200 704 2462 772 quadam
2497 708 2710 758 nostra
2747 701 3120 774 operationis.
3155 702 3286 764 Qua
3320 717 3351 754 a
3373 699 3622 753 Domino
3653 697 3818 750 indul-

2203 797 2431 861 gentur,
2467 807 2574 846 sua
2602 791 2788 862 gratia
2821 791 3226 861 gubernantur
3259 805 3422 858 ;qua
3482 787 3555 840 ab
3613 785 3821 840 homine

2205 884 2534 950 captantur,
2603 879 2796 934 studio
2849 882 3276 949 perpetrantur.
3325 876 3506 930 Stude
3551 875 3722 946 igitur
3763 875 3820 928 ad

2205 968 2478 1022 virtutem
2537 967 2905 1022 continentia
2949 965 3275 1035 [modestia
3315 964 3401 1034 9'],
3463 980 3592 1035 qua
3642 962 3820 1033 pudori

2207 1061 2516 1127 procurat;
2549 1055 2868 1119 sedulitati,
2901 1071 3028 1126 qua
3062 1070 3243 1126 nugas
3275 1070 3390 1109 non
3425 1052 3564 1107 facit
3595 1076 3610 1117 ;
3663 1053 3822 1118 fruga-

2205 1142 2376 1208 litati,
2411 1160 2536 1214 qua
2567 1143 2845 1198 saculum
2866 1144 2910 1187 9°
2944 1142 3190 1213 spernit.
3231 1141 3618 1197 Convictum1
3671 1145 3822 1210 atque

2207 1231 2552 1286 commercia
2584 1233 2698 1287 Deo
2729 1231 2906 1304 digna
2935 1237 3176 1297 sectare,
3212 1246 3436 1285 memor
3477 1228 3640 1284 illius
3667 1229 3819 1282 versi-

2209 1319 2349 1388 cuti,
2382 1320 2725 1375 sanctilicati
2759 1336 2861 1390 per
2893 1318 3232 1391 Apostolum
3266 1335 3281 1374 :

2437 1462 2601 1506 Bonos
2628 1466 2942 1518 corrumpunt.
2967 1471 3138 1506 mores
3164 1471 3464 1516 congressus
3493 1458 3624 1503 mali.

2881 1640 3110 1696 CAPUT
3141 1640 3232 1696 1X.

2284 1765 2597 1835 Loquaces,
2631 1764 2852 1830 otiosa,
2877 1765 3109 1830 vinosa,
3159 1763 3403 1819 curiosa
3455 1762 3820 1818 contuberna-

467 1850 674 1905 cordia
723 1851 1005 1922 exposita,
1043 1849 1300 1921 suscepit
1327 1850 1478 1905 tueri
1538 1855 1707 1907 Pater
1752 1854 2015 1907 omnium
2038 1855 2098 1908 ⁸⁸.
2131 1870 2179 1934 Β
2209 1851 2315 1920 les,
2340 1853 2429 1906 vel
2463 1853 2711 1908 maxime
2737 1853 3033 1924 proposito
3077 1852 3381 1908 viduitatis
3429 1852 3708 1906 officiunt.
3742 1851 3824 1904 Per

467 1937 611 1993 Vide
642 1955 816 2010 quam
849 1955 914 1994 ex
947 1955 1110 2010 aquo
1145 1939 1390 1994 habetur
1428 1939 1525 2010 qui
1571 1941 1756 1994 vidua
1807 1943 2100 1997 benefece-

469 2027 568 2092 rit,
617 2029 820 2098 quanti
876 2032 965 2082 est
1016 2027 1189 2082 vidua
1246 2028 1393 2098 ipsa,
1438 2027 1608 2097 cujus
1664 2035 1920 2085 assertor
1973 2047 2106 2085 cum

471 2115 719 2170 Domino
741 2116 850 2187 (30)
881 2117 1198 2186 disputavit
1219 2116 1288 2170 οη
1319 2116 1442 2170 Non
1492 2121 1719 2171 tantum
1779 2118 2104 2190 virginibus

472 2207 677 2260 datum
707 2205 933 2275 opinor,
966 2204 1099 2258 licet
1127 2205 1182 2258 in
1217 2203 1333 2258 illis
1362 2204 1667 2276 integritas
1694 2207 1879 2261 solida
1900 2213 1956 2261 et
1985 2213 2106 2263 tota

471 2293 753 2349 sanctitas
781 2293 850 2348 de
873 2294 1134 2364 proximo
1159 2292 1355 2348 visura
1383 2295 1458 2348 sit
1489 2293 1690 2348 faciem
1743 2295 1863 2349 Dei.
1887 2295 2101 2351 Tamen

466 2383 644 2437 vidua
668 2381 838 2436 habet
867 2381 1088 2453 aliquid
1119 2381 1455 2452 operosius:
1481 2382 1617 2452 quia
1645 2382 1812 2438 facile
1854 2388 1942 2439 est
1988 2401 2102 2440 non

466 2474 737 2542 appetere
768 2471 918 2541 quod
955 2469 1201 2534 nescias,
1224 2476 1280 2524 et
1299 2471 1552 2526 aversari
1606 2473 1759 2542 quod
1817 2473 2106 2528 desidera-

465 2559 618 2614 veris
673 2575 1000 2629 nunquam.
1045 2557 1339 2613 Gloriosor
1400 2558 1779 2627 continentia,
1848 2577 1972 2631 qua
2000 2563 2104 2631 jus

468 2661 640 2701 suum
670 2645 883 2712 sentit;
918 2662 1042 2716 qua
1067 2646 1205 2716 quid
1239 2646 1651 2711 viderit,novit.
1685 2650 1902 2703 Poterit
1943 2650 2102 2721 virgo

2215 1941 2624 2014 loquacitatem
2658 1943 2923 2014 irrepunt
2951 1944 3124 1996 verba
3147 1941 3386 2012 pudoris
3410 1941 3656 1995 inimica
3687 1959 3699 2007 ;
3745 1955 3825 2010 per

2215 2033 2395 2088 otium
2431 2048 2463 2086 a
2492 2032 2790 2086 severitate
2825 2032 2844 2064 ²
2897 2031 3194 2084 deducunt
3224 2054 3237 2094 ;
3314 2045 3414 2101 per
3475 2029 3820 2084 vinolentiam

2215 2120 2445 2192 quidvis
2478 2119 2612 2175 mali
2647 2119 2949 2174 insinuant
2981 2137 2996 2187 ;
3030 2135 3129 2190 per
3148 2117 3550 2174 curiositatem
3612 2114 3819 2170 amula-

2212 2212 2429 2264 tionem
2463 2208 2725 2263 libidinis
2762 2207 3110 2262 convehunt.
3161 2206 3334 2262 Nulla
3381 2206 3718 2276 bujusmodi
3765 2205 3822 2257 le-

2214 2299 2504 2352 minarum
2539 2297 2608 2350 de
2629 2297 2781 2351 bono
2831 2295 3154 2350 univiratus
3203 2294 3361 2366 loqui
3393 2295 3415 2328 ³
3471 2294 3665 2349 novit:
3714 2293 3826 2347 Deus

2211 2387 2367 2440 enim
2398 2385 2521 2441 illis
2551 2385 2638 2456 (ut
2661 2385 2741 2439 ait
2773 2383 3105 2455 Apostolus)
3138 2386 3330 2440 venter
3349 2392 3431 2438 est
3464 2383 3725 2453 (Philipp.
3755 2397 3825 2448 III,

2214 2476 2323 2542 19),
2358 2475 2438 2528 ita
2458 2479 2512 2528 et
2563 2489 2689 2543 qua
2749 2472 2933 2527 ventri
2971 2471 3321 2544 propinqua.
3382 2471 3520 2526 Hac
3587 2471 3684 2526 tibi
3725 2469 3825 2539 jam

2211 2562 2346 2618 hinc
2377 2562 2744 2627 commendo,
2791 2577 3070 2616 conserva
3115 2559 3493 2623 charissima,
3536 2563 3664 2630 post
3705 2560 3827 2628 Apo-

2212 2650 2422 2706 stolum
2456 2649 2687 2720 quidem
2720 2666 2788 2704 ex
2826 2648 3150 2703 abundanti
3194 2653 3534 2720 retractata,
3603 2649 3692 2702 sed
3744 2641 3829 2699 tibi

466 2733 691 2789 felicior
747 2733 970 2799 haberi,
1017 2738 1078 2789 at
1125 2734 1298 2789 vidua
1345 2733 1728 2792 laboriosior:
1774 2737 1875 2792 illa
1949 2739 2103 2810 quod
2136 2735 2178 2801 C
2215 2739 2390 2794 etiam
2423 2738 2630 2794 solatio
2667 2739 2883 2804 futura,
2939 2738 3094 2808 quod
3153 2753 3344 2793 meam
3401 2737 3758 2802 memoriam,
3791 2732 3832 2787 si

468 2821 689 2878 bonum
718 2837 950 2894 semper
979 2821 1185 2878 habuit
1211 2840 1228 2894 ;
1256 2823 1390 2893 ista,
1421 2823 1574 2894 quod
1604 2825 1826 2880 bonum
1859 2826 1970 2882 sibi
2014 2827 2110 2882 in-

2219 2827 2300 2882 ita
2329 2830 2598 2895 evenerit,
2630 2827 2688 2881 in
2714 2825 2832 2882 illis
2863 2825 3282 2898 frequentabis.

1878 2953 2079 3012 Varia
2124 2952 2439 3013 lectiones.

545 3073 589 3110 ⁹²
644 3071 1030 3128 Calibatuum
1085 3073 1285 3142 Rigalt.
1362 3073 1405 3108 '3
1460 3073 1827 3130 Viduitatum
1882 3076 2109 3130 Semler.
2196 3076 2240 3112 ⁸⁸
2295 3077 2485 3132 Facito
2543 3075 2703 3131 Semt.
2765 3075 2809 3110 9'
2870 3075 3162 3130 Destituta
3223 3073 3443 3131 auxilio
3502 3075 3664 3129 hum.
3729 3073 3831 3140 Rig.

474 3144 736 3218 ‘f‘Tueri.
770 3145 936 3200 Pater
964 3146 1270 3218 omnium;
1322 3145 1449 3200 vide
1496 3145 1662 3218 Seml.
1723 3147 1764 3180 9"
1811 3147 2142 3218 Disputabit
2195 3149 2422 3218 Franeq.
2483 3150 2727 3202 Parisin.
2789 3163 2920 3201 cum
2975 3147 3220 3202 Domino
3268 3147 3600 3218 disputabit
3662 3146 3830 3212 Rigalt.

475 3217 518 3290 ff
539 3218 697 3272 Abest
730 3217 1024 3290 modestia
1072 3218 1200 3290 illig.
1242 3221 1285 3254 9°
1333 3217 1641 3290 Speculum
1699 3219 1843 3290 Rig.
1891 3217 1931 3290 ἴ
1965 3223 2269 3274 Convictus
2341 3217 2514 3289 atque
2563 3218 2853 3289 colloquia
2899 3219 3021 3290 Rig.
3072 3218 3092 3253 ²
3151 3218 3224 3273 Se
3267 3217 3515 3274 veritate
3569 3218 3833 3272 deducunt

470 3289 643 3343 Fran.
669 3287 1035 3344 securitatem
1067 3289 1354 3343 inducunt
1379 3290 1506 3344 Jun.
1543 3289 1720 3344 Paris.
1755 3287 1783 3324 τί
1810 3289 2003 3345 Noluit
2032 3292 2150 3361 Rig.
2177 3290 2340 3346 male.

1902 3416 2425 3477 Commentarius.

478 3535 650 3608 dixit,
712 3533 1053 3608 Tertulliani
1115 3535 1364 3608 sentiam
1413 3536 1764 3592 contrariam
1817 3536 2114 3608 Apostolo,

476 3607 793 3681 neminem
825 3606 924 3681 qui
951 3607 1289 3681 Apostolum
1323 3607 1528 3681 legerit
1575 3606 1947 3681 negaturum.
1986 3609 2113 3663 Rio.

551 3665 663 3747 (28)
693 3677 816 3731 Tota
841 3665 950 3732 illa
988 3665 1226 3733 Ecclesia
1282 3665 1526 3734 candida
1577 3665 1976 3735 devsanctitate
2023 3682 2116 3734 de—

475 3751 756 3804 scribitur.
813 3749 1250 3803 Emendandum
1310 3757 1372 3803 ut
1427 3759 1516 3804 est
1574 3752 1629 3804 in
1718 3752 2114 3805 membranis:

549 3819 826 3875 ’l‘otailla
865 3820 1129 3875 Ecclesiae
1181 3821 1429 3876 candida
1485 3823 1554 3875 de
1614 3823 1926 3878 sanctitate
1979 3838 2114 3876 con-

481 3891 781 3964 scribitur.
813 3913 841 3940 »
872 3891 1184 3946 Candidam
1221 3892 1484 3947 Ecclesia
1544 3909 1644 3963 pro
1685 3894 1968 3964 dignitate
2018 3911 2117 3964 po-

481 3962 619 4036 suit,
654 3967 719 4036 ut
749 3962 894 4036 libro
924 3964 995 4018 de
1023 3967 1264 4036 corona,
1309 3962 1613 4036 Candidam
1654 3962 1943 4036 martyrii,
1974 3962 2032 4020 et
2060 3965 2120 4020 in

481 4033 808 4105 Scorpiaco,
860 4035 1166 4109 Candidam
1212 4037 1507 4090 claritatis.
1545 4035 1611 4089 Et
1641 4033 2118 4109 apud-Augusti-

482 4122 859 4179 num,_massa
883 4107 1149 4178 candida,
1209 4123 1311 4179 pro
1363 4112 1684 4177 martyrum
1746 4107 2121 4163 multitudine

481 4176 812 4247 splendida,
843 4194 1111 4234 sermone
1135 4176 1264 4247 tri—2,
1301 4179 1394 4233 ubi
1427 4180 1496 4234 de
1524 4176 1898 4236 credentibus
1928 4180 1986 4234 in
2019 4197 2119 4236 no-

483 4247 638 4322 mine
674 4247 769 4322 Dei
801 4265 814 4304 :
849 4271 877 4299 ‹‹
910 4249 1037 4322 Hac
1068 4256 1158 4306 est
1190 4250 1376 4321 prima
1403 4257 1720 4322 martyrum
1745 4269 1972 4318 caussa,
2030 4251 2120 4306 in-

481 4318 810 4393 quit,__hac
863 4321 1106 4376 candida
1165 4318 1484 4393 martyrum
1533 4318 1744 4378 massa.
1800 4323 1855 4379 Si
1912 4338 2122 4379 caussa

481 4389 750 4459 candida,
783 4395 840 4446 et
869 4409 1066 4449 massa
1095 4389 1362 4450 candida.
1393 4397 1584 4449 Massa
1638 4396 1795 4450 enim
1835 4395 1986 4451 dicta
2035 4399 2124 4451 est

2226 3539 2295 3592 de
2317 3537 2542 3591 numeri
2576 3535 2954 3591 multitudine
2985 3552 2997 3589 :
3031 3536 3299 3602 candida,
3332 3535 3404 3590 de
3425 3551 3649 3591 caussa
3678 3534 3833 3604 fulgo-

2230 3625 2304 3662 re.
2339 3631 2365 3656 »
2400 3608 2491 3663 Sic
2524 3608 2646 3677 ipse
2675 3607 3069 3662 Tertullianus
3123 3608 3269 3663 libro
3321 3607 3586 3663 adversus
3631 3607 3832 3662 Marcio-

2224 3697 2348 3734 nem
2379 3696 2452 3744 1v,
2481 3750 2484 3751 ν
2512 3679 2814 3733 Candidam
2859 3681 3076 3742 salutis,
3135 3695 3237 3751 pro
3281 3678 3471 3750 gloria
3515 3681 3738 3743 salutis;
3794 3678 3836 3727 et

2225 3752 2325 3806 lib.
2357 3767 2392 3803 v
2423 3750 2765 3806 Pharisaeam
2823 3750 3148 3817 candidam,
3183 3767 3286 3821 pro
3337 3753 3495 3806 fastu
3553 3758 3610 3806 et
3663 3763 3833 3818 super-

2227 3824 2321 3878 bia
2346 3822 2788 3876 Pharisaorum.
2814 3821 2939 3876 Rio.

2298 3894 2406 3963 (29)
2455 3895 2772 3962 Pontiﬁcem
2840 3894 3174 3948 maximum.
3235 3890 3524 3963 Intelligit
3577 3891 3832 3963 ﬂaminem

2230 3961 2465 4030 dialem,
2491 3964 2590 4035 qui
2621 3961 2735 4018 non
2768 3963 2958 4019 solum
2993 3964 3250 4034 pontifex
3281 3961 3581 4018 maximus
3639 3961 3832 4017 diceba-

2229 4042 2343 4102 tur,
2403 4038 2502 4091 sed
2555 4038 2728 4091 etiam
2781 4053 2896 4103 rex,
2952 4036 3089 4106 quia
3120 4035 3354 4106 arbiter
3401 4052 3596 4089 rerum
3649 4035 3834 4106 divina-

2230 4125 2358 4163 rum
2382 4114 2438 4162 et
2467 4107 2881 4162 humanarum.
2915 4103 3255 4169 Tértullian.
3291 4105 3349 4160 in
3381 4107 3602 4162 exhort.
3632 4106 3697 4160 ad
3737 4103 3833 4158 Cas-

2227 4183 2466 4253 titatem,
2500 4195 2626 4253 cap.
2658 4179 2764 4232 ult.
2801 4179 2933 4233 Lac.
3104 4249 3130 4253 _
3244 4249 3252 4253 _
3436 4250 3444 4253 _
3772 4243 3780 4253 ,

2300 4252 2412 4321 (30)
2442 4249 2608 4321 Cujus
2635 4258 2870 4306 assertor
2915 4263 3040 4321 cum
3096 4249 3343 4321 Domino.
3371 4250 3684 4321 __Assertor
3737 4249 3836 4321 vin-

2231 4315 2339 4377 ἀεὶ
2367 4315 2472 4387 est,
2507 4315 2608 4392 qui
2658 4321 2912 4392 aliquem
2972 4319 3249 4392 vindicat,
3275 4319 3334 4372 in
3370 4318 3716 4392 libertatein,
3765 4315 3836 4366 hic

2231 4411 2334 4465 pro
2367 4388 2726 4465 patro—nequi
2751 4388 3051 4447 hominem
3078 4391 3364 4447 tuendum
3387 4392 3655 4463 suscipit.
3687 4388 3835 4444 Busa.

1626 4735 1997 4832 LIBER
2070 4734 2737 4831 SECUNDUS.

489 5078 891 5135 Aacuumuu.
953 5109 1019 5120 —
1076 5078 1330 5136 Eiusdem
1372 5081 1488 5151 fere
1536 5082 1852 5152 argumenti
1895 5081 1984 5136 hic
2029 5079 2167 5136 liber
2211 5095 2331 5134 cum
2377 5080 2677 5150 superiore,
2725 5079 2837 5133 nisi
2881 5077 3042 5149 quod,
3081 5078 3342 5135 humana:
3386 5073 3718 5148 fragilitatis
3755 5082 3840 5122 me

567 5184 704 5235 mor,
738 5183 973 5224 uxorem
1002 5168 1202 5223 Auctor
1230 5169 1563 5225 adhortatur
1593 5178 1669 5237 ut,
1702 5172 1754 5225 si
1777 5171 2042 5226 secundas
2098 5169 2318 5239 nuptias
2348 5168 2646 5241 aliquando
2675 5167 3015 5238 cogitaverit,
3067 5184 3102 5222 a
3141 5167 3501 5221 matrimonio
3538 5180 3655 5220 cum
3696 5157 3840 5231 genti-

565 5256 707 5311 libus
735 5257 1034 5327 abstineat,
1067 5261 1249 5328 utpote
1279 5258 1500 5326 illicito,
1536 5263 1723 5329 stupro
1746 5260 1946 5326 simili,
1978 5258 2106 5328 ﬁdei
2133 5260 2348 5324 nocivo,
2399 5259 2467 5311 ad
2509 5255 2892 5312 inﬁdelitatem
2938 5269 3129 5326 prono,
3183 5256 3469 5327 alienoque
3515 5253 3585 5308 ab
3627 5247 3842 5306 Ecclesia

557 5349 895 5400 sacramento
926 5348 1292 5414 matrimonii,
1325 5347 1465 5418 quod
1515 5348 1801 5417 magniﬁce
1848 5346 2196 5401 describitur.
2229 5345 2454 5400 Primus
2493 5345 2659 5415 igitur
2707 5345 2869 5399 docet
2920 5343 3106 5398 liber:
3159 5343 3180 5397 Ι
3236 5341 3642 5398 Matrimonium
3681 5354 3712 5391 ιι
3753 5338 3842 5388 DN

562 5435 902 5503 institutum,
933 5450 1106 5488 unum
1131 5450 1260 5500 esse,
1292 5450 1337 5489 c.
1375 5438 1424 5503 1,
1456 5438 1508 5488 2.
1545 5439 1613 5488 II.
1672 5435 2070 5490 Abstinentiam
2117 5436 2473 5489 matrimonio
2521 5433 2827 5495 meliorem,
2858 5448 2903 5486 c.
2951 5432 3004 5486 3.
3053 5431 3148 5486 Ill.
3180 5431 3443 5501 Exempla
3484 5422 3841 5484 continentium

562 5523 879 5589 viduarum,
909 5538 956 5576 ο.
991 5524 1040 5577 4.
1077 5523 1164 5579 IV.
1197 5524 1470 5579 Secundus
1497 5526 1725 5594 nuptias
1755 5523 1820 5578 ob
1871 5524 2069 5578 liberos
2114 5524 2481 5594 suscipiendos
2536 5537 2647 5576 non
2693 5519 2966 5592 expedire,
3016 5537 3064 5575 ο.
3096 5521 3149 5576 5.
3203 5520 3262 5575 V.
3315 5519 3581 5589 Exempla
3609 5533 3641 5569 a
3681 5506 3841 5566 matri-

564 5611 743 5666 monio
773 5611 1166 5666 abstinentiam
1194 5627 1242 5666 ο.
1275 5615 1328 5668 6.
1361 5612 1453 5668 VI.
1487 5615 1716 5684 Nuptias
1759 5611 2021 5668 secundas
2061 5613 2164 5668 Deo
2209 5614 2397 5667 minus
2435 5611 2673 5683 placere,
2705 5625 2751 5664 c.
2798 5611 2853 5664 7.
2886 5609 3002 5665 VII.
3036 5611 3130 5664 His
3159 5608 3326 5678 ﬁnem
3354 5607 3544 5679 adjicit
3595 5595 3835 5658 υἰάιιὶίαιὺ

565 5701 892 5753 encomium.
926 5700 990 5754 In
1036 5701 1332 5770 posteriori
1378 5701 1520 5758 libro
1570 5704 1828 5758 statuitur
1859 5719 1877 5755 :
1907 5701 1949 5756 Ι.
1982 5701 2396 5758 Matrimonium
2443 5717 2564 5755 cum
2615 5699 2809 5770 gentili
2857 5700 3099 5769 vetitum,
3153 5713 3202 5753 c.
3258 5699 3311 5767 1,
3342 5696 3502 5751 2.11.
3533 5685 3840 5749 [minantium

569 5789 628 5841 ut
657 5791 932 5857 stuprum,
959 5803 1006 5842 ε.
1040 5788 1093 5841 3.
1127 5789 1224 5844 Ill.
1255 5790 1405 5848 Vera:
1424 5791 1733 5862 religionis
1759 5792 1960 5863 ofﬁciis
1987 5793 2386 5865 importunum,
2417 5807 2466 5846 c.
2499 5790 2550 5844 4.
2583 5789 2670 5846 IV.
2708 5790 3021 5845 Gentilium
3049 5787 3129 5844 ad
3155 5788 3298 5843 ritus
3326 5784 3704 5849 excitativum,
3731 5793 3771 5832 ο.
3796 5771 3836 5834 6»
