4050 6356
495 347 653 406 1403

1027 347 1557 409 TERTULLIANI
1602 349 1925 409 OPEllUM
1968 347 2169 408 PARS
2215 350 2262 408 Ι.
2298 380 2372 391 -
2414 348 2686 410 SERIES
2730 349 2806 422 ΙΙ,
2853 348 3338 410 DOGMATIGA.

3708 353 3831 410 1404

494 477 700 549 gligas,
731 494 910 548 quam
940 478 1171 548 jussum
1195 479 1234 544 δ,
1266 479 1420 550 quod
1452 478 1597 534 illud
1646 481 1716 533 de
1764 479 2004 532 consilio
2037 494 2127 533 ve-
2157 481 2208 546 Α
2240 484 2296 533 et
2325 485 2598 534 extranea
2617 480 3048 550 quodammodo
3072 481 3313 536 femina.
3343 480 3494 534 Adeo
3517 484 3572 535 et
3591 481 3829 536 rationem

499 567 619 620 niat
667 572 723 620 et
771 567 1054 621 voluntati
1104 572 1483 638 proponatur,
1537 567 1645 622 hoc
1678 573 1868 621 autem
1917 573 1984 620 de
2031 583 2130 637 po-

497 660 700 708 testate
731 656 1046 710 descendat
1086 661 1143 708 et
1192 656 1519 710 necessitati
1571 656 1880 726 obligetur,
1913 655 2030 709 illic
2063 655 2124 709 li-

495 743 709 813 bertas,
741 743 837 799 hic
866 745 1232 799 contumacia
1261 745 1598 815 delinquere
1635 745 1917 800 videatur.

1147 887 1378 942 CAPUT
1414 887 1484 944 Il.

566 1013 750 1085 Igitur
779 1029 912 1068 cum
945 1012 1206 1083 quaedam
1239 1011 1368 1066 istis
1399 1011 1605 1066 diebus
1636 1011 1872 1083 nuptias
1904 1027 2041 1066 suas
2063 1011 2133 1066 de

495 1101 753 1156 Ecclesia
784 1100 1028 1168 tolleret,
1063 1101 1120 1155 id
1151 1106 1259 1166 est,
1292 1101 1492 1172 gentili
1537 1104 2008 1172 conjungeretur,
2041 1102 2132 1155 id-

497 1206 609 1261 que
640 1191 711 1244 ab
744 1189 874 1244 aliis
907 1195 1057 1244 retro
1093 1191 1306 1245 factum
1354 1190 1706 1254 recordarer,
1758 1189 2004 1244 miratus
2035 1198 2133 1244 aut

499 1278 762 1350 ipsarum
796 1277 1179 1350 petulantiam
1211 1289 1308 1333 aut
1357 1279 1823 1334 consiliariorum
1858 1279 2134 1350 praevari-

499 1369 809 1436 cationem,
839 1367 987 1436 quod
1014 1367 1176 1421 nulla
1206 1367 1497 1438 scriptura
1526 1371 1653 1436 ejus
1681 1367 1810 1422 facti
1836 1367 2131 1422 licentiam

496 1458 733 1526 profert.
789 1456 1106 1526 Numquid,
1156 1455 1416 1526 inquam,
1468 1457 1538 1511 de
1595 1457 1693 1511 illo
1737 1456 1992 1528 capitulo
2024 1455 2136 1510 sibi

496 1543 882 1600 blandiuntur
912 1545 1110 1616 primas
1161 1546 1232 1600 ad
1283 1545 1613 1602 Corinthios
1643 1546 1691 1617 (1
1743 1547 1862 1601 Cor.
1907 1562 2007 1614 vn,
2043 1545 2132 1598 12-

500 1633 609 1704 14),
645 1633 743 1688 ubi
791 1634 1073 1705 scriptum
1127 1639 1258 1689 est:
1303 1635 1363 1689 Si
1419 1637 1540 1705 quis
1585 1637 1798 1704 frater7
1858 1634 2137 1704 inﬁdelem

498 1723 657 1777 habet
687 1739 933 1787 uxorem,
985 1733 1034 1778 et
1082 1724 1183 1777 illa
1228 1725 1577 1780 matrimonio
1623 1726 1907 1790 consentit,
1950 1741 2019 1778 ne
2050 1723 2134 1777 di-

499 1813 688 1866 mittat
715 1828 874 1873 eam;
921 1813 1183 1866 similiter
1219 1814 1420 1868 mulier
1460 1814 1656 1883 fidelis,
1707 1814 1917 1884 inﬁdeli
1943 1817 2133 1883 nupta,
2169 1841 2215 1904 Β

499 1901 546 1953 .ςὶ
574 1900 1032 1954 consentaneum“
1085 1905 1354 1954 maritum
1403 1907 1710 1972 experitur,
1744 1921 1812 1958 ne
1860 1903 2141 1960 dimiserit

501 2004 665 2050 eum;
693 1989 1068 2058 sanctiﬁcatur
1115 1990 1261 2043 enim
1312 1989 1551 2057 inﬁdelis
1598 1994 1685 2046 vir
1713 2010 1743 2046 a
1790 1992 1940 2061 ﬁdeli
1969 2008 2137 2046 uxore

500 2079 550 2130 et
581 2077 816 2146 inﬁdelis
848 2093 988 2132 uxor
1016 2094 1050 2132 a
1091 2077 1246 2146 ﬁdeli
1292 2080 1529 2140 marito;
1557 2085 1815 2136 caeterum
1864 2081 2139 2134 immundi

500 2169 674 2220 essent
697 2167 805 2235 ﬁlii
832 2169 1019 2221 vestri.
1073 2166 1231 2223 Hanc
1284 2168 1661 2224 monitionem
1687 2172 1708 2204 ⁹
1738 2171 1853 2224 fors
1894 2171 1964 2224 de
1998 2170 2136 2224 lide-

504 2253 659 2310 libus
687 2255 905 2325 junctis
929 2257 973 2290 ¹⁰
1003 2255 1349 2328 simpliciter
1377 2257 1755 2328 intelligendo
1781 2261 1822 2293 “
1859 2263 2060 2328 putent
2093 2258 2137 2292 ¹²

504 2342 675 2397 etiam
722 2343 1060 2399 infidelibus
1117 2345 1336 2400 nubere
1381 2345 1556 2402 licere
1606 2349 1803 2404 129i
1845 2348 1887 2381 ’³
1927 2347 2032 2412 Qui
2062 2347 2142 2402 ita

505 2431 941 2502 interpretatur,
990 2434 1139 2488 absit
1186 2440 1251 2489 ut
1306 2435 1498 2490 sciens
1541 2453 1602 2491 se
1659 2435 2137 2492 circumscribat!

505 2524 785 2576 Caeterum
843 2521 1218 2578 manifestum
1270 2530 1361 2580 est
1415 2527 1765 2596 scripturam
1825 2527 1998 2582 istam
2043 2541 2142 2580 eos

508 2608 710 2664 ﬁdeles
767 2610 1092 2682 designare,
1153 2613 1251 2682 qui
1292 2614 1349 2667 in
1408 2615 1779 2670 matrimonio
1823 2614 2022 2686 gentili
2054 2617 2142 2670 in-

507 2696 659 2751 venti
691 2714 724 2752 a
753 2697 853 2752 Dei
884 2699 1071 2769 gratia
1114 2701 1350 2768 fuerint,
1401 2704 1724 2758 secundum
1768 2705 1943 2759 verba
1973 2704 2137 2775 ipsa:

504 2785 569 2837 Si
598 2786 737 2856 quis,
770 2785 979 2855 inquit,
1007 2787 1185 2857 ﬁdelis
1215 2805 1443 2844 uxorem
1492 2791 1648 2848 habet
1687 2791 1984 2861 inﬁdelem.
2014 2793 2140 2848 Non

505 2873 682 2928 dicit:
716 2896 742 2922 «
793 2891 1029 2930 uxorem
1075 2877 1234 2931 ducit
1289 2878 1605 2934 infidelem.
1647 2902 1675 2930 ››
1727 2880 1994 2936 Ostendit
2015 2881 2140 2951 jam

505 2962 562 3015 in
597 2964 972 3020 matrimonio
1025 2972 1320 3037 argentem
1382 2967 1646 3025 mulieris
1702 2969 1972 3038 infidelis,
2006 2987 2138 3026 mox

507 3052 692 3122 gratia
746 3053 844 3108 Dei
904 3071 1267 3125 conversum,
1330 3074 1715 3128 perseverare,
1774 3076 1907 3115 cum
1964 3077 2139 3116 uxore

506 3140 734 3210 debere,
765 3142 986 3198 scilicet
1014 3151 1336 3216 propterea,
1373 3163 1442 3202 ne
1474 3149 1606 3218 quis
1653 3150 1824 3204 ﬁdem
1858 3166 2138 3205 consecu-

2242 567 2501 638 subjicit,
2533 568 2589 621 in
2625 585 2761 637 pace
2793 584 2898 624 nos
2943 569 3136 624 vocari
3168 587 3200 624 a
3255 568 3499 623 Domino
3528 569 3588 638 l‘,
3620 574 3670 623 et
3696 586 3831 640 posse

2240 655 2534 711 infidelem
2570 673 2602 711 a
2636 656 2789 711 tideli
2825 675 2923 728 per
2965 675 3138 713 usum
3189 657 3550 713 matrimonii
3580 657 3828 713 lucriﬁeri.

2240 749 2373 814 Ipsa
2400 745 2572 799 etiam
2605 745 2868 800 clausula
2893 747 2997 800 hoc
3018 745 3100 801 ita
3122 745 3562 816 intelligendum
3595 762 3710 801 esse
3729 763 3832 800 con-

2240 833 2450 896 ﬁrmat,
2487 843 2547 888 ut
2581 837 2827 905 quisque,
2861 834 2962 900 ait,
2993 839 3217 891 vocatur
3244 853 3277 890 a
3325 836 3556 892 Domino
3585 837 3659 890 ita
3682 851 3830 903 perse-

2238 931 2388 976 veret
2413 922 2456 992 (Ι
2485 925 2605 978 Cor.
2645 939 2740 992 vn,
2785 922 2985 995 15-47).
3038 923 3335 979 Vocantur
3383 931 3578 979 autem
3609 923 3830 995 gentiles,

2241 1009 2466 1081 opinor,
2499 1027 2614 1066 non
2649 1011 2871 1066 fideles.
2905 1013 3064 1076 Quod
3099 1012 3148 1067 si
3196 1014 3266 1068 de
3298 1012 3455 1067 ﬁdeli
3508 1017 3639 1068 ante
3670 1013 3830 1066 matri-

2243 1099 2504 1155 monium
2530 1101 2969 1172 pronuntiasset
2989 1101 3274 1169 absolute,
3302 1102 3640 1173 permiserat
3656 1100 3832 1155 sanctis

2240 1187 2414 1259 vulgo
2445 1189 2697 1256 nubere;
2731 1189 2779 1244 si
2827 1207 2960 1245 vero
3014 1190 3379 1261 permiserat,
3428 1206 3715 1262 nunquam
3741 1195 3832 1243 tam

2242 1277 2528 1332 diversam
2583 1285 2758 1350 atque
2807 1279 3155 1334 contrariam
3221 1279 3535 1350 permissui
3584 1295 3682 1332 suo
3731 1294 3833 1349 pro-

2245 1367 2666 1422 nuntiationem
2701 1367 3082 1437 subdidisset,
3114 1367 3350 1423 dicens:
3401 1369 3608 1423 Mulier
3629 1367 3834 1436 defuncto

2243 1456 2358 1510 viro
2382 1456 2495 1526 (36)
2525 1456 2696 1510 libera
2721 1461 2846 1511 est:
2896 1458 2990 1511 cui
3032 1457 3151 1511 vult
3199 1457 3395 1523 nubat,
3444 1459 3657 1510 tantum
3687 1461 3736 1508 in
3759 1455 3833 1507 Do-

2242 1544 2412 1599 mino.
2446 1543 2550 1596 Hic
2581 1548 2733 1599 certe
2782 1543 2930 1598 nihil
2978 1545 3417 1600 retractandum
3468 1550 3597 1600 est:
3646 1560 3761 1597 nam
3784 1543 3834 1596 de

2245 1648 2360 1703 quo
2409 1632 2711 1688 retractari
2744 1633 2788 1670 ¹⁵
2839 1635 3145 1705 potuisset,
3195 1633 3516 1705 Apostolus
3548 1633 3590 1669 ¹⁶
3631 1630 3829 1687 cecinit:

2245 1737 2316 1775 ne
2348 1722 2500 1792 quod
2533 1721 2636 1788 ait,
2665 1723 2758 1776 cui
2784 1725 2915 1778 velit
2943 1723 3130 1789 nubat,
3171 1722 3323 1778 male
3373 1729 3683 1784 uteremur,
3711 1721 3832 1789 adje-

2246 1809 2342 1879 cit,
2371 1815 2585 1865 tantum
2619 1813 2678 1866 in
2728 1812 2980 1877 Domino,
3009 1813 3067 1866 id
3119 1817 3206 1868 est
3248 1813 3306 1866 in
3362 1810 3598 1866 nomine
3627 1807 3832 1874 Domini,

2247 1900 2400 1969 quod
2433 1906 2521 1954 est
2549 1899 2896 1970 indubitate,
2921 1900 3269 1955 Christiano.
3303 1899 3406 1955 Ille
3429 1900 3609 1973 igitur
3636 1901 3832 1970 Aposto-

2246 1989 2339 2043 lus
2358 1990 2400 2024 ¹⁷
2421 1995 2678 2055 sanctus,
2704 1989 2800 2060 qui
2825 1989 3028 2044 viduas
3049 1995 3105 2044 et
3127 1989 3411 2061 innuptas
3431 1987 3730 2061 integritati
3751 1986 3832 2052 (37)

2249 2093 2615 2148 perseverare
2648 2076 2888 2148 mavult,
2913 2077 3012 2148 qui
3039 2095 3143 2132 nos
3175 2079 3245 2132 ad
3269 2077 3600 2150 exemplum
3632 2075 3712 2131 sui
3739 2075 3835 2128 hor-

2246 2169 2423 2230 tatur,
2475 2164 2693 2220 nullam
2755 2165 2930 2220 aliam
2983 2167 3226 2220 formam
3285 2167 3728 2236 repetundarum
3755 2179 3834 2217 nu-

2249 2256 2503 2326 ptiarum
2536 2255 2647 2309 nisi
2679 2255 2736 2309 in
2770 2255 3016 2310 Domino
3048 2255 3391 2327 prescribit.
3439 2256 3575 2310 huic
3605 2255 3701 2310 soli
3727 2270 3832 2309 con-

2247 2343 2452 2399 ditioni
2482 2343 2849 2400 continentiae
2898 2345 3251 2399 detrimenta
3297 2344 3599 2401 concedit:
3635 2346 3836 2409 Tantum,

2247 2433 2460 2504 inquit,
2493 2435 2554 2487 in
2599 2434 2825 2488 Domino
2877 2433 3011 2504 (38).
3063 2433 3292 2504 Adjecit
3335 2436 3570 2506 pondus
3623 2433 3722 2504 legi
3747 2446 3839 2485 suae

2248 2527 2498 2578 tantum.
2533 2523 2654 2586 Quo
2713 2539 2855 2578 sono
2911 2527 2968 2578 et
3012 2528 3183 2578 modo
3241 2523 3634 2578 enuntiaveris
3659 2521 3837 2576 dictum

2249 2610 2428 2682 istud,
2457 2627 2769 2666 onerosum
2819 2615 2943 2678 est;
2991 2617 3048 2666 et
3089 2611 3253 2680 jubet
3280 2617 3338 2666 et
3386 2612 3614 2680 suadet,
3654 2615 3704 2665 et
3728 2623 3838 2679 prs-

2249 2699 2409 2771 cipit,
2442 2704 2500 2755 et
2546 2699 2831 2766 hortatur,
2883 2705 2939 2754 et
2987 2704 3151 2772 rogat
3199 2705 3260 2754 at
3305 2695 3836 2767 comminatar(39):

2250 2789 2453 2845 I292
2513 2787 2799 2853 districta,
2850 2788 3115 2858 expedita
3169 2788 3464 2843 sententia
3520 2794 3607 2842 est
3658 2786 3752 2854 (40)
3797 2785 3839 2835 et

2248 2879 2375 2950 ipsa
2405 2876 2495 2933 sui
2527 2875 2805 2932 brevitate
2853 2877 3123 2931 facunda.
3179 2875 3273 2932 Sic
3319 2876 3473 2932 solet
3524 2875 3705 2930 divina
3736 2887 3834 2934 vox,

2247 2973 2311 3022 ut
2341 2968 2538 3022 statim
2567 2963 2882 3036 intelligas,
2927 2965 3123 3020 statim
3166 2966 3441 3021 observes
3474 2965 3536 3020 η.
3560 2964 3688 3029 Quis
3713 2961 3836 3015 enim

2248 3075 2362 3112 non
2393 3054 2715 3125 intelligere
2771 3053 2957 3124 possit
3008 3054 3267 3126 pericula
3323 3053 3513 3108 multa
3552 3059 3607 3108 et
3640 3049 3837 3105 vulnera

2249 3147 2381 3202 ﬁdei
2413 3147 2473 3200 in
2507 3145 2844 3215 hujusmodi
2876 3144 3120 3214 nuptiis,
3148 3161 3294 3216 quas
3323 3145 3612 3215 prohibet,
3640 3145 3836 3212 Aposto-

505 3233 600 3284 tus
635 3235 863 3301 putaret
893 3213 1029 3287 sibi'
1056 3213 1471 3290 devertentium
1492 3213 1646 3292 esse
1692 3240 1763 3292 ab
1811 3238 2000 3293 aliena
2023 3240 2145 3308 jam
2176 3213 2218 3279 Ο
2246 3237 2369 3292 lum
2403 3213 2744 3307 providisse,
2784 3237 2842 3288 et
2872 3213 3058 3303 primo
3091 3213 3340 3304 quidem
3359 3234 3558 3290 carnis
3589 3236 3773 3288 sancta
3799 3227 3842 3280 in

1914 3355 2115 3417 Variae
2161 3354 2476 3417 lectiones.

575 3453 603 3533 δ’
627 3452 754 3508 Cod.
797 3455 1096 3512 Wouweri:
1128 3457 1263 3527 quia
1293 3462 1409 3512 tam
1443 3477 1709 3525 suasum,
1742 3466 1849 3515 etc.
1888 3463 2008 3533 Rig.
2029 3479 2048 3516 :
2081 3462 2220 3533 quia
2251 3479 2408 3518 suas.
2433 3465 2573 3536 imp.
2603 3463 2738 3535 quis
2785 3462 2939 3535 negli
2986 3464 3066 3526 at,
3097 3464 3205 3515 etc.
3239 3461 3488 3515 Fortasse
3513 3451 3843 3512 scribendum:

575 3541 642 3577 na
673 3542 764 3579 su.
798 3527 940 3589 imp.
993 3527 1228 3589 quidem
1279 3529 1561 3589 negligas.
1598 3533 1938 3589 neutiquam
1995 3533 2248 3589 iussum.
2325 3535 2343 3568 ⁷
2377 3537 2496 3589 Bia.
2547 3538 2814 3589 fratrum.
2893 3536 2912 3568 ⁸
2944 3479 3064 3589 ξω.
3095 3536 3147 3586 et
3195 3532 3352 3587 Pam.
3412 3534 3840 3586 consentaneum,

506 3525 764 3611 quia'su.
798 3527 940 3611 imp.
993 3525 1561 3611 quidem_pegligas,
1598 3525 2248 3611 n_eutiq_u_am'ju.ss_um.
2315 3535 2343 3611 _‘
2377 3537 2496 3611 Rig.
2518 3525 2814 3611 .fratrum.
2857 3525 2912 3611 ῖδ

2990 3535 3064 3602 ig.
3095 3536 3147 3586 et
3195 3532 3352 3587 Pam.
3412 3534 3840 3602 consentaneum,

507 3595 671 3678 §emt.
704 3595 1110 3678 consentanea.
1150 3671 1164 3678 _
1187 3603 1209 3635 θ
1236 3595 1555 3657 Μοῐῖοιῖθηι⁷
1576 3604 1657 3658 ed.
1723 3605 1747 3658 1
1781 3595 1950 3678 Rhen.
1992 3595 2075 3640 ἰο
2104 3606 2361 3678 laventis
2417 3595 2586 3662 Iihen.
2621 3607 2906 3676 injunctis
2965 3595 3288 3678 ΕἶαηηΡαν.
3326 3673 3347 3678 _
3369 3603 3414 3678 ξι
3437 3595 3842 3678 _l_r_1telli-getldll.I,ll

708 3740 718 3748 .
751 3669 795 3703 “
826 3669 1294 3748 Intelligendam‘
1327 3679 1552 3748 putent.
1585 3679 1789 3748 Fran,
1818 3677 1995 3730 Paris.
2074 3677 2120 3712 ¹³
2147 3679 2228 3732 Ita
2256 3679 2311 3732 h.
2344 3678 2384 3731 ι.
2434 3678 2645 3734 emend.
2676 3664 2880 3748 Rigalt.
2934 3677 3087 3748 Alii;
3140 3674 3258 3728 fors
3317 3664 3842 3748 ﬁdelibusiinfincli5

508 3737 1049 3821 (alainjunctistal'.
1082 3737 1352 3821 inventis)
1383 3745 1575 3817 simpl.
1609 3745 2051 3821 intelligendam
2083 3754 2305 3818 putent.
2337 3750 2459 3805 eti.
2494 3767 2551 3804 n.
2585 3737 2777 3818 licere",
2811 3749 2908 3820 qui
2941 3749 3023 3802 ita
3053 3746 3536 3821 interpretantur.
3563 3741 3841 3821 _§bsit,etc.

580 3811 628 3844 ¹⁴
817 3813 890 3892 ad
952 3813 1279 3892 Dominum,
1314 3811 1518 3892 Deum:
1598 3819 1640 3853 1⁸
1673 3811 1886 3892 Frater
1934 3811 2244 3892 Rigaltium
2275 3824 2463 3876 caeteri
2514 3823 2587 3877 de
2616 3837 2681 3875 eo
2714 3811 2866 3892 quod
2926 3819 3162 3875 tractari
3207 3811 3339 3888 ’pot.
3375 3816 3496 3856 “J7
3560 3816 3764 3882 Utroqud
3788 3811 3840 3892 ,ἐτι

507 3879 623 3961 loco
657 3883 826 3961 ῌζιεη.
861 3886 918 3938 in
948 3885 1094 3961 _M_SS.
1153 3887 1322 3956 legit:
1353 3888 1788 3961 Christusﬂig.
1849 3879 2118 3961 Spiritus.
2197 3894 2239 3927 ¹⁸
2272 3892 2436 3947 Rhen.
2492 3899 2548 3948 et
2605 3879 2802 3951 Pani:
2867 3893 3186 3947 detractate
3212 3879 3269 3944 et
3324 3892 3556 3961 exserta
3608 3879 3843 3961 senisu}ia

507 3955 597 4006 est
625 3953 839 4032 etipsa
853 3957 960 4032 _sui
990 3957 1143 4012 brev.
1173 3949 1442 4014 l’écunda.
1465 3960 1555 4014 Sic
1576 3949 1759 4016 solet:
1786 3949 2010 4032 Divina,
2039 3980 2179 4018 uxor
2221 3964 2420 4019 statim
2445 3965 2739 4020 observes.
2769 3949 2908 4028 Quis
2931 3965 3086 4019 enim
3107 3961 3258 4017 alius
3293 3959 3482 4032 possit
3516 3989 3578 3999 —
3598 3949 3843 4029 apostolus

507 4025 830 4095 providisse
850 4026 878 4081 ?

1945 4133 2462 4194 Commentarius.

583 4232 705 4318 (36)"
752 4236 958 4318 Mulier
1011 4235 1285 4318 defuncto.
1326 4241 1447 4318 viro
1478 4280 1492 4294 .
1552 4239 1687 4318 Hic_
1716 4242 2148 4318 paraphrastice

510 4305 787 4378 transfert
814 4303 1088 4378 tle/ungit,
1122 4325 1222 4378 pro
1251 4309 1507 4377 dormire,
1541 4318 1599 4367 et
1647 4303 1839 4367 Graece
1859 4303 1924 4368 ἐι
1957 4315 2149 4369 Latine

513 4379 602 4468 est
631 4377 1157 4468 apudpApostolum
1201 4379 1552 4468 hisnverb‘is:
1606 4385 1761 4468 Quod
1786 4387 1835 4468 si
1862 4385 2152 4468 dprmierit

509 4448 596 4500 vir
625 4448 763 4517 ejus,
799 4448 1255 4533 familiarissima
1285 4453 1597 4535 scripturas
1624 4448 1847 4526 phrasi.
1880 4460 2025 4512 PAM.

578 4519 690 4587 (37)
719 4520 986 4588 Innuptas
1017 4525 1344 4588 integritati.
1376 4526 1675 4581 Ablativus
1706 4533 1812 4588 est,
1847 4544 1959 4582 non
1993 4529 2145 4583 dati-

578 4519 690 4587 (37)
719 4520 986 4588 Innuptas
1017 4523 1344 4592 integritati.
1376 4519 1675 4581 A'blativu's
1706 4533 1812 4592 est,
1847 4544 1959 4582 non
1993 4529 2145 4583 dati-

505 4603 629 4643 vus.
665 4594 863 4662 Itaque
879 4591 973 4648 hic
997 4594 1244 4649 casusin
1272 4598 1544 4653 omnibus
1566 4599 1902 4654 nominibus
1930 4605 2147 4656 utram-

2256 4243 2430 4297 modo
2461 4243 2646 4298 nubat
2675 4243 2734 4315 in
2793 4242 3062 4315 Domino,
3094 4235 3383 4315 ξΕλειέθξρα
3451 4235 3611 4299 ἐστὶν,
3661 4223 3839 4315 item];

2255 4295 2825 4387 §ap..,oa;:;",gs.o:
2851 4295 3186 4387 τέςίῑςδςοίφτ
3229 4295 3439 4387 iam
3478 4295 3711 4384 amt.-
3758 4295 3842 4387 uti:

2256 4371 2695 4461 itu'baﬂtantum
2740 4389 2803 4441 in
2847 4371 3139 4461 Domino,
3167 4383 3628 4461 indubitataest,
3673 4371 3841 4461 inqui},

2259 4458 2587 4513 Christiano.
2623 4459 2735 4531 Hoc
2766 4458 2922 4512 enim
2978 4454 3216 4511 mollius
3258 4470 3322 4508 ac
3375 4453 3842 4531 benigniusinft‘

2258 4535 2515 4601 pretatus
2545 4512 3138 4601 iesthhrysostomus,
3174 4531 3236 4580 ut
3266 4525 3421 4601 quod
3455 4512 3664 4601 dicitur
3689 4517 3736 4568 in

2260 4591 2417 4673 initio
2453 4642 2465 4667 ,
2527 4602 2602 4673 sit
2651 4591 2805 4654 Μετᾶ
2860 4591 3344 4673 σωφροσύνηςΑκᾶᾍὶ
3375 4591 3840 4673 κοσμιότητος»

505 4675 618 4745 que
646 4657 889 4745 sortitur
944 4665 1433 4745 terminationem.
1472 4671 1712 4745 Etenim
1757 4677 1918 4742 caput
1949 4674 2007 4745 in
2039 4691 2138 4728 au-

2255 4657 2576 4745 πᾳιδοτέφιίᾳ
2625 4671 2712 4724 καὶ
2791 4657 3106 4745 προσιέάσίᾳ,
3310 4665 3399 4721 διὰ
3454 4665 3650 4728 πάθους

504 4731 911 4861 i‘pggnéliixifpeit,
942 4739 1135 4808 capite,
1168 4739 1314 4795 nihil
1346 4741 1580 4812 clarius,
1623 4748 1680 4799 et
1709 4731 1906 4799 tamen
1953 4744 2142 4817 Virgi-

877 4914 1037 4970 Capite
1063 4916 1222 4960 tremit
1249 4929 1378 4963 aerea
1409 4920 1582 4965 cassis.

505 5020 574 5078 Et
598 5039 612 5078 :
646 5022 788 5080 latus
814 5021 996 5078 mittit
1025 5025 1215 5094 latere,
1248 5032 1307 5081 et
1335 5031 1532 5084 tamen
1562 5027 1716 5085 idem
1742 5045 1756 5085 :

876 5129 1122 5175 lncludunt
1149 5144 1282 5177 caeco
1314 5132 1464 5177 lateri.

505 5237 624 5312 Ubi,
641 5239 813 5310 capiti
862 5243 919 5294 et
960 5241 1133 5312 lateri
1191 5241 1337 5296 dixit
1367 5257 1468 5312 pro
1521 5243 1697 5309 capite
1740 5245 1796 5296 et
1827 5243 2016 5297 latere.
2050 5241 2143 5297 Sic

502 5311 626 5385 ruri
647 5316 705 5385 et
721 5311 1079 5385 pesperz'zpro
1109 5329 1243 5368 rure
1272 5319 1328 5368 et
1348 5311 1560 5384 vespere
1590 5312 1830 5385 passim.
1867 5313 1998 5368 [Λα.

573 5383 684 5453 (38)
715 5383 964 5455 Tantum,
998 5384 1207 5454 inquit,
1238 5386 1298 5438 in
1328 5383 1914 5455 Domino.Septimius
1947 5389 2144 5440 noster

503 5453 646 5528 adeo
680 5454 904 5528 rigidus
937 5456 1047 5509 fuit
1081 5453 1422 5528 Christiana:
1470 5453 1790 5528 discipline
1837 5456 2043 5523 cultor,
2078 5461 2142 5511 ut

505 5523 564 5578 in
596 5523 952 5596 quibusdam
985 5527 1185 5589 nimia,
1221 5527 1269 5581 si
1318 5528 1506 5582 dicere
1550 5523 1639 5583 fas
1674 5533 1784 5595 est,
1835 5529 2142 5583 sanctitate

503 5611 777 5671 peccasse
805 5598 1109 5671 videatur;
1141 5600 1309 5671 cujus
1330 5599 1548 5671 peccati
1579 5605 1990 5671 argumentum
2009 5600 2137 5670 erit,

504 5669 655 5734 quod
688 5668 746 5742 in
776 5669 1118 5742 explicanda
1165 5668 1776 5738 Pauli‘admonitione,
1829 5689 1943 5742 qua
1971 5668 2138 5726 doce;

505 5742 618 5807 tur,
651 5738 884 5794 viduam
917 5741 975 5795 in
1002 5758 1068 5798 ea
1096 5757 1225 5799 esse
1246 5742 1528 5814 libertate,
1561 5749 1624 5801 ut
1654 5738 1959 5799 nubat'cui
1979 5742 2138 5816 velit,

2257 4741 2425 4816 μίας..
2454 4738 2586 4797 Cum
2614 4738 2858 4799 castitate
2900 4749 2950 4799 et
2996 4738 3291 4809 munditia,
3340 4747 3562 4810 propter
3593 4738 3840 4816 puerone}?

2253 4810 2664 4885 generationem
2695 4821 2748 4870 et
2783 4817 3262 4886 gubernationem,
3309 4827 3417 4866 non
3447 4827 3546 4880 per
3579 4810 3839 4886 passione?

2255 4879 2712 4962 Hesidert'irquze
2765 4879 2963 4962 omnia
3018 4886 3354 4962 contingere
3414 4879 3652 4962 possunt.
3701 4879 3838 4962 etigtn

2256 4974 2386 5012 cum
2418 4953 2641 5028 gentili,
2675 4961 2847 5014 modo
2907 4961 2985 5013 sit
3039 4958 3167 5012 vitae
3213 4953 3375 5011 extra
3424 4953 3838 5028 religionfmlllj

2255 5018 2522 5100 culpatis.
2555 5018 3051 5086 At'Tertullianus
3074 5032 3273 5085 noster
3295 5018 3626 5098 praefracte:
3657 5018 3838 5072 Tantum

2256 5099 2589 5156 Christiano.
2624 5101 2746 5156 RIG.
3275 5167 3282 5169 Α
3493 5165 3536 5169 _
3609 5168 3612 5169 ν

2327 5173 2436 5244 (39)
2469 5173 2532 5226 Et
2560 5181 2712 5242 rogat
2741 5177 2792 5227 et
2833 5173 3218 5228 comminatur.
3267 5167 3454 5244 Instat
3471 5158 3837 5244 rTertullia‘nuS

2253 5226 2538 5316 et‘vocem
2571 5226 3170 5316 Apostolidiligenter
3218 5241 3505 5316 espendit,
3539 5226 3835 5316 cpi‘cole-f:

2254 5261 2311 5298 BI.
2339 5261 2538 5298 vocem
2571 5261 2611 5296 Α
2662 5261 2829 5300 ostou
2862 5261 3170 5315 diligenter
3218 5261 3505 5310 expemm,
3539 5261 3624 5291 CUI
3654 5261 3808 5312 ςυυιυ-

2254 5315 2368 5370 mis
2397 5321 2486 5386 est
2516 5261 2851 5386 Patlbgogus
2879 5312 3374 5386 ClementisJAlex.
3408 5328 3531 5386 esp.
3558 5310 3608 5386 _8,
3640 5304 3728 5358 lll).
3757 5307 3832 5386 uti

2252 5385 2334 5440 Τὰ
2391 5385 2485 5457 μὶν
2531 5371 2843 5460 παρῄδεεῖεη
2874 5371 2940 5439 τὰ
2969 5382 3026 5439 δὲ
3077 5380 3368 5437 ὠνείδισεν·
3415 5371 3624 5437 Partim
3659 5371 3834 5428 utadd.

2244 5459 2448 5530 partim
2480 5459 2789 5528 exprobrat.
2827 5459 2896 5513 La
2926 5463 3029 5530 Pa.

2320 5507 2448 5600 (liii)—
2827 5507 3095 5600 wevae-dita
3149 5526 3416 5581 sententia
3478 5529 3568 5579 est.
3629 5507 3832 5600 Ιτθεέξδξλί

2250 5594 2387 5674 cum
2408 5594 2489 5655 Rh
2498 5617 2684 5657 enano
2709 5594 3002 5657 Pamelius
3017 5622 3054 5674 ξς
3077 5603 3406 5674 Detractata
3426 5600 3481 5650 et
3499 5595 3709 5674 exserta
3720 5594 3831 5674 ξςῑξ·

2248 5673 2450 5799 fuga,
2495 5692 2521 5725 η
2587 5691 2690 5746 pro
2747 5689 2862 5745 quo
2921 5671 3132 5730 melius
3185 5669 3472 5742 Rigaltius
3525 5669 3582 5720 et
3633 5659 3828 5715 alarias.

2293 5758 2327 5798 ε
2401 5761 2456 5798 n.

2293 5758 2327 5798 ε
2352 5745 2456 5798 ΡΒ.
