2025 3191
123 191 202 221 1405
755 190 870 221 LIBER
893 190 919 221 ll
942 190 993 221 AD
1015 190 1195 222 UXOREM.
1743 188 1832 221 ιωθ

123 264 208 284 carne
224 255 326 292 gentili
343 256 601 292 inquinamentum
616 254 806 291 praecavisse?
817 255 877 283 Hoc
887 255 950 283 loco
965 257 989 289 Α
1007 255 1149 283 admisle
1165 257 1264 284 minus
1281 256 1423 293 templum
1439 256 1489 285 Dei
1509 255 1607 289 violat,
1623 254 1725 284 minus
1737 262 1831 284 mem-

123 301 199 328 dicet
215 300 342 337 aliquis:
359 301 433 333 Quid
455 309 523 336 ergo
539 300 627 328 refert
655 300 732 328 inter
746 308 824 328 emm
842 299 893 336 qui
922 299 951 328 in

124 346 312 373 matrimonio
328 346 447 382 gentilis
462 354 479 373 a
496 345 618 373 Domino
648 344 797 381 allegitur,
813 347 841 373 et
869 344 950 378 olim,

122 390 150 417 id
167 393 210 418 est
226 393 293 418 ante
308 390 426 426 nuptias
444 389 570 425 ﬁdelem,
601 391 633 417 ut
648 397 705 416 non
723 389 845 424 proinde
869 388 951 417 carni

123 443 181 462 suze
194 437 324 470 caveant,
343 443 410 462 eum
423 434 497 462 alter
511 434 648 470 aauptiie
663 433 789 461 inﬁdelis
806 435 951 468 arceatur,

124 479 197 506 alter
213 479 242 507 in
259 479 295 507 iis
307 487 492 515 perseverare
504 479 646 514 jubestur
659 478 674 505 ‘I
687 480 744 506 Cur
771 478 797 506 si
819 486 836 505 a
848 477 952 514 gentili

122 523 324 559 inquinamur,
342 532 398 551 non
415 523 464 550 ille
489 523 683 558 disjungitur,
698 522 950 558 quemadmodum

122 567 245 595 istsnon
257 567 404 604 obligatur
418 568 432 595 ?
444 567 635 603 Respondebo
653 575 659 595 :
687 567 716 595 Si
750 566 873 602 spiritus
898 567 949 594 de-

121 611 208 646 derit,
224 614 291 640 ante
303 612 403 640 omnia
417 612 545 647 allegans
559 611 717 639 Dominum
740 611 836 647 magis
851 613 950 639 ratum

121 656 230 684 habere
247 656 469 684 matrimonium
487 664 543 684 non
560 655 707 689 contrahi,
727 663 816 692 quam
830 655 950 684 omnino

121 700 252 737 disjungi
271 709 277 729 :
294 700 420 737 denique
430 701 588 728 divortium
607 699 753 736 prohibet,
783 699 839 728 nisi
855 699 950 736 stupri

120 753 222 778 causa,
232 745 444 773 continentiam
455 753 523 773 vero
534 745 730 773 commendat.
751 744 846 772 Habet
860 744 952 780 igitur

122 788 171 816 ille
189 789 394 825 perseverandi
423 789 642 822 necessitatem,
670 788 718 816 hic
747 797 832 825 porro
862 789 949 817 etiam

121 841 179 861 non
195 833 325 861 nubendi
343 836 529 869 potestatem.
546 834 627 861 Tunc
644 833 668 861 si
696 834 859 861 secundum
874 834 949 861 Scri-

121 880 238 913 pturam
251 878 300 914 qui
319 878 348 905 in
365 878 552 906 matrimonio
569 878 670 914 gentili
686 886 703 906 a
716 878 773 906 ﬁde
788 878 950 914 deprehen-

121 922 242 955 duntur,
264 924 416 958 propterea
432 931 488 950 non
506 923 782 958 inquinantur,quia
793 931 859 950 cum
877 922 949 958 ipsis

120 966 170 993 alii
187 974 302 1001 quoque
318 967 566 994 sanctiﬁcantur:
592 967 656 994 sine
684 966 775 994 dubio
806 967 866 1000 isti,
896 965 945 1002 qui

119 1013 187 1038 ante
204 1011 322 1046 nuptias
334 1011 509 1039 sanctiﬁcati
534 1014 616 1046 sunt,
643 1012 667 1039 si
698 1013 840 1039 extraneis
863 1011 945 1039 carni

118 1055 378 1090 commisceantur,
403 1056 587 1084 sanctiﬁcare
601 1065 665 1084 eam
691 1064 747 1083 non
765 1059 898 1092 possunt,
915 1057 945 1084 in

118 1107 177 1135 qua
188 1108 245 1128 non
263 1103 333 1128 sunt
347 1101 532 1137 deprehensi.
558 1101 608 1129 Dei
633 1103 730 1128 autem
755 1101 850 1137 gratia
872 1101 944 1128 illud

118 1145 289 1180 sanctiﬁcat,
305 1146 382 1180 quod
403 1145 523 1173 invenit.
537 1146 581 1173 Ita
596 1145 675 1181 quod
691 1146 870 1173 sanctiﬁcari
887 1153 944 1174 non

118 1190 224 1225 potuit,
248 1189 438 1217 immundum
463 1193 535 1224 est;
566 1190 644 1226 quod
676 1190 859 1218 immundum
889 1193 944 1224 cst,

117 1242 185 1261 cum
202 1236 303 1262 sancto
319 1243 376 1262 non
393 1234 480 1262 habet
499 1237 622 1270 partem,
635 1234 692 1262 nisi
721 1237 754 1262 ut
777 1235 812 1263 de
831 1243 885 1263 suo
900 1235 944 1263 ἰη-

118 1279 221 1314 quinet
236 1282 264 1306 et
279 1278 403 1306 occidat.

442 1345 558 1374 CAPUT
573 1329 622 1374 111'.

154 1413 219 1440 Hinc
232 1420 299 1439 cum
313 1411 354 1439 ita
369 1412 440 1445 sint,
456 1411 556 1440 ﬁdeles
580 1412 735 1448 gentilium
755 1412 944 1440 matrimonia

117 1458 281 1485 subeuntes
297 1456 393 1493 stupri
408 1465 471 1484 reos
488 1465 552 1484 esse
563 1459 680 1485 constat
699 1459 727 1484 et
749 1457 892 1485 arcendos
906 1458 942 1485 ab

116 1502 198 1530 omni
211 1501 477 1529 communicatione
495 1500 695 1536 fraternitatis,
705 1509 739 1529 ex
755 1501 857 1529 litteris
866 1502 941 1537 Apo-

114 1546 328 1581 stolidicenlis,
343 1555 405 1574 cum
426 1546 562 1582 ejusmodi
589 1554 637 1574 nec
661 1547 753 1574 cibum
777 1547 942 1574 sumendum

114 1591 136 1627 (l
153 1593 217 1619 Cor.
234 1591 385 1626 v.11).Aut
401 1591 542 1626 numquid
556 1590 672 1618 tabulas
688 1590 834 1626 nuptiales
845 1592 880 1619 de
890 1591 940 1618 illo

1006 300 1060 328 bra
1078 299 1184 328 Christi
1208 310 1275 329 cum
1303 301 1448 330 membris
1475 299 1613 329 adultera
1639 298 1833 328 commiscet?

1007 345 1087 377 Quod
1100 345 1203 379 sciam,
1225 354 1283 374 non
1314 354 1419 374 sumus
1442 345 1534 374 nostri
1563 345 1629 381 (42),
1659 343 1710 372 sed
1739 343 1833 380 pretio

1006 389 1096 424 empti
1113 391 1164 424 ;st
1176 389 1257 425 quali
1282 390 1399 426 pretio?
1424 389 1570 425 sanguine
1593 388 1654 416 Dei.
1681 387 1832 416 Ladentes

1004 432 1097 469 igitur
1110 441 1227 462 carnem
1243 434 1342 469 istam,
1369 442 1437 462 eum
1460 433 1607 462 ludimus.
1632 432 1673 461 De
1699 431 1832 469 proximo

1006 477 1076 512 quid
1090 477 1148 506 sibi
1167 478 1259 506 voluit
1284 478 1333 507 ille
1361 479 1412 515 qui
1428 478 1512 511 dixit,
1538 477 1680 506 delictum
1711 476 1832 513 quidem

1005 529 1069 550 esse
1082 525 1220 550 extraneo
1237 523 1357 557 nubere,
1373 523 1424 551 sed
1454 523 1624 555 minimum,
1649 529 1717 550 eum
1746 519 1831 555 alios,

1005 566 1134 602 seposita
1150 567 1247 595 carnis
1262 567 1372 603 injuria
1399 567 1436 596 ad
1465 566 1622 605 Dominum
1645 565 1830 602 pertinentis,

1005 619 1092 639 omne
1103 611 1243 640 delictum
1254 611 1454 640 voluntarium
1471 612 1500 640 in
1518 610 1643 640 Domino
1658 610 1767 646 grande
1780 609 1831 638 sit.

1005 655 1118 687 Quanto
1129 655 1207 684 enim
1223 659 1354 692 potestas
1367 656 1480 685 vitandi
1497 655 1562 689 fuit,
1577 657 1658 684 tanto
1679 658 1830 683 contuma-

1005 700 1054 728 cia.-
1068 700 1192 728 crimine
1209 704 1357 729 oneratur.
1375 701 1592 729 Reeenseamus
1620 707 1699 728 nunc
1726 701 1831 727 enters

1004 744 1134 781 pericula
1146 747 1175 773 et
1184 745 1315 779 vulnera,
1332 748 1363 773 ut
1377 745 1447 780 dixi,
1464 744 1531 773 fidei
1546 745 1584 772 ad
1611 743 1750 779 Apostolo
1766 750 1832 780 pro‘

1003 790 1076 824 visa,
1091 790 1243 819 noncarni
1260 792 1387 824 tantum,
1398 799 1501 818 verum
1516 789 1605 817 etiam
1633 788 1690 825 ipsi
1710 787 1828 825 spiritui

1005 834 1224 862 molestissima.
1241 835 1312 868 Quis
1327 835 1405 862 enim
1435 834 1549 862 dubitet
1572 832 1735 862 oblitterari
1756 840 1830 869 que-

1004 879 1073 906 tidie
1089 879 1176 906 ﬁdem
1193 879 1369 908 commercio
1381 879 1512 907 inﬁdeli?
1526 879 1621 906 Bonos
1636 879 1832 913 corrumpunt

1005 931 1100 951 mores
1116 923 1368 952 confabulationes
1385 924 1468 951 malae
1479 932 1486 957 ;
1499 926 1609 959 quanto
1623 922 1717 958 magis
1729 921 1830 950 oonvi-
1878 959 1879 962 η

1001 970 1067 995 ctus
1082 970 1111 995 et
1126 967 1297 996 individuus
1323 968 1424 996 usus?
1454 968 1568 1001 Qumvis
1597 967 1704 995 mulier
1731 965 1829 994 ﬁdelis

1001 1012 1159 1040 Dominum
1176 1013 1311 1040 observet
1326 1021 1447 1041 necesse
1474 1015 1530 1040 est.
1559 1013 1595 1040 Et
1610 1011 1758 1048 quomodo
1774 1019 1827 1047 po-

1000 1059 1058 1085 test
1073 1058 1189 1085 duobus
1200 1057 1327 1085 dominis
1342 1058 1499 1091 deservire,
1517 1057 1642 1084 Domino
1665 1059 1695 1084 et
1710 1055 1825 1089 marito,

1001 1102 1087 1134 adde,
1103 1101 1205 1138 gentili
1219 1101 1233 1129 ‘I
1243 1102 1389 1130 Gentilem
1406 1101 1483 1130 enim
1499 1101 1682 1130 observando
1702 1099 1827 1137 gentilia

1000 1146 1157 1179 exhibebit,
1188 1146 1292 1174 1294
1321 1147 1456 1181 formam,
1499 1145 1728 1174 exstructionem
1757 1144 1827 1181 (43),

1000 1191 1164 1218 munditias
1193 1190 1361 1226 saeculares,
1392 1190 1551 1218 blanditias
1578 1189 1737 1226 turpiores,
1761 1189 1827 1225 ipsa

999 1236 1087 1263 etiam
1103 1236 1282 1263 matrimonii
1299 1239 1410 1263 secreta
1425 1235 1575 1263 maculosa
1595 1243 1673 1269 ;noa
1689 1237 1721 1262 ut
1736 1242 1826 1271 penes

999 1282 1117 1307 sanctos
1133 1280 1230 1308 ofﬁcia
1244 1288 1333 1308 sexus
1349 1281 1404 1314 (44)
1419 1288 1486 1308 cum
1516 1280 1626 1308 honore
1654 1279 1748 1315 ipsius
1774 1286 1825 1306 ne-

999 1324 1146 1352 cessitatis
1161 1327 1301 1360 tanquam
1313 1325 1368 1352 sub
1385 1324 1477 1353 oculis
1493 1325 1543 1353 Dei
1560 1324 1692 1352 modeste
1718 1326 1746 1351 et
1761 1331 1825 1351 mo-

999 1369 1098 1397 derate
1114 1369 1319 1405 transiguntur
1335 1369 1402 1405 (45).

1337 1440 1453 1469 CAPUT
1468 1440 1514 1467 IV.

1033 1503 1089 1531 Sed
1102 1502 1216 1535 viderit,
1233 1503 1359 1539 qualiter
1371 1502 1431 1530 viro
1446 1502 1544 1530 ofﬁcia
1562 1501 1681 1537 pendat,
1697 1500 1821 1529 Domino

996 1550 1074 1575 certe
1091 1556 1146 1574 non
1162 1550 1255 1583 potest
1270 1556 1321 1583 pro
1335 1547 1491 1582 disciplina
1510 1546 1690 1579 satisfacere,
1706 1545 1820 1574 habens

995 1591 1025 1618 in
1055 1591 1144 1619 latere
1166 1591 1274 1619 diaboli
1298 1600 1425 1625 servum,
1456 1593 1674 1627 procuratorem
1704 1589 1819 1617 Domini

115 1636 193 1672 apud
211 1636 341 1664 tribunal
359 1636 461 1664 I293
478 1635 594 1663 Domini
612 1636 792 1671 proferemus
806 1635 820 1662 ‘I
835 1638 863 1663 et
878 1643 939 1662 ma-
956 1629 978 1663 (ἶ
997 1636 1042 1664 sui
1059 1637 1094 1664 ad
1110 1636 1298 1671 impedienda
1314 1636 1444 1663 ﬁdelium
1460 1635 1559 1663 studia
1574 1638 1603 1662 et
1613 1635 1727 1663 ofﬁcia:
1745 1637 1778 1662 ut
1793 1634 1817 1662 si

117 1681 291 1708 trimonium
304 1681 356 1708 rite
369 1684 550 1709 contractum
575 1681 596 1697 ¹⁰
624 1680 842 1715 allegabimus?
864 1681 940 1716 quod

116 1725 208 1753 vetuit
225 1725 287 1761 ipse
303 1726 371 1761 (41),
387 1734 443 1753 non
461 1725 638 1752 adulterium
655 1728 699 1752 est
712 1725 726 1752 ‘I
741 1725 819 1761 quod
844 1725 940 1760 probi-

116 1770 209 1798 hitum
222 1773 276 1804 est,
306 1779 365 1798 non
389 1773 528 1806 stuprum
552 1774 597 1798 est
620 1770 634 1797 ?
661 1770 796 1797 Extranei
812 1769 941 1798 hominis

995 1681 1082 1709 statio
1098 1681 1231 1708 facienda
1258 1683 1312 1714 est,
1341 1680 1467 1708 maritus
1493 1681 1528 1708 de
1557 1680 1604 1707 die
1633 1679 1768 1708 candicat
1782 1679 1819 1706 ad

995 1725 1116 1753 balneas
1131 1726 1186 1761 (46)
1204 1735 1211 1761 ;
1228 1726 1253 1753 si
1264 1725 1380 1761 jejunis
1395 1725 1577 1753 observanda
1593 1727 1674 1759 sunt,
1695 1723 1820 1751 maritus

995 1771 1097 1798 eadem
1113 1771 1159 1798 die
1183 1770 1346 1798 convivium
1376 1772 1506 1798 exerceat
1522 1778 1530 1805 ;
1546 1769 1571 1798 si
1600 1768 1817 1805 procedendum

839 1846 941 1878 Variae
962 1847 1119 1877 lectiones.

151 1910 173 1928 ¹⁹
188 1910 252 1938 Haec
270 1910 308 1938 W.
325 1909 548 1938 matrimonium
564 1908 618 1936 rite
633 1910 816 1937 contractum
829 1909 927 1937 desunt
942 1910 972 1937 in
986 1910 1028 1937 ed.
1045 1910 1149 1945 Rigalt.

838 1981 1100 2011 Commentarius.

152 2043 207 2077 (41)
234 2042 365 2077 Nunquid
387 2043 495 2070 tabulas
533 2042 675 2076 nuptiales
703 2041 749 2068 die
785 2041 840 2069 illo
868 2043 941 2077 apud

114 2078 239 2106 tribunal
256 2079 368 2106 Domini
382 2080 553 2114 proferemus
567 2080 580 2104 γ
606 2082 631 2106 et
658 2077 840 2112 allegabimus
867 2079 940 2113 quod

114 2115 203 2142 voluit
219 2116 299 2149 ipse?
312 2117 405 2142 Erant
420 2115 530 2142 scilicet
546 2123 608 2149 quae
637 2114 750 2141 maritis
778 2122 835 2141 non
860 2114 940 2141 Chri-

115 2150 203 2177 stiani
220 2151 374 2181 nuberont,
387 2159 419 2178 ac
437 2151 629 2178 nihilominus
646 2150 675 2176 in
694 2149 817 2177 Domino
831 2151 940 2178 nubere

115 2186 285 2213 crederent:
302 2187 414 2221 nuptiis
424 2187 557 2214 videlicet
569 2186 660 2221 justis
681 2194 714 2212 ac
743 2185 894 2220 legitimis,
912 2190 940 2213 et

116 2223 275 2249 liberorum
293 2223 528 2256 quaerendorum,
550 2231 607 2249 non
638 2221 780 2253 libidinis,
808 2230 937 2255 caussa;

113 2267 215 2285 verum
233 2259 319 2285 hosce
335 2258 445 2286 colores
474 2258 560 2285 diluit
588 2257 795 2292 Tertullianus,
817 2266 937 2285 conver-

115 2302 225 2328 susque
242 2295 276 2321 ad
291 2303 408 2321 uxorein
422 2303 428 2321 τ
444 2297 506 2321 Non
523 2294 596 2321 satis
611 2295 666 2326 est,
692 2293 797 2328 inquit,
823 2294 876 2320 rite
905 2302 938 2321 ac

115 2330 245 2366 legitime
262 2330 573 2365 nupsisse,ctconjugii
586 2330 672 2356 ﬁdem
682 2332 782 2366 sancte
795 2329 938 2366 coluisse;

116 2375 168 2393 nec
198 2366 251 2393 tibi
281 2375 401 2393 cauaam
434 2370 501 2394 ante
532 2365 647 2393 Domini
674 2365 801 2392 tribunal
831 2366 938 2392 dicenti

115 2402 281 2443 quidquam
295 2402 422 2443 proderit
437 2402 552 2443 tabulas
567 2401 713 2443 nuptiales
729 2401 938 2443 proferre,nam

115 2438 230 2466 tabulas
246 2438 410 2473 allegando,
426 2437 595 2473 conjugium
611 2437 752 2473 allegabis
781 2446 847 2464 cum
877 2437 941 2464 inﬁ-

116 2473 173 2501 deli
191 2477 238 2501 zet
254 2474 427 2509 allegatione
444 2478 494 2501 tua
514 2477 541 2501 tc
568 2474 662 2509 ipsam
688 2473 841 2501 damnabis
871 2482 939 2508 pec-

116 2510 184 2541 cati,
202 2511 279 2544 quod
296 2510 397 2538 evitari
413 2510 554 2537 Dominus
573 2518 623 2545 per
652 2510 822 2543 Apostolum
835 2509 937 2544 jussit.

116 2545 190 2577 Quid
207 2545 284 2573 enim
302 2545 348 2573 his
359 2546 465 2579 verbis,
484 2547 597 2573 Tantum
621 2546 651 2573 in
679 2545 802 2575 Domino.
815 2545 939 2572 vetitum

116 2584 202 2616 putas
217 2582 229 2608 ?
245 2581 427 2609 Adulterium
444 2583 457 2609 ἱ)
473 2582 537 2609 Haec
553 2581 608 2608 alio
624 2580 741 2617 quidem
757 2580 830 2617 legis
846 2581 939 2616 capite

116 2619 260 2651 vetantur,
276 2626 332 2644 non
349 2618 414 2650 isto,
432 2618 627 2650 Christianus,
659 2626 709 2643 seu
741 2617 792 2648 vir,
822 2625 874 2644 seu
901 2617 939 2644 fc-

117 2654 206 2686 mina,
224 2653 367 2688 templum
383 2654 432 2681 Dei
447 2656 500 2680 est.
527 2654 643 2680 Femina
667 2652 844 2684 Christiana,
875 2661 938 2687 quae

116 2690 176 2716 viro
193 2690 277 2716 nubit
292 2698 348 2717 non
365 2689 539 2723 Christiano,
555 2688 697 2723 templum
720 2688 768 2716 Dei
796 2689 938 2715 contami-

116 2725 179 2751 nari
194 2728 222 2752 et
237 2725 384 2760 inquinari
402 2726 592 2760 patiturzimo
607 2725 734 2759 turpius,
748 2732 836 2760 quam
853 2724 938 2751 adul-

116 2765 188 2788 tera.
206 2759 314 2796 Nempe
327 2762 412 2789 alieni
441 2761 493 2788 viri
523 2761 664 2788 admissio
692 2759 833 2794 templum
865 2760 937 2786 illud

117 2797 215 2823 minus
228 2798 325 2829 violat,
343 2799 442 2824 minus
458 2797 590 2824 membra
604 2795 711 2824 Christi
723 2804 789 2823 cum
798 2796 938 2823 membris

117 2832 255 2860 adulterae
271 2834 451 2861 commiscet.
468 2834 548 2865 Quod
579 2836 610 2860 ut
638 2832 715 2861 scias
730 2840 762 2859 ac
785 2831 939 2867 diligenter

118 2869 281 2903 perpendes
311 2869 398 2897 etiam
420 2871 507 2905 atque
536 2869 623 2897 etiam
653 2868 727 2896 volo.
744 2870 937 2905 Non_sumu_s

119 2905 213 2932 nostri
228 2914 234 2939 ;
252 2905 302 2933 sed
319 2905 412 2941 pretio
427 2903 527 2941 empti,
542 2907 570 2933 et
584 2904 703 2940 quidem
718 2903 861 2940 sanguine
875 2903 936 2931 Dei.

996 2043 1143 2071 Laedentcs
1155 2043 1245 2079 igitur
1259 2048 1376 2070 carnem
1390 2042 1493 2079 istam,
1508 2042 1598 2069 Deum
1625 2040 1760 2068 laadimus
1781 2040 1817 2068 de

996 2079 1128 2114 proximo
1145 2078 1322 2114 quinarnem
1338 2080 1402 2114 ejus
1430 2078 1578 2109 laedimus,
1604 2085 1721 2114 carnem
1745 2085 1816 2104 san—

995 2113 1083 2150 guine
1099 2113 1194 2150 ipsius
1210 2113 1401 2150 redemptam.
1431 2114 1496 2141 Haec
1525 2113 1644 2142 omnino
1660 2113 1716 2140 fuit
1732 2120 1815 2140 mens

995 2150 1179 2178 Tertulliani.
1202 2151 1264 2178 R16.

1030 2188 1084 2221 (42)
1099 2186 1174 2220 Quod
1188 2188 1284 2217 scium,
1301 2194 1353 2212 non
1369 2194 1464 2213 sumus
1480 2186 1579 2213 nostri.
1603 2184 1694 2221 Vetus
1723 2192 1817 2221 exem-

995 2222 1068 2257 plar,
1108 2222 1183 2256 Quod
1232 2224 1311 2249 sciat.
1360 2222 1589 2257 Scribendumt
1614 2220 1684 2256 quod
1732 2220 1815 2257 scias,

992 2255 1046 2321 {ac},
1064 2255 1132 2293 quod
1147 2259 1242 2290 solum,
1261 2258 1456 2285 usitatissima
1484 2255 1662 2285 Tertulliano
1679 2255 1814 2289 formula,

1020 2303 1056 2321 ιο.

1020 2303 1056 2321 lG.

1029 2330 1083 2392 8/13)
1103 2330 1243 2360 Formam.
1273 2330 1480 2356 exlruclionem.
1507 2328 1739 2355 Exstructionem
1769 2326 1814 2354 in-

1045 2366 1090 2392 ine
1105 2365 1367 2392 cauillistruicem.
1398 2367 1582 2392 sunsestum.
1610 2372 1667 2392 nuo
1688 2365 1753 2391 Juv.
1782 2363 1811 2390 in

954 2356 978 2387 D
993 2356 1090 2400 tellige
1105 2365 1202 2401 capilli
1218 2356 1367 2395 slruicem,
1398 2367 1582 2400 suggestum,
1610 2372 1667 2399 quo
1688 2365 1753 2391 Juv.
1782 2363 1811 2390 in

994 2402 1011 2428 6
1028 2410 1034 2428 Ζ
1052 2402 1143 2428 Altum
1156 2401 1274 2435 aediﬁcat
1289 2404 1379 2436 caput.
1397 2403 1458 2427 ItIG.

1030 2437 1131 2472 (44)Ηι
1157 2445 1239 2472 penes
1269 2434 1375 2464 sanctos
1390 2437 1481 2471 ofﬁcia
1493 2444 1582 2463 sexus.
1613 2437 1668 2463 etc.
1696 2437 1735 2462 De
1761 2434 1814 2462 hac

993 2481 1061 2500 voce
1077 2474 1139 2506 jam
1165 2473 1307 2505 diximus,
1338 2472 1384 2499 hic
1413 2476 1510 2499 autem
1541 2480 1592 2507 per
1615 2472 1708 2507 ofﬁcia
1735 2478 1816 2498 sexus

994 2508 1132 2544 intelligit
1168 2508 1248 2545 ἁγνὴν
1291 2508 1473 2545 ἀναστροφὴν)
1508 2509 1593 2545 vitam
1621 2507 1814 2545 castissimum,

995 2548 1027 2571 ut
1051 2543 1194 2580 est’apud‘
1216 2545 1246 2572 B.
1277 2543 1393 2572 Petrum
1425 2544 1515 2580 Epist.
1546 2543 1651 2579 prioris
1679 2550 1742 2578 cap.
1773 2550 1814 2569 ιιι.

1116 2617 1254 2651 Tanquam
1283 2616 1333 2642 sub
1363 2616 1448 2643 oculis
1475 2615 1525 2642 Dei
1552 2612 1814 2651 modeslegetmode-

994 2657 1051 2679 rate
1065 2649 1260 2686 transiguntur
1287 2655 1317 2678 In
1333 2652 1465 2679 eamdem
1482 2651 1657 2677 sententiam
1676 2649 1814 2686 Hierony-

995 2696 1071 2720 nLus,
1102 2689 1133 2715 in
1162 2689 1249 2722 Epist.
1279 2688 1313 2714 ull
1345 2689 1446 2719 Titum,
1476 2695 1538 2721 cap.
1569 2694 1612 2713 11:
1647 2696 1659 2711 α
1685 2685 1720 2712 Ut
1748 2694 1814 2712 cuin

995 2725 1104 2758 pudore
1121 2725 1148 2750 et
1165 2723 1348 2755 verecundia,
1370 2726 1398 2750 et
1415 2724 1498 2757 quasi
1516 2721 1696 2758 necessitate,
1717 2729 1813 2754 sexus,

995 2756 1095 2786 reddat
1108 2759 1205 2794 potius
1221 2760 1348 2785 debitum
1367 2756 1431 2785 viro,
1443 2766 1531 2793 quam
1561 2757 1625 2794 ipsa
1655 2756 1750 2792 exigat
1779 2758 1814 2784 ab

993 2804 1038 2826 eo,
1051 2798 1078 2822 et
1093 2804 1179 2830 opcra
1192 2795 1347 2821 liberorum
1361 2793 1589 2822 anteoculosDei
1600 2796 1628 2821 et
1642 2793 1813 2828 angelorum

993 2834 1160 2867 perpetrare
1176 2839 1207 2858 se
1222 2831 1329 2867 credat.
1348 2842 1361 2855 ››
1379 2831 1437 2867 Rm.

1029 2863 1083 2901 (46)
1110 2867 1222 2894 Maritus
1246 2866 1278 2893 de
1297 2866 1340 2893 die
1368 2866 1492 2894 candicat
1517 2865 1551 2893 ad
1581 2865 1705 2893 balneas.
1721 2863 1813 2892 Vetus

992 2902 1150 2939 exemplar,
1167 2902 1306 2930 Concedal.
1323 2902 1386 2930 Βία.

1974 852 2014 1071 3?

1968 1019 1995 1040 τ²τ
