4050 6358
449 345 607 405 1407

1013 350 1537 411 TERTULLIANI
1581 352 1901 413 OPERUM
1947 350 2146 411 PARS
2188 353 2237 412 Ι.
2263 351 2631 412 —SERIES
2677 351 2755 420 Il,
2799 345 3274 410 DOGMATICA.

3703 343 3864 402 i408

451 476 560 531 erit
591 476 723 546 (47),
756 494 1058 548 nunquam
1085 479 1272 551 magis
1313 481 1541 534 familiae
1581 481 1882 552 occupatio
1914 481 2081 536 obve-
2110 487 2164 547 Α
2199 481 2337 552 quia
2366 498 2480 536 non
2513 479 2786 549 sustinet,
2818 478 3081 534 timetur.
3111 478 3255 532 Cum
3297 479 3502 530 autem
3547 473 3866 544 Scriptura

452 563 591 618 niat.
625 565 764 628 Quis
793 565 944 619 enim
975 566 1128 620 sinat
1159 569 1465 639 conjugem
1487 586 1652 624 suam
1668 569 2086 624 visitandorum

451 652 696 706 fratrum
729 653 915 723 gratia
946 654 1179 708 vicatim
1208 656 1320 726 (48)
1353 655 1539 710 aliena
1569 663 1624 711 et
1680 657 1914 727 quidem
1952 674 2089 727 pau-

451 739 674 808 periora
705 757 945 812 quaeque
979 743 1216 813 tuguria
1247 744 1537 799 circuire?
1593 746 1724 814 quis
1784 745 2086 800 nocturnis

449 829 980 900 convocationibus,
1017 831 1065 886 si
1114 831 1194 886 ita
1251 833 1591 904 oportuerit,
1653 851 1687 888 a
1745 833 1923 889 latere
1980 848 2087 889 suo

450 916 632 970 adimi
664 917 917 973 libenter
971 919 1169 974 feret?
1230 923 1361 991 quis
1419 923 1670 993 denique
1727 922 2088 978 solemnibus

453 1000 682 1056 Paschze
711 1005 1116 1061 abnoctantem
1159 1023 1400 1062 securus
1457 1009 1818 1064 sustinebit?
1849 1011 1982 1080 quis
2014 1011 2083 1064 ad

453 1090 778 1145 convivium
810 1091 1176 1149 Dominicum
1209 1096 1318 1166 (49)
1365 1095 1532 1162 illud,
1591 1098 1745 1168 quod
1778 1098 2084 1164 infamant,

453 1179 579 1232 sine
605 1196 713 1234 sua
743 1182 1076 1251 suspicione
1107 1184 1360 1238 dimittet
1392 1184 1419 1239 ?
1450 1185 1583 1256 quis
1607 1186 1664 1240 in
1694 1202 1981 1241 carcerem
2013 1187 2082 1240 ad

453 1267 773 1324 occulanda
786 1271 1015 1326 vincula
1035 1275 1304 1344 martyris
1326 1280 1556 1345 reptare
1581 1278 1618 1330 1
1634 1276 1783 1331 295
1803 1277 2088 1346 patietur?

451 1358 582 1409 Jam
604 1373 736 1412 vero
767 1357 939 1412 alicui
971 1360 1216 1415 fratrum
1269 1363 1339 1416 ad
1391 1363 1655 1418 osculum
1715 1364 2022 1418 convenire
2067 1367 2089 1419 Ρ

452 1459 661 1514 aquam
694 1451 1030 1501 sanctorum
1072 1450 1318 1520 pedibus
1371 1450 1630 1506 olferre?
1689 1453 1759 1506 de
1818 1451 1968 1520 cibo,
2018 1451 2087 1506 de

454 1533 691 1602 proculo
723 1533 1016 1605 invadere,
1047 1537 1399 1602 desiderare,
1431 1538 1489 1592 in
1524 1545 1716 1594 mente
1759 1537 2007 1594 habere?
2030 1538 2087 1593 Si

454 1625 510 1674 et
540 1636 776 1692 peregre
805 1623 983 1678 frater
1026 1625 1316 1697 adveniat,
1365 1629 1519 1697 quod
1561 1626 1620 1681 in
1671 1627 1860 1682 aliena
1916 1628 2087 1682 domo

455 1707 775 1778 hospitium
811 1711 906 1766 Psi
936 1711 1028 1766 cui
1053 1711 1421 1784 largiendum
1444 1715 1553 1770 erit
1580 1715 2090 1785 horreum,proma

455 1798 737 1868 praeclusa
765 1804 923 1854 sunt.

1160 1891 1385 1946 CAPUT
1417 1891 1485 1946 V.

525 1974 633 2028 Sed
664 1974 842 2046 aliqui
875 1976 1168 2033 sustinent
1197 1986 1418 2046 nostra,
1454 1997 1558 2035 nec
1580 1980 1949 2051 obstrepunt.
1972 1984 2090 2035 Hoc

455 2066 545 2116 est
572 2062 751 2134 igitur
779 2063 1078 2130 delictum,
1113 2069 1266 2138 quod
1285 2067 1525 2139 gentiles
1558 2074 1756 2124 nostra
1789 2073 2089 2140 noverunt,

457 2152 608 2221 quod
635 2155 744 2207 sub
776 2156 1127 2210 conscientia
1158 2157 1404 2212 istorum
1452 2159 1496 2200 ²ο
1527 2175 1754 2224 sumus,
1792 2159 1944 2228 quod
1995 2159 2090 2212 be-

457 2239 730 2296 neﬁcium
761 2258 962 2298 eorum
993 2249 1099 2314 est,
1138 2245 1187 2300 si
1218 2246 1359 2318 quid
1392 2263 1718 2318 operemur.
1751 2246 1875 2302 Non
1905 2251 2094 2318 potest

456 2343 519 2382 se
548 2328 737 2385 dicere
793 2331 1038 2401 nescire,
1098 2335 1198 2405 qui
1251 2335 1685 2391 sustinetzaut
1741 2335 1792 2391 si
1849 2335 2091 2404 celatur,

2120 1855 2169 1918 Β

2199 574 2515 641 utrumque
2545 569 2802 637 mandet,
2834 571 2891 622 et
2921 566 3048 622 sine
3078 564 3320 620 alterius
3370 562 3749 618 conscientia
3807 569 3866 616 et

2199 658 2324 712 sine
2354 663 2554 713 nostra
2596 673 2869 728 pressura
2897 655 3125 726 cperari
3155 653 3426 718 Domino,
3463 650 3614 706 nihil
3673 651 3863 705 inter-

2195 754 2302 814 est,
2375 746 2432 800 in
2513 762 2630 816 qua
2688 749 2850 816 parte
2932 743 3132 799 I296
3191 741 3522 813 delinquas,
3606 745 3716 795 aut
3807 740 3865 793 in

2196 834 2550 890 conscientia
2581 833 2797 900 mariti,
2831 831 2880 887 si
2913 833 3023 887 scit
3053 839 3117 886 ut
3147 831 3397 902 patiens,
3433 835 3537 884 aut
3593 828 3656 883 in
3716 845 3865 882 con-

2197 921 2513 978 ﬂictatione
2541 918 3374 990 tui,dumvitaturimpatiens.
3397 918 3606 986 Nolite,
3637 917 3868 987 inquit,

2193 1013 2534 1083 margaritas
2583 1018 2788 1065 vestras
2834 1010 3024 1079 porcis
3071 1009 3306 1079 jactare,
3375 1023 3448 1060 ne
3503 1003 3872 1060 conculcent

2195 1115 2284 1168 ea,
2315 1103 2372 1154 et
2393 1099 2654 1152 conversi
2703 1115 2804 1153 vos
2863 1112 3096 1168 quoque
3149 1099 3416 1150 evertant
3459 1093 3699 1165 (Matth.
3767 1109 3867 1159 vn,

2193 1189 2269 1254 6).
2294 1186 2616 1257 Margaritaa
2665 1190 2867 1240 vestrae
2895 1189 3034 1240 sunt
3072 1183 3424 1254 quotidianae
3457 1181 3868 1236 conversatio-

2197 1276 2288 1330 nis
2319 1273 2592 1346 insignia.
2620 1278 2846 1338 Quanto
2878 1272 3174 1328 curaveris
3203 1289 3268 1326 ea
3325 1269 3654 1333 occultare,
3689 1273 3870 1324 tanto

2195 1364 2558 1435 suspectiora
2590 1363 2794 1418 feceris
2825 1368 2882 1418 et
2913 1361 3099 1433 magis
3138 1361 3397 1416 cavenda
3426 1361 3471 1395 ²¹
3509 1358 3728 1431 gentili
3767 1374 3868 1413 cu-

2195 1451 2464 1506 riosilati.
2500 1451 2806 1506 Latebisnc
2835 1455 2920 1520 tu,
2951 1465 3087 1506 cum
3105 1448 3409 1517 lectulum,
3442 1464 3580 1502 cum
3613 1463 3872 1518 corpus-

2197 1540 2390 1596 culum
2447 1545 2615 1595 tuum
2668 1540 2889 1612 signas,
2977 1555 3111 1594 cum
3167 1537 3389 1608 aliquid
3460 1536 3860 1590 immundum

2197 1628 2337 1683 ﬂatu
2370 1629 2476 1697 (50)
2507 1628 2743 1700 exspuis
2766 1628 2833 1698 ³³,
2864 1645 2997 1682 cum
3031 1626 3207 1683 etiam
3241 1643 3342 1697 per
3375 1629 3610 1680 noctem
3649 1639 3863 1678 exsur-

2197 1716 2286 1788 gis
2343 1720 2596 1786 oratum,
2667 1721 2724 1771 et
2781 1733 2897 1771 non
2965 1714 3168 1786 magiae
3248 1713 3475 1785 aliquid
3556 1711 3864 1767 videberis

2199 1803 2496 1876 operari?
2531 1808 2658 1859 Non
2707 1805 2853 1860 sciet
2911 1804 3181 1873 maritus,
3237 1802 3377 1872 quid
3438 1806 3673 1856 secreto
3730 1805 3864 1855 ante

2200 1908 2433 1948 omnem
2472 1892 2667 1948 cibum
2700 1898 2903 1964 gustes
2937 1910 2950 1957 ;
2979 1897 3037 1948 et
3093 1891 3142 1946 si
3196 1891 3434 1946 sciverit
3463 1905 3860 1955 omnem,non

2197 1981 2364 2036 illum
2396 1983 2581 2037 credit
2608 1998 2737 2037 esse
2797 1981 2898 2052 qui
2955 1979 3227 2036 dicitur?
3282 1979 3350 2034 Et
3400 1979 3528 2034 haec
3576 1979 3867 2050 ignorans

2199 2070 2450 2141 quisque
2473 2069 2756 2124 rationem
2789 2068 3136 2140 simpliciter
3187 2066 3528 2133 suSlinebit,
3581 2065 3715 2121 sine
3767 2081 3865 2136 ge-

2202 2158 2372 2226 mitu,
2407 2157 2534 2212 sine
2565 2158 2898 2228 suspicione
2929 2157 3098 2228 panis
3127 2173 3199 2211 an
3250 2155 3458 2210 veneni
3491 2153 3520 2208 ‘I
3551 2155 3867 2209 Sustinent

2200 2247 2487 2317 quidam;
2522 2247 2623 2301 sed
2658 2251 2720 2300 ut
2749 2245 3065 2316 inculcent,
3099 2251 3164 2300 ut
3193 2243 3447 2299 illudant
3504 2242 3864 2314 hujusmodi

2203 2335 2402 2391 I297
2441 2333 2841 2407 feminis](5l),
2874 2351 3124 2405 quarum
3158 2349 3373 2389 arcana
3405 2331 3467 2386 in
3530 2330 3866 2404 periculum

1887 2463 2088 2524 Variae
2127 2463 2447 2524 lectiones.

533 2567 580 2602 ²⁰
606 2568 738 2644 Rig.‘
757 2569 863 2644 Sed
899 2568 1113 2644 aliquis
1145 2571 1396 2644 sustinet
1423 2577 1622 2628 nostra
1655 2590 1758 2628 nec
1789 2571 2096 2644 abstrepit.
2130 2571 2249 2628 Hoc
2277 2603 2346 2612 —
2367 2572 2477 2628 sub
2506 2588 2699 2628 conss.
2727 2571 3103 2644 injpstorum.
3137 2574 3245 2626 etc.
3277 2569 3377 2642 (al.
3434 2568 3791 2640 justorum).
3822 2567 3867 2602 ²¹

460 2640 585 2705 Rig.
615 2641 922 2709 captanda.
953 2642 999 2675 ²²
1030 2642 1148 2712 Rig.
1183 2643 1380 2699 ﬂantis
1409 2644 1695 2716 explodis.

1892 2733 2409 2794 Commentarius.

537 2832 644 2900 (47)
691 2832 1191 2914 Sihproccdendum
1225 2839 1376 2914 erit;
1426 2841 1694 2914 \feterem
1752 2837 2100 2914 procedendi

467 2918 566 2986 ρει]
595 2903 964 2986 supplicandi
990 2908 1162 2962 ritum
1222 2909 1278 2986 in
1338 2909 1595 2986 Ecclesia
1634 2903 1835 2986 notat,
1891 2909 2102 2986 hieque

466 2972 628 3057 locus
670 2972 973 3057 'illustris
1038 2987 1127 3034 est
1183 2980 1251 3057 ad
1309 2972 1830 3057 confirmationem
1879 2972 2099 3035 rituum

466 3045 878 3122 plurimorum.
911 3056 1099 3122 Atque
1123 3052 1319 3104 mirari
1353 3053 1512 3107 subit
1554 3054 1920 3108 oscitantiam
1957 3058 2098 3122 Mag.

468 3119 946 3189 deburgensium,
1001 3119 1100 3192 qui
1159 3139 1288 3176 cum
1341 3125 1684 3190 procedendi
1745 3124 1922 3178 ritum
1999 3119 2101 3178 seu

463 3194 846 3259 processz'oncs,
877 3193 967 3246 ad
1027 3193 1271 3248 hat-resin
1325 3196 1578 3251 Montani
1637 3196 1916 3263 referunt,
1967 3211 2100 3248 cum

2211 2837 2388 2893 bratu-
2418 2840 2854 2909 argumentum.
2877 2837 3182 2901 Caeterum,
3214 2833 3870 2909 istiusinterpretatio-

2212 2910 2301 2963 nis
2360 2904 2651 2964 momento
2703 2911 2750 2964 si
2811 2910 2955 2963 forte
3006 2910 3148 2964 adeo
3196 2904 3590 2978 impellimur,
3651 2913 3717 2959 ut
3744 2904 3872 2978 _hic

2211 2982 2382 3035 etiam
2417 2987 2647 3051 Apagas
2677 2997 2712 3034 a
2760 2980 3036 3051 Septimio
3101 2976 3300 3034 nostro
3355 2977 3693 3051 convivium
3741 2976 3872 3051 Dei,

2209 3058 2265 3107 et
2294 3048 2625 3106 Convivium
2662 3048 3024 3106 Dominicum
3056 3051 3168 3105 dici
3201 3050 3578 3113 arbitremur,
3630 3048 3728 3101 vix
3758 3049 3878 3102 erit

2211 3124 2454 3194 hujusce
2477 3122 2882 3193 appellationis
2914 3139 3124 3178 caussa
3165 3121 3557 3194 probabilior,
3581 3135 3771 3190 quam
3820 3126 3879 3194 et

2211 3190 2442 3274 Agapas
2473 3190 2957 3274 i.deo_D_omini_cas
2988 3190 3314 3274 nuncupari
3366 3192 3696 3274 placuisse,
3729 3190 3880 3274 quia

467 3267 658 3314 tamen
719 3263 855 3316 alibi
915 3262 1130 3318 librum
1209 3266 1366 3320 hunc
1433 3284 1465 3321 a
1542 3261 1909 3322 Tertulliano’
1957 3266 2099 3322 scri-
2132 3261 2176 3329 C
2214 3261 2531 3321 Dominicis
2562 3266 2770 3321 diebus
2800 3269 2870 3322 ad
2920 3282 3018 3321 eas
3075 3261 3389 3321 Christiani
3445 3262 3873 3319 convenirent.

466 3332 977 3406 ptum_fateantur
1032 3343 1347 3406 antequam
1410 3339 1612 3393 haeresi
1654 3339 1908 3393 Montani
1995 3355 2094 3391 no-

470 3419 602 3456 men
635 3403 908 3460 dedisset.
941 3406 1143 3462 Nescio
1174 3403 1244 3462 an
1269 3409 1413 3463 satis
1470 3415 1594 3464 tute
1650 3409 1781 3464 illos
1840 3409 2100 3462 derideat

460 3473 870 3549 Albaspineus,
941 3477 1035 3548 qui
1088 3480 1158 3533 de
1212 3481 1556 3549 procedendi
1616 3481 1726 3534 ritu
1806 3481 1911 3534 has
1997 3496 2097 3534 vo-

463 3561 558 3670 (Izes
575 3545 1266 3668 Iintelligunt,“cornicum
1297 3552 1518 3618 oculos,
1551 3556 1615 3606 ut
1646 3559 1806 3624 puto,
1839 3552 2096 3606 confixit.

516 3633 546 3668 ε
621 3633 675 3670 a.

516 3633 546 3668 E
575 3633 675 3670 ΓΗ..

685 3689 936 3764 ῐξίςαιίφη.
956 3689 1136 3746 Vetus
1156 3691 1468 3764 exemplar,
1508 3694 1724 3748 Vialim.
1760 3693 1884 3746 RIG.

539 3758 651 3840 (.119)
676 3758 1129 3840 ‘(ld’co‘aviuiurn
1177 3758 1341 3840 illud-
1373 3758 1881 3840 deinfnjgum._Sub
1924 3762 2098 3816 linem

468 3827 829 3911 hujuslibri,
853 3831 1027 3911 dicet,
1063 3835 1529 3911 (Ιοηυιίυξψη-Οθὶ.
1559 3834 1875 3911 Utrobique
1908 3842 2100 3911 autem

468 3902 781 3982 significari
814 3902 1235 3982 videtu_r,.qu_od
1273 3906 1482 3982 Paulus
1516 3907 1757 3982 __priorc_
1779 3902 1848 3959 ad
1902 3905 2102 3982 Cor_in-

467 3971 646 4047 thios,
679 3989 806 4047 cap.
851 3991 927 4042 x1,
961 3971 1123 4037 dixit,
1158 3975 1423 4047 Κυριακὸν
1454 3971 1689 4042 δεῖῖπνον,
1731 3980 1962 4030 Cmnam
1993 3976 2102 4029 Do-

471 4043 1083 4118 minicam,increpans
1107 4043 1618 4118 Corinthios,quod
1637 4049 1707 4118 ad
1741 4047 2104 4118 Dominicam

480 4115 821 4194 accederent
848 4120 912 4169 ut
932 4115 1002 4194 ad
1027 4118 1318 4194 sua_m,_1:o_
1345 4115 1598 4194 κυριάκὸν
1646 4115 1920 4172 ἰδιωτικὸν
1960 4137 2104 4194 ⁸’ποι-

471 4184 698 4268 ήσᾳνξες
735 4204 748 4253 ;
796 4189 974 4268 quod“
1009 4184 1694 4268 eucharistica'munera
1755 4190 2106 4262 potentiores

475 4257 836 4314 autditiores
866 4258 974 4313 soli
1006 4260 1346 4316 invaderent
1403 4267 1458 4316 et
1516 4257 1944 4324 consumerent,
1992 4277 2106 4315 non

475 4331 820 4399 exspectatis
852 4337 952 4385 aut
972 4349 1081 4386 non
1101 4333 1445 4388 admissisin
1473 4340 1694 4403 partem
1720 4333 2105 4388 tenuioribus.

475 4403 595 4454 Hoc
627 4406 778 4455 certe
805 4419 916 4456 non
949 4410 1071 4458 erat
1101 4404 1460 4459 Dominicam
1477 4421 1700 4460 omnem
1733 4406 2106 4470 manducare,

475 4487 601 4554 quas
620 4487 765 4554 'curn
798 4473 872 4554 sit
909 4490 1122 4554 corpus
1150 4477 1398 4554 Domini,
1429 4477 1602 4554 digne
1633 4477 1867 4554 tractari
1903 4476 2112 4554 debue-

473 4542 1034 4618 rat._lndignissimé
1092 4553 1285 4602 autem
1343 4542 1671 4602 tractabant
1727 4549 1826 4618 qui
1875 4552 2111 4602 caeteros

2211 3361 2238 3388 ‹‹
2273 3337 2608 3392 Convivium
2675 3336 2817 3392 illud
2877 3336 3244 3391 Dominicum
3303 3337 3460 3406 quod
3483 3335 3876 3406 infamant,»

2207 3409 2487 3464 nimirum
2518 3408 2754 3464 ethnici.
2791 3411 2920 3479 Ipse
2949 3408 3007 3462 in
3040 3408 3192 3478 Apol.
3229 3404 3422 3461 «Nam
3472 3412 3531 3461 et
3587 3404 3873 3479 coenulas

2207 3486 2438 3536 nostras
2469 3477 2852 3550 praeterquam
2885 3477 3119 3535 sceleris
3149 3479 3398 3533 infames
3447 3485 3511 3531 ut
3574 3477 3873 3550 prodigas

2208 3547 2558 3622 suggillatis.
2598 3575 2616 3599 ιι
2647 3547 2713 3605 Et
2742 3551 2850 3606 hoc
2879 3551 3007 3622 ipso
3036 3551 3205 3615 libro,
3228 3565 3369 3622 pag.
3430 3547 3596 3622 seqq.
3653 3549 3756 3601 ubi
3798 3547 3875 3600 de

2207 3621 2438 3679 ethnico
2468 3623 2805 3677 Christianae
2858 3621 3106 3678 marito:
3167 3641 3190 3669 ι
3224 3621 3346 3675 Non
3402 3621 3549 3674 sciet
3599 3622 3873 3673 maritus

2211 3695 2604 3766 quidgsecreto
2643 3700 2775 3748 ante
2833 3710 3065 3766 omnem
3114 3692 3310 3746 cibum
3370 3697 3572 3766 gustes
3601 3690 3640 3766 ?_
3687 3696 3769 3766 et_
3815 3692 3868 3766 si

2211 3760 2406 3820 scierit
2437 3782 2667 3833 panem,
2727 3781 2840 3819 non
2885 3764 3048 3819 illum
3109 3780 3238 3819 esse
3293 3763 3476 3818 credit
3542 3761 3645 3833 qui
3711 3760 3867 3816 dici-

2210 3837 2351 3891 tur?
2385 3859 2410 3885 ››
2440 3833 2551 3892 hoc
2580 3844 2690 3900 est,
2722 3835 3226 3908 int'antisjugulati
3249 3837 3521 3908 cruoreet
3543 3833 3872 3908 sanguinis

2204 3908 2530 3979 juculentia
2582 3911 2852 3979 satiatus.
2915 3904 3173 3979 Ipse'in»
3214 3905 3555 3979 Apologia
3597 3904 3871 3979 Dicimur

2213 3975 2645 4036 sceleratissimi
2677 3979 2746 4033 de
2769 3975 3131 4034 sacramento
3161 3975 3513 4032 infanticidii
3547 3982 3605 4030 et
3619 3976 3872 4045 pabulo,

2213 4052 2348 4106 inde
2377 4055 2433 4104 et
2467 4055 2594 4120 post
2617 4050 2944 4104 convivium
3006 4051 3257 4120 incesto.
3286 4047 3747 4120 {Utriusque
3767 4063 3871 4101 ca-

2215 4117 2738 4178 lumniis—fabulam
2769 4122 2998 4176 texebat
3018 4119 3298 4175 Cirtensis
3327 4117 3423 4174 ille
3470 4120 3628 4190 apud
3671 4118 3870 4190 Minue

2215 4198 2393 4260 cium,
2425 4210 2490 4248 eo
2524 4193 2742 4262 majore
2773 4193 3157 4262 impudentia,
3191 4191 3342 4262 quod
3389 4190 3560 4245 Plinii
3607 4189 3873 4244 Secundi

2217 4269 2283 4322 ad
2316 4265 2632 4334 Trajanum
2667 4264 2807 4334 imp.
2845 4263 3052 4319 litteris
3084 4265 3154 4318 de
3199 4263 3503 4317 mendacio
3533 4263 3868 4334 constabat.

2217 4342 2272 4391 Is
2303 4332 2457 4390 enim
2516 4335 2716 4390 habita
2755 4332 3104 4406 quaestione,
3159 4335 3334 4390 hocce
3392 4335 3464 4388 de
3515 4332 3872 4406 Christianae

2218 4406 2516 4478 religionis
2564 4403 2980 4466 desertoribus,
3041 4406 3137 4476 qui
3199 4407 3369 4460 etiam
3432 4403 3874 4478 maledixerant

2217 4475 2466 4543 Christo,
2499 4479 2854 4548 comperisse
2901 4475 3175 4542 affirmat,
3236 4491 3460 4548 morem
3507 4475 3872 4548 Christianis

2218 4551 2402 4606 fuisse
2432 4546 2675 4604 coeundi
2707 4549 2944 4620 quidem
2975 4548 3278 4620 adicibum
3338 4547 3722 4620 capiendum,
3781 4546 3875 4600 sed

476 4611 696 4690 fideles,
731 4611 998 4690 quamvis
1037 4634 1344 4690 pauperes,
1385 4619 1629 4674 fratrum
1665 4611 1787 4674 loc'o
1833 4634 1945 4673 non
2005 4618 2108 4672 ha-
2137 4626 2184 4690 D
2211 4623 2592 4690 promiscuum
2622 4625 2674 4675 et
2699 4611 3010 4675 innoxium.
3043 4611 3479 4675 Observandum
3523 4634 3686 4681 vero,
3709 4611 3878 4672 inter

476 4685 711 4767 hebant,
743 4685 864 4767 tam
887 4685 1190 4767 charitatis
1221 4685 1396 4760 quam
1431 4690 1784 4767 humilitatis
1823 4694 2106 4767 expertes,

475 4771 540 4840 ac
572 4759 824 4840 proinde
841 4760 922 4840 rei
953 4763 1211 4840 corporis
1240 4759 1298 4817 et
1328 4762 1636 4840 sanguinis
1697 4759 1948 4840 mein’i,
2007 4761 2108 4832 qui

473 4831 595 4910 tam
626 4830 995 4897 impudenter
1023 4830 1096 4910 ad
1156 4849 1218 4910 se
1275 4830 1571 4910 raperent,
1601 4834 1772 4910 quod
1798 4838 1933 4910 erat
1980 4830 2109 4910 _o_i_n-

476 4903 640 4954 nium
671 4915 1004 4976 commune,
1034 4903 1161 4958 Haec
1191 4905 1272 4959 ita
1302 4903 1667 4976 interpretari
1721 4903 1949 4960 videtur
1980 4904 2110 4959 Hie-

474 4987 676 5054 ropym
687 4989 776 5028 us.
814 4974 1210 5054 Theodoretus
1232 4991 1373 5054 vero
1387 4974 1473 5054 adi
1492 4977 1714 5054 agapas
1745 4977 1973 5054 Eefer_re_
1990 4991 2110 5030 ma-

474 5042 740 5117 luit,quaa
755 5045 1118 5103 solemnibus
1132 5048 1338 5102 diebus
1354 5042 1727 5117 postCEenam
1747 5047 2111 5103 Dominicam

475 5113 929 5189 celebrarentur,
991 5125 1054 5172 ut
1111 5113 1422 5189 Apostolus
1481 5119 1551 5173 ad
1610 5120 1942 5189 superbiam
2012 5121 2113 5173 aut

476 5186 673 5262 gulam
697 5189 949 5262 divitum
1005 5186 1447 5262 Corinthiorum
1478 5186 1890 5262 increpandam
1926 5191 2110 5245 Cinna:

477 5257 1186 5341 l)ominicze_mention9m_
1217 5261 1501 5341 injeceri-t,
1545 5257 1658 5341 ᾳυρ
1698 5262 1880 5341 magis
1909 5277 2110 5341 eorum

477 5332 1334 5411 inverecundiam_retunderet,
1367 5332 1465 5411 qui
1502 5333 1703 5411 statim
1737 5350 1776 5411 a_
1798 5335 1972 5388 Omna
2001 5333 2110 5387 Do-

479 5402 714 5469 minica,
747 5419 925 5474 quam
956 5405 1066 5473 ipsi
1111 5422 1242 5460 cum
1267 5402 1601 5475 tenuissimi
1661 5405 2008 5475 quibusque;
2045 5420 2113 5458 ex

481 5489 666 5544 aquo,
722 5481 918 5545 utpote
974 5477 1274 5545 fratribus,
1362 5473 2112 5547 participaverantftalem

480 5560 613 5618 mox
635 5547 703 5600 ad
739 5548 964 5618 Agapas
1008 5549 1225 5602 fastum
1274 5548 1603 5611 induerent,
1653 5552 1708 5601 et
1764 5551 2116 5618 occuparent

480 5615 684 5690 epulas
715 5615 909 5688 primi,
942 5621 1306 5674 tenuioribus
1338 5618 1398 5672 in
1457 5622 1684 5690 partem
1744 5615 1984 5673 minime
2013 5635 2114 5673 vo-

483 5686 627 5764 catis
657 5686 759 5764 aut
782 5686 1153 5764 exspectatis,
1213 5691 1365 5764 quod
1388 5686 1512 5764 erat
1567 5690 1749 5746 Ccnnas
1800 5689 2114 5764 Dominicae

485 5757 914 5831 indignissime,
946 5761 1055 5816 hoc
1085 5766 1193 5831 est,
1224 5757 1443 5832 perﬁde
1491 5775 1560 5816 ac
1615 5775 1918 5833 perperam
1967 5760 2113 5818 cele-

2215 4698 2302 4748 tot
2333 4693 2540 4762 probra
2599 4697 2657 4746 et
2714 4692 2971 4746 convicia
3027 4690 3432 4762 accusantium
3493 4690 3872 4744 Christianos

2217 4761 2554 4834 impietatis,
2591 4780 2656 4819 eo
2687 4764 2839 4834 quod
2899 4777 3084 4832 neque
3143 4780 3274 4818 aras
3317 4761 3632 4834 baberent,
3668 4777 3873 4834 neque

2218 4832 2632 4906 sacrificarent,
2706 4832 2973 4906 interque
3019 4839 3107 4888 tot
3165 4836 3409 4906 fratrum
3502 4832 3871 4906 perfidorum

2216 4905 2563 4976 transfugia,
2597 4922 2710 4960 non
2743 4903 3032 4960 exstitisse
3058 4906 3158 4974 qui
3189 4903 3554 4960 Christianos
3585 4903 3874 4976 crimina-

2220 4975 2626 5047 rentur,’quod
2660 4977 2759 5030 Dei
2782 4993 2846 5031 ac
2894 4977 3125 5031 Domini
3185 4979 3277 5032 sui
3333 4991 3547 5047 carnes
3599 4975 3872 5036 ederent.

2219 5045 2565 5118 sanguinem
2590 5052 2882 5119 potarent;
2917 5063 3049 5102 cum
3090 5047 3149 5101 id
3181 5064 3243 5104 se
3291 5047 3478 5103 facere
3533 5045 3597 5101 in
3655 5047 3874 5102 eucha-

2220 5119 2432 5176 risticis
2464 5119 2590 5174 suis
2619 5124 2995 5174 testarentur.
3029 5123 3164 5177 Rm.

2291 5193 2403 5263 (50)
2471 5191 2690 5263 Aliquid
2747 5192 3101 5263 immundam,
3169 5190 3374 5263 ﬂantis.
3455 5188 3548 5241 Sic
3589 5260 3601 5263 _
3636 5189 3868 5263 optime

2219 5260 2385 5318 vetus
2415 5260 2728 5332 exemplar.
2785 5261 3020 5332 Aliquid
3080 5261 3276 5316 ﬂantis
3336 5260 3718 5313 immundum
3785 5261 3872 5313 di-

2221 5334 2318 5400 cit,
2371 5333 2592 5388 nidoris
2634 5333 2872 5402 aliquid,
2933 5349 3044 5404 quo
3105 5334 3175 5404 de
3224 5349 3323 5387 ara
3376 5332 3873 5404 fumapteUCbrh

2222 5406 2426 5461 stianaa
2455 5405 2811 5460 transeuntis
2838 5402 3007 5460 nares
3038 5403 3224 5460 afﬂari
3256 5408 3430 5474 atque
3476 5402 3698 5457 offendi
3731 5419 3876 5459 cono

2223 5477 2502 5542 tingebat.
2537 5476 2662 5531 Rm.

2294 5548 2405 5619 (51)
2431 5547 2710 5603 Sustinent
2741 5546 2982 5617 quidam,
3013 5545 3106 5619 sed
3125 5548 3187 5599 ul
3207 5545 3504 5619 inculcant,
3534 5552 3595 5599 ut
3627 5544 3879 5619 illudne:

2225 5614 2537 5690 hujus'modi
2589 5614 3000 5690 feminis,_etc.
3050 5615 3347 5690 Ostendit
3403 5631 3530 5686 quae
3606 5614 3878 5690 pericula

2223 5686 2596 5755 immineant,
2622 5706 2751 5760 quas
2779 5688 3020 5760 vulnera
3049 5688 3184 5743 fidei
3223 5686 3594 5760 inﬂiguntur,
3642 5688 3719 5740 ob
3753 5688 3872 5760 dis-

2227 5777 2397 5834 pares
2421 5757 2657 5833 nuptias
2713 5759 3054 5818 Christiane
3109 5774 3244 5815 cum
3307 5757 3715 5830 gentili;cum
3749 5759 3878 5832 ipsa
