4050 6362
223 330 382 391 “09

220 530 520 603 sustinent
580 530 830 617 quorum
894 544 1060 599 dotes
1134 542 1463 614 objections
1518 542 1775 598 nominis
1829 542 1876 576 2³

219 638 539 693 mercedem
584 634 800 689 silentii
851 632 1089 699 faciant,
1141 632 1362 687 scilicet
1392 631 1545 703 apud
1594 631 1879 687 arbitrum

221 724 652 799 speculatorem
701 720 1007 793 litigaturi.
1056 721 1216 785 Quod
1262 719 1550 792 pleneque
1598 736 1711 774 non
1754 736 1883 791 pro~

219 816 504 880 videntes,
558 819 660 867 aut
710 827 769 865 re
819 809 1169 879 excruciata,
1221 813 1322 865 aut
1370 809 1479 863 ﬁde
1520 808 1749 879 perdita
1790 826 1880 863 re-

223 908 533 960 cesserunt
557 902 623 954 9‘.

1485 322 1721 383 LlBER
1763 322 1814 383 II
1857 322 1961 383 AD
2004 321 2359 383 UXOREM.

219 460 377 533 quod
407 457 654 512 credunt
684 459 936 533 servent,
971 455 1018 509 si
1077 454 1224 509 forte
1258 452 1680 525 laedantur-(52)
1710 452 1821 525 ipsi
1857 468 1871 507 :
1906 456 1959 523 Α

3478 296 3640 386 1410

2633 451 2864 508 CAPUT
2902 451 2996 507 VI.

2059 542 2322 597 Moretur
2350 541 2449 597 Dei
2484 541 2699 597 ancilla
2745 558 2876 597 cum
2922 540 3144 597 laribus
3174 541 3382 598 alienis
3412 543 3548 614 (53),
3579 548 3640 602 et

1988 631 2142 687 inter
2171 630 2302 685 illos
2334 632 2606 686 omnibus
2638 631 2958 686 honoribus
2991 633 3323 687 daemonum
3347 633 3413 698 2⁵,
3446 635 3637 689 omni-

1989 720 2103 774 bus
2134 720 2337 774 I298
2384 720 2748 775 solemnibus
2798 736 3062 791 regnum,
3115 721 3428 791 incipiente
3458 740 3635 795 anno,

1988 808 2304 878 incipiente
2363 825 2583 879 mense,
2646 810 2848 864 nidore
2916 809 3103 864 lhuris
3161 811 3497 882 agitabitur.
3572 814 3642 868 Et

1991 898 2264 969 procedet
2307 898 2377 951 de
2416 900 2614 967 Janus
2660 897 2921 953 laureata
2968 902 3025 953 et
3070 897 3388 967 lucernata,
3452 905 3516 955 ut
3566 903 3640 957 de

1992 1003 2139 1042 novo
2173 986 2521 1042 consistorio
2568 986 2880 1042 libidinum
2913 987 3280 1059 publicarum
3311 989 3462 1061 (54);
3514 991 3639 1047 dis-

1663 1101 1866 1165 Variae
1914 1101 2236 1163 lectiones.

302 1211 346 1245 ³³
380 1211 501 1281 Rig.
532 1209 842 1264 Sustineat
870 1208 1134 1278 quidam,
1167 1211 1481 1275 reservent,
1509 1207 1557 1261 si
1584 1206 1623 1263 Γ,
1652 1206 1960 1261 laedantur.
1996 1207 2320 1275 Sustinent,
2352 1223 2453 1281 qu.
2488 1207 2549 1281 7d.
2584 1207 2946 1281 subjectione
2977 1207 3255 1277 nominis,
3297 1213 3405 1265 etc.

220 1283 339 1339 ccd.
383 1280 583 1337 WOuw.
620 1282 741 1349 Rig.
777 1295 1189 1352 recognoscere
1221 1283 1617 1348 consuerunt;
1667 1280 1857 1336 caeteri
1884 1284 2323 1335 recensuerunt.

223 1354 568 1411 nominibus
598 1354 825 1408 daemon
838 1369 955 1407 um.

3483 1211 3531 1246 26

2402 1224 2453 1263 u.
2492 1212 2549 1263 d.
2584 1212 2946 1279 subjectione
2977 1212 3255 1277 nominis,
3297 1213 3405 1265 etc.
3483 1212 3531 1246 ²⁴
3560 1212 3644 1268 Ita

2402 1279 2446 1314 ³³
2475 1280 2592 1351 Rig.
2629 1296 2761 1335 cum
2811 1279 3111 1337 laboribus
3143 1280 3348 1339 alienis
3380 1312 3447 1324 —
3475 1300 3637 1340 omn.

1667 1441 2189 1502 Commentarius.

228 1553 468 1626 quidem
499 1550 943 1607 conversatione
990 1552 1047 1605 et
1085 1547 1358 1626 familiari
1390 1547 1657 1626 convictu
1689 1548 1883 1626 Eccle-

228 1620 328 1683 siae
390 1626 782 1692 sacramenta,
840 1638 967 1693 qua)
1032 1621 1244 1676 melius
1311 1620 1463 1675 inter
1516 1621 1882 1693 Christianos

231 1698 511 1767 conjuges
542 1691 892 1767 celarentur,
914 1693 971 1747 in
1001 1694 1377 1764 profanorum
1402 1691 1601 1767 oculos
1629 1694 1883 1767 veniant,

237 1764 395 1824 unde
414 1764 823 1838 captatoribus
872 1767 1208 1838 occasiones
1240 1764 1487 1838 vaxandi
1518 1764 1883 1819 calumnian-

241 1844 420 1911 dique
470 1835 855 1911 p'rebeantur.
892 1837 1037 1911 Nam
1089 1836 1190 1908 qui
1240 1835 1363 1911 ﬁeri
1413 1838 1603 1911 potest
1660 1842 1725 1890 ut
1771 1852 1886 1911 non

235 1905 558 1983 aliquando
590 1905 1122 1981 deprehendatura
1148 1907 1354 1963 marito
1389 1905 1621 1983 mulier,
1650 1923 1783 1961 cum
1817 1910 1887 1961 ad

238 1979 471 2040 omnem
508 1979 886 2054 progressum
926 1986 1100 2054 atque
1137 1983 1519 2054 promotum,
1554 1979 1624 2032 ad
1654 1996 1888 2054 omnem

240 2056 466 2111 aditum
508 2050 567 2109 et
613 2050 854 2116 exitum,
888 2052 958 2105 ad
1009 2051 1280 2106 vestitum
1331 2056 1386 2105 et
1436 2050 1780 2117 calceatum,
1814 2052 1886 2105 nd

242 2130 494 2192 lavacra,
545 2126 617 2179 ad
678 2139 933 2187 mensas,
982 2124 1051 2177 ad
1103 2122 1349 2188 lumina,
1400 2124 1471 2175 ad
1530 2122 1766 2193 cubilia,
1815 2123 1885 2176 ad

243 2199 471 2265 sedilia,
504 2196 754 2251 frontem
799 2196 988 2251 crucis
1039 2193 1338 2265 signaculo
1369 2196 1562 2248 teret?
1610 2210 1742 2248 cum
1775 2210 1887 2248 arae

242 2267 525 2325 fumantis
557 2268 793 2323 odorem
840 2266 1173 2320 nidoremve
1224 2266 1511 2320 detestata
1558 2265 1891 2321 exsufﬂabit

239 2359 307 2398 ac
337 2338 628 2411 despuat?
658 2355 793 2394 cum
825 2338 1074 2411 denique
1122 2352 1237 2411 per
1270 2342 1509 2411 noctein
1530 2337 1601 2391 ad
1635 2353 1887 2411 conven-

237 2420 336 2470 tus
402 2407 783 2467 antelucanos
859 2407 1132 2481 hymnos
1181 2407 1409 2481 Christo
1478 2408 1594 2463 Deo
1659 2409 1891 2481 dictura

239 2483 489 2554 surget?
524 2484 648 2537 Haac
692 2482 790 2536 ille
822 2480 936 2535 non
983 2480 1467 2554 interpretabitur
1512 2481 1678 2549 quasi
1705 2480 1886 2546 diras,

240 2564 296 2613 et
333 2551 674 2617 d'eﬁxiones,
723 2560 783 2608 et
813 2554 1040 2624 magica
1088 2554 1352 2623 quaedam
1404 2551 1891 2624 incantamenta?

241 2629 368 2685 Non
400 2626 566 2691 sciet,
618 2642 749 2680 cum
796 2623 1082 2680 servatam
1133 2623 1293 2678 domi
1343 2623 1757 2679 eucharistiam
1790 2642 1887 2678 su-

244 2717 367 2755 mes
389 2699 416 2752 ?
443 2697 568 2752 Non
594 2695 992 2752 sciscitabitur
1012 2694 1326 2762 curiosius,
1351 2694 1490 2766 quid
1518 2701 1738 2751 secreto
1756 2699 1890 2751 ante

243 2785 478 2829 omnem
510 2769 706 2823 cibum
756 2767 1001 2839 gustes?
1049 2770 1113 2821 Et
1141 2766 1454 2839 sisciverit
1483 2783 1690 2837 panem
1738 2783 1889 2833 esse,

244 2861 360 2920 non
392 2841 670 2920 continuo
694 2838 1703 2920 secnmnreputabit,panetn’jllum
1736 2857 1888 2920 esse,

243 2914 344 2987 qui
377 2912 592 2987 dicitur
622 2910 972 2966 infanticidii
1023 2927 1227 2987 cruore
1274 2910 1471 2981 tingi?
1502 2910 1636 2987 Quae
1667 2912 1889 2966 calum-

244 2983 343 3042 nia
370 2984 728 3040 Christianos
758 2988 881 3036 tum
918 2983 1169 3036 maxime
1214 2987 1477 3038 vexabat.
1512 2983 1728 3037 Demus
1759 2998 1888 3037 vero

243 3059 499 3129 aliquem
550 3054 811 3129 reperiri,
866 3053 967 3123 qui
1016 3052 1161 3129 nihil
1203 3054 1300 3129 nde
1339 3054 1594 3129 magicis
1639 3053 1889 3129 artibus,

246 3123 393 3185 nihil
441 3129 513 3183 de
560 3123 874 3181 infantium
934 3126 1106 3188 caede,
1159 3123 1304 3179 nihil
1345 3126 1415 3180 de
1442 3123 1648 3179 crudae
1697 3125 1889 3180 carnis

246 3199 483 3274 pabulo,
521 3197 668 3252 nihil
717 3197 787 3251 de
838 3197 1889 3274 pane__cruentato_suspicetur‘;__sed

247 3267 474 3338 eorum,
533 3286 659 3340 quas
717 3284 898 3338 supra
964 3268 1242 3340 diximus,
1300 3267 1583 3340 signaculi
1643 3267 1888 3333 scilicet,

248 3338 691 3410 exsufﬂationis,
743 3342 997 3394 coetuum
1025 3338 1551 3410 antelucanorum,
1597 3340 1765 3410 panis
1804 3340 1891 3394 di-

249 3414 529 3488 ligentius
586 3409 870 3467 asServati
928 3409 1182 3488 rationes
1230 3409 1894 3488 simpliciter’ignoret;

255 3481 326 3543 an
379 3488 931 3559 putas‘eum_esse,
983 3481 1901 3559 qui_hz_ec_ignoratausustineat

256 3551 396 3615 sine.
430 3555 700 3625 gemitu?
743 3553 903 3607 Certe
954 3551 1016 3608 si
1052 3551 1199 3607 nihil
1246 3551 1513 3626 de'pane
1556 3554 1656 3609 illo
1706 3554 1895 3626 furiali

256 3636 312 3686 et
341 3629 589 3707 barbano
616 3626 971 3707 suspicetur,
1004 3629 1062 3707 at
1092 3626 1163 3679 de
1195 3642 1340 3707 pane
1362 3625 1651 3707 venenato
1674 3625 1898 3707 aliquid

250 3699 889 3773 suspicabiturtetjam
909 3701 1167 3773 metuere
1200 3697 1459 3773 incipiet,
1487 3713 1556 3773 ne
1580 3714 1682 3769 pro
1714 3697 1900 3773 matre

250 3767 505 3829 familias
526 3767 835 3826 veneficam
858 3767 1106 3823 duxerit.
1131 3772 1204 3821 At
1235 3767 1354 3823 haec
1386 3767 1903 3825 omnia‘sustinent

250 3846 514 3918 quidam,
550 3844 680 3899 sine
709 3840 951 3913 gemitu,
988 3840 1115 3894 sine
1166 3840 1755 3918 suspicioneyeneni.
1787 3843 1897 3918 Sed

246 3911 547 3973 sustinent
578 3919 642 3969 ut
674 3911 881 3968 uirores
912 3927 1052 3965 suas
1079 3915 1376 3980 proterant
1422 3929 1487 3968 ac
1512 3911 1766 3967 ludibrio
1800 3913 1898 3968 ha-

244 3989 446 4053 beant,
481 4000 731 4057 quarum
777 3999 999 4057 arcana
1053 3980 1313 4057 in_hunc
1356 4001 1529 4039 usum
1580 3988 1894 4057 reservent,

239 4066 306 4115 ut
361 4053 619 4113 habeant
676 4054 831 4109 unde
883 4053 957 4108 iis
991 4053 1339 4125 periculum
1399 4072 1597 4111 creare
1644 4055 1896 4125 possint,

239 4132 287 4187 si
321 4131 466 4185 forte
500 4129 557 4183 in
603 4125 895 4193 adulterii,
931 4122 1076 4198 falso
1124 4124 1470 4198 plerumque
1501 4122 1727 4192 crediti,
1761 4144 1894 4183 sus-

238 4204 527 4275 picionem
560 4198 814 4275 veniant.
867 4195 1189 4275 Sustinent,
1235 4195 1894 4275 et__cu_mnexploravere,

241 4267 481 4345 ipsimet
511 4270 902 4345 eauprodu‘nt,
950 4273 1015 4323 ut
1047 4267 1221 4322 fidem
1276 4267 1669 4345 Christianam
1722 4287 1892 4326 excu-

240 4340 391 4401 tiant
420 4340 700 4399 uxoribus
733 4340 858 4395 suis
910 4356 1118 4412 parum
1164 4343 1599 4410 constantibus,
1631 4347 1733 4397 aut
1763 4359 1896 4396 con-

239 4417 621 4475 stantioribus
680 4414 920 4485 dotem._
963 4412 1143 4485 Erant
1201 4420 1355 4485 enim
1428 4431 1554 4485 quze
1616 4414 1894 4485 pecunias

240 4487 695 4545 concussoribus
732 4500 800 4540 ac
833 4481 1198 4537 delatoribus
1227 4481 1573 4542 darent'non
1610 4481 1891 4552 modicas,

241 4579 311 4617 ne
370 4561 755 4621 deferrentur,
820 4554 1234 4630 nec_deerant
1295 4558 1489 4630 mariti
1542 4558 1641 4630 qui
1702 4561 1895 4630 capta-

242 4640 386 4702 rent,
416 4651 482 4689 ac
526 4631 834 4702 delatores
871 4625 1643 4702 subornarentquibuscum
1696 4625 1892 4699 de'pe‘

239 4696 421 4760 cuniae
473 4708 653 4775 quota
686 4696 1381 4775 _subjectis.n_omi_n_ibus
1435 4696 1889 4775 paciscerentur,

239 4793 422 4848 eaque
453 4768 1141 4855 subjectioneLmOminis,
1188 4769 1246 4824 id
1278 4777 1369 4855 est
1415 4768 1739 4855 creditoris,
1773 4772 1889 4855 ple-

241 4840 489 4920 rumque
520 4840 766 4902 uirorum
815 4840 1287 4920 Christianarnm
1338 4844 1500 4920 dotes
1544 4840 1892 4920 turpissima

239 4920 311 4975 de
368 4913 633 4992 pactione
666 4933 793 4992 _pro
850 4913 1115 4992 mercede
1174 4913 1397 4992 silentii
1454 4913 1888 4992 przedabantur.

239 4984 387 5047 Nam
419 4992 463 5046 si
519 4984 798 5059 fraudatae
850 4984 1004 5059 dotis
1034 4990 1231 5055 ageret
1282 4984 1468 5052 uxor;
1495 4990 1719 5054 statim,
1756 4988 1894 5059 quia

238 5064 588 5124 Christiana.
613 5061 684 5115 ab
707 5057 1087 5120 delatoribus,
1115 5072 1263 5127 quos
1293 5060 1535 5116 maritus
1567 5057 1895 5126 subiecerat

242 5152 306 5190 ac
338 5136 776 5194 subornaverat,
806 5130 862 5183 in
887 5127 1199 5200 discrimen
1235 5131 1443 5200 capitis
1465 5132 1889 5199 adducebatur,

244 5206 329 5262 sic
376 5208 502 5277 ipse
544 5204 793 5260 maritus
853 5199 1205 5277 speculator,
1249 5199 1357 5277 qui
1398 5220 1498 5277 per
1554 5203 1893 5277 nuptiarum

242 5270 606 5335 occasionem
637 5289 861 5347 arcana.
896 5270 1229 5347 Christiana
1266 5270 1515 5331 subdole
1557 5270 1893 5347 speculatus

243 5356 386 5419 erat,
420 5351 542 5405 litis
574 5349 792 5405 arbiter
832 5343 1026 5419 ﬂebat,
1074 5348 1199 5399 erat
1223 5347 1385 5419 enim
1435 5343 1673 5403 necesse
1704 5347 1894 5417 uxori,

245 5416 539 5479 nisi'mori
573 5416 945 5493 paratissima
977 5420 1168 5493 esset,
1212 5416 1385 5493 fidem
1418 5420 1645 5475 Christo
1670 5416 1894 5493 dictam

289 5496 509 5563 crdere,
560 5487 645 5550 vel
700 5493 944 5563 dotem._
976 5487 1119 5563 Hoc_
1146 5490 1385 5546 omnino
1438 5493 1618 5548 voluit
1665 5490 1894 5547 Tertul-

289 5515 509 5563 eruere,
561 5515 645 5550 VB!
700 5515 916 5547 QUIBIII.
978 5515 1093 5541 uuu
1146 5515 1385 5546 υιυυιυυ
1439 5515 1618 5548 νοιυιῐ,
1677 5515 1894 5547 161‘Lu1-

246 5515 463 5622 iianus.
503 5565 576 5621 Iis
609 5570 804 5621 autem
832 5559 1043 5635 verbis,
1079 5559 1160 5635 Et,
1207 5564 1258 5617 δι’
1293 5565 1511 5621 sciverit
1540 5580 1752 5635 panem,
1787 5579 1897 5617 non

250 5638 419 5695 illum
466 5638 639 5693 credit
680 5653 794 5693 esse
839 5634 938 5705 qui
978 5631 1203 5705 dicitur,
1258 5642 1453 5692 notam
1498 5631 1897 5703 interrogandi

252 5711 495 5765 minime
526 5704 929 5781 apponendam
960 5704 1056 5775 qui
1082 5704 1438 5781 e_xistimant,
1463 5710 1764 5774 falluntur,
1789 5712 1901 5763 ete-

256 5784 378 5840 nim
411 5776 701 5839 commata
734 5796 859 5855 quae
889 5776 1244 5834 antecedunt
1275 5776 1517 5858 quasque
1547 5784 1897 5857 sequuntur,

1923 4735 1969 4799 D

1992 1547 2603 1624 apertissimo_sensn_n
2624 1548 3006 1623 interrogant.
3060 1553 3259 1624 Itaque
3277 1623 3284 1624 ί
3304 1552 3421 1607 illic
3461 1552 3637 1609 etiam

1992 1621 2314 1692 interrogat
2363 1622 2783 1677 Tertullianus.
2839 1621 2922 1677 An
2972 1640 3105 1679 vero
3155 1621 3345 1679 simile
3376 1624 3644 1680 videatur

1994 1692 2404 1769 Christianam,
2456 1709 2586 1763 quae
2631 1693 2830 1763 gentili
2882 1696 3100 1764 nupsit,
3146 1698 3429 1769 mysteria
3475 1696 3639 1769 Chrig

1996 1765 2188 1818 stiana
2210 1765 2404 1837 celare
2436 1770 2519 1819 sic
2552 1782 2742 1837 posse,
2779 1772 2841 1820 ut
2865 1783 2999 1820 cum
3031 1765 3445 1823 eucharistiam
3481 1768 3640 1823 domi

1997 1835 2418 1910 servabit,_ille
2469 1835 2583 1910 non
2636 1838 2895 1910 inquirat
2941 1840 3078 1910 quid
3138 1840 3210 1894 ab
3260 1856 3328 1894 ea
3374 1841 3645 1910 religiose

1999 1907 2307 1981 servetur?
2358 1912 2413 1961 et
2462 1908 2545 1962 sci
2604 1907 2834 1981 sciverit
2890 1907 3119 1979 panem,
3178 1911 3392 1981 inquit,
3452 1907 3646 1967 nonne

1920 1988 1968 2052 Β
1999 1979 2194 2056 credet
2224 1995 2354 2056 eum
2407 1995 2534 2035 csse
2578 1979 2676 2051 qui
2710 1980 2943 2049 dicitur,
2978 1982 3036 2036 id
3085 1986 3195 2049 est,
3227 1979 3401 2054 quem
3430 1984 3646 2056 vulgus

1996 2050 2288 2105 infamat?
2319 2050 2443 2105 RIG.

2068 2123 2181 2192 (52)
2218 2122 2463 2188 Quarum
2512 2138 2721 2194 arcana
2766 2124 2826 2177 in
2874 2122 3189 2190 periculum
3232 2124 3372 2194 quod
3416 2124 3649 2181 credunt

1996 2197 2291 2257 reservent,
2324 2196 2375 2247 si
2398 2197 2537 2264 forte
2588 2193 2893 2248 laedantur.
2949 2194 3201 2249 Uxorum
3236 2193 3449 2251 arcana
3479 2197 3644 2265 dicit,

2000 2265 2154 2338 quod
2188 2282 2397 2338 uxores
2431 2282 2569 2319 suas
2593 2265 2946 2338 Christianis
2976 2268 3158 2321 sacris
3189 2274 3496 2338 operantes
3529 2286 3646 2324 non

1999 2336 2266 2409 prodant.
2322 2337 2535 2391 Earum
2587 2336 2770 2409 igitur
2818 2354 3029 2392 arcana
3079 2336 3273 2393 mariti
3324 2340 3540 2395 ethnici
3586 2339 3647 2394 iu

2002 2408 2323 2482 periculum
2357 2409 2511 2478 quod
2547 2410 3140 2482 creduntreservant,
3173 2410 3281 2466 hoc
3311 2416 3419 2478 est,
3453 2412 3511 2466 in
3546 2428 3645 2482 pe-

1999 2480 2253 2535 riculum
2303 2482 2453 2549 quod
2504 2481 2727 2535 nomini
2786 2480 3117 2536 Christiano
3166 2483 3474 2538 imminere
3522 2480 3646 2537 c're-

1999 2552 2164 2619 dunt,
2217 2552 2623 2622 persecutione
2680 2559 2743 2607 ut
2802 2560 3041 2623 sperant
3097 2571 3395 2622 exarsura,
3446 2556 3529 2609 ita
3579 2559 3645 2609 ut

2000 2628 2138 2677 tunc
2197 2623 2628 2697 temporis_eas
2674 2624 2947 2694 produnt,
2998 2623 3047 2697 si
3101 2643 3218 2697 qua
3267 2627 3407 2681 forie
3464 2625 3647 2681 animi

1996 2699 2210 2821 hmsura
2236 2695 2549 2750 undeunde
2579 2702 2855 2766 concepta
2884 2695 3199 2768 perniciem
3232 2698 3316 2753 eis
3347 2703 3643 2771 exoptent.

2052 2782 2129 2821 xc.

2052 2782 2129 2821 IG.

2070 2869 2139 2876 —
2169 2835 2229 2910 Si
2255 2838 2398 2910 forte
2429 2835 2724 2892 lzdantur.
2775 2836 2891 2892 Hoc
2929 2841 3054 2910 est,
3085 2838 3133 2893 si
3165 2855 3282 2910 qua
3329 2840 3471 2896 forie
3502 2837 3648 2894 inci-

1999 2909 2098 2963 dat
2129 2908 2307 2991 animi
2342 2908 2571 2991 liesura,
2621 2910 2668 2991 si
2718 2910 2901 2991 quod“
2923 2908 3204 2991 iurgium,
3236 2912 3285 2991 si
3318 2928 3435 2991 qua
3468 2911 3646 2991 laesio,

1999 2981 2256 3053 querela,
2309 2980 2552 3053 olfensa,
2602 2982 2651 3035 si
2701 2998 2818 3051 qua
2866 2981 2961 3053 lis,
3002 2980 3052 3036 si
3103 2985 3257 3053 quod
3305 2980 3647 3038 discrimen.

2005 3052 2145 3105 Hinc
2178 3051 2295 3124 illaa
2340 3051 2655 3124 atlectuum
2706 3068 2873 3106 voces
2922 3052 2979 3105 in
3011 3051 3416 3124 sepulcrorum
3467 3055 3647 3109 incri-

1999 3123 2302 3193 ptionibus
2336 3139 2348 3176 :
2382 3123 2464 3176 De
2494 3139 2607 3184 οοΑ
2637 3140 2797 3178 NIHIL
2834 3123 3220 3182 Dou'rus’ss'r.
3256 3132 3331 3181 DE
3362 3143 3475 3188 QUA
3504 3142 3648 3180 Νοι-

1999 3212 2118 3249 LUM
2150 3210 2416 3249 DOLOREM
2459 3211 2796 3249 ACCEPERAT.
2846 3200 2974 3249 CUM
3021 3212 3135 3257 QUA
3164 3214 3313 3252 VIXIT
3342 3214 3470 3253 SINE
3503 3213 3648 3251 ULLA

2001 3283 2139 3331 LITB,
2175 3282 2297 3320 SINE
2330 3282 2469 3319 ULLO
2515 3282 2741 3320 JURGIO.
2794 3266 2928 3320 SINE
2973 3283 3117 3323 ULLA
3162 3287 3329 3325 ANIMI
3380 3283 3641 3324 LESURA.

2006 3338 2144 3392 SINE
2173 3354 2318 3401 sua,
2352 3340 2411 3391 et
2435 3343 2641 3393 cratera
2671 3336 3036 3407 hujusmodi.
3066 3341 3189 3394 Rm.

2080 3408 2191 3479 (53)
2231 3408 2470 3463 Moralur
2519 3411 2618 3464 Dei
2663 3410 2866 3464 ancilla
2914 3425 3039 3464 cum
3095 3411 3372 3466 laboribus
3427 3410 3649 3465 alienis.

2007 3479 2585 3554 Sicnemendavimus
2640 3482 2793 3551 quod
2843 3487 2977 3535 ante
3023 3488 3315 3553 repertum
3365 3482 3651 3554 Agobardi

2008 3552 2262 3623 codicem
2296 3550 2616 3623 legebatur,
2654 3550 2779 3606 cum
2826 3554 3036 3608 laribus
3071 3550 3292 3609 alienis.
3326 3550 3651 3608 Me'ndosis-

2009 3623 2177 3677 sime.
2210 3620 2379 3677 Nam“
2394 3624 2440 3677 si
2472 3622 2624 3678 lares
2674 3641 2776 3694 pro
2808 3625 3105 3679 domicilio
3158 3626 3385 3691 dixerit,
3417 3643 3527 3680 non
3563 3628 3655 3679 est

2008 3711 2112 3768 cur
2142 3695 2352 3749 domus
2385 3695 2577 3748 mariti
2621 3696 2809 3768 aliena
2857 3697 3133 3768 conjungi
3167 3697 3387 3752 censeri
3422 3698 3652 3752 debeat.

2005 3766 2066 3821 Si
2098 3766 2249 3821 lares
2283 3768 2420 3821 deos
2465 3766 2700 3837 penales
2750 3766 3290 3837 intelligat,inepte
3320 3768 3653 3825 Christiano

2009 3838 2145 3911 quis
2174 3838 2433 3908 objiciat,
2480 3840 2633 3909 quod
2688 3841 2835 3911 lares
2858 3839 3088 3911 alienos
3136 3838 3307 3911 colat,
3341 3858 3453 3896 non
3488 3855 3650 3906 suos,

2052 3910 2263 3983 uinec
2312 3926 2449 3965 suos
2501 3910 2764 3979 agnoscit
2814 3910 2982 3966 ullos.
3035 3917 3108 3965 At
3154 3914 3289 3983 jure
3345 3912 3655 3981 exprobrat

2006 3927 2108 4035 (qui
2158 3927 2263 3965 nec
2312 3927 2449 3965 suos
2501 3927 2764 3979 agnoscit
2814 3927 2982 3966 unos.
3035 3927 3108 3965 At
3154 3928 3289 3983 Jure
3345 3927 3655 3981 exproorat

2054 3982 2365 4046 hristianae,
2428 3997 2576 4052 quae,
2637 3998 2766 4036 cum
2828 3984 3041 4037 ancilla
3095 3987 3184 4038 Dei
3246 3983 3344 4047 sit,
3394 3986 3656 4038 moratur

2007 4069 2139 4108 cum
2187 4053 2485 4124 laboribus
2530 4052 2755 4119 alienis,
2792 4069 2969 4124 quam
3021 4055 3351 4111 conveniret
3381 4053 3653 4124 occupari

2006 4123 2627 4198 suis.‘_Sunt__lahores_
2671 4123 3133 4198 Christianorum
3192 4127 3409 4198 proprii
3453 4142 3465 4179 :
3511 4123 3651 4180 sunt

2004 4195 2327 4267 gentilium.
2364 4196 2579 4249 Horum
2616 4195 2845 4251 labores
2896 4202 3111 4252 Auctor
3140 4195 3333 4253 innuit
3365 4216 3377 4253 :
3417 4214 3655 4252 concur-

2005 4285 2136 4323 sare
2182 4274 2237 4322 et
2277 4268 2544 4337 occupari
2599 4268 2751 4340 circa
2798 4269 3128 4324 daemonum
3181 4270 3393 4335 cultus,
3445 4275 3499 4324 et
3548 4285 3651 4340 pro

2004 4340 2178 4395 variis
2210 4355 2409 4394 eorum
2446 4339 2782 4412 nominibus
2814 4341 2970 4395 varia
3010 4342 3290 4396 sacriﬁcia
3320 4339 3652 4412 procurare,

2006 4413 2314 4475 instruere,
2348 4412 2650 4473 conﬁcere,
2686 4410 2801 4464 alia
2845 4413 2993 4478 Jovi,
3026 4412 3142 4467 alia
3181 4410 3372 4480 Marti,
3403 4413 3518 4468 alia
3549 4411 3649 4466 Ce-

2006 4484 2135 4548 rcri,
2196 4482 2447 4537 ovantiis
2495 4486 2552 4535 et
2609 4482 2974 4539 solemnibus
3025 4487 3312 4539 Caesarum
3364 4486 3650 4539 interesse

2003 4555 2318 4627 incipiente
2376 4570 2549 4620 anno,
2626 4553 2938 4627 incipiente
2996 4572 3230 4623 mense;
3292 4557 3361 4611 ad
3407 4557 3654 4626 januam

2003 4625 2235 4682 laurum
2270 4627 2617 4697 depangere,
2654 4625 2920 4682 lucernas
2960 4629 3292 4682 accendere.
3326 4628 3393 4682 Hi
3417 4625 3656 4682 labores

2005 4700 2243 4753 omnino
2294 4696 2641 4770 alienisunt
2687 4696 3055 4755 Christianis.
3106 4702 3177 4754 At
3208 4705 3346 4755 sunt
3394 4700 3491 4754 alii
3527 4715 3655 4770 pro-

2002 4772 2125 4841 prie
2180 4769 2668 4836 Christianorum,
2730 4786 2879 4840 quos
2948 4776 3001 4823 et
3058 4772 3179 4841 ipse
3250 4769 3650 4827 Tertullianus

2002 4842 2280 4897 describit
2313 4858 2324 4894 :
2360 4842 2641 4894 stationes
2684 4841 2869 4913 robire,
2895 4842 3126 4912 jejunia
3156 4844 3481 4907 observare,
3517 4860 3647 4913 pro-

2003 4917 2225 4979 cedere,
2250 4918 2588 4985 pernoctare
2611 4912 2973 4969 solemnibus
2998 4917 3255 4985 Paschae,
3278 4917 3337 4970 in
3361 4912 3652 4971 carcerem

2004 4988 2073 5041 ad
2138 4984 2459 5059 osculanda
2519 4989 2839 5059 martyrum
2898 4986 3131 5059 vincula
3181 4994 3427 5059 reptare,
3478 4985 3655 5040 alicui

2005 5060 2253 5113 fratrum
2287 5058 2363 5130 ad
2389 5056 2654 5130 osculum
2688 5058 3016 5128 convenire,
3064 5056 3275 5130 aquam
3311 5062 3650 5115 sanctorum

2013 5131 2259 5202 pedibus
2290 5129 2511 5202 offerre.
2550 5129 2676 5202 Hic.

2076 5203 2186 5271 (54)
2220 5202 2284 5253 Ει
2314 5199 2554 5271 procidet
2601 5200 2668 5253 de
2716 5199 2883 5271 ianua
2933 5200 3191 5255 laureata
3239 5206 3290 5257 et
3343 5202 3651 5266 lucernula,

2004 5270 2158 5329 ulde
2184 5286 2318 5327 novo
2363 5273 2694 5344 consistoria
2723 5270 3021 5344 libidinum
3065 5271 3437 5344 publicarum.
3477 5272 3652 5327 Moris

2004 5350 2129 5401 erat
2161 5342 2739 5417 apudEthnicos‘in
2788 5341 2988 5417 laetitia
3032 5341 3266 5414 publica
3313 5362 3428 5399 non
3461 5346 3652 5417 solum

2004 5413 2699 5488 lauros'aflligerejanuis
2723 5413 2933 5488 aedium
2954 5413 3218 5485 suarum,
3246 5432 3445 5472 verum
3478 5416 3654 5471 etiam

2047 5507 2109 5545 er
2160 5490 2316 5545 diem
2359 5487 2634 5543 lucernas
2681 5487 3015 5541 accendere.
3074 5490 3233 5554 Quod
3285 5494 3348 5543 ut
3396 5488 3653 5543 dicatum

2047 5507 2109 5545 er
2160 5507 2316 5545 diem
2368 5507 2634 5543 lucernas
2681 5507 3015 5541 accendere.
3074 5507 3233 5554 unca
3285 5507 3348 5543 υι
3396 5507 3653 5543 ("catum

2005 5507 2210 5617 honori
2245 5561 2553 5616 numinum
2588 5558 2984 5628 profanorum,
3020 5565 3083 5614 ut
3114 5564 3334 5616 naturae
3356 5565 3415 5616 et
3445 5559 3657 5615 rationi

2006 5634 2521 5693 contumeliosum,
2557 5630 2913 5703 deniquequt
2960 5630 3195 5703 signum
3245 5632 3375 5688 novi
3408 5632 3658 5701 alicujus

2005 5706 2334 5778 lupanaris,
2384 5702 2696 5778 Christiani
2748 5702 3158 5778 abhorrebant.
3212 5706 3506 5778 Septimus
3554 5720 3659 5778 no-

2008 5774 2129 5837 ster
2176 5779 2237 5836 in
2285 5777 2635 5848 Apologelico
2681 5793 2699 5831 :
2756 5794 2778 5823 α
2811 5774 2927 5832 Cur
2973 5777 3065 5834 die
3106 5778 3237 5835 ltBtO
3268 5774 3387 5837 non
3440 5776 3659 5835 laureis
