4050 6350
497 338 650 397 UH

1036 337 1564 400 TERTULLIANI
1608 338 1934 401 OPERUM
1979 337 2179 398 PARS
2222 336 2274 397 Ι.
2306 367 2381 383 --
2411 335 2687 398 SEBIES
2729 336 2808 409 II,
2853 335 3336 398 DOGMATICA.

3698 342 3818 401 Ml!

497 468 734 523 cumbet
762 482 892 522 cum
925 467 1131 522 merito
1165 468 1224 523 in
1249 467 1561 532 sodalitiis,
1594 485 1744 540 saepe
1766 469 1822 523 in
1858 468 2125 539 popinis;
2161 475 2214 540 Α
2243 467 2485 538 spiritus
2507 465 2868 538 refrigerium
2891 467 2920 520 ?
2947 466 3046 522 ubi
3064 467 3260 521 divina
3276 467 3632 523 benedictio?
3658 468 3822 526 Omnia

493 561 550 612 et
580 556 935 611 ministrabit
980 573 1398 624 nonnunquam
1446 557 1688 628 iniquis,
1742 556 1913 612 solita
1943 572 2134 627 quon-

493 646 628 700 dam
660 644 883 699 sanctis
915 645 1290 712 ministrare;
1321 651 1377 700 et
1408 662 1523 700 non
1556 645 1693 700 hinc
1727 645 2130 716 preejudicium

491 733 888 788 damnationis
939 751 1055 787 sua:
1114 738 1407 805 agnoscet,
1458 750 1554 788 eos
1613 734 1944 803 observans,
1987 749 2133 804 quos

490 821 1020 890 eratjudicatura‘!
1067 821 1247 889 Cujus
1296 837 1535 875 manum
1588 819 1941 875 desiderabit
1972 820 2133 889 (55)?

491 910 563 965 de
592 909 761 979 cujus
793 908 997 980 poculo
1031 907 1448 980 participabit?
1479 909 1625 974 Quid
1651 909 1852 964 I299
1889 909 2133 963 maritus

492 1015 636 1054 suus
684 997 788 1063 illi,
842 996 930 1052 vel
982 996 1187 1052 marito
1236 997 1378 1068 quid
1426 997 1528 1052 illa
1572 997 1874 1052 cantabit?
1922 997 2133 1052 Audiat

491 1102 653 1151 sane,
678 1084 876 1140 audiat
897 1083 1118 1155 aliquid
1141 1085 1211 1139 de
1236 1101 1432 1150 scena,
1455 1085 1524 1140 de
1547 1085 1810 1152 taberna,
1833 1085 1904 1140 de
1924 1101 2129 1158 ganea;

492 1190 618 1245 quae
650 1173 746 1228 Dei
798 1171 1060 1228 mentio?
1112 1189 1239 1244 quae
1271 1171 1488 1226 Christi
1537 1173 1868 1228 invocatio?
1916 1172 2015 1227 ubi
2047 1173 2130 1226 fo-

491 1266 691 1318 menta
745 1262 880 1316 ﬁdei
929 1262 1000 1316 de
1051 1260 1490 1333 Scripturarum
1538 1260 1984 1318 interiectione?
2031 1260 2130 1316 ubi

2243 560 2534 623 extranea,
2585 556 2782 610 omnia
2828 554 3085 621 inimica,
3137 555 3336 612 omnia
3361 548 3658 624 damnata,
3695 560 3819 615 adte-

2241 645 2433 699 renda:
2455 645 2500 678 ²⁶
2530 643 2702 699 saluti
2733 661 2768 699 a
2800 643 2953 698 malo
2983 643 3274 699 immissa.

2867 784 3099 840 CAPUT
3130 784 3251 840 VII.

2311 907 2439 962 Haec
2469 908 2518 963 si
2550 907 2664 963 illis
2696 924 2929 979 quoque
2975 907 3203 963 evenire
3243 909 3472 980 possint
3498 911 3621 980 (56),
3651 927 3753 982 qua
3776 911 3818 967 in

2240 997 2614 1052 matrimonio
2635 997 2872 1069 gentilis
2893 997 3068 1052 ﬁdem
3092 997 3310 1068 adepta:
3341 1003 3651 1065 morantur,
3667 1005 3820 1056 tamen

2239 1090 2611 1151 excusantur,
2643 1090 2709 1139 ut
2739 1086 2796 1139 in
2847 1085 2995 1157 ipsis
3025 1085 3404 1156 deprehensae
3452 1103 3484 1140 a
3527 1086 3654 1153 Deo,
3685 1091 3820 1157 etju-

2239 1174 2454 1228 bentur
2518 1187 2888 1245 perseverare
2954 1177 3010 1228 et
3075 1173 3516 1229 sanctiﬁcantur
3575 1179 3628 1230 et
3694 1191 3818 1244 spem

2241 1258 2581 1316 lucrationis
2648 1261 2963 1334 accipiunt.
3020 1261 3075 1316 Si
3133 1277 3269 1334 ergo
3327 1266 3520 1318 ratum
3574 1268 3654 1317 est
3701 1263 3818 1334 apud

1917 1386 2119 1447 Variis
2165 1385 2484 1446 lectiones.

561 1492 605 1527 ³⁸
637 1493 804 1550 Rhea.
836 1492 1214 1562 abterrendaa,
1246 1493 1622 1565 adterrendaa,
1653 1494 1733 1549 al.
1769 1492 2129 1549 abtenendaa.

1931 1582 2445 1644 Commentariun.

488 1711 682 1779 postes
733 1707 1154 1763 obumbramus
1177 1707 1204 1760 ?
1237 1722 1340 1761 nec
1371 1705 1624 1762 lucernis
1657 1707 1809 1763 diem
1858 1707 2126 1778 infringi-

493 1779 672 1834 mus?
705 1802 733 1830 »
768 1779 1069 1834 Rationem
1098 1779 1359 1850 ridendo
1409 1779 1714 1850 subjungit
1747 1796 1760 1835 :
1791 1801 1818 1829 ‹‹
1853 1779 2126 1847 Honesta,

491 1851 701 1921 inquit,
748 1867 840 1905 res
895 1857 984 1905 est
1029 1849 1398 1905 solemnitate
1447 1849 1680 1921 publica
1733 1850 1996 1922 exigente
2044 1851 2129 1904 in-

490 1924 668 1977 duere
713 1923 912 1976 damui
963 1927 1075 1976 tua:
1109 1922 1371 1976 habitum
1421 1923 1672 1992 alicujus
1720 1925 1848 1977 novi
1881 1921 2124 1992 lupana-

489 1993 592 2048 ris.
619 2014 653 2064 ί»
704 1993 771 2047 Et
819 2009 832 2047 :
885 1993 1089 2055 «Quis
1137 1994 1291 2048 enim
1344 1992 1755 2064 philosophum
1808 1993 2131 2048 sacriﬁcare

489 2070 592 2119 aut
617 2063 886 2119 lucernas
910 2064 1149 2117 meridie
1173 2063 1716 2136 vanas’prostit’uere
1740 2063 2127 2136 compellit?»

491 2141 680 2206 Atque
707 2137 810 2191 hoc
841 2153 1016 2190 sensu
1049 2152 1268 2190 canone
1298 2135 1386 2189 37’
1413 2153 1573 2192 conc.
1627 2136 1901 2190 Eliberini
1935 2135 2128 2206 prohi-

489 2207 678 2272 betur,
712 2229 740 2256 ‹‹
774 2207 854 2262 Ne
897 2206 1166 2278 lucernas
1215 2207 1446 2278 publice
1494 2208 1812 2263 accendant
1844 2207 2077 2278 fideles,
2102 2229 2128 2256 »

489 2279 776 2360 pendiem
809 2277 1049 2360 scilicet,
1102 2277 1231 2333 ritu,
1248 2279 1485 2360 gentili;
1538 2285 1594 2360 et
1623 2295 1750 2334 can.
1801 2280 1868 2332 24
1900 2277 2126 2360 concilii

487 2351 642 2422 _Arel.
670 2350 725 2422 _Il
757 2349 1163 2405 communione
1192 2349 1453 2422 privatur
1481 2354 1790 2422 episcopus
1820 2351 1922 2420 qui
1953 2349 2126 2405 etiam

486 2420 750 2476 inﬁdeles
783 2422 838 2474 in
864 2423 1154 2476 territorio
1175 2421 1397 2492 patitur
1419 2420 1629 2492 faculas
1657 2420 1980 2477 accendere.
2015 2422 2124 2476 Sed

490 2499 546 2547 et
574 2493 641 2546 3-4
671 2509 857 2547 canon
889 2492 1220 2548 Eliberinus
1258 2499 1412 2548 vetat
1443 2510 1639 2549 cereos
1693 2493 1750 2547 in
1798 2493 2126 2548 ccemeterio

487 2579 592 2635 per
622 2563 775 2618 diem
819 2564 1071 2629 incendi,
1122 2581 1193 2618 ne
1238 2566 1480 2634 spiritus
1512 2569 1846 2620 sanctorum
1896 2565 2124 2635 inquie-

488 2640 700 2690 tentur.
758 2636 944 2706 Quarc
992 2641 1182 2690 autem
1236 2636 1574 2705 hujusmodi
1621 2636 1828 2691 ofﬁciis
1882 2637 2127 2706 spiritus

487 2713 823 2778 sanctorum
849 2705 1156 2776 inquietari
1172 2708 1772 2778 contingeret,docuit
1793 2705 2126 2762 Lactantius

489 2777 812 2850 asperrima
842 2778 988 2831 ritus
1011 2777 1244 2847 gentilis
1276 2777 1672 2849 increpatione
1694 2779 1794 2832 lib.
1819 2795 1893 2843 v1,
1919 2796 2045 2850 cap.
2068 2780 2124 2835 2.

488 2848 746 2903 Subinde
760 2854 951 2903 tamen
969 2865 1264 2904 ocrearum
1279 2848 1652 2904 candelarum
1667 2850 1838 2904 etiam
1859 2867 1958 2920 per
1970 2848 2121 2904 diem

487 2937 632 2975 usus
663 2920 722 2973 in
750 2920 1003 2975 Ecclesia
1023 2921 1218 2990 coepit;
1245 2937 1348 2976 nec
1365 2922 1552 2976 defuit
1581 2938 1610 2976 e
1639 2921 2029 2976 sanctissimis
2048 2931 2127 2974 at-

487 3008 598 3061 que
621 2990 982 3063 doctissimis
1004 2992 1513 3063 Hieronymus,qui
1539 2993 1713 3047 talem
1741 2993 1986 3059 ritum,si
2007 3008 2122 3046 non

485 3062 739 3134 probari,
769 3061 975 3134 saltem
1017 3061 1278 3118 excusari
1311 3081 1376 3118 ac
1423 3061 1656 3120 tolerari
1687 3065 1895 3118 debere
1925 3065 2122 3119 adver-

485 3133 586 3190 Sus
634 3133 1018 3205 Vigilantium
1069 3136 1441 3190 contenderet
1481 3153 1493 3190 :
1540 3140 1604 3190 ut
1653 3135 1848 3190 mirari
1898 3137 2122 3200 subeat,

486 3205 638 3278 acris
666 3205 894 3278 ingenii
919 3206 1103 3278 virum
1144 3207 1332 3278 calore
1363 3207 1703 3278 disputandi
1753 3222 2122 3278 succensum,

486 3276 1020 3350 laudatoumulieris
1051 3277 1257 3331 Christi
1293 3276 1472 3349 pedes
1511 3278 1805 3350 unigentis
1836 3277 2124 3350 exemplo,

485 3349 557 3402 de
613 3347 927 3418 Vigilantio
984 3364 1088 3402 suo
1142 3365 1256 3402 non
1294 3347 1518 3404 iecisse
1576 3347 1907 3404 ls'carioten.
1968 3347 2122 3404 Idem

487 3418 876 3490 Hieronymus
934 3435 1153 3474 morem
1209 3419 1596 3475 Ecclesiarum
1649 3421 1827 3475 totius
1877 3420 2128 3475 Orientis

490 3489 672 3572 fuisse
703 3489 969 3572 testatur,
1003 3491 1306 3572 Evangelio
1328 3491 1586 3572 legendo
1609 3491 1922 3572 luminaria
1951 3492 2125 3572 etiam

489 3560 920 3635 solerutilante
949 3560 1182 3635 accendi
1217 3579 1230 3616 :
1271 3584 1302 3635 ις
1328 3560 1451 3617 Non
1505 3563 1705 3632 utique
1737 3564 1806 3618 ad
1839 3563 2128 3635 fugandas

488 3633 781 3699 tenebras,
806 3633 905 3687 sed
932 3633 1000 3685 ad
1033 3633 1266 3702 signum
1294 3633 1503 3688 laetitiae
1527 3633 2071 3690 demonstrandum.
2101 3656 2122 3682 ι

489 3703 628 3777 Ουωῄ
657 3703 799 3758 ratio
832 3704 1006 3777 ritum
1039 3704 1292 3759 ostendit
1313 3721 1378 3759 eo
1409 3706 1595 3777 magis
1625 3705 1946 3772 ethnicum,
1971 3705 2125 3777 quod

485 3791 552 3848 ea
583 3775 771 3845 signa,
827 3775 1042 3848 quibus
1090 3780 1290 3848 gentes
1324 3777 1380 3829 in
1431 3776 1631 3830 laetitia
1678 3777 1850 3831 etiam
1901 3775 2126 3848 proter-

482 3847 639 3901 viore
670 3863 736 3900 ac
775 3845 1053 3916 nequiore
1104 3845 1437 3916 Utebantur,
1474 3845 1917 3904 sacratissimis
1942 3849 2126 3902 Evan-

483 3917 769 3988 geliorum
811 3917 1157 3973 lectionibus
1203 3919 1802 3974 accommodarentur.
1850 3919 2036 3981 Quare
2066 3918 2124 3973 in

487 3989 612 4061 hac_
641 3988 814 4044 etiam
867 3990 1060 4060 specie
1091 3989 1325 4061 diceret
1377 3989 1694 4061 Septinius,
1746 4006 2020 4046 accensas
2067 3990 2124 4044 in

485 4059 742 4132 Ecclesia
775 4076 873 4131 per
903 4059 1054 4115 diem
1090 4060 1355 4115 lucernas
1379 4059 1684 4132 adaequare
1715 4079 1821 4116 nos
1853 4061 2124 4129 ethnicis,

487 4147 586 4215 _eas
615 4130 796 4215 igitur
843 4137 1012 4215 atque
1059 4131 1465 4215 hujuscemodi
1500 4130 1888 4215 alia-merito.
1934 4149 2124 4214 repre-

487 4202 685 4269 hendi,
745 4203 899 4273 quod
957 4205 1112 4274 apud
1147 4202 1328 4258 idola
1377 4204 1740 4259 celebrentur
1785 4221 1797 4258 :
1843 4203 1926 4258 sic
1971 4202 2125 4259 enim

489 4274 634 4344 ipse.
678 4274 1212 4346 AAtineronymus,
1264 4275 1466 4330 eadem
1516 4275 1637 4339 illa,
1671 4275 1809 4346 quia
1855 4280 1994 4330 tunc
2028 4276 2127 4329 ﬁe-

485 4345 630 4400 bant
671 4344 867 4410 idolis,
917 4344 1132 4416 idci‘rco
1191 4346 1532 4401 detestanda
1589 4344 1826 4416 quidem
1887 4347 2068 4400 fuisse
2112 4361 2125 4402 :

487 4433 644 4470 nunc
671 4415 1009 4488 vero,,quia
1056 4417 1191 4485 Deo,
1243 4418 1381 4488 quia
1431 4415 1785 4488 martyribus
1838 4417 1932 4471 Dei
1964 4416 2127 4472 dedi-

483 4493 713 4556 cantur,
745 4487 962 4542 idcirco
994 4487 1307 4543 laudanda.
1347 4491 1542 4560 itaque
1575 4487 1667 4560 hic
1708 4489 1924 4559 gradus
1957 4489 2124 4543 sisto.

489 4560 632 4627 (lmo
689 4561 940 4614 arduum
1000 4560 1190 4631 pergit
1241 4560 1352 4614 iter
1397 4559 1772 4614 nevaturiens
1822 4559 2125 4631 Rigaltius,

487 4646 778 4701 usumque
807 4630 1130 4685 cereorum’
1156 4647 1257 4701 per
1304 4632 1457 4685 diem
1491 4647 1864 4686 accensorum
1897 4630 1987 4685 "ad
2020 4630 2124 4686 Na-

2158 1959 2206 2024 B

2238 1706 2450 1761 habere
2475 1724 2489 1774 ;
2524 1726 2553 1754 »
2583 1721 2706 1778 qua:
2738 1704 2810 1760 ad
2829 1703 3299 1778 Christianorum,
3321 1707 3547 1778 Agapas
3568 1703 3820 1778 pertinent,

2239 1782 2463 1831 etsunt
2511 1777 2726 1830 amoris
2772 1777 3133 1849 vehementis
3182 1776 3421 1846 indicia,
3471 1776 3654 1849 qualia
3687 1781 3823 1849 poeta

2238 1849 2462 1974 passim
2495 1849 2836 1931 describunt
2867 1863 2880 1901 :
2917 1849 3015 1903 sed
3050 1847 3267 1930 lasciva
3295 1849 3398 1904 illa
3431 1846 3565 1916 fere,
3597 1853 3649 1902 et
3674 1846 3823 1916 turpia

2262 1921 2498 1974 lbldlnls
2548 1935 2932 1974 imnermissae
2982 1921 3310 1974 desideria:
3359 1921 3483 1974 haec
3512 1935 3634 1974 vero
3670 1925 3823 1973 sancta

2262 1920 2498 1974 ibidinis
2548 1921 2932 1991 impermissae
2982 1920 3310 1991 desideria;
3359 1921 3483 1975 haec
3512 1935 3634 1974 vero
3670 1925 3826 1991 sancta

2236 1993 2388 2046 inter
2417 1990 2650 2046 sanctos
2683 1996 2900 2046 mutuas
2932 1990 3261 2046 dilectionis
3291 1995 3348 2046 et
3379 1990 3733 2046 fraternitatis
3755 2004 3823 2042 ar-

2237 2069 2539 2135 gumenta,
2573 2062 2788 2134 quibus
2819 2061 3283 2135 Christianisese
3317 2065 3391 2135 ob
3425 2062 3628 2135 Christi
3657 2074 3821 2116 nomen

2238 2133 2472 2190 summa
2519 2133 2766 2188 invicem
2817 2134 2931 2188 ﬁde
2977 2134 3307 2202 unanimes,
3339 2133 3643 2188 Dominum
3687 2146 3819 2186 suum

2237 2211 2585 2282 Patremque
2617 2221 2798 2259 unum
2854 2221 2988 2282 cum
3022 2205 3239 2275 Spiritu
3291 2205 3651 2282 sanctissime
3680 2203 3819 2282 Deum

2236 2283 2357 2333 toto
2388 2277 2606 2339 animo,
2640 2281 3005 2349 tota_mente,
3040 2291 3317 2347 quaerere,
3360 2283 3582 2349 Optare,
3612 2277 3824 2345 deperire

2237 2349 2735 2405 contestabantur.
2769 2347 2894 2402 Rm.

2306 2421 2418 2490 (56)
2447 2424 2579 2474 Hac
2604 2421 2656 2474 si
2686 2419 2802 2472 illis
2831 2433 3044 2490 quoque
3073 2419 3292 2473 evenire
3318 2425 3568 2490 possunt,
3594 2420 3687 2490 etc.
3715 2414 3824 2468 Ter-

2235 2487 2978 2565 tullianoChristianarum
3002 2505 3134 2543 eum
3163 2489 3495 2565 gentilibus
3515 2487 3824 2565 neptias'tam

2236 2563 2442 2617 acerbe
2471 2563 2775 2617 damnanti
2809 2561 3289 2630 enumerantique
3330 2561 3609 2631 pericula,
3637 2559 3826 2626 objicie-

2237 2634 2425 2701 batur,
2461 2636 2519 2688 in
2588 2633 2857 2688 entilium
2891 2634 3060 2702 conju
3109 2632 3184 2699 io,
3216 2633 3265 2687 si
3297 2630 3534 2703 quando
3566 2630 3698 2685 alter
3721 2642 3822 2680 con-

2237 2705 2440 2759 iugum
2501 2650 2584 2759 ag
2630 2703 3019 2759 Christianam
3068 2647 3244 2758 ﬁdem
3295 2709 3617 2759 vocaretur.
3667 2699 3822 2755 eadem

2226 2699 2440 2778 jugum
2501 2699 2579 2760 ad
2630 2699 3019 2778 Christianam
3070 2699 3244 2758 fidem
3295 2699 3617 2767 vocaretur,
3667 2699 3826 2778 eadem

2235 2770 2474 2858 on‘inino
2502 2792 2630 2832 esse
2659 2775 2975 2858 metuenda
3003 2790 3020 2858 ξ
3054 2779 3705 2858 nec‘pmpteroeata‘m‘en
3730 2770 3827 2858 die;

2235 2847 2402 2915 solvi,
2435 2848 2552 2903 imo
2579 2863 2649 2902 ne
2698 2845 3096 2902 dissolvantur
3141 2841 3550 2902 disertissimis
3585 2841 3826 2915 interdicti

2235 2911 2536 2990 apostolici
2566 2919 2762 2973 verbis
2782 2917 2994 2974 caveri.
3019 2915 3240 2972 Idcirco
3267 2918 3555 2991 adjicitzu
3587 2916 3701 2991 Haec
3725 2911 3828 2991 illus

2235 2985 2741 3073 quoqu'enevenire
2797 2992 3066 3073 pussunt,
3100 2991 3214 3073 ‘qui
3273 2985 3448 3073 et'in
3508 2985 3828 3073 matrimunio

2233 3061 2438 3132 gentili
2470 3061 2645 3116 ﬁdem
2669 3061 2862 3132 adepti
2888 3064 3195 3115 morantur
3226 3075 3239 3114 :
3274 3065 3477 3132 tamen
3507 3061 3826 3115 excusantur,

2235 3131 2371 3188 utin
2389 3133 2536 3204 ipsis
2557 3131 2903 3203 deprehensi
2922 3150 2956 3186 a
2975 3137 3112 3204 Deo,
3132 3135 3190 3185 et
3209 3131 3498 3200 jubentur
3519 3138 3830 3204 perseverare

2233 3214 2288 3259 et
2317 3194 2775 3270 sanctiﬁcat-itur,
2805 3208 2863 3258 et
2905 3218 3068 3274 spem
3093 3194 3448 3259 lucrationis
3478 3194 3760 3271 accipiunt.

2235 3292 2370 3346 ergo
2387 3281 2575 3331 ratum
2591 3280 2679 3330 est
2691 3266 2842 3346 apud
2858 3266 3039 3347 Deum
3057 3275 3504 3330 matrimonium
3520 3266 3829 3347 huiusmodi;

2235 3343 2338 3402 cur
2370 3364 2484 3401 non
2516 3352 2572 3401 et
2603 3343 2877 3418 prospere
2893 3346 3078 3418 cedat,
3100 3350 3165 3399 ut
3193 3348 3491 3416 pressuris
3519 3350 3575 3399 et
3595 3343 3832 3418 angustiis

2237 3423 2294 3474 et
2323 3415 2772 3489 impedimentis
2793 3435 2905 3472 non
2939 3417 3021 3470 ita
3047 3415 3392 3489 lacessatur,
3417 3418 3631 3489 habens
3650 3415 3756 3489 jam
3779 3422 3830 3460 ex

2237 3493 2397 3566 parte
2411 3484 2617 3543 divinas
2627 3488 2828 3566 gratias
2852 3487 3237 3566 patrocinium
3251 3484 3434 3566 illam
3451 3494 3508 3566 et
3528 3487 3598 3566 ad
3619 3484 3828 3566 aiiqugmf

2235 3556 2510 3615 virtutem
2535 3556 2827 3615 cmllestem
2853 3556 3226 3615 documentis
3247 3559 3608 3631 dignationis
3625 3556 3830 3631 alicujus

2235 3637 2472 3686 vocatus
2520 3631 2618 3685 ille
2664 3633 2735 3686 de
2785 3631 3059 3702 gentibus
3107 3627 3457 3702 terroriiest
3501 3627 3711 3702 gentili,
3744 3634 3830 3699 quo

2237 3704 2432 3758 minus
2463 3700 2815 3773 speculetur:
2862 3701 3057 3758 Sensit
3098 3700 3435 3773 magnalia:
3469 3701 3831 3773 vidit_exper1-

2237 3779 2434 3848 menta
2466 3769 2955 3848 :_scit_meliorem
2980 3769 3234 3848 factam:
3259 3773 3354 3848 Sic
3381 3779 3440 3828 et
3471 3773 3598 3848 ipse
3618 3769 3714 3848 Dei
3725 3777 3832 3848 can:

2235 3846 2469 3900 didatus
2500 3852 2588 3900 est
2604 3844 2833 3900 timore.
2855 3847 2941 3900 Ita
2971 3843 3201 3898 facilius
3222 3835 3566 3912 hujusmodi
3586 3835 3834 3912 lucrifiunt

2234 3918 2293 3992 in
2326 3934 2472 3988 quos
2502 3917 2626 3992 Dei
2651 3917 2842 3988 gratia
2887 3911 3376 3992 consuetudinem
3433 3915 3582 3992 fecit.
3610 3936 3636 3992 _n
3670 3911 3830 3992 Totam

2235 3984 2385 4044 hanc
2435 3984 2734 4060 periodum
2785 4004 2854 4042 ex
2903 3987 3194 4060 Agobardi
3238 3987 3398 4060 libro
3439 3984 3830 4060 descripsimus.

2235 4061 2374 4131 quia
2403 4050 2642 4114 sensum
2676 4050 3217 4131 Auctorisvex‘hibet
3243 4050 3704 4131 luculentiorem.
3730 4050 3830 4104 Die-

2237 4128 2380 4186 serit
2423 4132 2494 4185 de
2541 4131 2814 4203 conjugio
2860 4128 3084 4201 gentili,
3138 4146 3205 4203 ac
3251 4129 3650 4200 designatione
3697 4133 3828 4203 sexus

2277 4194 2666 4257 raastantioris
2680 4194 3020 4257 comm'unes
3043 4201 3272 4269 utrique
3292 4194 3547 4257 rationes
3566 4194 3830 4269 examinat-

2277 4220 2658 4257 raastanuoris
2680 4220 3020 4257 communes
3043 4220 3272 4269 umque
3292 4220 3547 4257 rationes
3566 4220 3830 4255 examina».

2236 4220 2515 4339 Blurima,
2548 4273 2759 4344 inquit,
2793 4272 3160 4344 ostendimus
3187 4263 3830 4344 Christianis,gentil_ium

2236 4337 2541 4418 connubia
2556 4337 2978 4418 _qu'zsrentibus,
2997 4343 3396 4418 incommoda,
3420 4337 3687 4418 pericula,
3709 4337 3830 4418 dam-

2238 4433 2334 4477 na.
2363 4432 2488 4487 qua:
2507 4415 2628 4487 illis
2655 4417 2829 4470 etiam
2850 4415 3079 4487 evenire
3097 4420 3342 4486 possunt
3367 4417 3470 4486 qui
3497 4415 3556 4470 in
3580 4415 3831 4487 matrimo-

2239 4487 2338 4541 nio
2369 4482 2594 4558 gentili,
2643 4488 2814 4542 ﬁdem
2864 4486 3057 4558 adepti
3097 4482 3520 4552 Christianam,
3554 4482 3830 4558 morantur.

2236 4545 2433 4642 tamen
2465 4545 2820 4642 excusantur
2845 4545 3064 4642 isti,‘ut
3083 4558 3306 4642 in‘ipsis
3333 4545 3590 4630 conjugii
3609 4545 3832 4642 periculis

2239 4647 2272 4683 a
2302 4629 2496 4684 divina
2513 4631 2703 4702 gratia
2719 4629 3086 4701 deprehensi,
3104 4629 3470 4702 etjubentur
3492 4632 3830 4702 perseverum

484 4706 629 4756 tura:
683 4689 965 4765 tribunal,
1022 4689 1399 4773 Rationisque
1469 4702 1815 4756 scrutinium
1874 4701 2060 4756 defert
2113 4689 2206 4767 ;D
2241 4706 2295 4755 et
2324 4689 2891 4767 sanctiﬁcanturiet
2941 4689 3102 4772 spem
3159 4689 3828 4773 lucrationis‘accipilml-

489 4787 662 4843 quem
696 4780 752 4827 et
781 4789 886 4826 nos
917 4774 1232 4828 deferimus
1265 4774 1333 4828 ad
1374 4774 1830 4828 vetustissimam
1865 4775 2120 4838 gentium

488 4843 748 4899 omnium
785 4844 936 4898 hand
962 4861 1130 4900 secus
1149 4861 1213 4899 ac
1239 4845 1418 4899 totius
1443 4844 1708 4900 Ecclesiae
1727 4845 2121 4909 traditionem,

487 4920 552 4970 ut
578 4915 774 4970 videre
804 4921 892 4969 est
921 4915 977 4969 in
1019 4915 1270 4986 vulgatis
1317 4933 1383 4970 ea
1413 4916 1483 4970 de
1524 4933 1585 4971 re
1615 4916 2125 4972 commentationi-

487 4987 600 5042 bus
632 4990 698 5042 P.
739 4986 988 5041 Lebrun.
1021 4989 1292 5058 Explicat.
1315 4987 1407 5041 des
1433 4987 1640 5056 priéres
1661 4996 1715 5043 et
1742 4987 1835 5042 des
1855 4990 2122 5042 ceremon.

487 5059 550 5113 de
581 5058 636 5112 la
669 5063 858 5124 Messe,
906 5061 1071 5114 iraitd
1113 5060 1396 5128 prélimm.
1430 5065 1540 5111 art.
1571 5058 1640 5122 V,
1688 5060 1770 5112 Ct.
1826 5062 2121 5112 Fortunat.

488 5129 746 5268 gcactihi.
789 5130 1003 5185 Sacror.
1053 5131 1562 5186 Elaeochrismatum
1607 5129 1942 5201 myrothecia
1988 5131 2122 5184 tria.

537 5217 630 5255 no.

537 5217 630 5255 DD.

560 5273 671 5338 (55)
703 5271 866 5342 Cujus
895 5287 1122 5326 manum
1149 5270 1495 5326 desiderabit.
1529 5271 1820 5326 Editiones
1847 5269 2086 5336 vulgatae
2111 5286 2123 5324 :

493 5362 516 5393 α
553 5342 633 5396 De
662 5344 832 5412 cujus
860 5359 1032 5397 manu
1067 5343 1438 5397 desiderabit.
1479 5364 1499 5389 ι»
1536 5342 1708 5396 Mox:
1745 5342 1840 5395 ubi
1877 5343 2128 5412 fementa

387 5430 399 5442 ·
491 5413 622 5468 ﬁdei
655 5411 1086 5484 Scripturarum
1122 5414 1540 5481 interiectione.
1578 5435 1605 5463 ››
1637 5414 1738 5468 Est
1765 5412 1823 5466 in
1855 5411 2126 5479 vulgatis,

488 5487 562 5541 de
587 5486 997 5556 Scripturarum
1019 5487 1397 5540 intelleclione.
1431 5485 1631 5539 Utrum
1662 5484 2126 5552 libueritsequa-

489 5571 644 5621 mur,
677 5575 789 5612 non
822 5558 1011 5612 referi.
1045 5560 1276 5612 Manum
1323 5557 1672 5621 desiderare,
1705 5557 1813 5616 vel.
1846 5558 1916 5610 de
1947 5573 2124 5611 manu

487 5627 838 5699 desiderare,
869 5629 1022 5684 idem
1057 5634 1162 5684 est.
1208 5630 1298 5683 Sic
1330 5645 1528 5699 supra,
1575 5645 1706 5684 cum
1740 5628 1930 5682 ofﬁcia
1959 5627 2124 5682 Chri-

489 5698 661 5773 etiam
686 5706 966 5773 recenset,
986 5704 1249 5773 «Aquam
1271 5698 1606 5773 sanctorum
1630 5701 1878 5773 pedibus
1899 5700 2125 5766 offerre,

489 5768 562 5824 de
591 5769 739 5840 cibo,
771 5771 840 5827 de
869 5768 1075 5842 poculo
1101 5768 1416 5844 invadere,
1457 5768 1811 5848 desiderare,
1840 5773 1900 5832 in
1931 5776 2127 5831 mente

2233 4773 2464 4844 Deinde
2507 4763 2868 4844 progressus,
2898 4763 3158 4828 ostendit
3203 4770 3638 4844 matrimonium
3667 4763 3830 4844 ῌυὲιιξ·

2235 4843 2391 4899 modi
2423 4842 2638 4898 habere
2675 4847 2799 4914 jam
2831 4860 2900 4898 ex
2945 4848 3108 4914 parte
3139 4844 3348 4899 divinas
3397 4843 3595 4914 gratiae
3625 4842 3829 4914 ρρῒξροὲ·

2233 4914 2432 4988 nium;
2465 4915 2582 4988 imo
2612 4904 2974 4988 vocationem
3005 4913 3167 4988 illam
3207 4917 3278 4971 de
3307 4904 3580 4988 gentibus
3607 4904 3828 4988 adilhri‘

2235 4979 2488 5058 stianam
2519 4986 2909 5058 disciplinam,
2955 4986 3238 5042 indicium
3285 4979 3414 5042 esse
3441 4985 3644 5041 divinis
3672 4979 3830 5057 dign!“

2234 5057 2430 5131 tionis
2465 5064 2522 5112 et
2578 5057 2856 5131 terrorem
2900 5058 3168 5131 incutere
3225 5058 3447 5131 gentili,
3509 5072 3621 5131 quo
3661 5058 3828 5131 multis

2236 5128 2590 5199 speculetur,
2643 5130 2840 5185 minus
2896 5119 3259 5193 insidietur,”
3291 5119 3487 5185 minus
3525 5119 3827 5199 'obstrepala

2237 5198 2336 5271 qui
2393 5201 2599 5255 subitas
2653 5200 2991 5273 mutationis
3048 5201 3332 5257 miracula
3380 5198 3674 5273 percipiat,
3717 5203 3825 5273 υίοῗ

2237 5268 2356 5347 rem
2391 5274 2538 5347 sciat
2568 5272 2864 5347 meliorem
2923 5275 3156 5339 factam,
3189 5290 3258 5328 ex
3287 5268 3829 5347 quoCbristjapalmj

2237 5343 2322 5398 sic
2354 5348 2426 5419 et_
2437 5345 2632 5419 ipsum
2663 5361 2747 5419 eo_
2777 5345 2988 5419 timore
3013 5361 3101 5419 _ac
3139 5336 3466 5419 reverentia
3497 5336 3828 5419 caudida‘tuin

2236 5430 2364 5470 esse
2393 5412 2630 5471 Christi.
2662 5415 2882 5471 Alludit
2912 5415 2981 5470 ad
3013 5415 3353 5472 Davidicum
3377 5415 3554 5470 illud:
3579 5412 3739 5481 Ἀρχή
3766 5418 3830 5452 σο·

2236 5484 2358 5563 φίας
2389 5481 2556 5563 ςξρϐφς
2584 5486 2968 5563 _Kuptoo.Tu_m
2992 5487 3228 5563 subjicit
3247 5487 3560 5544 discrimen
3589 5483 3830 5563 ejus‘qtlfﬂ

2229 5546 2350 5632 j'am
2383 5546 2714 5632 Christiana
2755 5558 2956 5632 gentili
3009 5546 3200 5632 nubit.
3248 5564 3548 5632 Caeterum,
3577 5546 3828 5632 aliud‘esi,

2234 5619 2444 5701 inquit,
2494 5629 2647 5688 ultro
2695 5619 3006 5703 etvsponte
3052 5631 3111 5686 in
3163 5631 3454 5703 prohibita
3502 5619 3827 5703 descendere.

2232 5695 2368 5832 36w
2400 5695 2579 5760 Deum
2623 5695 2944 5773 (mandant,
2997 5695 3199 5776 “mille
3242 5721 3277 5761 8
3323 5702 3470 5761 Malo
3519 5695 3826 5758 inferuntur.

2283 5791 2358 5831 ια.

2283 5791 2358 5831 ια.
