2025 3186
103 168 182 199 “l3

732 163 850 194 LIBER
870 163 897 195 Π
920 163 972 194 AD
993 163 1177 195 UXOREM.

1727 166 1808 196 MM

105 237 192 262 Deum
211 232 431 260 matrimonium
448 230 632 266 hujusmodi,
644 239 697 258 cur
712 239 769 258 non
787 238 926 267 prospere
942 231 969 264 Α
983 230 1165 258 tenacissimi
1182 230 1273 258 servis
1288 230 1350 259 suis
1371 230 1449 258 foras
1473 230 1582 259 nubere
1606 230 1811 261 interdicunt?

105 281 238 312 eedat,ut
252 282 280 307 et
295 288 311 306 a
327 278 472 314 pressuris
486 280 514 305 et
529 277 676 313 angustiis
691 278 720 304 et
736 276 930 312 impedimen-

104 325 142 353 tis
159 327 187 352 et
203 323 433 359 inquinamentis
451 331 506 350 non
520 322 560 349 ita
571 321 807 356 lacessaturjam
821 321 931 348 habens

106 378 140 397 ex
155 371 236 405 parte
252 368 356 395 divina)
381 367 478 403 gratia:
505 365 722 402 patrocinium?
744 366 817 393 Nam
841 368 870 393 et
896 365 930 392 ad

107 414 233 449 aliquam
250 413 388 440 virtutem
401 411 546 439 cmlestem
560 410 743 438 documentis
754 410 932 446 dignationis

108 458 233 493 alicujus
248 458 350 484 vocata
365 456 416 483 illa
431 456 466 482 de
480 455 617 490 gentibus
635 455 656 472 ⁵⁷
673 454 776 482 terrori
793 456 837 482 est
861 462 932 490 gen-

107 503 162 536 tili,
180 511 237 538 quo
255 502 354 528 minus
370 500 425 527 sibi
442 500 602 536 obstrepat,
620 499 719 526 minus
735 498 818 533 sciat,
835 498 933 526 minus

108 547 284 584 speculetur.
303 545 400 573 Sensit
416 544 574 580 magnalia,
597 545 699 571 1300
726 543 796 571 vidit
822 542 934 579 experi-

109 594 218 623 menta,
233 591 288 618 scit
304 590 453 617 meliorem
472 591 594 622 factam;
612 589 654 616 sic
670 590 698 616 et
714 589 776 624 ipse
792 587 840 615 Dei
867 596 934 615 can-

109 637 227 663 didatus
244 638 288 663 est
305 635 418 662 timore.
442 634 484 661 ita
511 633 626 661 facilius
651 631 822 668 bujusmodi
846 631 935 660 lucri-

109 682 194 714 ﬁunt,
220 680 249 707 in
279 687 352 715 quos
382 678 430 706 Dei
459 677 553 713 gratia
583 677 827 705 consuetudinem
858 675 934 704 fecit.

109 726 249 753 Cteterum
279 723 358 750 aliud
384 724 428 750 est
452 721 527 749 ultro
554 724 582 749 et
606 723 710 758 sponte
735 721 765 748 in
789 720 937 757 prohibita

110 769 295 798 descendere.
323 767 389 799 Qua:
422 766 545 794 Domino
581 775 639 794 non
674 765 801 802 placent,
833 765 936 801 utique

112 814 266 842 Dominum
290 811 453 846 offendunt,
481 810 583 846 utique
610 810 686 838 malo
713 810 878 837 inferuntur
902 810 934 837 “.

112 859 171 887 Hoc
198 857 275 893 signi
307 856 362 883 erit
391 856 423 889 2’,
450 855 526 890 quod
557 855 627 882 solis
661 854 809 890 pejoribus
844 854 938 890 placet

986 275 1097 303 scilicet
1113 283 1148 303 ne
1163 276 1191 303 in
1206 275 1354 303 lasciviam
1368 276 1510 303 excedant
1524 276 1592 311 (58),
1607 276 1703 305 officia
1727 277 1810 306 dese-

987 322 1062 354 rant,
1079 320 1227 347 dominica
1241 320 1386 348 extraneis
1403 323 1548 356 proment.
1565 320 1666 349 Nonne
1688 321 1811 358 insuper

987 371 1165 392 censuerunt
1181 365 1313 392 servituti
1330 365 1530 398 vindicandos,
1548 365 1599 401 qui
1614 374 1679 393 cum
1704 366 1809 395 alienis

988 409 1079 436 servis
1093 410 1149 445 (59)
1169 410 1270 437 130]
1301 411 1366 445 post
1390 409 1586 443 dominorum,
1612 410 1811 440 denuntiatio-

989 462 1055 481 nem
1080 453 1109 481 in
1135 453 1346 481 consueludine
1376 456 1619 490 perseverarunt?
1649 455 1814 484 Severiores

988 498 1175 525 habebuntur
1190 501 1310 526 terrente
1326 497 1487 534 disciplinas
1503 498 1671 527 coelestibus
1683 500 1814 535 praescri-

989 542 1067 578 ptis?
1084 545 1115 570 ut
1131 542 1255 578 gentiles
1278 543 1397 578 quidem
1423 542 1567 571 extraneis
1587 543 1697 579 junctis
1723 544 1814 573 liber-

990 589 1080 614 tatem
1106 595 1190 614 suam
1216 587 1362 620 amittant,
1389 590 1494 615 nostra:
1509 596 1576 615 vero
1592 588 1700 616 diaboli
1717 597 1812 618 servos

991 631 1046 659 sibi
1063 630 1244 668 coniungant
1258 634 1287 659 et
1302 632 1331 659 in
1348 634 1428 660 statu
1444 641 1496 660 suo
1515 634 1724 668 perseverent?
1749 634 1813 662 Sci-

990 675 1055 704 licet
1071 677 1222 712 nsgabunt
1237 676 1292 704 sibi
1308 685 1324 704 a
1339 676 1463 704 Domino
1478 685 1529 712 per
1543 678 1709 713 apostolum
1735 679 1814 714 ejus-

991 721 1056 748 dem
1074 721 1290 748 denuntiatum.
1308 722 1400 754 Quam
1416 720 1505 756 hujus
1518 722 1653 750 amentiae
1677 731 1813 752 caussam

991 766 1136 793 detineam
1162 766 1238 801 (60),
1263 765 1319 793 nisi
1346 765 1412 793 fidei
1437 765 1666 794 imbecillitatem
1691 775 1814 803 pronam

992 818 1106 845 semper
1117 810 1145 837 in
1157 810 1424 845 concupiscentiam
1435 810 1617 838 saecularium
1626 811 1816 846 gaudiorum?

992 856 1073 888 Quod
1091 855 1207 891 quidem
1226 855 1384 891 plurimum
1402 855 1430 882 in
1454 855 1629 884 lautioribus
1654 858 1816 893 deprehen-

112 911 218 930 nomen
248 901 446 928 Christianum
474 900 541 935 (57).
570 900 634 929 Ideo
659 899 859 933 inveniuntur,
887 898 937 934 qui
955 920 978 952 Β
994 908 1059 927 sum
1076 902 1119 927 est
1152 908 1219 927 nam
1236 902 1345 936 quanto
1361 900 1442 927 dives
1458 899 1556 936 aliqua
1570 904 1616 928 est
1631 904 1769 930 matronas
1793 903 1814 921 ³¹

110 947 184 975 tales
196 955 252 974 non
266 946 488 980 exhorreant,ut
497 944 739 977 exterminent,ut
749 943 895 978 abripiant
905 943 938 976 ⁸ο,

112 995 145 1020 ut
161 1000 176 1018 δ.
193 991 249 1018 fide
265 990 429 1018 excludant.
453 989 545 1016 [labes
560 990 784 1023 caussam,'qua
808 996 865 1015 non
889 988 941 1015 du-

112 1037 198 1071 bites,
217 1035 331 1063 nullum
358 1033 527 1069 hujusmodi
552 1033 775 1060 matrimonium
802 1040 940 1068 prospere

115 1081 246 1113 decurri;
264 1080 357 1116 [dum]
374 1087 390 1106 ο.
406 1078 483 1106 malo
498 1078 682 1111 conciliatur,
700 1086 716 1104 ει
734 1077 853 1105 Domino
873 1085 940 1104 vero

117 1126 282 1153 damnatur.

428 1188 542 1216 CAPUT
559 1188 629 1216 VIII.

153 1259 195 1286 Ad
212 1258 265 1285 hoc
282 1264 458 1293 quseramus,
477 1265 513 1283 an
526 1256 600 1291 jure,
617 1255 700 1291 quasi
717 1264 815 1283 revera
830 1255 943 1291 dispec-

117 1306 195 1332 tores
211 1302 376 1330 divinarum
393 1301 617 1328 sententiarum.
631 1300 731 1327 Nonne
747 1300 835 1328 etiam
854 1309 942 1336 penes

115 1348 248 1376 nationes
264 1345 442 1374 severissimi
459 1345 567 1381 quique
587 1344 699 1372 domini
724 1347 751 1372 et
776 1345 938 1380 disciplinas

995 946 1112 972 nomine
1129 945 1241 978 inﬂata,
1254 947 1333 972 tanto
1344 946 1526 981 capaciorem
1543 946 1662 974 domum
1680 948 1818 977 oneribus

994 989 1055 1017 suis
1073 989 1204 1025 requirit,
1219 991 1251 1017 ut
1265 997 1401 1025 campum
1418 990 1446 1017 in
1463 999 1520 1025 quo
1536 991 1658 1019 ambitio
1672 992 1819 1021 decurrat.

995 1035 1120 1062 Sordent
1145 1034 1254 1061 talibus
1279 1034 1424 1062 Ecclesiae.
1455 1035 1575 1062 Difﬁcile
1601 1036 1629 1062 in
1656 1036 1741 1064 domo
1768 1037 1816 1065 Dei

995 1079 1086 1113 dives,
1111 1087 1144 1106 ac
1168 1078 1192 1106 si
1217 1078 1283 1114 quis
1310 1080 1364 1111 est,
1389 1078 1507 1106 difﬁcile
1529 1079 1643 1107 caelebs.
1660 1081 1733 1112 Quid
1749 1089 1818 1118 ergo

996 1123 1123 1151 faciant?
1140 1124 1221 1150 Unde
1236 1123 1292 1150 nisi
1308 1131 1324 1150 θ.
1337 1123 1454 1151 diabolo
1470 1124 1608 1151 maritum
1634 1127 1734 1160 petant
1757 1126 1819 1154 ido-

996 1176 1084 1195 neum
1101 1168 1271 1195 exhibendae
1297 1167 1374 1195 sella:
1400 1170 1429 1195 et.
1453 1168 1589 1196 mulabus
1616 1171 1644 1196 et
1668 1170 1819 1199 cinerariis

997 1212 1155 1248 peregrinis
1171 1211 1555 1247 proceritatisPChristianus
1570 1212 1626 1241 ista
1641 1214 1729 1242 etiam
1740 1215 1820 1244 dives

998 1257 1121 1283 fortasse
1136 1264 1193 1283 non
1211 1258 1335 1291 praestet.
1348 1256 1449 1288 Quaeso
1467 1258 1505 1289 te,
1517 1256 1671 1292 gentilium
1688 1259 1820 1296 exempla

998 1309 1142 1337 proponas
1161 1300 1376 1336 tibi.Pleraeque
1391 1303 1419 1328 et
1434 1309 1538 1337 genere
1550 1301 1661 1330 nobiles
1673 1306 1700 1330 et
1711 1312 1740 1331 re
1755 1304 1821 1332 bea-

999 1348 1033 1373 tae
1044 1345 1152 1381 passim
1166 1345 1344 1381 ignobilibus
1355 1346 1377 1362 ³³
1386 1346 1444 1382 (61)
1456 1348 1485 1374 et
1498 1346 1694 1376 mediocribus
1704 1348 1743 1376 ibi
1755 1358 1821 1378 con-

825 1412 926 1442 Varim
942 1412 1103 1442 lectiones.

149 1477 170 1494 ³⁷
187 1476 227 1503 Ita
242 1475 268 1502 h.
286 1475 304 1502 ι.
322 1474 429 1502 emend.
445 1474 752 1512 ᾼηΝεαηίίθνίοριὶηῖε
765 1474 847 1512 _Rig.,
872 1483 952 1512 quem
976 1475 1004 1512 in
1031 1474 1139 1502 ueteris
1158 1475 1245 1502 secuti
1268 1483 1386 1512 sumus;
1405 1477 1525 1503 vocatus
1550 1475 1598 1504 ille
1621 1477 1656 1504 de
1679 1477 1819 1512 gentibus

111 1512 215 1540 terrori
232 1514 276 1538 est
291 1511 404 1547 gentili.

444 1511 465 1527 ²¹
482 1511 559 1545 ιεορ.
578 1510 654 1537 malo
672 1519 702 1537 se
728 1510 867 1537 inferunt.
907 1510 930 1527 ’9
953 1510 1039 1538 Rhen.
1066 1512 1171 1546 aliique
1194 1519 1203 1537 :

112 1548 286 1585 petitoribus
298 1546 354 1582 'pl.,
369 1549 424 1574 etc.
463 1546 485 1563 ³ο
501 1547 586 1574 (then.
605 1549 637 1573 ut
652 1549 765 1585 easerta
781 1546 912 1585 eminent
926 1546 1024 1585 (ed._I,
1040 1547 1324 1585 gxsertepniment).
1340 1546 1372 1574 nt
1386 1547 1538 1582 arripiant.

1228 1513 1286 1538 Hoc
1312 1511 1388 1547 signi
1408 1511 1463 1539 erit
1488 1514 1519 1539 ut
1542 1512 1624 1546 solis,
1646 1511 1722 1548 quod
1748 1514 1820 1542 solis

1228 1547 1324 1577 nent).
1340 1550 1372 1574 ut
1386 1547 1538 1577 arripiant.
1589 1549 1610 1567 δι
1628 1548 1713 1577 Seml.
1730 1557 1765 1577 ea:
1778 1550 1819 1577 ed.

1647 1557 1713 1577 emt.
1730 1557 1765 1577 9.1}
1778 1557 1819 1578 ea.

111 1582 155 1621 pr.
173 1584 643 1621 aliquarestcommatronanom.
659 1582 742 1621 Rhen.
768 1583 929 1621 auctoritate
951 1582 1008 1621 cod:
1035 1582 1113 1609 Cors.
1137 1582 1235 1621 aliqua
1259 1585 1304 1621 est
1328 1585 1356 1610 et
1379 1587 1513 1621 matrona
1536 1593 1615 1612 nom.
1640 1584 1715 1617 inll.,
1741 1588 1820 1614 tanto

114 1628 251 1656 capacem
268 1620 297 1646 d.

336 1619 358 1635 ³¹
372 1619 414 1646 Αι.
433 1618 569 1654 pessimis
586 1619 621 1645 de
638 1618 736 1653 ignob.
754 1633 787 1638 -—
803 1618 937 1653 expetitis
954 1626 960 1645 :
978 1618 1015 1645 al.
1033 1619 1218 1654 exspectatis,
1235 1620 1296 1653 Rig.
1314 1619 1412 1646 sectis.

839 1681 1101 1711 Commentarius.

150 1746 206 1781 (57)
237 1746 289 1772 Hoc
315 1745 389 1779 signi
417 1745 479 1775 erit,
502 1743 572 1781 quod
596 1744 660 1781 solis
686 1744 823 1779 pejoribus
851 1745 939 1779 placet
957 1746 977 1778 ί]
998 1745 1095 1771 Prima
1109 1744 1252 1772 sententia
1267 1744 1437 1771 Tertulliani
1455 1745 1550 1772 locum
1567 1746 1639 1773 satis
1664 1746 1820 1775 illustrat:

113 1790 211 1809 nomen
229 1782 427 1808 Christianum.
445 1780 491 1806 Sic
507 1780 633 1807 arbitror
649 1780 816 1815 legendum,
834 1789 891 1807 non
909 1783 941 1807 ut

114 1818 209 1850 vulgo,
236 1818 306 1844 Solis
334 1816 503 1850 petitoribus.
529 1816 560 1842 In
591 1817 771 1843 membranis
803 1817 939 1844 invenio:

114 1853 187 1881 Solis
199 1857 225 1880 ει
242 1853 376 1880 ἱιίονὶὺυδ.
395 1852 475 1884 Quod
494 1853 666 1879 mendosum
682 1855 736 1879 est.
754 1853 843 1879 Erant
867 1853 943 1879 iuter

114 1890 246 1917 ethnicos
261 1888 395 1916 nonnulli
412 1888 547 1915 meliores
564 1887 638 1915 aliis.
656 1888 702 1914 Sic
719 1888 746 1914 in
765 1888 917 1922 Scorpiace
935 1897 940 1916 :

114 1937 127 1950 ‹‹
149 1926 182 1953 Ut
197 1928 281 1960 putes
297 1926 426 1959 fratrem,
444 1926 494 1950 aut
510 1924 545 1950 de
562 1923 732 1960 melioribus
749 1924 910 1951 ethnicum.
928 1935 941 1949 ››

114 1961 151 1988 Ut
167 1959 264 1988 autem
283 1961 417 1988 meliores
435 1959 567 1994 quidam,
585 1959 626 1986 sic
642 1960 729 1986 etiam
748 1961 861 1994 pejores
878 1960 942 1995 qui-

115 1998 193 2024 dam.
212 1996 254 2023 Ait
266 1996 358 2031 igitur
372 1995 583 2027 Tertullianus,
601 1996 667 2027 Quae
683 1996 773 2022 Deum
791 1996 944 2023 offendunt

116 2042 132 2060 a
150 2032 223 2059 Malo
239 2032 357 2063 inferri;
374 2031 460 2065 idque
475 2039 508 2057 ex
525 2039 558 2058 eo
575 2031 764 2058 manifestum
782 2032 854 2063 fieri,
866 2032 943 2067 quod

115 2068 309 2103 exgentilibus
320 2067 684 2103 Christianarumrnuptias
696 2068 827 2094 ambiant
838 2068 856 2094 ii
872 2076 943 2102 prai-

116 2102 217 2132 sertim
235 2104 285 2139 qui
302 2104 365 2130 vita;
386 2105 455 2129 sunt
472 2102 578 2137 pejoris
605 2106 633 2129 et
657 2104 809 2138 turpioris,
834 2104 944 2138 quique

119 2141 196 2167 inter
213 2141 324 2175 pejores
351 2139 507 2170 habentur,
533 2139 730 2175 hosrinstigat
754 2139 858 2172 Malus,
885 2139 944 2166 sive

115 2174 286 2207 Satanasmt
299 2184 348 2210 per
363 2174 505 2209 ejusmodi
521 2174 638 2209 nuptias
653 2175 823 2202 Christianae
841 2175 942 2209 puellae

116 2212 202 2239 fidem
218 2214 334 2239 evertat.
353 2211 416 2237 Ideo
432 2210 541 2238 ethnici
559 2211 756 2245 inveniuntur,
768 2211 864 2245 inquit
879 2211 944 2237 Ter-

115 2247 269 2280 tullianus,
287 2247 336 2281 qui
354 2246 437 2278 tales,
455 2246 483 2273 id
500 2249 544 2273 est
559 2246 752 2279 Christianas,
770 2255 825 2273 non
844 2251 945 2273 exhor-

115 2287 212 2316 reant,
229 2286 259 2310 ut
275 2282 479 2316 exterminent,
496 2284 527 2308 ut
543 2282 736 2317 abripiant,ut
751 2291 766 2309 a
783 2284 838 2309 tide
854 2282 946 2310 excla-

118 2320 202 2347 dant.

155 2371 189 2374 —
206 2355 274 2381 Solis
289 2353 692 2389 peforibanuemadmodum
710 2353 786 2380 inter
811 2354 944 2381 ethnicos

121 2391 193 2418 alios
210 2391 273 2417 aliis
292 2391 402 2424 pejores
419 2389 489 2416 dicit
504 2389 674 2424 Septimius,
698 2390 739 2416 sic
765 2390 944 2424 Augustinus

121 2427 193 2466 diait
206 2427 282 2466 inter
293 2426 483 2466 Christi/alnos“
492 2433 554 2465 esse
569 2425 640 2466 stips
657 2425 722 2466 aliis
737 2425 882 2466 meliores.
899 2426 945 2466 Sic
962 2434 983 2466 Ι)

122 2463 209 2490 enim.
228 2463 246 2493 l,
264 2471 324 2492 vm.
342 2461 374 2488 de
391 2462 446 2487 Civ.
466 2462 523 2494 Dei,
541 2470 564 2487 ο.
582 2462 626 2492 27,
654 2461 703 2488 ubi
729 2462 763 2487 de
789 2462 883 2496 epulis
910 2462 945 2488 ad

123 2499 280 2525 memorias
306 2500 466 2533 martyrum
493 2505 498 2523 :
527 2508 540 2520 α
565 2497 646 2528 Quod
663 2497 792 2532 quidem,
809 2497 914 2532 inquit.
931 2507 947 2524 θ.

123 2533 296 2561 Christianis
314 2533 484 2560 melioribus
501 2541 557 2558 non
575 2533 616 2562 lit,
634 2535 662 2559 et
678 2533 704 2559 in
721 2533 866 2568 plerisque
888 2536 946 2560 ter-

127 2579 226 2597 rarum
243 2569 323 2596 nulla
339 2569 405 2596 talis
421 2571 464 2595 est
481 2569 672 2595 consuetudo.
692 2580 702 2591 n
721 2571 782 2595 Rm.

160 2607 213 2640 (58)
229 2605 343 2632 Scilicet
360 2613 392 2632 ne
408 2606 435 2631 in
453 2605 594 2631 lasciviant
610 2605 844 2631 cxcerlantNetus
855 2613 949 2631 exem-

122 2641 196 2677 plar.
215 2642 243 2669 In
269 2641 495 2677 lasciviakquod
523 2640 640 2668 retineri
666 2641 764 2668 velim.
792 2641 947 2675 Excedunt,

124 2676 230 2711 nempe
245 2677 331 2704 domo
344 2676 437 2703 herili.
458 2676 518 2703 Βία.

160 2714 216 2748 (59)
232 2714 325 2740 Nonne
341 2714 453 2745 insuper
473 2715 640 2739 censuerunt
659 2712 785 2739 servituti
807 2712 948 2739 vindican-

125 2750 170 2776 dos
186 2750 307 2784 quicum
322 2750 422 2776 alienis
438 2749 532 2781 servis,
549 2750 602 2775 etc.
630 2748 767 2783 intelligit
791 2748 840 2775 SC.
867 2748 948 2775 Clau-

128 2786 249 2812 nianum
267 2786 301 2812 de
318 2784 491 2812 mulieribus
506 2792 568 2819 quae
585 2792 615 2811 se
631 2784 732 2811 alienis
746 2785 836 2811 servis
849 2785 950 2818 junxe<

129 2822 242 2851 rant.ad
261 2822 335 2857 quod
349 2819 643 2848 senatusconsultum
655 2821 752 2848 Julius
764 2821 870 2848 Paulus
878 2821 950 2848 Sen-

126 2858 233 2885 tentias
243 2857 496 2893 composuit,quas
509 2865 522 2883 e
534 2856 631 2884 codice
645 2857 799 2885 Vesontino
816 2857 950 2892 Cujacius

129 2893 352 2923 Observationum
366 2902 480 2922 suarum
492 2893 565 2921 libro
577 2894 703 2922 uicesimo
712 2895 804 2930 primo
815 2893 950 2922 inseruit.

998 1791 1011 1805 ‹‹
1035 1780 1062 1806 Si
1088 1781 1193 1807 mulier
1210 1781 1337 1815 ingenua
1360 1781 1489 1816 civisque
1513 1782 1641 1810 Romana
1658 1783 1700 1810 vel
1719 1784 1822 1811 Latina

997 1816 1092 1843 alieno
1110 1825 1141 1843 se
1157 1825 1239 1843 servo
1255 1817 1476 1850 conjunxerit,si
1491 1818 1609 1852 quidem
1628 1819 1717 1846 invito
1729 1822 1758 1847 et
1772 1820 1821 1847 de-

1000 1851 1288 1891 nuntiantemdomino
1305 1853 1449 1891 in___eodem
1468 1851 1659 1882 contubernio
1685 1863 1822 1891 perseve—

998 1887 1114 1921 raverit,
1131 1889 1256 1915 efficitur
1272 1888 1388 1915 ancilla.
1408 1899 1418 1913 »
1436 1891 1501 1916 RlG.

1033 1940 1067 1945 —
1082 1923 1215 1951 Serviluti
1230 1924 1417 1957 vindicandos,
1439 1926 1486 1959 qui
1512 1933 1574 1952 cum
1599 1925 1701 1952 alienis
1724 1927 1822 1953 servis.

997 1959 1044 1987 Sic
1060 1960 1147 1987 habet
1162 1960 1309 1995 exemplar
1323 1960 1483 1995 Agobardi;
1501 1962 1542 1987 sic
1557 1961 1604 1988 alii
1622 1964 1732 1989 veteres
1745 1962 1822 1989 libri.

998 1996 1157 2023 Claudiano
1183 1999 1279 2024 tamen
1307 1997 1563 2023 senatusconsulto
1588 2002 1705 2024 cautum
1736 1998 1824 2025 fuisse

999 2040 1054 2059 non
1073 2032 1188 2067 legitur,
1204 2036 1236 2059 ut
1260 2033 1331 2059 liber
1355 2032 1440 2059 homo
1471 2032 1582 2059 ancillae
1609 2034 1823 2060 contubernum

999 2070 1128 2104 secutus,
1152 2076 1252 2094 servus
1274 2068 1387 2104 domini
1413 2068 1546 2095 mulieris
1572 2069 1661 2096 ﬁeret.
1679 2070 1821 2104 Nequein

999 2103 1079 2130 Pauli
1097 2104 1256 2130 Sententiis
1274 2103 1355 2130 liberi
1373 2103 1500 2130 hominis
1518 2104 1577 2130 ulla
1594 2105 1712 2132 mentio.
1724 2103 1778 2132 Sed
1795 2107 1824 2133 et

999 2140 1021 2166 si
1034 2139 1192 2173 aliquando
1209 2139 1296 2165 etiam
1307 2140 1342 2166 ad
1354 2139 1460 2166 liberos
1478 2140 1611 2168 homines
1623 2144 1827 2168 senatus-con-

1000 2175 1110 2202 sultum
1130 2175 1328 2210 pertinuisset,
1345 2177 1383 2201 ita
1401 2178 1433 2202 ut
1448 2176 1551 2211 corrigi
1579 2176 1681 2204 fuisset
1705 2185 1825 2204 necesse

999 2211 1171 2248 Diocletiani
1198 2214 1225 2238 et
1251 2211 1407 2237 Alexandri
1425 2211 1548 2246 legibus,
1563 2220 1626 2246 quas
1643 2213 1697 2240 sub
1716 2213 1824 2248 titulis,

1000 2248 1036 2273 De
1052 2247 1164 2274 liberali
1179 2255 1286 2278 caussa,
1314 2252 1340 2273 et
1361 2248 1524 2274 Communia
1547 2247 1579 2274 de
1601 2249 1825 2280 successionibus,

1000 2283 1147 2317 leguntur;
1162 2283 1206 2309 hic
1223 2285 1319 2309 tamen
1337 2282 1435 2317 aliqua
1452 2283 1524 2310 foret
1539 2291 1613 2318 opus
1625 2285 1828 2312 emendatione

1000 2328 1032 2346 ac
1049 2318 1180 2346 servituti
1198 2318 1389 2345 vindicandos
1406 2319 1582 2351 diceremus,
1600 2321 1647 2355 qui
1663 2329 1728 2348 cum
1756 2321 1828 2348 alie-

999 2355 1047 2381 nis
1072 2355 1182 2381 (mci’lis
1207 2354 1235 2381 in
1259 2355 1471 2381 consuetudine
1496 2359 1742 2390 perseverassent,
1770 2365 1827 2384 non

1001 2391 1048 2425 qui
1068 2399 1132 2416 cum
1145 2390 1247 2417 alienis
1261 2390 1433 2417 servisﬂum
1452 2393 1478 2417 et
1504 2391 1571 2418 alibi
1599 2396 1627 2419 et
1653 2393 1706 2419 hoc
1734 2393 1828 2420 maxi-

1001 2434 1046 2452 me
1072 2426 1145 2452 libro
1169 2427 1317 2461 Septimus
1348 2426 1519 2453 ancillarum
1537 2428 1574 2454 sit
1591 2437 1662 2455 usus
1678 2429 1828 2456 vocabulo.

1003 2465 1103 2496 Itaque
1130 2462 1224 2488 libens
1251 2462 1417 2489 accederem
1442 2463 1626 2498 legentibus.
1653 2476 1666 2489 ‹‹
1692 2464 1828 2491 Servituti

1002 2498 1192 2525 vindicandas
1205 2506 1270 2532 quae
1284 2506 1349 2525 cum
1364 2498 1466 2525 alienis
1475 2500 1566 2526 servis
1577 2501 1604 2527 in
1617 2500 1828 2527 consuetudine

1003 2536 1250 2570 perseverassent.
1268 2545 1280 2558 n
1300 2534 1355 2561 nisi
1374 2536 1477 2562 scirem
1495 2536 1669 2570 Septimium
1694 2538 1827 2563 nostrum

1003 2569 1063 2607 hinc
1082 2569 1240 2604 aliquando
1252 2578 1374 2597 sexuum
1389 2569 1559 2598 discrimina
1571 2572 1644 2607 stylo
1656 2574 1830 2607 properante

1004 2606 1102 2633 minus
1116 2607 1297 2633 observasse.
1316 2607 1378 2633 Rm.

1041 2642 1094 2675 (60)
1112 2642 1198 2675 Quam
1214 2642 1295 2675 huius
1311 2641 1440 2669 anwnlir'e
1455 2650 1577 2669 caussam
1594 2643 1744 2670 detineam.
1772 2644 1829 2670 De-

1003 2678 1125 2711 tineam,
1151 2686 1297 2705 accusem.
1323 2678 1367 2704 Sic
1393 2678 1442 2704 lib.
1469 2687 1478 2704 Ῑ
1504 2680 1537 2705 ad
1556 2679 1620 2706 Nat.
1641 2679 1734 2711 :Quid
1750 2679 1828 2706 enim

1004 2715 1062 2741 tale
1079 2715 1106 2741 in
1123 2715 1205 2742 vobis
1220 2713 1379 2741 detinebo?
1396 2714 1458 2740 Rm.

1040 2750 1095 2785 (61)
1112 2751 1217 2778 Passim
1233 2750 1401 2785 ignobilibus
1418 2753 1442 2776 et
1458 2750 1637 2777 mediocribus
1652 2751 1692 2778 ibi
1715 2752 1830 2786 conjun-

1005 2789 1118 2827 gtlnltlt'.
1135 2787 1185 2819 Ilii,
1204 2787 1256 2827 hoc
1273 2789 1325 2827 est,
1344 2786 1741 2827 apudgmiiles.Sic-supra,
1754 2789 1831 2827 (terte

1006 2823 1079 2886 ﬁlud
1093 2823 1256 2851 seruandum
1274 2823 1312 2849 ibi
1328 2830 1392 2850 esse.
1414 2822 1467 2857 lbi,
1493 2822 1521 2850 id
1546 2826 1601 2857 est,
1626 2823 1656 2851 in
1679 2822 1829 2851 nubendo.

1033 2867 1070 2886 ια.

1033 2867 1070 2886 lG.
