2025 3185
123 193 199 225 ΗΠ
650 192 765 223 LIBER.
786 192 800 222 Ι
821 193 873 223 DE
894 192 1026 224 GULTU
1047 192 1300 224 FEMlNARUM.
1750 194 1832 227 “i8

124 259 198 287 duos
213 258 319 295 psalmi
332 260 362 286 et
388 258 500 295 hymni,
516 261 545 286 et
564 259 668 286 mutuo
693 260 862 294 provocant,
879 257 945 294 quis
960 260 987 293 Α
1001 258 1095 293 genda
1116 258 1201 286 nobis
1225 257 1362 294 reliquit;
1380 258 1441 287 hac
1466 258 1521 287 tibi
1547 240 1682 297 suggere,
1705 259 1732 290 si
1755 268 1832 299 opus

125 303 230 332 melius
255 306 310 331 Deo
334 311 388 331 suo
407 305 515 331 cantet.
533 301 615 330 Talia
637 302 772 330 Christus
795 301 897 330 videns
921 305 950 330 et
1004 302 1109 337 fuerit;
1125 303 1173 331 his
1196 305 1225 331 te
1250 303 1287 331 ab
1311 303 1451 340 exemplis
1475 304 1678 340 quarumdam
1702 304 1831 336 reﬂecte.

125 348 248 376 audiens
260 348 378 384 gaudet,
394 347 441 375 his
456 355 558 383 pacem
575 355 659 374 suam
685 346 794 381 mittit;
810 346 859 374 ubi
880 346 948 381 duo,
1004 349 1067 375 Non
1092 347 1160 375 licet
1183 347 1269 376 aliter
1294 347 1431 376 ﬁdelibus
1455 348 1566 378 nubere
1581 349 1614 385 ³⁸,
1629 351 1658 378 et
1679 348 1705 378 si
1719 349 1832 388 liceret,

124 392 165 420 ibi
181 394 210 420 et
224 392 306 428 ipse;
323 392 372 419 ubi
389 393 417 419 et
440 392 514 428 ipse,
530 391 570 419 ibi
585 393 614 418 et
628 390 726 418 malus
740 399 797 418 non
814 393 868 418 est.
885 390 950 418 Haec
1005 399 1063 419 non
1080 391 1228 428 expediret
1243 392 1310 428 (72).

126 438 197 465 sunt
212 445 276 473 quae
300 435 430 472 Apostoli
445 444 499 463 vox
514 435 564 464 illa
578 435 633 464 sub
652 434 792 463 brevitate
807 435 829 453 ³⁷
844 434 950 463 intelli-

840 492 942 523 νει-ἰεῦ
956 492 1117 523 lectiones.

165 548 186 566 ³⁷
202 547 245 575 ΑΙ.
262 546 453 584 benignitate.
490 547 512 564 ⁸⁸
527 547 589 581 Rig.
605 546 670 575 Fid.
690 545 801 574 nubere
817 554 823 573 :
840 553 899 573 non
915 545 1042 581 expedit.

845 604 1109 636 Commentarius.

161 659 218 695 (72)
234 660 292 687 Non
306 659 391 687 aliter
404 660 466 687 licet
483 658 618 693 ﬁdelibus
631 658 744 695 nubere,
759 657 951 695 nouqexpgdil.
1007 657 1091 695 gin‘es
1105 657 1326 695 Christianeme
1341 660 1411 686 mtas
1426 657 1457 686 in
1473 657 1543 695 ﬂore
1556 661 1687 694 tumens,
1703 660 1734 689 in
1749 659 1835 690 adul-

127 693 223 723 Canon
238 696 255 723 6
270 695 385 723 concilii
408 694 587 722 Arelatensis
603 702 611 720 ι
630 702 636 721 :
653 705 667 718 ‹‹
684 693 724 721 De
749 693 856 729 puellis
882 693 950 720 lide-
1007 693 1080 721 terio
1096 693 1201 721 animm
1217 693 1388 722 resolvatur.
1406 705 1420 719 α
1436 694 1618 724 Adulterium
1633 693 1738 725 animo
1762 697 1835 727 dicit

126 730 204 759 libus
213 741 276 767 qua:
287 729 748 766 gentilibusjunguntur,placnit
759 733 792 767 ut
801 729 952 767 aliquanto
1007 729 1045 767 do
1059 737 1147 767 urere
1170 729 1335 767 Christiana
1359 738 1422 767 qua
1445 738 1536 767 suasu
1549 733 1578 759 et
1598 732 1718 761 hortatu
1734 733 1834 762 mariti

126 765 255 802 tempore
272 765 508 795 a'commnnione
521 765 711 802 separentur.
729 776 743 790 η
757 765 794 802 Εἰ
810 773 903 792 canon
920 765 954 792 15
1008 765 1117 802 ethnici
1133 765 1217 800 quasi
1240 765 1385 794 lenocinio
1403 765 1527 802 pelleota
1550 768 1671 796 divortit
1685 776 1703 797 ι
1717 767 1833 799 Christo

127 799 386 830 coné.Eliberitani
399 811 405 830 :
419 813 432 828 «
445 799 864 838 Propter—copiampuellarum
879 808 953 838 gen-
1008 801 1044 829 ad
1060 799 1211 829 Satanam.
1228 803 1287 829 Cio.

125 839 227 866 tilibus
243 838 364 866 minime
388 838 417 866 in
440 836 660 866 matrimonium
684 837 787 864 dandas
811 838 881 864 sunt
896 836 952 864 vir-

219 1022 312 1122 Ο.
380 1021 657 1104 SEPT.
720 1019 1011 1104 FLOR.
1075 1021 1749 1108 TERTULLIANI

128 1182 240 1243 DE
299 1180 587 1242 CULTU
643 1178 1200 1240 FEMINARUM
1258 1179 1518 1242 LIBRI
1563 1181 1829 1246 DUO‘”.

774 1356 935 1399 LIBER
969 1355 1191 1400 PRIMUS-

171 1532 367 1558 Aacunnurun.
385 1543 419 1549 —
430 1529 500 1556 Cum
516 1527 671 1555 suavissima
686 1527 818 1554 adversus
832 1526 1006 1554 Christianos
1021 1527 1159 1554 Caesarum
1176 1526 1267 1554 edicta
1279 1529 1399 1554 mortem
1418 1527 1465 1555 ilis
1479 1528 1605 1563 quotidie
1619 1529 1835 1565 impendentem

130 1578 342 1608 minitarentur,
358 1573 550 1601 Tertullisnus
565 1572 599 1599 ad
614 1571 837 1599 montanismum
849 1571 910 1605 jam
926 1571 1080 1605 inclinans,
1098 1574 1127 1598 ut
1142 1571 1317 1599 Christianas
1333 1572 1417 1599 etiam
1432 1572 1575 1607 mulieres,
1592 1582 1653 1610 quas
1669 1575 1789 1610 gentiles
1806 1577 1837 1607 in

129 1621 207 1649 cultu
224 1619 349 1654 corporis
363 1621 388 1644 et
404 1617 469 1644 luxu
486 1616 590 1643 imitari
606 1623 663 1643 non
680 1615 859 1649 verebantur,
876 1616 910 1642 ad
929 1616 1093 1649 martyrium
1109 1615 1266 1650 expeditius
1282 1616 1540 1651 praporaret,duos
1555 1617 1642 1647 libros
1652 1619 1686 1648 de
1697 1619 1777 1649 cultu
1792 1621 1837 1649 le-

133 1665 276 1692 minarum
293 1662 471 1696 eonscripsil,
488 1661 518 1688 in
534 1660 635 1695 quibus
651 1660 773 1688 ostendit
787 1667 816 1687 se
831 1667 934 1694 corpus
950 1659 1053 1691 colere,
1080 1660 1154 1694 quod
1179 1659 1312 1687 omnibus
1338 1661 1490 1689 momentis
1503 1670 1553 1696 pro
1569 1662 1678 1692 Christo
1693 1665 1837 1699 perditum

132 1709 203 1737 velle
218 1708 348 1736 debeant.
366 1707 442 1734 Unde
458 1705 591 1733 acerbum
608 1704 638 1732 in
654 1704 711 1731 illis
727 1704 858 1731 muliebri
875 1704 982 1731 mundo
999 1704 1146 1737 repudium
1164 1704 1272 1731 scribit.

167 1751 311 1780 Nonnulla
327 1750 459 1786 prmlatus
474 1750 508 1777 de
525 1750 602 1783 lapsu
623 1749 651 1775 in
677 1751 732 1775 Eva
757 1748 919 1781 mulierum,
943 1748 1068 1783 indeque
1090 1757 1202 1775 summa
1226 1748 1297 1783 ipsis
1321 1748 1506 1778 incumbente
1530 1751 1698 1786 humilitate,
1729 1753 1838 1782 cultum

133 1798 302 1825 muliebrem
318 1796 440 1823 ostendit
454 1803 469 1821 a
485 1795 614 1822 daemone
629 1794 826 1827 constitutum,
843 1793 1051 1827 vanitatemque
1067 1793 1199 1828 describit
1215 1793 1287 1828 auri,
1304 1794 1411 1828 argenti
1423 1802 1657 1832 gemmarumque
1672 1797 1702 1825 in
1714 1799 1837 1827 vestibus

132 1841 322 1870 rutilantium.

167 1887 238 1914 Tum
255 1886 284 1912 in
301 1884 447 1919 posteriori
463 1883 534 1910 libro
549 1883 652 1910 acriter
666 1882 764 1909 asserit
779 1881 923 1913 mulieros,
939 1886 1070 1909 ornatum
1087 1886 1223 1916 amantes,
1241 1882 1333 1909 odisse
1348 1883 1504 1911 castitaiem
1518 1895 1525 1916 ;
1541 1892 1594 1912 nec
1609 1884 1697 1913 alium
1713 1886 1835 1915 ancillas

132 1931 182 1959 Dei
195 1932 294 1958 decere
310 1930 428 1961 cultum,
447 1932 545 1963 praeter
561 1926 720 1961 simplicem
736 1926 904 1953 munditiem
919 1935 925 1959 ;
948 1934 1038 1961 neque
1054 1927 1083 1953 in
1099 1934 1184 1953 carne
1197 1926 1391 1961 gloriandum,
1407 1928 1463 1955 nisi
1477 1935 1541 1955 cum
1557 1933 1669 1963 propter
1690 1930 1833 1959 Christum

132 1976 283 2007 laceratur,
299 1974 417 2001 omnino
432 1973 547 1999 demum
563 1972 620 1998 fore
640 1971 771 1998 vitandas
787 1970 865 1998 fucos
877 1973 903 1998 et
918 1971 1071 2006 pigmenta,
1088 1970 1313 2006 capillorumque
1328 1971 1516 2005 calamistros,
1532 1975 1555 2000 et
1573 1972 1734 2008 collyridas,
1750 1974 1834 2011 lapil-

132 2020 174 2047 los
190 2018 309 2046 vestium
327 2025 359 2045 ac
375 2017 532 2051 variegatos
552 2015 670 2049 colores,
689 2023 723 2043 ne
740 2015 844 2050 spathae
864 2015 953 2042 ullum
968 2014 1062 2043 locum
1077 2016 1122 2044 det
1138 2023 1240 2050 corpus
1263 2015 1478 2051 margaritarum
1498 2017 1768 2055 smaragdorumque
1790 2019 1835 2048 la-

133 2063 212 2099 queis
228 2063 408 2096 occuputum.
431 2066 500 2087 non.
517 2068 550 2087 sx
567 2060 598 2086 Ι).
613 2061 756 2087 ΞωιιΑΜΜ.

400 2202 518 2230 CAPUT
540 2201 693 2229 PRIMUM.

170 2250 198 2277 Si
216 2251 298 2276 tanta
314 2248 342 2274 in
360 2248 444 2274 terris
460 2248 624 2273 moraretur
639 2245 835 2280 ﬁdes,qunnta
851 2253 962 2272 merces

136 2295 198 2329 ejus
215 2295 400 2329 exspectatur
416 2292 443 2318 in
471 2291 561 2323 ccelis,
580 2290 659 2317 nulla
685 2290 803 2316 omnino
818 2292 958 2321 vestrum,

135 2347 250 2366 sorores
266 2336 478 2364 diloctissimm.
495 2344 527 2362 ex
543 2343 600 2370 quo
625 2335 716 2361 Deum
740 2334 835 2360 vivum
855 2342 959 2369 cogno-

134 2384 234 2416 visset,
251 2382 394 2409 et1305
426 2381 460 2408 de
485 2388 548 2411 sua,
567 2379 594 2406 id
619 2381 663 2406 est
692 2380 726 2405 de
753 2379 866 2405 feminae
893 2387 960 2406 con-

136 2428 246 2454 ditione
269 2426 431 2456 didicisset,
458 2424 596 2451 laetiorem
628 2423 771 2456 habitum,
800 2432 834 2449 ne
864 2423 958 2449 dicam

137 2471 337 2507 gloriosiorem
354 2469 534 2505 uppetiisset,
549 2471 579 2495 ut
595 2476 650 2494 non
671 2468 761 2502 magis
779 2468 807 2493 in
824 2468 960 2494 sordibus

137 2518 246 2552 ageret,
262 2518 289 2543 et
314 2514 481 2551 squalorem
508 2513 606 2548 potius
631 2512 789 2545 aliectaret,
806 2512 901 2547 ipsum
930 2520 960 2539 se

177 2643 184 2660 ί
202 2640 283 2669 Paris
300 2638 418 2667 Semler.
457 2638 467 2655 ²
483 2637 657 2666 Dominatur
671 2637 735 2663 Par.

976 2204 999 2236 Β
1015 2200 1222 2228 circumferens
1235 2200 1323 2227 Evam
1340 2199 1488 2235 lugentem
1504 2203 1533 2228 et
1558 2202 1743 2237 pcenitentem
1757 2213 1764 2239 ;
1781 2212 1838 2239 quo

1019 2245 1133 2280 plenius
1158 2245 1184 2271 id
1211 2245 1288 2280 quod
1314 2245 1348 2272 de
1372 2245 1430 2272 Eva
1445 2245 1534 2272 tradit
1553 2246 1756 2282 (ignominiam
1773 2248 1838 2277 dioo

1016 2289 1101 2325 primi
1133 2289 1242 2321 delicti,
1262 2291 1290 2315 et
1320 2289 1458 2316 invidiam
1489 2290 1660 2325 perditionis
1688 2292 1838 2330 humanae)

1016 2334 1094 2361 omni
1120 2333 1330 2361 satisfactionis
1353 2333 1455 2361 habitu
1482 2334 1611 2369 expiaret
1625 2335 1702 2370 (Gen.
1720 2345 1763 2370 IlI,
1782 2338 1838 2374 16).

1017 2380 1045 2405 In
1062 2378 1200 2405 doloribus
1224 2380 1249 2404 el
1273 2378 1461 2405 anxietatibus
1485 2379 1578 2413 partes
1596 2380 1616 2413 ί,
1632 2379 1745 2413 mulier,
1761 2385 1787 2409 el
1801 2382 1841 2409 ad

1017 2424 1105 2449 virum
1122 2427 1197 2449 tuum
1211 2424 1349 2449 conversio
1365 2424 1411 2448 tua
1428 2431 1435 2448 :
1452 2427 1478 2449 et
1492 2422 1540 2449 ille
1555 2423 1743 2452 dominabitur
1754 2425 1764 2442 ²
1778 2426 1841 2458 tui;

1017 2470 1044 2494 et
1059 2468 1147 2494 Evam
1163 2469 1191 2493 te
1218 2474 1281 2494 esse
1306 2466 1401 2494 nescis
1412 2466 1425 2493 *Ρ
1442 2467 1512 2494 Vivit
1529 2468 1673 2495 sententia
1687 2468 1738 2496 Dei
1754 2477 1842 2505 super

1017 2520 1117 2539 sexum
1143 2511 1243 2546 istum,
1260 2511 1289 2537 in
1312 2510 1366 2538 hoc
1383 2510 1487 2538 sacculo
1505 2519 1510 2538 :
1528 2511 1604 2539 vivat
1622 2514 1651 2540 et
1676 2514 1774 2541 reatus
1789 2521 1842 2542 ne-

849 2583 950 2613 Varim
966 2582 1126 2613 lectiones.

859 2685 1119 2715 Commentarius.

175 2751 214 2787 (1)
231 2752 265 2778 De
280 2752 355 2778 cultu
369 2749 550 2787 feminarum.
569 2749 720 2787 Hactenus
735 2747 882 2787 editiones
891 2747 963 2787 Ter.-

140 2783 268 2820 tulliani,
284 2783 393 2813 librum
419 2785 504 2812 nobis
529 2793 621 2811 unum
643 2784 675 2811 de
700 2783 799 2810 Habitu
825 2783 964 2815 muliebri,

142 2824 266 2851 alterum
301 2823 333 2849 de
372 2822 452 2848 Cultu
488 2821 657 2855 feminarum
695 2819 878 2848 exhibebant.
909 2820 966 2844 Nos

143 2862 301 2894 utrumque
316 2857 348 2884 de
364 2857 444 2894 Cultu
458 2857 637 2894 {uulnerum
650 2855 867 2894 inscripsimus,
886 2856 967 2894 vetu-

144 2890 268 2922 stissimi
276 2892 450 2928 exemplaris
461 2891 639 2928 Agobardini
648 2892 850 2920 auctoritatem
863 2890 967 2923 secuti,

304 2959 438 2990 PATROL.
462 2957 485 2987 Ι.

1020 2746 1049 2773 in
1066 2754 1127 2783 quo
1141 2747 1254 2783 servata
1269 2744 1373 2783 prioris
1389 2743 1462 2783 libri
1476 2747 1558 2783 parte
1573 2747 1688 2783 tantum
1712 2747 1846 2783 dimidia,

1021 2779 1166 2816 posterior
1189 2779 1300 2814 integer
1317 2781 1358 2817 sic
1384 2779 1554 2817 absolvitur,
1571 2782 1607 2808 De
1631 2783 1706 2810 cultu
1721 2779 1846 2817 femina;

1022 2826 1083 2844 rum
1101 2818 1150 2845 lib.
1167 2816 1410 2851 lt,eJ:]ilir?il.Unde
1425 2816 1614 2844 manifestum
1631 2818 1663 2845 iit
1678 2816 1732 2846 sub
1743 2820 1846 2848 eodem

1024 2854 1107 2881 titulo
1132 2852 1317 2889 praecessisse
1339 2852 1478 2889 primum.
1497 2855 1590 2888 Atque
1603 2853 1633 2880 in
1650 2853 1750 2883 libror.
1768 2858 1847 2885 nata-

1023 2889 1088 2925 logo
1105 2888 1146 2917 sic
1169 2888 1254 2917 ambo
1279 2889 1407 2916 citantur
1421 2896 1426 2914 :
1444 2888 1481 2915 De
1494 2889 1571 2917 cultu
1585 2890 1763 2924 feminarum.
1780 2894 1845 2922 me.

1649 2956 1687 2985 45

1942 898 2013 947 si!
