4050 6384
457 365 616 426 1419

1010 360 1528 423 TERTULLIANI
1573 361 1892 422 OPERUM
1937 361 2139 420 PARS
2185 361 2230 419 Ι.
2265 391 2341 404 —
2384 359 2656 420 SERIES
2699 359 2776 434 ΙΙ,
2822 358 3292 420 DOGMATICA.

3697 361 3876 424 1420

449 509 607 551 cesse
635 497 745 549 est.
777 493 862 548 Tu
894 509 956 548 es
986 490 1200 547 diaboli
1225 493 1430 562 janua,
1465 495 1524 544 tu
1559 507 1621 545 es
1673 489 1899 546 arboris
1930 488 2090 545 illius
2120 495 2172 556 Α
2203 489 2419 560 quibus
2451 489 2595 544 lana:
2625 490 2644 523 ⁷
2671 488 3007 544 colorantur
3035 506 3049 544 :
3086 492 3144 544 et
3182 487 3349 544 illum
3381 489 3582 561 ipsum
3616 492 3866 565 nigrum

449 581 817 653 resignatrix,
852 584 912 635 tu
948 596 1009 635 es
1040 579 1244 633 divinae
1296 578 1441 649 legis
1474 579 1663 649 prima
1693 577 1992 643 desertrix,
2027 581 2089 631 tu

451 687 510 726 es
540 686 665 741 quas
698 685 828 724 cum
884 668 1230 739 persuasisti
1263 669 1304 731 ³,
1340 682 1513 737 quem
1548 665 1814 720 diabolus
1855 665 2091 737 aggredi

449 774 565 813 non
597 756 892 812 valuit.Tu
930 756 1244 824 imaginem
1278 754 1400 818 Dei,
1433 753 1752 819 hominem,
1780 758 1896 824 tam
1929 753 2093 807 facile

449 845 706 902 elisisti:
741 847 976 915 propter
1022 849 1187 897 tuum
1241 843 1536 906 meritum,
1572 842 1627 895 id
1682 847 1772 896 est
1824 846 2091 910 mortem,

451 934 628 989 etiam
677 932 858 987 Filius
907 931 1005 986 Dei
1056 931 1200 984 mori
1234 931 1477 993 habuit;
1510 934 1565 984 et
1597 929 1864 984 adornari
1894 929 2000 982 tibi
2033 930 2090 982 in

451 1025 647 1077 mente
679 1025 766 1075 est
798 1036 975 1090 super
1005 1018 1275 1090 pelliceas
1308 1023 1438 1072 tuas
1471 1019 1740 1072 tunicas?
1767 1019 1882 1087 Age
1914 1033 2088 1083 nunc,

451 1110 500 1166 si
533 1111 604 1164 ab
667 1109 834 1169 initio
892 1123 1083 1162 rerum
1142 1112 1197 1161 et
1241 1107 1447 1160 Milesii
1498 1122 1630 1159 oves
1683 1107 2006 1169 tenderent,
2038 1110 2095 1159 et

449 1203 611 1254 Seres
643 1198 876 1252 arbores
929 1201 1216 1259 nerent,et
1243 1196 1396 1266 Tyrii
1443 1195 1800 1264 tinguerent,
1830 1199 1886 1248 et
1916 1194 2092 1265 Phry-

449 1303 552 1360 ges
582 1285 903 1352 insuerent,
938 1289 994 1339 et
1041 1282 1341 1354 Babylonii
1390 1282 1730 1347 intexerent,
1764 1285 1820 1335 et
1865 1297 2090 1351 marga-

449 1377 574 1431 ritas
623 1375 942 1430 candarent
973 1377 1030 1427 et
1077 1372 1349 1427 ceraunia
1398 1375 1770 1426 coruscarent
1796 1372 1894 1439 (‘2),
1925 1370 1972 1423 si
2001 1369 2092 1440 ip-

447 1480 580 1520 sum
613 1479 846 1535 quoque
889 1477 1099 1517 aurum
1125 1463 1248 1530 jam
1281 1461 1350 1514 de
1399 1465 1552 1514 terra
1585 1476 1717 1513 cum
1776 1458 2092 1528 cupiditate

445 1551 776 1625 prodisset;
811 1550 859 1606 si
915 1551 1034 1619 iam
1069 1553 1124 1604 et
1153 1547 1388 1620 speculo
1420 1549 1439 1581 ‘
1471 1552 1699 1602 tantum
1745 1545 1975 1601 mentiri
2021 1545 2092 1600 1i-

446 1645 600 1697 ceret
632 1656 645 1695 :
679 1645 737 1695 et
787 1639 908 1694 haec
961 1639 1075 1692 Eva
1124 1636 1494 1707 concupisset
1524 1636 1544 1669 ⁵
1570 1636 1639 1690 de
1691 1634 1962 1706 paradiso
1996 1649 2091 1688 ex-

447 1729 638 1802 pulsa,
657 1730 781 1799 jam
818 1731 1069 1794 mortua,
1095 1727 1318 1796 Opinor.
1346 1729 1491 1795 Ergo
1516 1741 1619 1778 nec
1643 1739 1799 1778 nunc
1821 1727 2093 1794 appetere

450 1818 641 1885 debet,
675 1821 778 1872 aut
830 1831 1024 1880 nosse,
1077 1814 1126 1869 si
1185 1813 1348 1884 cupit
1405 1811 1765 1879 reviviscere,
1814 1827 1939 1882 quas
1993 1825 2097 1864 nec

2207 577 2525 649 pulverem,
2582 594 2694 647 quo
2745 577 3044 632 oculorum
3105 577 3867 650 exordia‘producuntur.

2212 671 2333 720 Hcce
2366 665 2562 736 qualia
2615 665 2750 731 sint,
2783 665 3016 720 interim
3058 666 3185 735 jam
3223 667 3244 701 ⁹
3273 683 3342 721 ex
3372 669 3679 724 doctorum
3721 688 3868 726 suo-

2209 771 2338 808 rum
2395 753 2672 824 qualitate
2728 759 2784 808 et
2828 743 3156 810 conditione
3213 757 3586 826 pronuntiari
3644 765 3866 830 potest,

2209 843 2362 913 quod
2413 840 2557 896 nihil
2615 842 2686 896 ad
2746 841 3139 914 integritatem
3196 850 3553 913 peccatores,
3587 847 3736 901 nihil
3791 850 3868 903 ad

2210 930 2532 984 castitatem
2587 930 3050 997 adamatores“,
3083 929 3229 984 nihil
3289 933 3360 986 ad
3422 933 3695 990 timorem
3763 938 3868 992 Dei

2211 1019 2534 1072 desertores
2582 1018 2847 1089 Spiritus,
2881 1021 2980 1072 aut
3028 1023 3355 1074 monstrare
3407 1027 3732 1092 potuerunt
3764 1031 3871 1080 aut

2211 1112 2503 1177 pramature.
2555 1107 2610 1159 Si
2663 1106 2938 1160 doctrinas
2996 1106 3257 1163 dicendas
3315 1115 3476 1177 sunt,
3527 1112 3670 1166 mali
3732 1129 3870 1167 ma-

2210 1193 2374 1263 gistri
2437 1194 2588 1248 male
2644 1193 2948 1248 docuerint
3005 1211 3244 1251 necesse
3291 1202 3399 1252 est.
3441 1199 3498 1254 Si
3559 1203 3870 1257 mercedes

2209 1299 2310 1352 pro
2371 1282 2636 1348 libidine,
2695 1281 2918 1338 nullius
2976 1283 3060 1338 rei
3115 1285 3306 1356 turpis
3365 1303 3589 1344 merces
3642 1290 3867 1346 decora

2211 1376 2316 1424 est.
2352 1370 2495 1433 Quid
2549 1375 2740 1425 autem
2773 1371 2918 1426 tanti
2977 1371 3086 1426 fuit
3116 1372 3230 1428 ista
3268 1381 3596 1432 monstrare
3623 1379 3788 1433 sicut
3822 1384 3864 1415 ιι

2210 1457 2515 1513 conferre?
2548 1463 2820 1514 utrumne
2871 1459 3167 1529 mulieres,
3201 1460 3326 1517 sine
3370 1465 3633 1519 materiis
3666 1467 3870 1537 splen-

2209 1546 2387 1611 doris,
2421 1552 2476 1600 et
2523 1545 2648 1601 sine
2695 1547 2947 1617 ingeniis
2996 1548 3243 1618 decoris,
3276 1549 3502 1621 placere
3553 1571 3671 1609 non
3724 1571 3869 1625 pos-

2208 1638 2340 1688 sent
2390 1633 2748 1705 hominibus,
2802 1651 2930 1705 quas
2989 1637 3180 1692 adhuc
3236 1639 3467 1695 incultas
3525 1646 3583 1696 et
3638 1642 3871 1698 incom-

2211 1721 2410 1792 posita:
2478 1726 2534 1775 et
2599 1726 2684 1789 (ut
2748 1721 2830 1776 ita
2911 1723 3180 1791 dixerim)
3247 1729 3438 1782 crudae
3504 1746 3572 1784 ac
3655 1733 3864 1798 rudes,

2210 1808 2444 1880 angelos
2477 1810 2820 1864 moverant?
2847 1812 3010 1866 Anne
3043 1813 3086 1847 "
3117 1815 3359 1882 sordidi,
3392 1821 3449 1871 et
3481 1833 3584 1888 per
3629 1821 3868 1890 gratui-

451 1906 758 1973 habuerat,
783 1919 889 1959 nec
923 1901 1431 1972 noverat,quando
1461 1900 1706 1955 vivebat.
1742 1901 1872 1953 Ideo
1904 1897 2100 1953 omnia
2130 1897 2175 1920 ”
2206 1900 2330 1951 tum
2383 1913 2555 1951 usum
2604 1897 3011 1952 contumeliosi
3061 1905 3352 1957 amatores
3398 1903 3766 1971 viderentur,
3817 1909 3868 1963 si

449 1998 567 2050 ista
614 1993 901 2048 damnata:
956 1996 1013 2046 et
1070 1995 1310 2044 mortua:
1370 1988 1632 2042 mulieris
1679 1987 2098 2058 impedimenta
2207 1985 2348 2040 nihil
2397 1985 2620 2041 feminis
2653 1985 2712 2038 in
2761 1987 3119 2042 connubium
3165 1988 3388 2046 allectis
3417 1994 3867 2050 contulissent?

454 2085 613 2150 sunt,
647 2080 813 2151 quasi
845 2079 915 2136 ad
949 2094 1224 2151 pompam
1258 2077 1480 2131 funeris
1513 2075 1852 2131 constituta.

1099 2217 1331 2274 CAPUT
1371 2218 1444 2272 II.

518 2345 664 2400 Nam
713 2348 770 2400 et
813 2343 900 2398 illi
961 2343 1059 2415 qui
1116 2359 1183 2397 ea
1239 2341 1678 2405 constituerant,
1713 2339 1971 2394 damnati
2034 2340 2089 2394 in

447 2449 679 2504 poenam
713 2430 918 2486 mortis
947 2431 1308 2501 deputantur
1336 2446 1350 2485 :
1380 2427 1464 2482 illi
1496 2427 1719 2482 scilicet
1750 2427 1961 2498 angeli,
1993 2427 2091 2497 qui

445 2521 514 2575 ad
563 2519 713 2575 ﬁlias
745 2519 1050 2574 hominum
1101 2519 1170 2574 de
1201 2518 1339 2573 c0310
1381 2520 1642 2584 ruerunt,
1678 2520 1742 2569 ut
1772 2515 1890 2570 haec
1943 2532 2092 2586 quo-

446 2624 558 2678 que
591 2607 914 2678 ignominia
949 2605 1171 2661 feminea
1201 2606 1459 2661 accedat.
1491 2605 1634 2659 Nam
1667 2620 1800 2658 cum
1828 2609 1883 2658 et
1909 2609 2091 2658 mate-

445 2696 561 2750 rias
593 2695 878 2766 quasdam
913 2695 1056 2749 bene
1089 2693 1427 2758 occultas,et
1451 2697 1605 2748 artes
1638 2691 1946 2764 plerasque
1977 2708 2089 2746 non

447 2784 594 2838 bene
625 2782 928 2851 revelatas,
961 2782 1170 2838 saeculo
1201 2781 1384 2836 multo
1417 2781 1604 2852 magis
1657 2781 1927 2851 imperito
1961 2775 2090 2851 pro-

448 2871 976 2926 didissent1306
1028 2871 1342 2943 (siquidem
1387 2873 1443 2924 et
1493 2866 1864 2923 metallorum
1915 2884 2090 2938 opera

445 2961 806 3016 nudaverant
833 2960 930 3030 (3),
965 2963 1021 3014 et
1069 2960 1380 3016 herbarum
1416 2957 1650 3028 ingenia
1693 2958 2087 3021 traduxerant,

443 3053 501 3104 et
553 3050 1017 3104 lncantationum
1075 3050 1226 3103 vires
1287 3048 1361 3119 (4)
1423 3045 1904 3118 provulgaverant
1931 3047 1972 3114 ⁸,
2031 3050 2089 3100 et

443 3154 675 3194 omnem
709 3138 1126 3206 curiositatem,
1151 3153 1335 3208 usque
1368 3136 1437 3190 ad
1471 3134 1771 3189 stellarum
1801 3135 2084 3204 interpre-

2203 2074 2310 2128 Sed
2345 2073 2461 2128 haec
2494 2090 2608 2128 non
2639 2073 3139 2160 capitDzestimare,
3169 2077 3315 2132 nihil
3347 2079 3480 2151 plus
3510 2083 3589 2153 (9)
3623 2083 3864 2140 deside-

2203 2179 2332 2216 rare
2385 2166 2668 2233 poterant,
2701 2178 2827 2233 que
2885 2164 3124 2235 angelos
3177 2167 3577 2239 possidebant,
3640 2187 3864 2244 magno

2204 2248 2425 2304 scilicet
2455 2255 2793 2318 nupserant.
2827 2251 3157 2320 Enimvero,
3191 2255 3289 2325 qui
3315 2257 3523 2327 utique
3553 2258 3861 2315 interdum

2203 2338 2535 2407 cogitabant
2565 2339 2720 2392 unde
2751 2339 3118 2408 cecidissent,
3154 2350 3207 2397 et
3241 2349 3374 2414 post
3401 2344 3724 2402 libidinum
3757 2365 3864 2403 va-

2202 2431 2404 2497 porata
2453 2430 2749 2481 momenta
2779 2426 2986 2482 cmlum
3040 2431 3437 2500 suspirabant,
3468 2431 3614 2489 illud
3657 2435 3859 2506 ipsum

2203 2515 2418 2569 bonum
2471 2514 2818 2570 feminarum
2869 2517 3153 2573 naturalis
3203 2520 3451 2588 decoris,
3496 2527 3560 2576 ut
3605 2539 3858 2580 causam

2202 2603 2364 2670 mali,
2396 2604 2476 2658 sic
2509 2611 3124 2674 remuneraverunt,ne
3144 2607 3228 2663 eis
3258 2610 3577 2680 profuisset
3600 2612 3858 2670 felicitas

2203 2709 2330 2760 sua,
2352 2692 2453 2746 sed
2486 2698 2550 2746 ut
2581 2695 2884 2748 devectum
2921 2694 2964 2730 ¹³
2995 2695 3065 2748 de
3094 2694 3474 2768 simplicitate
3501 2704 3560 2752 et
3601 2700 3860 2757 sinceri-

2200 2786 2317 2836 tate
2347 2797 2465 2836 una
2511 2797 2644 2834 cum
2698 2781 2842 2852 ipsis
2893 2783 2950 2836 in
3000 2783 3283 2839 offensam
3306 2785 3409 2841 Dei
3457 2789 3856 2858 pervenirent.

2199 2869 2347 2923 Certi
2379 2873 2544 2924 erant
2573 2885 2831 2937 omnem,
2863 2874 2921 2925 et
2964 2870 3231 2942 gloriam,
3264 2878 3320 2928 et
3349 2875 3769 2944 ambitionem,
3804 2887 3862 2935 et

2200 2957 2622 3012 alfectationem
2673 2975 2775 3028 per
2803 2975 3037 3013 carnem
3062 2959 3328 3029 placendi
3362 2967 3473 3018 Deo
3505 2963 3856 3037 displicere.

2196 3046 2262 3100 Hi
2297 3050 2436 3100 sunt
2468 3061 2671 3116 nempe
2719 3046 2908 3116 angeli
2934 3047 3057 3118 (10)
3090 3064 3239 3120 quos
3280 3051 3606 3120 judicaturi
3639 3056 3854 3111 1801

2197 3151 2420 3204 sumus,
2456 3133 2516 3188 hi
2549 3139 2688 3188 sunt
2717 3135 2904 3206 angeli
2952 3136 3166 3206 quibus
3197 3138 3255 3192 in
3286 3137 3516 3194 lavacro
3550 3146 3861 3200 renuntia-

440 3225 718 3281 tationem
753 3225 1339 3297 (5),designaverant),
1364 3223 1590 3294 proprio
1619 3227 1676 3276 et
1705 3223 1871 3292 quasi
1906 3239 2081 3294 pecu-
2114 3211 2156 3276 C
2195 3237 2365 3285 mus;
2401 3219 2520 3274 hazc
2551 3225 2688 3274 sunt
2719 3222 3060 3293 utique,per
3090 3239 3215 3293 qua:
3247 3225 3318 3278 ab
3351 3223 3592 3281 homins
3615 3229 3861 3298 judica-

437 3314 659 3370 liariter
689 3314 922 3370 feminis
951 3315 1406 3368 instrumentum
1438 3311 1594 3366 istud
1626 3310 1930 3366 muliebris
1959 3310 2084 3382 glo-

441 3402 538 3458 rias
571 3403 649 3475 (6)
681 3403 1055 3458 contulerunt
1089 3419 1102 3458 :
1134 3401 1354 3456 lumina
1399 3399 1728 3471 lapillorum
1767 3401 1840 3468 (7)
1873 3399 2086 3470 quibus

444 3491 686 3547 monilia
741 3491 1083 3546 variantur:
1139 3495 1196 3546 et
1247 3488 1495 3544 circulos
1553 3503 1621 3542 ex
1676 3504 1837 3553 auro,
1869 3489 2085 3558 quibus

444 3578 686 3637 brachia
728 3581 1069 3634 arctantur:
1123 3581 1178 3633 et
1225 3577 1647 3633 medicamenta
1695 3592 1762 3631 ex
1806 3576 1935 3631 fuco
1985 3576 2081 3646 (8),

2196 3308 2242 3361 ri
2292 3314 2651 3362 meruerunt.
2703 3309 2847 3373 Quid
2904 3325 3040 3381 ergo
3089 3311 3300 3366 facient
3332 3316 3376 3349 ¹⁴
3417 3317 3573 3385 apud
3611 3317 3862 3386 judices

2196 3413 2335 3452 suos
2367 3413 2456 3451 res
2479 3413 2678 3451 eorum
2702 3397 2729 3451 ?
2751 3397 2904 3468 quod
2929 3403 3017 3453 est
3037 3401 3453 3456 commercium
3473 3404 3863 3463 damnaturis

2195 3503 2327 3540 cum
2387 3485 2739 3540 damnandis
2797 3486 2958 3556 (11)?
2997 3487 3234 3558 Opinor,
3293 3492 3444 3559 quod
3505 3493 3745 3550 Christo
3807 3501 3866 3551 et

2195 3572 2513 3639 Belise.Qua
2541 3575 2872 3629 constantia
2899 3575 3158 3631 tribunal
3191 3577 3336 3633 illud
3369 3581 3762 3638 ascendimus
3797 3586 3864 3654 ⁸³,

1872 3745 2074 3808 Varias
2103 3744 2418 3806 lectiones.

526 3892 548 3925 ⁸
576 3889 819 3947 Suasisti
845 3889 1004 3962 Seml.
1086 3893 1107 3926 ⁴
1136 3891 1217 3946 Ex
1239 3889 1475 3962 speculo
1505 3891 1634 3946 Jun.
1710 3889 1731 3923 ⁸
1764 3889 1976 3962 Liceat,
2010 3887 2086 3942 ha

2207 3887 2706 3962 1va_conc_upisset
2751 3889 2914 3962 Fran.
2965 3891 3281 3962 concupiit,
3331 3891 3498 3947 Seml.
3551 3912 3629 3950 ea:
3677 3899 3865 3955 Rhen.

457 3963 477 3998 ⁸
509 3963 624 4018 Alii
651 3961 1180 4034 promulgaverant,
1213 3961 1351 4033 quod
1371 3963 1734 4031 praefertlun.

1811 3962 1830 3994 ⁷
1862 3961 2028 4016 Gens:
2058 3962 2186 4015 Jun.
2261 3959 2281 3993 ⁸
2314 3959 2528 4013 Exodia
2555 3961 2683 4015 Jun.
2754 3962 2782 4032 fl
2812 3961 2959 4015 Sunt
2981 3959 3239 4028 interim,
3262 3959 3380 4032 iam
3405 3966 3538 4020 Jun.
3623 3969 3670 4009 ιο
3691 3972 3872 4025 Ama-

457 4036 613 4090 tores
641 4031 768 4090 Jun.
811 4104 817 4106 _
847 4031 1048 4106 {Sive
1076 4031 1304 4104 Franeq.
1340 4035 1550 4106 Rigalt.
1628 4033 1866 4106 ‘fAn‘ne
1895 4034 2058 4106 Fran.
2090 4033 2214 4106 Rig.
2247 4036 2332 4084 An
2367 4048 2436 4086 ne
2463 4033 2590 4086 Jun.
2673 4032 2716 4066 "
2746 4031 3001 4087 Devcctas
3033 4035 3197 4088 Fran.
3229 4031 3418 4090 Paris.
3451 4038 3574 4106 Rig.
3614 4040 3869 4098 devicta:

465 4106 726 4162 Wouwer.
806 4104 850 4138 “
875 4104 1117 4161 Faciunt
1142 4103 1322 4162 Fran.
1355 4103 1566 4174 Rigalt.
1644 4103 1685 4137 ¹⁵
1714 4104 2152 4159 Adscendemus
2184 4103 2314 4156 Jun.

1886 4270 2403 4334 Commentarius.

524 4406 601 4532 (23
635 4406 915 4462 Ceraunia
967 4412 1330 4461 coruscarent.
1377 4403 1660 4461 Ceraunia
1715 4421 1944 4476 gemma
1999 4408 2089 4460 est

524 4495 559 4532 n
609 4478 703 4532 ida
730 4482 786 4532 et
813 4477 1083 4532 rutilans.
1111 4479 1194 4532 sic
1225 4478 1376 4532 dicta
1405 4477 1570 4532 quasi
1604 4493 1637 4530 a
1660 4478 1874 4531 tonitru
1902 4501 1917 4532 :
1949 4493 2084 4531 nam

453 4477 703 4548 candida
730 4482 786 4532 et
813 4477 1083 4542 rutilans,
1111 4478 1376 4548 sicrdicta
1405 4477 1570 4548 quasi
1604 4493 1637 4530 a
1660 4478 1874 4531 tonitru
1902 4501 1917 4544 ;
1949 4493 2084 4531 nam

450 4547 707 4618 κεραυνὸς
749 4548 968 4604 fulmen
999 4553 1104 4603 est.
1157 4547 1555 4618 Plinius,’lih.
1587 4565 1796 4610 xxxvu,
1845 4564 1970 4618 cap.
2003 4550 2036 4601 9
2069 4565 2082 4603 :

454 4569 510 4602 κε
550 4567 707 4609 αυνος
749 4567 968 4604 ιυιωθη
999 4567 1104 4603 esr.
1158 4567 1403 4618 nimus,
1456 4567 1555 4603 no.
1587 4567 1796 4610 xxxvu,
1845 4567 1970 4618 cap.
2003 4567 2036 4601 υ
2069 4567 2079 4603 :

454 4643 482 4669 ‹‹
514 4567 618 4675 Est
650 4620 801 4674 inter
843 4621 1119 4674 candidas
1159 4625 1216 4674 et
1261 4637 1384 4690 quas
1433 4620 1716 4676 Ceraunia
1762 4625 2017 4676 vocatur.
2052 4641 2079 4669 ››

451 4674 676 4746 Dicitur
704 4695 760 4745 et
786 4691 1134 4746 Ceraunium
1165 4691 1223 4745 in
1257 4674 1459 4746 neutro
1535 4691 1637 4760 Ep.
1671 4691 1740 4745 ad
1773 4674 2086 4746 Demetria-
2116 4674 2162 4738 Ι)

454 4777 587 4834 nem
638 4761 694 4816 Β.
747 4761 1218 4834 Hieronyumus:
1262 4763 1656 4818 Cerauniorum
1704 4763 1967 4830 ﬂammis.
2007 4763 2084 4816 LE

451 4833 597 4973 plY3)
645 4898 926 4970 Siquidem
981 4910 1033 4958 et
1087 4902 1437 4957 metallorum
1493 4917 1661 4972 Opera
1714 4902 2077 4958 undaverant.

450 4974 510 5030 In
543 4973 838 5044 Excerptis
869 4973 1093 5044 Georgii
1116 4973 1416 5044 ‘Syncelli,
1452 4973 1568 5028 haac
1599 4973 1894 5044 habentur
1916 4991 1946 5044 e_
1976 4975 2076 5029 lib.

452 5063 469 5099 ι
509 5038 741 5099 Εῠοοὴῖ
785 5043 983 5118 Ἐξαὴλ
1017 5038 1062 5118 ἢὸ
1112 5038 1329 5118 δ-ἐὶατος
1377 5038 1481 5118 τνῷν
1515 5043 1794 5118 ἀρχόντων
1847 5041 2076 5118 ἐδίδαξεν

447 5118 621 5168 ποιιῖν
657 5112 928 5187 μαχαίρας
954 5115 1048 5187 uel
1079 5114 1326 5185 Θώρακας
1355 5113 1445 5187 δαὶ
1476 5112 1792 5176 πᾶἷξτκεῦος
1841 5112 2078 5187 πόλεμι-

447 5183 695 5258 uenusti
717 5183 782 5238 ’έᾶ
817 5183 1059 5256 μέταλλα
1087 5183 1184 5252 τῆξ
1214 5191 1334 5258 γῆς.
1367 5186 1494 5240 RIG.

519 5256 591 5328 (4)
652 5257 956 5313 Herbarum
994 5256 1256 5328 ingenia,
1287 5264 1358 5328 ⁸(ξι
1413 5257 1848 5328 ἱησαηλιαιίοηᾲυητ
1911 5260 2071 5328 vires.

446 5323 702 5384 Ibidem:
770 5323 1090 5402 αρμακείαςξ
1123 5323 1422 5395 ὲπαόιδίας,
1457 5325 1646 5403 σοφίας
1676 5325 1764 5380 καὶ
1808 5325 2072 5382 ὶπαοίδων

447 5397 706 5465 λυτήρια.
731 5347 864 5456 ζῙῖιίῖν.

486 5416 706 5456 υτηρια.
739 5416 864 5456 HIG.

448 5415 706 5470 Αυτηρια.
739 5415 864 5456 me.

445 5469 588 5595 R1(65.)
655 5469 951 5528 Stellarum
1040 5471 1566 5542 interpretationem,

495 5558 570 5597 IG.

512 5614 1044 5686 (6)7(nstrumentum
1085 5611 1376 5668 muliebri:
1440 5613 1656 5681 gloria.
1699 5611 1910 5685 Κόσμια
1954 5617 2072 5674 ταῖς

439 5684 694 5754 γυναίξίν.
727 5692 852 5744 Rm.

510 5784 580 5797 --
606 5752 890 5816 Muliebris
930 5757 1139 5826 gloriae.
1171 5752 1540 5811 Feminarum
1595 5755 1844 5813 nitorem
1896 5757 2073 5814 aﬁ‘ec-

1657 5469 2072 5543 ἀστροσκοπίαν.

2201 4408 2384 4486 tatum
2419 4403 2648 4486 ‘arguit,
2705 4406 3040 4486 quaaklicet
3069 4412 3266 4462 essent
3305 4408 3690 4486 Christianas.
3744 4434 3866 4473 non

2196 4477 2392 4559 minus
2414 4479 2606 4559 tamen
2633 4477 3043 4559 compositam
3065 4486 3280 4559 ornata:
3303 4477 3864 4559 incedebant'quam

2194 4546 2476 4632 ethnicis;
2511 4552 2598 4601 est
2630 4546 2791 4632 “enim
2826 4548 2988 4632 'illund
3038 4549 3252 4606 animal
3302 4554 3561 4610 maxime
3617 4546 3862 4632 φτ.ιὸκο-

2195 4637 2333 4690 σμογ
2363 4622 2419 4672 et
2449 4619 2788 4690 superbum.
2825 4620 2903 4674 La
2931 4621 3030 4675 Pa.

2265 4688 2342 4760 (7)
2372 4688 2605 4814 1[inmitia
2657 4691 2995 4761 lapillorum.
3042 4691 3140 4744 Kal
3204 4690 3331 4754 τοὺς
3399 4690 3702 4760 ἐκλεκτοὺς
3776 4700 3860 4756 λέ-

2265 4779 2338 4814 υς.
2427 4777 2499 4814 16.

2193 4770 2338 4821 θους.
2373 4770 2499 4815 tth.

2263 4832 2339 4904 (8)
2368 4831 2756 4887 Medicamenta
2802 4848 2871 4888 ex
2916 4835 3060 4904 fuco.
3105 4832 3179 4887 Τὸ
3225 4829 3466 4889 στιλϐεἶν
3499 4837 3592 4890 καὶ
3626 4840 3696 4894 τὸ
3723 4843 3860 4896 καλ-

2194 4899 2473 4968 λωπίζειν.
2507 4908 2632 4958 RIG.

2263 4973 2692 5098 ﬁnirilgtaplus.
2723 4973 2818 5029 Sic
2851 4974 3006 5046 ipse.
3027 4975 3350 5032 Sacerdotes
3397 4980 3510 5033 mei
3551 4997 3672 5036 non
3720 4985 3860 5055 plus
3967 5039 3969 5046 .

2189 5059 2419 5098 navum.
2454 5059 2574 5100 IUG.

2261 5117 2369 5190 (tQ)
2400 5117 2468 5169 Hi
2493 5123 2621 5172 sunt
2641 5117 2854 5190 angeli,
2887 5115 3613 5190 etc._Huncexsecrationis
3637 5124 3853 5190 ritum,

2188 5200 2300 5254 quo
2331 5187 2652 5258 ingressuri
2685 5188 2745 5242 in
2777 5205 2985 5259 aquam
3009 5187 3380 5258 baptismatis
3410 5192 3522 5246 sub
3546 5187 3850 5254 antistitis
3963 5203 3965 5235 '

2189 5273 2366 5312 manu
2397 5259 2875 5332 contestabantur
2904 5276 2966 5314 se
2995 5261 3330 5332 renuntiare
3362 5262 3623 5332 diabolo,
3661 5271 3849 5324 attin-
3961 5277 3963 5329 |

2401 5347 2550 5416 saape
2586 5331 2809 5421 [sancti
2884 5334 3103 5421 fatgem
3164 5331 3347 5421 Dasil.‘
3397 5333 3498 5419 lib:
3559 5331 3632 5421 ἆῤ
3690 5341 3845 5421 βρέτη
3959 5335 3961 5421 )

2183 5409 2374 5481 sancto
2403 5400 2931 5481 ⁸ᾀποπτοὶσσξσθαιιιςιῖῷ
2983 5405 3201 5481 ’ΣαΞανᾷ
3260 5402 3348 5457 καὶ
3405 5408 3522 5466 τοῖς
3575 5400 3848 5481 ἀγγέλοις

2183 5469 2366 5553 actos.
2401 5472 2514 5553 δίο.
2547 5479 2605 5529 et
2634 5474 2797 5553 Dion.
2830 5469 2928 5528 lib‘.
2961 5473 3024 5553 de
3061 5469 3266 5553 Ecclec.
3297 5477 3576 5553 hierarch.
3614 5469 3750 5553 éép.
3787 5469 3844 5550 2,

2182 5542 2331 5624 hanc
2385 5543 2953 5624 abrenuntiationem
2985 5542 3263 5624 ᾁποταγὴν
3288 5549 3594 5624 ‘nominat,
3633 5542 3844 5624 aitque

2181 5614 2552 5741 obtselrlvatum
2601 5622 2665 5673 ut
2707 5617 3125 5674 abrenuntians
3157 5614 3244 5674 ter
3283 5619 3513 5676 Satanas
3566 5614 3845 5684 insuffla-

2181 5701 2284 5741 re.
2361 5704 2446 5741 ac.

2181 5701 2284 5741 ret.
2318 5701 2446 5742 LAC.

2249 5757 2356 5830 (41)
2390 5760 2538 5826 Quod
2567 5763 2646 5816 est
2671 5761 3056 5820 commercium
3100 5760 3449 5820 damnaturis
3491 5781 3625 5823 cum
3677 5769 3840 5826 dam-
