4050 6350
335 297 485 355 1491

1387 299 1617 360 LIBER
1660 301 1685 362 Ι
1732 303 1833 362 DE
1876 304 2137 368 CULTU
2182 307 2686 373 FEMINARUM.

3588 324 3749 391 “33

328 430 615 525 decreturi
640 430 1319 525 adversus7eos,quorum
1344 450 1591 525 munera
1612 437 1977 507 appetlmus?
2006 442 2055 507 Α
2090 440 2137 496 si
2172 457 2287 496 non
2320 444 2437 499 tam
2470 444 2736 515 expedite
2766 445 3023 516 haberet,
3067 448 3212 506 illud
3273 468 3508 525 quoque
3565 472 3756 515 asser-

326 519 471 574 Nam
518 526 574 573 et
629 520 793 575 vobis
842 522 1045 576 eadem
1097 527 1237 577 tunc
1303 524 1638 578 substantia
1716 525 1977 597 angelica

328 610 703 679 repromissa,
739 610 890 665 idem
925 628 1098 665 sexus
1131 611 1232 681 qui
1263 613 1480 667 etviris
1523 615 1653 683 (12),
1711 616 1976 670 eamdem

316 700 620 767 judicandi
673 700 1073 771 dignationem
1121 702 1432 774 pollicetur
1482 705 1639 773 (13):
1687 704 1796 757 nisi
1842 722 1977 775 ergo

326 788 417 843 hic
453 789 567 857 jam
592 790 1189 860 prmjudicaverimus,
1219 809 1308 846 res
1341 809 1537 846 eorum
1570 792 1977 863 prmdamnan-

322 878 415 945 do,
446 894 591 947 quas
630 879 683 931 in
718 878 833 931 illis
867 883 1005 933 tunc
1036 880 1373 934 damnaturi
1408 897 1639 945 sumus,
1666 880 1745 935 illi
1784 879 1976 953 potius

325 983 429 1021 nos
453 966 807 1036 judicabunt
839 972 1015 1039 atque
1047 969 1434 1024 damnabunt.

963 1077 1194 1131 CAPUT
1234 1077 1333 1132 III.

394 1173 522 1230 Scio
555 1174 907 1244 scripturam
939 1175 1156 1243 Enoch,
1188 1193 1314 1246 quae
1366 1176 1520 1231 hunc
1572 1176 1835 1231 ordinem
1877 1194 1973 1231 an-

317 1263 464 1335 gelis
496 1264 678 1333 dedit,
710 1260 823 1317 non
862 1264 1038 1335 recipi
1070 1281 1103 1319 a
1152 1266 1529 1335 quibusdam,
1564 1266 1705 1336 quia
1760 1282 1863 1321 nec
1912 1267 1969 1321 in

320 1352 641 1408 armarium
671 1353 980 1408 Judaicum
1023 1354 1356 1408 admittitur
1402 1354 1533 1426 (14).
1578 1354 1815 1426 Opinor,
1853 1373 1967 1411 non

316 1446 670 1511 putaverunt
699 1442 861 1497 illam
894 1447 1029 1498 ante
1070 1442 1493 1515 cataclysmum
1538 1444 1777 1510 editam,
1840 1450 1969 1515 post

317 1548 451 1586 eum
484 1548 687 1586 casum
715 1532 895 1597 orbis,
930 1532 1194 1587 omnium
1234 1549 1428 1587 rerum
1453 1533 1815 1601 abolitorem,
1851 1533 1965 1589 sal-

315 1637 447 1675 vam
479 1636 608 1675 esse
656 1620 940 1691 potuisse.
976 1622 1033 1676 Si
1078 1622 1189 1676 ista
1238 1622 1386 1677 ratio
1446 1627 1551 1689 est,
1588 1624 1969 1679 recordentur

318 1715 688 1781 pronepotem
718 1710 906 1781 ipsius
939 1711 1129 1765 Enoch
1162 1710 1343 1765 fuisse
1373 1711 1747 1782 superstitem
1806 1717 1963 1767 cata-

2090 529 2308 585 tionem
2342 533 2642 603 scriptura:
2694 534 2854 591 illius
2914 541 3191 594 tueretur.
3253 541 3496 600 Perinde
3554 549 3747 618 potuit

2090 618 2470 675 abolefactam
2503 640 2627 675 eam
2662 624 2933 681 violentia
2982 628 3344 701 cataclysmi,
3406 632 3466 688 in
3528 636 3745 706 spiritu

2092 724 2297 763 rursus
2330 711 2640 765 reformare
2677 716 2959 785 :quemad
2975 718 3208 772 modum
3237 723 3293 774 et
3324 721 3745 794 Hierosolymis

2092 796 3741 873 Babyloniaexpugnationedeletis,omneinstrumentum

2088 886 2343 941 Iudaicae
2376 888 2716 944 litteratura:
2742 892 2853 963 (15)
2871 910 2967 963 per
2993 895 3235 951 Esdram
3260 905 3492 956 constat
3524 909 3743 960 restau-

2090 977 2418 1031 ratum.Sed
2450 993 2583 1032 cum
2618 980 2808 1034 Enoch
2845 983 3046 1037 eadem
3099 985 3388 1057 scriptura
3439 990 3613 1047 etiam
3672 994 3744 1049 de

2087 1062 2330 1119 Domino
2366 1067 2712 1136 prmdicarit,
2744 1087 2778 1124 a
2809 1072 2976 1126 nobis
3009 1073 3245 1143 quidem
3294 1077 3441 1133 nihil
3502 1082 3743 1139 omnino

2088 1152 2467 1221 rejiciendum
2492 1160 2579 1211 est
2612 1158 2835 1229 ‘°,quod
2871 1162 3119 1231 pertinet
3143 1164 3214 1218 ad
3247 1182 3371 1221 nos.
3395 1171 3462 1222 Et
3492 1168 3746 1242 legimus

2085 1242 2153 1310 (ΙΙ
2196 1244 2325 1297 Tim.
2392 1260 2474 1311 ιιι,
2539 1247 2646 1315 16),
2703 1263 2927 1303 omnem
2990 1254 3336 1323 Scripturam
3387 1258 3747 1329 aediﬁcationi

2084 1330 2322 1385 habilem
2352 1332 2620 1387 divinitus
2652 1336 2939 1406 inspirari.
2974 1343 3015 1391 Δ
3048 1340 3265 1398 Judaeis
3297 1348 3487 1415 potest
3527 1348 3569 1385 ιτ
3615 1349 3741 1418 jam

2081 1418 2260 1509 videri
2286 1426 2588 1491 propterea
2617 1426 2831 1493 rejects
2859 1427 3080 1494 “ﬁsicut
3109 1434 3165 1485 et
3187 1436 3393 1488 caetera
3438 1434 3555 1492 fere
3613 1454 3741 1509 quin

2081 1507 2378 1564 Christum
2414 1516 2639 1567 sonant.
2679 1514 2792 1569 Nec
2831 1515 3037 1587 utique
3060 1519 3275 1575 mirum
3308 1521 3438 1589 hoc,
3488 1524 3537 1579 si
3595 1507 3739 1583 scri-

2078 1600 2282 1667 pturas
2314 1597 2544 1670 aliquas
2580 1619 2694 1657 non
2728 1612 3073 1676 receperunt
3103 1610 3174 1664 de
3204 1625 3269 1665 eo
3300 1610 3737 1685 locutas,quem

2076 1689 2133 1775 et
2164 1685 2355 1756 ipsum
2390 1704 2584 1743 coram
2627 1690 2965 1763 loquentem
3018 1713 3133 1751 non
3194 1703 3361 1755 erant
3426 1705 3733 1775 recepturi.

316 1773 522 1870 clysmi
551 1803 691 1864 Noe,
726 1773 824 1870 qui
851 1799 1053 1871 utique
1076 1800 1397 1855 domestice
1431 1773 1665 1855 nomine
1692 1805 1747 1854 et
1786 1800 1964 1857 heere-
1999 1812 2045 1876 Β
2076 1773 2153 1876 εί)
2182 1776 2429 1876 ξθθθδξίν
2465 1780 2621 1849 (ἰυοά
2670 1782 3068 1876 ἓοφοέμρξά
3118 1786 3335 1843 “dum
3393 1773 3731 1862 δροδίοῙυω

311 1888 525 1942 ditaria
551 1888 869 1942 traditione
904 1888 1168 1943 audierat
1196 1893 1254 1943 et
1285 1888 1635 1943 meminerat
1669 1889 1740 1944 de
1776 1892 1975 1959 proavi

312 1976 403 2030 sui
438 1992 616 2047 penes
647 1976 831 2030 Deum
864 1976 1075 2046 gratia,
1109 1981 1163 2031 et
1196 1977 1266 2030 de
1318 1976 1592 2031 omnibus
1643 1978 1973 2047 praedicatis

315 2064 443 2134 ejus
474 2083 485 2131 ;
522 2081 653 2119 cum
686 2065 879 2119 Enoch
914 2064 1029 2119 filio
1053 2082 1157 2121 suo
1214 2064 1554 2119 Mathusalae
1615 2065 1759 2118 nihil
1810 2066 1969 2122 aliud

315 2154 698 2219 mandaverit,
733 2170 911 2223 quam
944 2159 1009 2208 ut
1041 2154 1308 2208 notitiam
1332 2170 1531 2209 eorum
1564 2154 1812 2224 posteris
1841 2156 1969 2212 suis

310 2244 588 2297 traderet.
625 2242 809 2313 Igitur
838 2242 963 2297 sine
994 2241 1171 2297 dubio
1202 2243 1389 2313 potuit
1446 2242 1583 2308 Noe,
1646 2242 1850 2298 I808
1906 2243 1964 2299 in

2084 1863 2490 1921 testimonium
2526 1869 2787 1938 possidet
2815 1870 2926 1943 (16)
2960 1874 3078 1945 (Ep.
3109 1876 3241 1932 Jud.
3274 1893 3328 1933 v.
3365 1878 3474 1951 UA).

2716 1977 2947 2036 CAPUT
2979 1984 3075 2037 IV.

2148 2068 2321 2124 Nulla
2379 2088 2532 2126 nunc
2591 2073 2858 2131 muliebri
2926 2094 3151 2151 pompae
3212 2084 3349 2137 nota
3402 2081 3602 2140 inusta
3657 2086 3736 2144 sit

2078 2159 2616 2246 praadamnationis,
2651 2164 2722 2219 de
2752 2164 2907 2221 exitu
2941 2173 3267 2226 auctorum.
3301 2170 3457 2227 Nihil
3506 2174 3731 2246 angelis

2074 2245 2188 2301 illis
2219 2247 2560 2319 imputetur,
2594 2257 2801 2323 praeter
2832 2256 2876 2290 1°
2906 2258 3217 2328 repudium
3249 2259 3402 2329 cceli,
3433 2265 3490 2317 et
3519 2245 3725 2319 matri-

305 2330 742 2403 praedicationis
815 2331 1181 2403 delegatione
1257 2332 1635 2400 successisse,
1692 2331 1779 2386 vel
1825 2332 1964 2404 quia
2072 2336 2337 2392 monium
2370 2340 2581 2396 carnis.
2618 2342 2832 2399 Rerum
2866 2345 3128 2417 ipsarum
3162 2348 3473 2421 qualitates
3504 2352 3724 2408 exami-

297 2426 355 2475 et
375 2420 520 2475 alias
544 2436 660 2474 non
683 2420 968 2475 tacuisset
996 2425 1115 2475 tam
1151 2421 1221 2475 de
1253 2421 1353 2475 Dei
1398 2421 1826 2475 conservatoris
1864 2422 1957 2477 sui

291 2509 692 2581 dispositione,
724 2526 900 2580 quam
934 2510 1005 2563 de
1035 2510 1164 2580 ipsa
1193 2510 1403 2566 domus
1426 2527 1543 2565 sua:
1573 2508 1779 2581 gloria.
1831 2510 1949 2565 Hoc

2068 2439 2298 2492 nemus,
2343 2432 2406 2481 ut
2434 2429 2680 2486 consilia
2710 2449 2944 2505 quoque
2978 2436 3462 2509 concupiscentia
3516 2454 3719 2496 earum

2064 2512 2592 2583 deprehendamus.
2636 2522 2846 2579 1309
2874 2523 3121 2581 Habitus
3152 2526 3383 2582 feminae
3416 2527 3711 2600 duplicem

1717 2627 1918 2689 Variae
1959 2627 2279 2691 lectiones.

361 2734 632 2821 17°7Junius7
662 2732 801 2821 hunc
832 2733 1141 2821 inmm'odum
1169 2734 1499 2821 distinguit:
1532 2734 1920 2821 rejiciendum
1950 2739 2076 2804 est;
2128 2754 2182 2809 q.
2218 2756 2272 2811 p.
2307 2741 2377 2795 ad
2413 2757 2539 2809 nos,
2584 2747 2642 2800 ct
2691 2776 2760 2787 —
2820 2746 3119 2821 inspirari.
3181 2749 3222 2785 ¹⁷
3272 2750 3479 2808 Postea
3539 2750 3707 2809 Seml.

286 2805 328 2839 ³⁸
359 2806 524 2873 Idem,
553 2807 849 2876 rejeetam.
886 2806 927 2841 ¹⁹
968 2807 1207 2879 Pr0pter
1239 2808 1333 2861 Ms.
1384 2807 1584 2862 Wouw.
1613 2808 1740 2878 Rig.

1640 2991 1645 2995 η
1745 2922 2268 2986 Commentarius.

280 3029 699 3093 nandis.Quasi
744 3028 1093 3084 Christianis
1152 3028 1502 3083 mulieribus
1558 3029 1717 3083 omni
1776 3044 1933 3084 com-

283 3102 497 3155 mercio
520 3106 621 3155 aut
650 3100 912 3172 exemplo
946 3100 1317 3156 interdiceret
1347 3118 1477 3155 cum
1524 3099 1770 3155 ethnicis
1812 3116 1933 3153 mu-

282 3173 543 3227 lieribus.
630 3173 783 3226 Nihil
844 3172 998 3227 enim
1068 3172 1227 3226 aliud
1278 3173 1348 3227 ad
1402 3173 1491 3227 sui
1538 3172 1931 3242 patrocinium

277 3316 834 3387 reprehendebatur,
864 3386 869 3387 7
897 3332 1069 3383 quam
1125 3316 1533 3370 necessitatem
1596 3315 1929 3386 negotiandi

277 3386 606 3458 agendique
638 3404 769 3441 cum
800 3386 1070 3441 ethnicis.
1101 3387 1203 3441 Hic
1254 3393 1448 3442 tamen
1508 3387 1643 3441 licet
1699 3388 1754 3441 id
1813 3404 1927 3440 non

2041 3388 2230 3443 solent
2273 3393 2421 3447 servi

2048 3046 2280 3110 norum,
2316 3033 2587 3113 bajulans
2618 3035 2891 3113 l_egem_et
2942 3041 3278 3113 prophetas,
3305 3042 3377 3097 ad
3437 3043 3714 3100 testimo-

2047 3107 2210 3157 nium
2244 3107 2585 3186 assertionis
2618 3107 2901 3186 Ecclesiae,
2936 3107 3150 3186 utnos
3184 3107 3541 3186 honoremus
3603 3133 3708 3186 per

874 3188 998 3253 7mm
1068 3182 1227 3256 aliud
1262 3182 1348 3256 ad
1402 3189 1516 3256 sui“
1538 3182 1931 3256 patrocinium
2044 3182 2503 3256 sacramentum,
2528 3182 2681 3256 quod
2712 3184 2942 3237 nuntiat
2972 3184 3072 3239 illa
3098 3202 3197 3256 per
3228 3184 3455 3240 literam
3479 3187 3507 3241 ?
3546 3207 3575 3235 ››
3603 3182 3700 3255 Et,

279 3244 668 3308 adducebant,
705 3260 837 3298 cum
871 3245 1225 3298 immodicus
1260 3244 1355 3297 ille
1405 3244 1601 3298 cultus
1660 3260 1725 3297 ac
1781 3246 1934 3316 nitor
2043 3246 2101 3297 in
2123 3248 2261 3316 psal.
2298 3266 2385 3302 LVI

2421 3265 2435 3305 :
2475 3274 2495 3299 ι
2524 3252 2797 3324 Codicein
2832 3260 3023 3324 portat
3051 3252 3290 3311 Judaaus
3318 3258 3473 3313 unde
3504 3252 3703 3314 credat

2042 3316 2430 3399 Christianus.
2478 3322 2718 3399 Librarii
2771 3316 2955 3399 nostri
3006 3329 3138 3382 facti
3189 3335 3347 3392 sunt,
3404 3331 3697 3399 quomodo

2465 3399 2595 3463 post
2642 3396 2911 3452 dominos
2968 3400 3196 3454 codices
3242 3396 3438 3454 ferre:—
3495 3406 3560 3455 ut
3611 3401 3699 3459 illi

272 3456 534 3540 damnet,
566 3475 702 3540 cum
717 3458 1049 3540 aliquando
1080 3460 1461 3540 enigeretaut
1490 3459 1802 3540 'cogn7atio7
1829 3464 1928 3513 aut
1960 3456 2001 3523 C
2043 3463 2326 3540 portando
2356 3456 2651 3540 deﬁciant,
2687 3468 2792 3540 illi
2856 3469 3099 3540 legendo

274 3532 449 3585 oﬂicii
484 3531 818 3594 necessitas,
852 3536 953 3585 aut
974 3531 1191 3600 aliquid
1226 3530 1440 3596 simile,
1476 3531 1743 3601 prohibet
1773 3531 1928 3585 dam-

273 3602 527 3657 nabilem
559 3602 869 3674 gentilium
904 3603 1149 3657 nitorem
1174 3604 1251 3671 :in
1308 3603 1639 3658 Christiana
1688 3604 1925 3657 femina.

273 3677 347 3728 LE
379 3674 479 3728 Pa.
1850 3682 1853 3685 ⁷

343 3748 455 3815 (12)
488 3749 632 3800 Nam
661 3750 710 3799 et
743 3746 889 3800 vobis
919 3746 1064 3799 idem
1095 3760 1259 3799 sexus
1287 3746 1460 3815 quiet
1495 3747 1646 3798 viris.
1700 3746 1759 3798 Id
1813 3749 1924 3813 est,

275 3817 495 3872 nullus.
528 3819 623 3871 Sic
653 3817 892 3871 Ovidius
914 3817 973 3870 in
1004 3816 1263 3887 convivio
1312 3817 1468 3870 Jovis
1508 3817 1660 3887 apud
1730 3816 1925 3871 Phile-

276 3904 533 3953 monem,
576 3894 887 3957 postquam
936 3888 1081 3941 dixit
1139 3886 1333 3941 edulia
1390 3886 1588 3942 omnia
1647 3887 1923 3943 fictilibus

272 3959 433 4014 illata
468 3977 532 4014 τα
558 3959 841 4028 Ροειὺωο,
878 3959 1091 4028 inquit,
1128 3960 1366 4013 emistus
1432 3960 1634 4013 eodem
1693 3958 1924 4013 sistitur

268 4036 509 4101 argento
543 4036 750 4095 crater,
782 4052 808 4079 »
843 4030 953 4084 hoc
986 4036 1074 4083 est
1104 4030 1263 4083 nullo
1300 4048 1312 4095 ;
1347 4046 1481 4084 nam
1522 4034 1646 4085 erat
1689 4047 1919 4100 quoque

267 4102 485 4156 ﬁictilis
517 4108 721 4156 crater.
750 4104 947 4171 Itaque
978 4101 1070 4155 hic
1094 4102 1173 4156 ait
1213 4102 1629 4170 'l'ertullianue,
1687 4103 1920 4157 feminis

266 4177 409 4229 cmlo
442 4175 687 4243 receptis
717 4174 989 4228 eumdem
1023 4176 1141 4228 fore
1170 4190 1371 4228 sexum
1432 4174 1531 4244 qui
1592 4173 1750 4241 viris,
1811 4174 1919 4229 hoc

264 4252 353 4301 est
384 4247 611 4300 nullum
646 4263 658 4311 ;
685 4262 819 4299 nam
852 4251 908 4299 et
938 4247 1077 4301 viris
1100 4263 1214 4300 non
1247 4244 1432 4300 aderit
1460 4262 1626 4300 suus.
1672 4245 1920 4315 Uterque

263 4319 752 4389 despoliabuntur
781 4334 921 4371 sexu
953 4334 1058 4373 suo
1085 4334 1097 4372 :
1122 4324 1295 4372 erunt
1334 4316 1489 4371 sicut
1529 4316 1741 4389 angeli,
1804 4334 1917 4371 non

263 4388 532 4460 angelus,
565 4406 677 4443 non
709 4389 937 4460 angela.
992 4390 1086 4443 Sic
1138 4392 1282 4460 ipse,
1329 4389 1606 4460 adversus
1662 4388 1919 4442 Valenti-

265 4459 511 4528 nianos;
570 4459 875 4529 utrobique
924 4466 1121 4515 autem
1165 4459 1461 4515 ’vocabulo
1510 4476 1682 4515 sexus
1731 4460 1922 4514 ofﬁcia

269 4550 513 4587 sexuum
549 4532 862 4601 significat,
898 4550 1010 4586 non
1045 4533 1263 4587 formas
1294 4548 1537 4586 sexuum
1598 4531 1915 4586 naturales.

265 4606 492 4660 Etenim
529 4606 819 4660 redituras
850 4606 921 4659 ad
955 4620 1061 4659 sua
1092 4620 1333 4675 corpora
1377 4604 1758 4672 demonstrat,
1814 4603 1916 4657 lib.

266 4678 340 4732 de
371 4679 562 4732 Resur.
588 4680 710 4731 R16.

341 4749 452 4818 (13)
498 4748 641 4803 Idem
694 4762 856 4802 serus
907 4744 1153 4818 eamdem
1190 4743 1483 4818 judicandi
1545 4744 1919 4818 dignationem

2053 3471 2326 3542 portando
2356 3471 2651 3542 detlciant,
2686 3471 2819 3542 7illi7
2856 3471 3099 3540 legendo
3161 3471 3482 3541 proﬁciant.
3519 3494 3549 3521 »
3607 3476 3693 3542 Et,

2039 3533 2441 3615 in7Psal.7Lvlri
2474 3553 2489 3615 :7
2518 3561 2544 3615 «7
2582 3533 2697 3608 [psi
2732 3533 2947 3596 habent
2977 3533 3204 3597 codices
3231 3544 3384 3615 unde
3427 3533 3691 3615 propbe-I

2038 3608 2194 3687 tatus
2223 3611 2311 3687 est
2348 3607 2647 3687 7Cbristus,
2710 3615 2765 3687 et
2821 3628 2927 3667 nos
2974 3618 3252 3687 tenemus
3307 3607 3626 3687 Christum.
3659 3637 3687 3667 »

2036 3677 2197 3758 Quod
2230 3677 2702 3758 aitAugustinus
2727 3683 2797 3736 de
2836 3685 3019 3758 servis
3077 3686 3367 3758 quipost
3394 3757 3398 3758 7
3423 3686 3691 3758 dominos

2035 3748 2262 3829 codices
2296 3748 2507 3829 ferunt,
2541 3752 2646 3807 hoc
2672 3754 2743 3829 de
2765 3756 2947 3829 servis
2978 3748 3261 3829 capsariis
3284 3757 3689 3828 accipiendum

2034 3825 2145 3899 est,
2171 3836 2420 3899 quorum
2454 3823 2518 3877 ﬁt
2550 3825 2766 3899 mentio
2800 3826 2902 3881 lib.
2941 3844 3003 3882 ιιι
3034 3823 3097 3883 de
3124 3823 3476 3883 Manumiss'i:
3504 3829 3687 3889 vind.:

2032 3892 2087 3943 Si
2119 3892 2534 3972 collectaneus,
2569 3896 2927 3972 si_educator
2958 3899 3045 3955 vel
3077 3900 3404 3972 capsarius,
3464 3900 3521 3955 id
3580 3903 3689 3967 est,

2033 3963 2132 4033 qui
2166 3968 2355 4033 portat
2377 3965 2579 4021 libros.
2614 3968 2819 4023 Juven.
2857 3986 2869 4024 :

2091 4069 2257 4126 Quem
2288 4073 2530 4134 sequitur
2558 4078 2737 4123 custos
2760 4080 2999 4137 augusta)
3029 4076 3256 4125 vernula
3289 4090 3479 4139 capsas.
3503 4077 3611 4127 R16.

2099 4175 2208 4245 (15)
2245 4181 2420 4232 Omne
2451 4179 2869 4235 instrumentum
2910 4182 3171 4239 Judaica:
3204 4181 3294 4239 lit.
3356 4182 3436 4236 Ab
3496 4182 3683 4238 Esdra

2027 4245 2208 4301 Vetus
2234 4248 2673 4322 Testamentum
2708 4252 3043 4307 restitutum
3088 4253 3269 4308 fuisse
3318 4256 3565 4322 constat,
3627 4258 3686 4309 et

2029 4318 2314 4372 nonnulla
2356 4321 2427 4374 ab
2484 4321 2687 4376 eodem
2738 4326 2859 4378 sive
2889 4342 2923 4379 a
2959 4326 3134 4380 Josue
3192 4326 3520 4388 immutata,
3552 4318 3681 4379 'aut

2033 4390 2257 4467 addita,
2294 4389 2471 4467 velpti
2504 4408 2629 4462 qua:
2679 4394 2749 4449 de
2798 4394 3001 4450 Moisis
3049 4399 3234 4451 morte
3284 4401 3341 4450 et
3382 4394 3686 4467 sepultura

2029 4460 2337 4514 habentur.
2385 4463 2460 4516 Le
2493 4460 2596 4518 Pa.

2100 4532 2211 4600 (16)
2243 4533 2313 4587 Eo
2342 4533 2548 4588 accedit
2577 4534 2717 4604 quod
2754 4536 2963 4607 Enoch.
3014 4538 3158 4607 apud
3213 4536 3411 4592 ludam
3469 4538 3687 4607 aposto-

2029 4603 2144 4657 lum
2171 4606 2555 4679 testimonium
2582 4603 2836 4679 possidet.
2869 4603 3116 4662 Paulum
3150 4622 3379 4679 quoque
3420 4603 3520 4661 ex'
3545 4622 3682 4679 apo-

2028 4674 2261 4749 crypbis
2292 4677 2557 4749 quaedam
2582 4674 2807 4733 'eitasse
2855 4679 3124 4734 observat
3169 4674 3685 4749 'Hieronymus77'in

2028 4746 2211 4821 Epist.
2247 4747 2316 4821 ad
2340 4747 2548 4821 Ephes.
2585 4764 2710 4821 cap.
2769 4765 2824 4803 ν.
2887 4752 3013 4821 Ipse
3067 4754 3262 4806 autem
3311 4754 3369 4805 et
3401 4746 3490 4804 'ex
3536 4748 3686 4821 libro

262 4815 577 4890 pollicetur.
612 4820 751 4892 Jure
782 4818 933 4872 civili
960 4815 1516 4892 judicandimunus
1549 4816 1702 4892 inter
1731 4816 1919 4892 virilia
1951 4823 1996 4888 Ι)
2030 4817 2222 4892 Enocb
2248 4815 2556 4892 historiam
2581 4815 2797 4889 profert
2827 4815 3169 4892 angelorum
3201 4820 3686 4877 descendentium

268 4888 560 4957 censetur,
592 4909 625 4946 a
653 4891 867 4961 quibus
893 4960 899 4961 7
925 4888 1108 4943 arceri
1160 4888 1416 4961 feminas
1456 4888 1695 4957 placuit.
1749 4888 1917 4961 Apud

268 4968 450 5017 Deum
482 4979 613 5017 vero
641 4958 777 5017 cum
804 4960 966 5015 nulla
1007 4961 1127 5015 sint
1174 4958 1517 5013 hominibus
1571 4962 1696 5029 jam
1760 4959 1923 5014 acele-

267 5034 459 5088 stibus
489 5033 680 5087 officia
710 5048 979 5095 sexuum,
1013 5030 1308 5085 communi
1333 5038 1670 5085 sanctorum
1703 5030 1922 5099 gloriae,

268 5108 388 5161 sive
437 5106 731 5175 quondam
792 5103 1114 5175 viro,7sive
1172 5102 1470 5175 quondam
1540 5102 1766 5156 feminea
1824 5118 1925 5175 pro

267 5173 597 5232 sanctitatis
625 5192 689 5229 ac
723 5174 1105 5228 beatitudinis
1158 5173 1537 5242 przerogativa
1593 5174 1927 5227 communis

258 5247 567 5320 judicandi
591 5246 852 5320 dignatio
873 5245 1228 5320 conceditur.
1265 5244 1387 5320 Bia.

342 5320 449 5388 (13)
482 5324 590 5375 Nec
645 5312 706 5372 ὗι
762 5318 1071 5371 armarium
1116 5315 1411 5388 Iudaicum
1458 5312 1802 5388 admittitur.
1862 5314 1928 5388 I_n

272 5384 356 5445 eo'
390 5384 611 5445 scilicet
660 5403 883 5444 canone
943 5388 1255 5457 Scriptur.,
1315 5386 1416 5454 qui
1457 5387 1818 5457 servabatur
1868 5384 1927 5439 in

274 5463 492 5531 templo
574 5460 795 5515 Hebraei
836 5530 843 5531 7
878 5455 1089 5530 populi
1139 5455 1573 5531 succedentium
1625 5455 1932 5531 diligentia

278 5526 669 5588 sacerdotum.
705 5532 799 5585 Sic
831 5526 1250 5599 interpretatur
1279 5527 1645 5599 Augustinus
1676 5526 1778 5582 lib.
1836 5544 1928 5595 xv,

281 5604 345 5659 de
378 5605 611 5658 Civiiale
642 5604 760 5666 Dei,
787 5618 914 5672 cap.
946 5598 1036 5657 23.
1071 5601 1231 5656 Idem
1260 5599 1360 5655 lib.
1386 5598 1393 5599 “
1418 5616 1496 5653 ιιι
1527 5598 1751 5672 Contra
1795 5599 1933 5672 Fau-

284 5684 453 5753 stum,
479 5674 583 5730 ubi
613 5674 683 5753 de
712 5668 1049 5753 Judaeorum
1095 5676 1266 5753 gente
1300 5688 1313 5729 :
1345 5693 1391 5753 «7
1432 5670 1579 5753 Quid
1630 5674 1720 5753 est
1771 5668 1934 5753 aliud

286 5742 460 5804 hodie
482 5762 625 5820 gens
655 5745 806 5818 ipsa,
839 5745 955 5804 nisi
982 5742 1248 5818 quaedam
1280 5743 1588 5803 scriniaria
1651 5742 1932 5801 Christia-

2032 4888 2091 4942 in
2125 4895 2382 4944 montem
2418 4888 2667 4945 Herm’on
2699 4892 2771 4945 ad
2804 4888 2956 4948 filias
3000 4892 3330 4961 hominum,
3359 4895 3686 4950 Comment.

2036 4962 2100 5014 in
2132 4962 2280 5016 Psal.
2314 4977 2586 5035 3111,7non
2622 4962 2680 5016 in
2712 4966 3143 5035 auctoritatem,
3192 4964 3406 5035 inquit,
3468 4962 3569 5035 sed
3604 4961 3688 5035 7in

2035 5033 2674 5106 commemorationem.
2730 5033 2800 5106 Et
2825 5033 2908 5106 in
2942 5030 3220 5106 Epistfad
3239 5030 3469 5099 letam,
3502 5034 3571 5106 de
3601 5030 3690 5106 in-

2036 5102 2341 5187 stitutione
2373 5103 2501 5187 ﬁlia:
2521 5102 3013 5187 7apecrypba_legi
3044 5124 3215 5177 posse
3245 5108 3467 5172 ait,non
3496 5105 3567 5187 ad
3587 5103 3690 5157 do-

2037 5178 2299 5256 gmatum
2332 5175 2788 5258 veritatem,.sed
2821 5177 2893 5232 ad
2935 5175 3234 5247 signorum
3284 5176 3688 5232 reverentiam.

2039 5245 2289 5318 ldem__17n
2313 5245 2496 5314 Epist.
2531 5248 2601 5301 ad
2624 5248 2842 5311 Titum,
2874 5264 2999 5317 cap.
3035 5250 3059 5301 1
3100 5265 3113 5303 :
3142 5270 3169 5297 (ί
3199 5247 3309 5311 Qui
3340 5250 3552 5318 putant
3601 5248 3688 5300 to-

2040 5322 2161 5390 tum
2195 5315 2410 5390 librum
2442 5318 2651 5390 debere
2683 5319 2847 5389 sequi
2879 5315 3011 5374 eum
3046 5320 3144 5390 qui
3178 5319 3310 5374 libri
3340 5315 3503 5390 parte
3546 5332 3691 5372 usus

2040 5388 2135 5450 sit,
2168 5388 2611 5461 videnturmibi
2642 5393 2699 5461 et
2746 5388 3140 5461 apocrypbum
3190 5388 3406 5457 Enoch,
3456 5388 3527 5443 de
3578 5402 3692 5461 quo

2042 5459 2342 5528 apostolus
2362 5459 2546 5514 Judas
2568 5460 2625 5513 in
2644 5460 2899 5528 Epistola
2920 5458 3028 5516 sua
3045 5461 3447 5517 testimonium
3471 5458 3689 5529 posuit,

2040 5529 2193 5585 inter
2222 5530 2488 5603 Ecclesiae
2540 5530 2870 5603 Seripturas
2928 5533 3198 5603 recipere,
3227 5538 3284 5587 et
3338 5528 3525 5587 multa
3579 5528 3696 5584 alia

2042 5617 2173 5727 quae
2204 5600 2504 5674 apostolus
2528 5600 2745 5658 Paulus
2775 5604 2846 5658 de
2876 5600 3191 5662 reconditis
3234 5607 3324 5663 est
3378 5603 3631 5661 locutus.
3665 5621 3695 5651 ››

2094 5688 2168 5727 1e.

2094 5688 2168 5727 ια.
