4050 6350
382 333 534 396 1431
925 339 1451 402 TERTULLIANI
1497 341 1817 403 OPERUM
1859 341 2039 402 PARS

2182 373 2256 387 —
2289 342 2562 404 SERIES
2605 343 2683 414 ΙΙ,
2729 339 3211 402 DOGMATIGA.
3619 333 3780 392 1432

379 465 558 537 nique
587 471 696 536 est,
729 483 852 540 quae
880 485 986 525 nec
1026 471 1250 544 placere
1279 471 1514 543 quidem
1556 473 1841 529 extraneis
1871 489 2004 528 con-
2037 474 2089 540 Α
2120 477 2255 528 vent
2285 473 2415 545 (47).
2453 473 2735 528 Debemus
2760 472 2994 544 quidem
3027 471 3111 526 ita
3159 473 3359 526 sancte
3382 471 3439 523 et
3469 470 3594 522 tota
3637 462 3777 518 fidei

382 555 643 626 cupiscat
684 556 852 627 (45)?
899 575 1021 628 quas
1070 575 1181 614 non
1231 559 1368 614 velit
1425 559 1638 615 idcirco
1696 577 1757 616 se
1813 561 2015 632 expin-
2125 562 2452 617 substantia
2482 562 2767 627 incedere,
2801 564 2862 615 ut
2888 559 3163 615 confessa;
3195 561 3250 613 et
3299 572 3519 612 securae
3588 553 3776 606 simus

383 659 514 715 gere
545 645 678 714 (46),
713 649 776 699 ut
806 652 976 717 neget
999 649 1325 717 appetitum
1357 649 1434 702 οη
1465 651 1808 721 Quanquam
1839 650 2018 705 ethoc
2121 651 2192 704 de
2221 651 2574 705 conscientia
2607 653 2803 704 nostra
2841 653 3110 719 optantes
3160 659 3535 718 perseverare
3575 643 3631 696 id
3710 640 3769 693 in

383 730 582 802 gentili
607 732 898 803 pudicitiae
945 734 1229 790 familiare
1262 736 1335 791 sit
1369 753 1484 791 non
1524 737 1885 808 delinquere,
1937 741 2019 792 at-

383 824 580 874 tamen
610 819 754 877 velle
788 823 914 889 ;vel
947 824 1122 879 etiam
1157 824 1330 890 nolle,
1364 830 1619 880 attamen
1673 843 1784 881 non
1854 827 2021 881 dene-

385 923 541 979 gare.
575 907 723 972 Quid
759 911 975 964 mirum
1009 911 1037 965 ?
1066 929 1337 982 perverea
1387 918 1514 968 sunt
1564 915 1776 983 omnia,
1815 930 1939 984 quin
1988 931 2022 969 a

385 996 501 1051 Deo
535 1012 648 1051 non
680 1002 838 1053 sunt.
860 999 1110 1054 Videant
1137 1000 1335 1070 igitur,
1368 1017 1494 1070 qua!
1526 1019 1639 1057 non
1671 1007 1858 1058 totum
1918 1003 2020 1057 bo-

387 1100 529 1138 num
561 1084 873 1141 obtinendo
905 1087 1072 1142 facile
1115 1093 1174 1142 et
1201 1089 1355 1158 quod
1386 1090 1650 1145 obtinent
1681 1089 1832 1146 malo
1863 1106 2020 1146 com-

389 1171 658 1229 miscent.
698 1173 813 1229 Vos
844 1175 913 1229 ab
945 1174 1086 1241 illis,
1124 1180 1188 1230 ut
1223 1176 1283 1230 in
1315 1178 1556 1246 caateris,
1591 1179 1820 1234 incessu
1879 1195 2022 1250 quo-

387 1275 499 1332 que
525 1261 814 1318 devertere
840 1265 1234 1319 necessarium
1267 1269 1374 1333 est,
1425 1267 1700 1336 quoniam
1759 1267 2023 1338 perfecta)

390 1363 518 1403 esse
547 1347 792 1410 debetis.
822 1349 976 1404 sicut
1006 1350 1176 1405 Pater
1206 1356 1395 1405 vester
1426 1351 1525 1422 qui
1556 1356 1645 1408 est
1667 1352 1724 1407 in
1756 1351 1936 1408 caalis.

1047 1490 1284 1547 CAPUT
1315 1493 1384 1547 Il.

460 1612 726 1670 Perfectas
757 1616 972 1686 autem,
1007 1615 1064 1670 id
1121 1621 1228 1672 est.
1287 1616 1626 1673 Christianae
1686 1619 1909 1690 pudicas
1958 1619 2022 1688 ⁸⁸,

387 1701 798 1774 appetitionem
821 1703 913 1758 sui
931 1721 1044 1760 non
1067 1707 1294 1761 tantum
1319 1722 1432 1760 non
1457 1708 1908 1777 appentendam,
1926 1709 2026 1763 sed

387 1790 563 1845 etiam
592 1792 1005 1846 exsecrandum
1031 1792 1192 1848 vobis
1224 1793 1422 1848 sciatis
1455 1811 1466 1848 :
1502 1795 1688 1865 primo
1721 1797 1874 1866 quod
1908 1813 2024 1851 non

391 1878 463 1932 de
491 1877 719 1951 integra
739 1879 1098 1934 conscientia
1125 1882 1281 1936 venit
1311 1883 1570 1937 studium
1604 1883 1867 1953 placendi
1929 1899 2032 1955 per

392 1966 679 2036 decorem,
729 1981 904 2037 quem
957 1967 1300 2024 naturaliter
1356 1970 1722 2027 invitatorem
1769 1971 2030 2028 libidinis

391 2052 782 2124 scimus;quid
812 2053 994 2126 igitur
1023 2055 1080 2111 in
1111 2060 1168 2111 te
1197 2059 1411 2114 oxcitas
1443 2059 1663 2114 malum
1691 2059 2029 2126 istud?Quid

395 2141 630 2208 invitas,
664 2143 832 2212 cujus
857 2147 912 2198 te
944 2144 1229 2214 proﬁteris
1277 2147 1642 2202 extraneum?
1670 2148 1815 2203 Tum
1875 2149 2028 2220 quod

393 2229 816 2286 tentationibus
867 2232 1019 2286 viam
1080 2233 1304 2303 aperire
1351 2251 1464 2290 non
1518 2236 1822 2300 debemus,
1902 2252 2028 2307 quas

399 2334 825 2390 nonnunquam
883 2321 1038 2390 quod
1093 2320 1244 2376 Deus
1299 2323 1488 2378 asuis
1515 2323 1710 2394 abigat
1757 2325 2030 2380 instando

393 2407 722 2478 perﬁciunt,
784 2411 938 2464 certe
993 2407 1081 2464 vel
1139 2410 1414 2481 spiritum
1471 2411 1747 2468 scandalo
1797 2429 2031 2484 permo-

2061 1842 2108 1905 B

2128 739 2318 802 nobis,
2352 755 2464 792 non
2498 741 2692 792 tamen
2728 740 3148 808 prazsumentes
3204 732 3410 790 1318
3469 731 3615 785 Nam
3671 724 3771 795 qui

2128 829 2445 898 praesumit,
2480 827 2676 882 minus
2709 829 2954 892 veretur,
3005 824 3200 878 minus
3250 823 3572 894 'prsacavet,
3633 815 3774 888 plus

2129 915 2492 986 periclitatur
2545 915 2612 968 ⁸⁸.
2655 913 2853 969 Timor
2885 913 3328 967 fundamentum
3391 907 3601 963 salutis
3659 907 3775 972 est,

2130 1003 2506 1074 praesumptio
2535 1002 3023 1073 impedimentum
3077 998 3307 1054 timoris
3365 997 3495 1068 (48).
3557 992 3777 1050 Utilius

2129 1107 2285 1161 ergo,
2320 1091 2367 1144 si
2401 1107 2704 1162 speremus
2735 1106 2847 1145 non
2883 1105 3054 1160 posse
3086 1086 3446 1158 delinquere,
3487 1098 3668 1154 quam
3725 1080 3778 1136 si

2130 1193 2532 1249 praesumanus
2564 1193 2676 1232 non
2711 1193 2918 1248 posse;
2962 1176 3253 1248 sperando
3311 1173 3468 1228 enim
3527 1169 3776 1226 timebi-

2131 1283 2283 1330 mus,
2317 1266 2575 1320 timendo
2600 1265 2952 1331 cavebimus,
3000 1263 3255 1319 cavendo
3305 1261 3450 1316 salvi
3498 1259 3728 1314 erimus
3762 1273 3780 1325 ;

2132 1358 2334 1408 contra
2362 1353 2410 1408 si
2443 1370 2868 1425 praesumamus
2908 1367 3098 1424 neque
3128 1350 3388 1423 timendo
3438 1362 3629 1418 neque
3669 1361 3777 1400 ca-

2131 1443 2341 1502 vendo.
2375 1441 2609 1496 difﬁcile
2631 1441 2774 1497 salvi
2805 1440 3046 1496 erimus.
3075 1439 3181 1505 Qui
3211 1453 3455 1494 securus
3475 1437 3621 1507 agit,
3655 1450 3779 1488 non

2133 1535 2221 1586 est
2254 1529 2680 1597 sollicitus,non
2710 1530 2970 1601 possidet
2991 1533 3176 1584 tutam
3200 1531 3257 1581 et
3287 1527 3514 1581 ﬁrmam
3545 1523 3782 1579 securi-

2135 1622 2336 1674 tatem.
2373 1623 2446 1672 At
2476 1618 2573 1688 qui
2601 1617 2887 1672 sollicitus
2935 1621 3042 1681 est,
3090 1616 3139 1670 is
3190 1629 3324 1669 vere
3374 1613 3590 1684 poterit
3646 1626 3784 1666 esse

2135 1723 2397 1762 securus.
2447 1707 2515 1760 Et
2561 1706 2631 1761 de
2681 1705 2803 1760 suis
2834 1706 3067 1776 quidem
3093 1703 3278 1758 servis
3335 1700 3624 1756 Dominus
3673 1715 3783 1770 pro

2138 1795 2538 1850 misericordia
2569 1811 2676 1850 sua
2705 1798 2888 1859 curet,
2941 1797 3005 1848 ut
3035 1792 3210 1847 etiam
3259 1804 3611 1860 praesumere
3660 1786 3786 1842 illis

2139 1883 2210 1938 de
2240 1883 2390 1938 bono
2457 1897 2563 1937 suo
2622 1881 2867 1936 feliciter
2924 1880 3120 1935 liceat.
3180 1879 3324 1943 Quid
3351 1881 3550 1932 autem
3610 1874 3786 1930 alteri

2139 1969 2393 2042 periculo
2416 1986 2622 2025 sumus
2651 1970 2678 2023 ‘?
2709 1969 2846 2040 quid
2881 1968 3045 2023 alteri
3079 1965 3621 2038 concupiscentiam
3672 1964 3788 2018 im-

2139 2064 2444 2131 portamus
2473 2059 2501 2112 ‘l
2531 2074 2705 2130 quam
2741 2058 2788 2112 si
2826 2057 3104 2112 Dominus
3153 2053 3488 2125 ampliando
3522 2051 3718 2123 legem
3753 2067 3788 2104 a

2139 2147 2287 2202 facto
2319 2146 2506 2217 stupri
2564 2162 2677 2200 non
2735 2144 3092 2200 discernitin
3127 2159 3292 2216 poena
3315 2142 3381 2211 ⁸⁸,
3427 2140 3642 2195 nescio
3711 2157 3790 2195 an

2138 2235 2377 2306 impune
2411 2234 2640 2304 habeat,
2675 2250 2800 2306 quis
2831 2232 3002 2288 alicui
3055 2231 3230 2286 fuerit
3266 2246 3445 2285 causa
3498 2227 3791 2299 perditio-

2139 2323 2230 2378 nis
2287 2323 2420 2394 (49).
2462 2322 2618 2376 Perit
2673 2322 2829 2377 enim
2889 2320 2985 2376 ille
3034 2319 3210 2376 simul
3241 2318 3298 2374 in
3333 2323 3434 2373 tua
3464 2317 3677 2382 forma,
3735 2315 3789 2370 si

2141 2410 2501 2482 concupierit
2527 2411 2592 2476 ⁸⁸,
2624 2413 2682 2466 et
2711 2409 2950 2466 admisit
2971 2410 3097 2480 jam
3122 2409 3180 2464 in
3213 2407 3432 2472 animo,
3456 2405 3616 2478 quod
3648 2420 3796 2460 con-

1802 2543 2002 2602 Varias
2046 2542 2362 2604 lectiones.

696 2679 822 2734 quis
853 2681 969 2747 non
1000 2663 1086 2718 vel
1118 2664 1331 2747 idcirco
1360 2679 1426 2747 se
1453 2663 1686 2747 expingi
1719 2668 1930 2747 curet-fl
1945 2670 2002 2721 et
2039 2670 2211 2747 neget
2245 2665 2566 2747 appetitum
2589 2665 2616 2720 ?
2640 2667 2695 2747 δέ’.
2763 2666 2885 2746 Rig,
2919 2663 3193 2747 quoniam
3223 2662 3488 2747 perlectis
3521 2660 3619 2743 i_.e.
3653 2659 3800 2744 9hr.

401 2733 870 2809 pudicitimpapp.
902 2739 1011 2790 etc.
1035 2738 1248 2791 cmteris
1279 2736 1452 2809 verbis
1482 2733 1714 2809 omissis.
1790 2736 1838 2772 ⁸⁸
1868 2737 1984 2804 Rig.
2039 2733 2183 2809 Nam
2245 2733 2724 2809 quipraesumit,
2749 2733 2966 2809 minus
2987 2737 3113 2809 jam
3149 2733 3378 2809 veretur
3411 2751 3424 2799 ;
3456 2733 3554 2804 qui
3593 2733 3803 2787 minus

403 2808 634 2878 veretur
665 2805 859 2878 minus
908 2811 1190 2878 praecavet
1268 2807 1365 2876 qui
1417 2806 1612 2860 minus
1670 2813 1950 2877 przecavet
2006 2807 2138 2878 plus
2197 2805 2577 2878 periclitatur.
2653 2809 2697 2843 ⁸⁸
2729 2807 2852 2864 Cod.
2887 2805 3051 2876 Ago'b.
3083 2805 3438 2878 quasiADeus
3489 2821 3604 2858 non
3658 2819 3800 2857 am-

403 2875 641 2950 pliando
670 2876 855 2950 legem
888 2875 931 2950 si
952 2879 1100 2950 facto
1132 2875 1321 2948 stupri
1352 2875 1880 2948 concupiscentiam
1911 2875 2025 2934 non
2056 2875 2392 2934 dicernatin
2428 2895 2614 2950 paena.
2690 2879 2734 2914 ⁸⁸
2756 2875 2944 2935 Simul
2976 2883 3042 2934 ut
3062 2875 3225 2934 tuam
3258 2875 3507 2932 formam
3539 2891 3800 2946 concup.

401 2949 548 3020 Rig.,
579 2954 673 3019 qui
700 2951 869 3006 etiam
898 2949 1101 3005 delevit
1121 2965 1204 3004 vv.
1235 2963 1359 3018 qua
1385 2957 1707 3019 sequuntur,
1739 2957 1795 3004 et
1825 2950 2066 3005 admisit
2088 2982 2156 2990 —
2182 2949 2530 3021 concupivit.

1827 3067 2346 3128 Commentarius.

408 3170 523 3226 tias
554 3186 684 3227 sese
713 3171 1213 3237 dissolvat.»Quod
1237 3171 1512 3242 explicari
1538 3189 1650 3227 non
1683 3173 2048 3229 incommode

411 3243 699 3314 videatur,
732 3244 779 3299 si
813 3245 947 3314 quis
981 3244 1070 3299 hic
1098 3246 1373 3299 ambitum
1421 3243 1534 3297 dici
1577 3244 1733 3308 velit,
1765 3247 1918 3314 quod
1949 3262 2046 3299 su-

412 3313 939 3386 pra_Tertullianus
967 3316 1092 3386 ipse
1120 3317 1458 3386 superﬁciem
1509 3315 1672 3382 dixit,
1703 3313 1914 3386 corpus
1961 3316 2048 3370 vi-

415 3383 827 3457 delicet,atque
857 3383 1044 3457 ipsius
1075 3383 1335 3458 corporis
1367 3394 1739 3458 ornamenta,
1760 3383 1884 3453 quae
1913 3387 2039 3440 ani-

416 3471 581 3528 mum
606 3458 878 3528 ambiunt
911 3463 967 3512 et
991 3459 1265 3512 vestiunt.
1293 3457 1370 3510 De
1399 3457 1679 3528 pudicitia
1715 3457 2048 3512 Christiana

411 3525 666 3599 disserit,
698 3544 943 3598 eamque
971 3529 1173 3599 gentili
1207 3525 1604 3599 perfectionem
1634 3545 1759 3582 esse
1785 3534 2048 3599 oportere

413 3597 682 3652 ostendit.
714 3597 916 3669 Itaque
947 3597 1224 3670 gentilem
1258 3601 1598 3669 pudicitiam
1632 3601 1774 3655 adeo
1817 3597 2046 3670 perver-

419 3683 544 3723 sam
578 3683 707 3722 esse
763 3671 864 3742 ait,
898 3671 1124 3742 utilicet
1145 3670 1378 3742 animus
1412 3675 1582 3725 tenax
1638 3672 1695 3724 in
1753 3671 2046 3742 pudicitia

416 3755 715 3809 nunquam
750 3740 1031 3812 violandae
1064 3741 1356 3812 proposito
1389 3747 1730 3811 perseveret,
1756 3740 1906 3812 ipsa
1961 3746 2050 3796 ta-

423 3826 553 3882 men
614 3811 896 3882 pudicitia
943 3811 1003 3866 in
1070 3811 1335 3882 corporis
1393 3812 1686 3867 excolendi
1765 3811 2048 3867 exornan-

417 3881 593 3950 dique
620 3881 896 3937 licentlas
927 3883 1007 3937 ita
1025 3899 1154 3938 sese
1184 3881 1468 3938 dissolvat
1495 3888 1553 3938 et
1584 3883 1902 3954 frangat,ut
1927 3899 2048 3937 rem

417 3955 651 4022 appetat
708 3954 1144 4026 cujus_devitat
1187 3954 1479 4016 effectum,
1527 3954 1633 4008 hoc
1655 3960 1764 4022 est,
1825 3955 2052 4026 placere

416 4027 674 4096 appetat,
705 4029 763 4079 et
784 4024 1239 4080 adolescentium
1274 4031 1413 4096 post
1433 4041 1494 4079 se.
1537 4026 1793 4096 suspiria
1823 4024 2053 4079 trahere

417 4095 689 4168 gaudeat,
741 4111 874 4150 cum
928 4100 1122 4150 tamen
1171 4095 1372 4168 alienae
1405 4095 1659 4161 libidini,
1707 4113 1881 4166 quam
1926 4097 2054 4168 ipsa

421 4165 1096 4234 excitavit,succumbere
1127 4166 1290 4221 nolit.
1323 4167 1451 4221 Puc.

489 4236 600 4306 (45)
631 4237 802 4304 Quota
855 4237 1085 4307 denique
1125 4247 1219 4305 est,
1253 4253 1374 4308 qua:
1450 4253 1518 4290 ne
1570 4237 1784 4306 placere
1833 4238 2055 4306 quidem

416 4310 698 4380 extraneis
715 4311 1072 4380 concupiscat.
1099 4311 1281 4374 Quota
1311 4317 1417 4372 est,
1450 4309 1660 4378 inquit,
1711 4309 2052 4380 pudicarum

418 4376 589 4449 hodie
618 4376 1104 4443 Christianarum,
1155 4398 1277 4449 quae
1311 4385 1425 4432 tam
1459 4376 1690 4434 austera
1711 4376 1790 4432 sit
1819 4386 1874 4434 et
1905 4378 2055 4434 serio

417 4448 653 4522 pudica,
713 4455 776 4504 ut
833 4467 905 4506 ne
950 4448 1445 4522 placere’quidem
1488 4453 1791 4522 extraneis
1844 4467 2054 4505 concu-

421 4494 657 4591 piscat‘l
713 4537 840 4591 qua:
900 4494 1013 4575 non
1071 4494 1241 4576 curet1
1284 4539 1345 4575 se
1374 4519 1602 4591 expingi
1654 4525 1710 4576 et
1763 4522 2051 4589 exornari,

423 4590 508 4644 vel
540 4589 775 4657 idcirco,
861 4597 925 4645 ut
955 4593 1027 4664 iis
1085 4592 1353 4663 placeat?
1392 4589 1578 4656 Quota
1636 4593 1888 4664 denique
1944 4598 2054 4662 est,

423 4677 550 4730 quae
617 4678 827 4733 negare
883 4663 1038 4729 velit,
1114 4669 1213 4718 aut
1275 4679 1449 4734 quam
1520 4679 1631 4717 non
1692 4665 1906 4734 pudeat
1957 4681 2056 4719 ne-

421 4747 560 4806 gare
590 4749 652 4788 se
701 4749 960 4806 unquam
995 4735 1174 4790 fuisse
1203 4733 1519 4806 appetitam
1546 4734 1573 4788 ?
1602 4733 1957 4806 quamquam
1991 4750 2059 4790 ea

426 4803 504 4856 sit
549 4807 604 4857 et
633 4803 940 4875 gentilium
975 4803 1295 4876 pudicitiaf
1331 4811 1392 4858 ut
1441 4822 1549 4857 non
1585 4803 1818 4875 quidem
1871 4805 2055 4861 delin-

2157 3173 2430 3243 spiritum
2466 3172 2556 3226 Dei
2587 3171 2805 3227 habent
2835 3171 3036 3227 ﬁdeles
3085 3188 3185 3227 seu
3248 3171 3455 3227 sancti.
3495 3169 3703 3242 Itaque
3747 3169 3808 3224 si

2157 3245 2293 3314 quid
2330 3246 2642 3298 admittant
2699 3260 2731 3298 a
2764 3244 2940 3311 malo,
2973 3243 3246 3314 spiritum
3272 3243 3373 3298 Dei
3430 3245 3808 3314 permovent,

2157 3310 2453 3386 spiritum,
2485 3331 2657 3386 quem
2687 3332 2720 3369 a
2742 3310 2987 3370 Domino
3007 3310 3336 3386 sumpsere,
3370 3310 3670 3368 saicularis
3714 3310 3810 3366 rei

2158 3385 2345 3457 gratia
2375 3385 2734 3441 concutiunt.
2771 3407 2799 3435 ‹‹
2835 3387 2968 3441 Lata
2997 3385 3175 3457 atque
3201 3385 3414 3440 diffusa
3445 3391 3545 3457 est,
3583 3399 3809 3457 opera-

2159 3454 2240 3512 tio
2275 3457 2435 3524 mali,
2461 3457 2808 3527 multiplicia
2839 3454 3500 3528 spiritus'incitamenta
3523 3454 3813 3528 jaculan-

2161 3530 2277 3593 tis;
2317 3549 2343 3576 ι)
2393 3529 2478 3582 sic
2522 3525 2651 3598 ipse
2680 3525 3070 3582 Tertullianus
3121 3527 3395 3597 loquitur,
3443 3525 3551 3598 lib.
3581 3526 3649 3579 de
3676 3525 3812 3598 ΔΡιξ-

2158 3603 2356 3653 tientia
2377 3603 2432 3653 et
2460 3595 2564 3653 lib:
2603 3599 2668 3652 de
2699 3599 3056 3670 Spectaculis.
3096 3617 3118 3646 ι
3161 3595 3336 3665 Deus,
3390 3597 3606 3670 inquit,
3668 3595 3812 3664 Spi-

2158 3671 2337 3724 ritum
2397 3674 2687 3736 sanctum,
2737 3669 2936 3741 utpote
2988 3675 3369 3741 proﬂuature
3429 3669 3580 3741 bono
3634 3670 3807 3721 tene-

2158 3757 2290 3796 rum
2348 3746 2404 3795 et
2459 3739 3284 3812 delicatum,_tranquillitate,
3318 3744 3374 3795 et
3407 3739 3693 3812 plenitate,
3750 3741 3813 3812 et

2159 3813 2370 3893 quiete,
2392 3816 2449 3893 et
2478 3829 2616 3884 pace
2635 3807 2892 3893 tractare
2916 3807 3205 3893 praecepit.
3242 3834 3270 3861 α
3301 3807 3813 3893 ldcirconplacuit

2160 3882 2435 3937 Eliberini
2478 3880 2716 3939 concilii
2776 3880 3046 3938 Patribus
3102 3880 3300 3939 cereos
3363 3897 3465 3953 per
3524 3880 3684 3953 diem
3740 3880 3806 3953 in

2160 3954 2490 4008 coemeterio
2549 3971 2664 4009 non
2724 3953 2976 4021 incendi,
3010 3969 3136 4009 can.
3189 3954 3296 4008 33:
3339 3951 3381 4002 ‹‹“
3427 3951 3808 4022 lnquietandi

2160 4026 2312 4079 enim
2346 4025 2588 4097 spiritus
2619 4031 2958 4081 sanctorum
2986 4043 3098 4080 non
3129 4030 3290 4097 sunt.
3324 4046 3351 4073 ››
3388 4023 3808 4094 lnquietantur

2161 4103 2353 4169 autem
2381 4095 2799 4169 ritu__profano
2839 4103 2895 4152 et
2941 4095 3165 4169 gentili.
3221 4095 3366 4169 Nam
3435 4111 3538 4165 per
3565 4098 3809 4169 noctem

2161 4167 2397 4238 quidem
2434 4165 2600 4240 nulli,
2633 4167 2859 4240 opinor,
2915 4165 3086 4239 grave
3115 4172 3217 4240 aut
3246 4166 3556 4221 molestum
3605 4165 3813 4240 fuerit,

2165 4235 2298 4292 cum
2349 4239 2426 4294 sit
2475 4235 2771 4310 plane,'et
2816 4235 3060 4295 luminis
3105 4237 3333 4310 solatio,
3394 4242 3452 4310 et
3505 4235 3812 4310 pudicitia:

2160 4307 2493 4364 testimonio
2523 4310 2938 4368 necessarium.
2984 4311 3062 4366 De
3086 4309 3268 4364 cereis
3314 4313 3371 4362 et
3411 4307 3675 4363 lucernis
3707 4323 3819 4379 per

2162 4381 2316 4435 diem
2369 4381 2628 4436 accensis
2678 4383 2961 4437 nonnulla
3010 4380 3455 4436 observabimus
3503 4379 3610 4432 lib.
3647 4377 3816 4432 Ii'ad

2167 4453 2423 4524 Uxorem,
2459 4453 2527 4506 ad
2561 4452 2705 4506 illud
2742 4468 2754 4506 :
2785 4473 2813 4503 «
2847 4454 2910 4507 Et
2943 4453 3214 4524 procedet
3242 4451 3511 4524 dejranua
3540 4450 3815 4504 laureata

2164 4529 2220 4576 et
2248 4523 2566 4584 lucernata.
2601 4527 2665 4577 ut
2695 4524 2764 4578 de
2795 4521 3314 4580 novo'consistorio
3348 4521 3663 4577 libidinum
3690 4537 3812 4592 pu-

2164 4592 2470 4649 blicarum.
2511 4614 2532 4640 c
2569 4594 2694 4648 Βία.

2235 4666 2345 4735 (48)
2394 4666 2755 4735 Prmumptio
2810 4663 3258 4736 impedimentum
3323 4664 3556 4736 timoris.
3613 4663 3814 4736 Agrguf

2165 4733 2426 4791 mentum
2461 4737 2590 4795 hoc.
2623 4733 2798 4807 quam
2822 4733 3188 4791 necessarius
3219 4737 3295 4789 sit
3343 4734 3515 4788 timor
3572 4734 3671 4807 Dei
3714 4733 3807 4787 ad

2164 4807 2412 4862 salutem
2453 4805 2945 4877 consequendam,
2992 4811 3203 4863 tractat
3241 4807 3485 4877 Prosper
3524 4805 3808 4877 Aquitan.

424 4854 940 4950 astaraman
974 4854 1142 4950 36st;
1157 4854 1721 4950 ἰἰὲιίἧίιᾶξθιέιῖὡέοἶπῒ
1736 4854 1848 4950 Ilii
1873 4854 2058 4932 Ἶγὶῖιῖο
2086 4854 2134 4918 Ι)
2163 4854 2290 4934 Ῐίῖῗ
2302 4854 2945 4950 ὶῖῗὲίε”ῐνῖιῖι’“ἓᾶἦῖεῗῆἷρῖ.’
2960 4854 3226 4950 φξρῗὶἴς
3241 4854 3264 4861 ’
3280 4854 3812 4950 actisactis;

421 4943 728 5017 videantur
775 4948 930 5017 quod
963 4948 1195 5013 nolint;
1233 4948 1314 5001 sis
1357 4947 1653 5008 incedant.
1703 4953 1767 5001 ut
1823 4948 2055 5002 incessu

424 5013 558 5090 ipso
583 5013 861 5089 cultuque
892 5035 1006 5074 non
1037 5019 1890 5090 denegentﬁquodpromittunt
1944 5020 2053 5073 im-

420 5087 670 5157 pudicae.
713 5087 862 5144 Tum
921 5090 1132 5151 ingerit
1166 5087 1375 5153 {Quid
1452 5087 1662 5146 mirum
1707 5092 1729 5144 Ρ
1785 5105 2056 5161 perversa

421 5165 560 5232 sunt
590 5161 786 5232 omnia
815 5178 940 5232 quae
974 5161 1072 5216 Dei
1109 5177 1218 5215 non
1253 5164 1409 5215 sunt.
1435 5161 1554 5214 Bia.

501 5231 609 5300 (46)
670 5231 802 5298 Qum
837 5231 965 5286 inon
1012 5235 1144 5287 velit
1191 5233 1393 5286 ideirco
1449 5247 1504 5285 se
1561 5231 1876 5298 expingcre.
1948 5232 2051 5283 Ar-

416 5301 667 5376 guithic
701 5304 1210 5376 medicamentaet
1242 5304 1440 5376 fucum
1470 5318 1640 5372 quem
1693 5301 2052 5376 adhibebant

415 5371 688 5430 mulieres
719 5379 782 5429 ut
814 5375 1061 5430 nitorem
1096 5375 1205 5429 sibi
1238 5371 1632 5437 conciliarent,
1667 5377 1841 5442 atque
1870 5372 1926 5426 in
1959 5387 2049 5440 eo,

417 5452 480 5500 ut
509 5445 682 5499 habet
711 5444 976 5500 Clemens
1007 5447 1184 5510 Alex.,
1237 5445 1449 5513 Patdag.
1479 5461 1562 5508 In,
1595 5459 1720 5513 cap.
1753 5446 1804 5510 2,
1853 5460 2046 5498 rerum

417 5519 679 5572 omnium
715 5517 976 5586 opiﬁcem
1013 5518 1430 5586 reprehendere
1453 5515 1738 5578 videntur,
1785 5515 1884 5586 qui
1932 5532 2044 5570 non

351 5648 362 5652 ,
415 5589 564 5660 satis
599 5587 1053 5660 pulchritudinis
1077 5587 1322 5660 largitus
1345 5587 1447 5660 sit.
1488 5593 1564 5640 Ls
1602 5591 1704 5639 Pa.

486 5654 787 5730 (47)'Ccrte
841 5658 933 5713 vel
976 5654 1889 5730 spiritu'scandalumpermovegt
1943 5654 2047 5730 (ita

417 5725 589 5798 tua);
639 5729 922 5801 Spiritum
987 5725 1348 5797 concutiunt,
1418 5725 1764 5800 inquietant.
1819 5725 2043 5784 Etenim

2169 4953 2264 5003 tur
2294 4954 2363 5003 de
2394 4950 2602 5004 timore
2623 4965 2755 5004 cum
2775 4947 3218 5020 oppositiOnead
3255 4947 3810 5020 prmsumptionem,

2166 5027 2228 5074 ut
2260 5019 2352 5074 hic
2383 5020 2782 5076 Tertullianus
2807 5019 2825 5089 ξ
2851 5019 2932 5075 ait
2960 5020 3116 5076 enim
3150 5019 3418 5074 homines
3477 5034 3713 5072 cessare
3775 5034 3815 5073 a

2162 5091 2372 5215 Emore
2399 5091 2520 5158 Dei,
2551 5091 2776 5148 illectos
2807 5107 2910 5163 spe
2962 5096 3334 5163 praesumpta)
3382 5089 3803 5162 impunitatis.

2209 5178 2298 5215 ac.

2209 5178 2298 5217 AC.

2231 5234 2340 5318 (49)
2375 5233 2547 5318 Quam
2577 5235 2627 5287 si
2655 5234 2812 5318 Deus,
2836 5232 3154 5302 amplianda
3177 5230 3385 5316 legem,
3416 5247 3451 5285 a
3479 5230 3637 5318 fact?
3687 5238 3811 5318 stu:

2153 5302 2249 5373 pri
2277 5320 2384 5358 non
2415 5304 2716 5374 distinguat
2735 5305 2796 5358 in
2825 5320 3007 5374 paena,
3040 5305 3216 5358 nescio
3248 5320 3322 5358 an
3352 5305 3576 5374 impune
3604 5302 3813 5374 habent

2159 5372 2277 5443 quae
2307 5377 2480 5430 alicui
2531 5372 2711 5444 fuerit
2755 5372 2923 5431 causa
2967 5376 3316 5444 perditionis.
3350 5372 3672 5442 Ampliavit
3719 5373 3811 5427 le-

2160 5461 2287 5515 gem
2323 5446 2588 5500 Christus
2610 5462 2743 5500 eum
2774 5447 2854 5500 ait
2879 5462 2892 5500 :
2925 5445 3166 5502 Audistis
3196 5447 3330 5516 quia
3359 5445 3564 5516 dictum
3594 5453 3810 5516 estran-

2155 5519 2367 5586 tiquis:
2426 5519 2544 5571 Non
2610 5519 2993 5573 masc/laberis.
3041 5519 3148 5588 Ego
3206 5515 3339 5571 vero
3400 5515 3518 5588 dico
3603 5515 3808 5569 vobis:

2153 5588 2473 5714 guicunque
2534 5591 2732 5656 aspicit
2750 5589 3040 5644 mulierem
3088 5586 3180 5643 'ut
3238 5586 3607 5658 concupiscat,
3687 5592 3808 5641 etc.

2206 5675 2280 5714 ια.

2206 5675 2280 5714 ια.

2223 5760 2292 5772 -—
2320 5731 2440 5787 Non
2466 5729 2780 5803 amplianda
2799 5731 2991 5802 legem.
3023 5727 3113 5787 Sic
3137 5726 3240 5785 lib.
3262 5726 3327 5787 de
3366 5726 3518 5786 Orat.
3544 5725 3809 5784 «Exinde
