4050 6336
258 316 411 376 H33

1300 317 1531 379 LIBER
1574 319 1626 381 II
1672 319 1774 380 DE
1818 319 2077 381 CULTU
2123 320 2619 383 FEMINARUM.

3507 316 3534 375 l
3548 313 3665 375 434

255 449 493 519 cupivit.
552 453 609 504 et
672 449 822 504 facta
867 464 930 505 es
980 452 1038 503 to
1086 450 1313 519 gladius
1370 451 1451 506 illi
1515 453 1644 523 (50).
1700 452 1769 506 Ut
1799 452 1841 485 ⁸⁷
1873 468 1905 505 a
1937 456 1986 521 Α
2020 452 2157 506 Nam
2197 452 2293 507 ubi
2339 452 2642 523 pudicitia,
2703 451 2780 506 ibi
2845 467 3022 505 vacua
3072 447 3471 521 pulchritudo,
3522 447 3664 518 quia

255 536 429 609 culpa
447 554 635 607 vaces,
670 538 742 592 ab
774 537 990 592 invidia
1024 555 1133 594 non
1167 538 1550 606 liborabcris;
1588 545 1649 595 ut
1680 556 1809 594 cum
1847 540 1906 594 in

256 627 511 698 alicujus
542 643 679 697 agro
715 626 1082 681 latrocinium
1120 632 1352 698 gestum
1386 634 1493 693 est,
1529 629 1745 684 crimen
1781 629 1906 699 qui-

255 716 385 769 dem
424 714 728 770 dominum
764 733 875 770 non
911 717 1199 788 contingit
1230 717 1312 781 ⁸ος
1366 719 1505 772 dum
1560 736 1660 773 rus
1708 722 1905 774 tamen

253 806 383 875 ejus
413 804 739 876 ignominia
766 806 1157 877 notatur,ipsc
1187 824 1421 879 quoque
1442 807 1687 862 infamia
1715 823 1907 879 asper-

252 894 430 964 gitur.
466 893 864 965 Expingamus
898 912 1025 963 nos,
1059 900 1124 951 ut
1155 896 1321 951 alteri
1356 897 1649 969 pereant?
1680 896 1785 951 Ubi
1818 900 1907 952 est

252 998 425 1054 ergo:
463 982 676 1053 Diliges
734 983 1063 1053 proximum
1126 989 1291 1039 tuum
1352 986 1502 1041 sicut
1562 990 1616 1041 te
1663 985 1900 1057 ipsum;

252 1070 429 1125 nolite
458 1076 653 1125 vestra
682 1074 909 1126 tantum
944 1089 1148 1127 curare
1177 1074 1244 1140 δ’,
1278 1074 1375 1128 sed
1412 1074 1655 1129 alterius
1675 1074 1703 1127 ?
1732 1072 1904 1129 Nulla

250 1159 580 1214 enuntiatio
610 1158 863 1231 Spiritus
916 1162 1118 1216 1³19
1179 1162 1366 1217 sancti
1429 1163 1498 1217 ad
1559 1168 1902 1233 prmsentem

249 1250 481 1302 tantum
516 1249 819 1304 materiam
856 1256 909 1304 et
943 1267 1056 1305 non
1084 1252 1153 1306 ad
1180 1267 1413 1306 omnem
1442 1252 1715 1307 utilitatis
1743 1268 1904 1307 occa-

252 1336 475 1391 sionem
506 1337 679 1411 dirigi
712 1343 767 1392 et
817 1340 1031 1408 suscipi
1089 1341 1260 1395 debet
1308 1341 1375 1394 7°.
1428 1341 1571 1395 Cum
1624 1341 1803 1413 igitur
1846 1343 1903 1396 et

251 1432 451 1481 nostra
481 1432 538 1482 et
571 1427 820 1483 aliorum
855 1445 1033 1484 causa
1063 1434 1325 1485 versetur
1353 1430 1411 1484 in
1441 1430 1637 1485 studio
1672 1430 1898 1501 pericu-

252 1514 532 1570 losissimi
567 1517 817 1585 decoris,
846 1518 970 1587 jam
1005 1535 1117 1573 non
1153 1523 1383 1573 tantum
1417 1520 1675 1574 conficta:
1707 1519 1901 1575 stela-

249 1602 464 1657 borataa
499 1603 958 1675 pulchritudinis
990 1608 1033 1642 τί
1069 1612 1411 1679 suggestum
1450 1609 1560 1677 (5l)
1620 1624 1898 1662 recusan-

249 1690 392 1746 dum
426 1708 459 1747 a
486 1693 649 1748 vobis
681 1694 902 1760 sciatis,
928 1696 1027 1749 sed
1053 1696 1227 1750 etiam
1253 1695 1541 1750 naturalis
1564 1696 1901 1767 speciosita—

248 1780 325 1835 tis
359 1780 823 1837 oblitterandum
880 1784 1355 1839 dissimulatione
1414 1789 1470 1838 et
1525 1784 1771 1853 incuria,
1834 1790 1900 1841 ut

258 1868 498 1939 proinde
530 1870 835 1926 oculorum
869 1872 1208 1941 incursibus
1243 1872 1578 1928 molestum.
1613 1874 1756 1928 Nam
1791 1876 1899 1929 etsi

246 1959 619 2013 accusandus
653 1960 825 2015 decor
874 1977 989 2015 non
1040 1965 1148 2027 est,
1205 1966 1270 2015 ut
1321 1961 1568 2017 felicitas
1616 1963 1897 2035 corporis,

246 2051 311 2101 ut
338 2047 542 2102 divinae
577 2048 830 2119 plasticae
861 2050 1117 2105 accessio
1152 2051 1283 2121 (52),
1320 2056 1385 2105 ut
1444 2052 1652 2105 animas
1701 2052 1899 2122 aliqua

243 2135 423 2190 vestis
455 2138 681 2192 urbana
710 2139 792 2205 ἠς
828 2139 1159 2193 timendum
1193 2144 1388 2193 tamen
1423 2146 1512 2193 est
1539 2140 1627 2194 vel
1666 2146 1899 2211 propter

245 2221 520 2292 iniuriam
556 2230 611 2279 et
640 2225 975 2280 violentiam
1012 2232 1429 2296 spectatorum,
1469 2245 1592 2299 qua:
1625 2230 1669 2269 ⁷³
1720 2228 1894 2284 etiam

245 2316 413 2384 pater
444 2314 573 2367 ﬁdei
610 2315 903 2369 Abraham
948 2316 1001 2369 in
1056 2316 1253 2369 uxoris
1304 2333 1421 2371 suis
1472 2318 1664 2389 specie
1715 2318 1896 2389 perti-

246 2402 417 2471 muit,
445 2406 501 2457 et
532 2419 790 2457 sororem
826 2405 1105 2459 mentitus
1137 2406 1335 2459 Saram
1398 2407 1513 2475 (53)
1543 2408 1587 2443 7‘
1640 2407 1893 2465 salutem

243 2491 601 2547 contumelia
632 2492 899 2548 redemit.

882 2652 1117 2710 CAPUT
1155 2655 1251 2711 III.

315 2777 483 2833 Nunc
517 2794 631 2833 non
665 2777 742 2833 sit
798 2778 1060 2834 timenda
1108 2779 1363 2852 dignitas
1410 2780 1629 2848 formas,
1677 2784 1741 2837 ut
1785 2796 1892 2837 nec

243 2866 681 2937 possidentibus
737 2868 950 2938 gravis,
1012 2884 1116 2923 nec
1165 2870 1576 2941 appetentibus
1620 2870 1885 2939 exitiosa,

249 2970 355 3011 nec
386 2955 715 3025 conjunctis
749 2956 1111 3027 periculosa;
1145 2974 1259 3013 non
1291 2958 1554 3029 exposita
1610 2959 1888 3015 tentatio-

2018 543 2247 612 proprie
2274 559 2414 595 usus
2447 546 2499 595 et
2534 542 2757 595 fructus
2790 537 3245 612 pulchritudinis
3272 536 3520 602 luxuria,
3546 535 3660 591 nisi

2017 631 2063 685 si
2094 632 2225 702 quis
2260 632 2436 685 aliam
2472 646 2721 685 messem
2754 628 2947 685 decori
3006 626 3263 699 corporis
3320 626 3659 681 arbitratur.

2016 718 2132 773 Illis
2163 719 2274 775 sibi
2309 720 2727 775 formositatem
2761 729 2815 774 et
2846 721 3039 773 datam
3074 716 3393 771 extendant
3438 718 3495 769 et
3544 731 3659 769 non

2017 809 2207 864 datam
2244 809 2613 881 conquirant.
2648 826 2774 881 quas
2808 808 2957 880 quod
2987 808 3058 861 ab
3086 805 3185 860 illa
3210 805 3522 877 flagilatur,
3548 802 3658 857 sibi

2016 914 2247 969 quoque
2270 902 2622 968 praestarese
2642 903 3011 970 putant,cum
3040 895 3205 949 alteri
3231 894 3656 967 praestant(55).

2014 986 2172 1041 Dicet
2203 986 2455 1058 aliquis;
2490 988 2635 1053 Quid
2670 1004 2805 1057 ergo
2838 1004 2975 1050 non,
3008 990 3065 1040 et
3113 984 3347 1039 exclusa
3402 982 3653 1049 luxuria,

2013 1080 2066 1128 et
2099 1076 2357 1130 admissa
2389 1076 2674 1143 castitate,
2710 1076 2881 1129 laude
2915 1076 3108 1129 formae
3147 1073 3270 1128 sola
3320 1072 3429 1126 frui
3480 1074 3537 1125 et
3585 1073 3655 1127 de

2012 1164 2163 1218 bono
2196 1164 2453 1235 corporis
2483 1164 2719 1235 gloriari
2752 1164 2885 1219 licet
2912 1164 3003 1218 '5?
3034 1162 3271 1229 Viderit,
3329 1177 3501 1233 quem
3549 1161 3653 1230 ju-

2010 1258 2105 1306 vat
2137 1254 2205 1307 de
2236 1270 2407 1308 carne
2437 1254 2696 1325 gloriari.
2730 1253 2908 1308 Nobis
2942 1257 3134 1307 autem
3166 1251 3353 1323 primo
3412 1249 3650 1321 quidem

2012 1340 2237 1396 nullum
2273 1342 2466 1413 glorias
2525 1343 2810 1411 studium,
2859 1342 2999 1412 quia
3050 1339 3234 1412 gloria
3282 1337 3653 1395 exaltationis

2007 1426 2309 1501 ingenium
2342 1434 2450 1485 est.
2487 1434 2661 1485 Porro
2694 1429 2964 1485 exaltatio
2984 1446 3096 1483 non
3120 1427 3391 1499 congruit
3434 1427 3653 1497 profes-

2010 1520 2242 1575 soribus
2302 1521 2507 1575 1320
2565 1520 2919 1574 humilitatis
2979 1535 3047 1573 ex
3114 1516 3466 1589 praescriptis
3531 1515 3647 1571 Dei.

2011 1609 2225 1662 Deinde
2258 1609 2304 1662 si
2347 1609 2540 1664 omnis
2608 1608 2791 1680 gloria
2846 1625 2994 1663 vana
3047 1611 3103 1661 et
3156 1610 3458 1677 stuporata
3513 1606 3648 1672 (56),

2009 1701 2229 1767 quanto
2272 1700 2460 1767 magis
2492 1715 2617 1769 quas
2651 1698 2709 1752 in
2743 1712 2915 1751 carne
2949 1696 3116 1751 nobis
3148 1696 3461 1749 duntaxat!
3501 1694 3648 1749 Nam

2006 1786 2112 1839 etsi
2137 1786 2504 1857 gloriandum
2528 1791 2636 1857 est,
2662 1786 2718 1841 in
2751 1785 2992 1857 spiritus
3012 1786 3202 1853 bonis,
3232 1800 3347 1838 non
3370 1786 3429 1838 in
3451 1799 3648 1852 carne,

2011 1874 2237 1945 placere
2265 1874 2408 1931 velle
2437 1877 2738 1942 debemus,
2772 1875 2910 1946 quia
2954 1872 3350 1947 spiritualium
3400 1875 3651 1926 sectato-

2010 1981 2103 2019 res
2121 1981 2345 2030 sumus;
2372 1964 2430 2018 in
2457 1966 2670 2036 quibus
2694 1962 3153 2037 operemur,illis
3176 1966 3230 2017 et
3253 1961 3647 2033 gaudeamus;

2008 2053 2078 2106 de
2110 2052 2201 2106 his
2233 2053 2476 2123 gloriam
2511 2069 2843 2125 carpamus,
2878 2053 2947 2107 de
2979 2051 3192 2122 quibus
3224 2050 3472 2105 salutem
3527 2065 3659 2120 spe-

2007 2143 2412 2196 ramus.Planc
2430 2141 2777 2213 gloriabitur
2791 2141 3157 2197 Christianus
3178 2139 3348 2195 etiam
3378 2139 3435 2193 in
3454 2154 3650 2205 carne,

2006 2232 2104 2285 sed
2139 2247 2270 2284 cum
2306 2236 2540 2301 propter
2568 2230 2864 2285 Christum
2915 2230 3168 2285 lacerata
3214 2228 3528 2289 duraverit.
3583 2231 3649 2282 ut

2003 2323 2060 2372 et
2090 2318 2409 2389 spiritusin
2444 2336 2509 2374 ea
2542 2325 2872 2388 coronetur,
2906 2337 3018 2375 non
3067 2324 3132 2373 ut
3179 2317 3378 2373 oculos
3428 2322 3490 2370 ut
3542 2333 3643 2370 su-

2007 2409 2189 2479 spiria
2232 2409 2687 2464 adolescentium
2725 2414 2855 2481 post
2880 2424 2941 2464 se
2972 2408 3183 2463 trahat.
3236 2412 3321 2461 Ita
3370 2407 3523 2477 quod
3578 2421 3646 2460 ex

2002 2498 2160 2551 omni
2194 2502 2356 2569 parte
2386 2497 2441 2552 in
2478 2498 2641 2553 vobis
2672 2503 2857 2567 vacat,
2892 2497 3099 2553 merito
3130 2502 3186 2551 et
3216 2512 3327 2551 non
3360 2495 3642 2550 habentes

2001 2586 2339 2653 fastidiatis,
2370 2591 2427 2642 et
2454 2586 2738 2643 habentes
2756 2586 3310 2659 negligatis.Sancta
3332 2584 3547 2640 femina
3568 2584 3645 2639 sit

2002 2674 2347 2730 naturaliter
2378 2676 2661 2747 speciosa,
2696 2694 2810 2732 non
2845 2677 2988 2731 adeo
3022 2675 3099 2731 sit
3129 2672 3454 2741 occasioni;
3488 2678 3643 2728 certe

1999 2762 2049 2818 si
2089 2764 2281 2831 fuerit,
2316 2781 2431 2819 non
2462 2763 2754 2837 ignorare,
2787 2765 2889 2821 sed
2921 2765 3098 2821 etiam
3131 2763 3416 2835 impedire
3442 2779 3505 2818 se
3544 2763 3641 2817 de-

1995 2851 2096 2909 bet
2123 2852 2187 2906 ⁷⁸.

2632 2944 2862 2999 CAPUT
2902 2943 2995 2997 ιν.

241 3044 442 3110 nibus,
501 3060 617 3099 non
677 3044 1041 3101 circumdata
1096 3046 1391 3103 scandalis
1450 3047 1818 3104 existimetur
1870 3065 1962 3156 το
2070 3047 2245 3111 Quasi
2274 3048 2591 3119 gentilibus
2623 3050 2836 3117 dicam,
2870 3045 3075 3121 gentili
3108 3053 3165 3105 et
3192 3046 3639 3105 communiom-

243 3132 461 3156 -.-ΡΩ-ΞΔ.
522 3135 669 3156 ----.Ι
708 3134 927 3156 -_._-'I:_
970 3134 1067 3156 “-2
1107 3134 1210 3156 'EI\
1247 3152 1353 3156 _-_
1402 3140 1478 3156 __A
1537 3153 1665 3156 ,,-_A
1718 3155 1726 3156 κ
1753 3138 1823 3156 κηὲ
2018 3138 2076 3156 ,3,
2111 3154 2157 3156 Δ-
2199 3154 2370 3156 “,,,,__
2430 3144 2474 3156 ι,
2519 3137 2646 3156 κὶιην
3070 3138 3107 3156 ‘3
3191 3155 3219 3156 η
3309 3138 3396 3156 91',
3436 3142 3553 3156 ,_,_s
3594 3136 3639 3156 3-

241 3132 484 3200 sufficit,
518 3135 671 3205 quod
705 3134 930 3206 angelis
968 3134 1069 3192 Dei
1098 3134 1212 3208 (51s)
1246 3152 1361 3193 non
1393 3140 1483 3193 est
1534 3138 1887 3197 necessaria.

2000 3138 2164 3193 nium
2197 3144 2483 3210 praecepto
2510 3137 2816 3211 alloquens
2846 3156 2970 3206 vos,
3001 3138 3144 3195 solis
3175 3138 3406 3195 maritis
3434 3136 3644 3193 vestris

1654 3312 1856 3374 Varia:
1903 3313 2220 3378 lectiones.

306 3438 349 3472 ‘7
371 3438 740 3520 _Rig.gladius
774 3440 1117 3520 i_lli,ﬁut_etsi
1148 3442 1381 3520 aculpa
1409 3459 1598 3512 vaces,
1632 3447 1704 3499 ab
1738 3446 1853 3520 inv.
1888 3464 1947 3520 n.
1980 3448 2265 3505 libereris.
2342 3452 2384 3485 ⁸⁸
2419 3453 2536 3520 Rig.
2564 3452 2862 3519 continget
2893 3450 3096 3515 ;Seml.
3130 3446 3645 3517 constringit,dum

239 3526 348 3593 res“
364 3517 561 3593 tamen
595 3516 703 3593 etc.
775 3513 828 3593 I“
847 3512 1027 3593 §eml.
1072 3514 1251 3593 nolite
1283 3512 1476 3593 vestra
1500 3532 1727 3593 curare:
1803 3518 1848 3593 7_°
1877 3518 2044 3575 Semt.
2081 3528 2290 3593 potest.
2368 3524 2408 3557 ⁷³
2443 3512 2607 3577 δὲγηΙ.
2636 3512 2916 3577 libidinis.
2950 3523 3039 3575 Iv'r.
3066 3521 3271 3593 Junius
3324 3512 3642 3590 cupidinis.

236 3581 282 3656 ff
314 3580 607 3656 S_ic_Geten.
633 3586 684 3637 et
722 3583 806 3638 ed.
839 3586 1004 3639 Fran.
1042 3603 1056 3654 ;
1098 3588 1221 3655 Rig.
1255 3587 1432 3642 vestis
1464 3588 1657 3656 bona;
1691 3587 1859 3644 Seml.
1898 3580 2145 3649 vestitus
2180 3597 2351 3650 bona.

2454 3596 2501 3628 ⁷⁸
2531 3597 2649 3664 Rig.
2704 3594 2838 3649 viol.
2875 3592 3276 3659 sectationem,
3305 3606 3500 3664 quam
3532 3596 3641 3664 etc.

314 3653 439 3736 god.
467 3655 642 3736 AAgob.
680 3659 745 3736 et
769 3660 931 3736 Isaac
962 3652 1219 3736 sororem
1252 3660 1583 3736 ementibus
1614 3652 1950 3736 Rebeccam.
2030 3665 2073 3701 π
2103 3667 2218 3735 Rig.
2255 3666 2545 3735 castitate,
2598 3652 2809 3721 laudes
2862 3665 3123 3736 corporis
3168 3652 3421 3736 gloria-m7
3463 3661 3648 3736 licet?

236 3724 279 3806 is
310 3725 686 3809 RigLSanctte
709 3726 967 3809 feminea,
995 3729 1043 3785 si
1076 3737 1270 3785 natur.
1308 3730 1609 3803 speciosa,
1641 3748 1755 3788 non
1787 3734 1931 3789 adeo
1964 3736 2040 3790 sit
2070 3724 2317 3807 occasio,
2351 3744 2503 3793 certe
2532 3724 2580 3792 si
2620 3738 2818 3809 fuerit,
2852 3724 3297 3806 non-adjuvare,
3328 3735 3428 3789 sed
3470 3735 3646 3789 etiam

238 3796 528 3868 impedire
555 3798 746 3854 debet.

1682 3893 2203 3958 Commentarius.

240 4023 439 4089 aperte
475 4021 774 4087 Dominus,
811 4022 1104 4092 amplians
1136 4021 1347 4093 legem,
1375 4023 1522 4077 iram
1553 4022 1611 4078 in
1657 4025 1891 4081 fratrem

240 4091 560 4145 homicidio
594 4092 959 4152 superponit.
994 4112 1024 4144 »
1056 4094 1394 4152 Eodemque
1442 4112 1621 4151 sensu
1670 4095 1771 4152 lib.
1828 4098 1891 4152 ds

243 4107 560 4145 nomicioio
594 4107 959 4165 superponit.
994 4112 1024 4144 »
1058 4107 1394 4165 nouemque
1442 4112 1621 4151 sensu
1672 4107 1771 4152 lib.
1828 4107 1894 4152 de

243 4164 452 4231 Monog.
486 4163 669 4219 dixit:
724 4189 751 4215 ‹‹
786 4165 919 4228 Quae
970 4166 1038 4219 ad
1084 4166 1377 4235 justitiam
1437 4173 1725 4238 spectant,
1777 4185 1891 4224 non

240 4238 473 4311 tantum
506 4243 797 4293 reservata
828 4242 1229 4308 permaneant,
1279 4255 1476 4294 verum
1534 4244 1591 4294 et
1645 4238 1891 4311 amplia-

241 4305 619 4451 ἰῇέὸῗιξῖξτα
656 4394 729 4451 εδ
764 4392 822 4434 tu
850 4378 1080 4451 gladius
1136 4380 1248 4434 illi.
1301 4380 1622 4451 Cyprianus
1670 4381 1772 4437 lib.
1829 4381 1894 4437 de

239 4448 375 4523 Hal).
412 4449 597 4523 Virg.;
634 4471 661 4501 ι
690 4450 761 4523 U_t
787 4450 895 4505 etsi
930 4451 1058 4522 ipsa
1089 4468 1203 4507 non
1239 4448 1464 4523 pereas,
1499 4452 1645 4507 alios
1692 4459 1890 4509 tamen

238 4520 471 4595 perdas,
495 4520 662 4595 velut
692 4520 965 4595 gladium
980 4528 1038 4579 te
1068 4528 1126 4578 et
1156 4520 1446 4579 venenum
1480 4525 1609 4595 ejus
1641 4524 1891 4582 videnti-

238 4593 350 4647 bus
375 4593 653 4662 prazbeas.
690 4615 717 4642 »
752 4594 881 4649 RIG.

314 4645 423 4737 (5i)
471 4645 1292 4732 Elaea—ratae:—vpulchritudinis
1360 4670 1694 4737 suggestum.
1764 4667 1889 4722 Non
1921 4645 1966 4710 Π

239 4733 428 4809 solum
464 4736 534 4790 de
565 4753 731 4809 coma
758 4738 931 4792 verba
962 4737 1082 4793 Ilth
1114 4733 1479 4809 accipienda,
1531 4740 1630 4794 sed
1678 4741 1749 4793 de
1802 4745 1888 4794 to-

237 4805 359 4883 tius
391 4808 653 4883 corporis
685 4814 916 4873 ornatu,
949 4825 1052 4879 per
1078 4805 1400 4882 suggestum
1448 4827 1585 4866 vero
1637 4827 1887 4883 appara-

235 4881 361 4950 tum
396 4878 675 4950 intellige.
719 4886 788 4934 La
828 4885 931 4935 Pa.

307 4948 417 5023 (52)
454 4952 513 5023 b’t
544 4948 755 5008 diuina:
782 4951 1036 5022 plasticae
1065 4953 1323 5007 accessio.
1358 4951 1685 5023 Cyprianus
1728 4970 1887 5008 mar-

236 5024 329 5095 tyr
358 5022 427 5075 de
461 5022 660 5095 habitu
686 5024 978 5094 virginum
1006 5039 1018 5077 :
1045 5024 1260 5095 «Quod
1286 5022 1433 5095 opus
1456 5024 1557 5078 Dei
1580 5032 1637 5078 et
1664 5026 1889 5080 factura

236 5094 365 5160 ejus
397 5096 453 5147 et
482 5093 730 5164 plastica
768 5093 1085 5151 adulterari
1135 5095 1297 5150 nullo
1326 5093 1527 5150 'modo
1576 5097 1811 5154 debeat.
1856 5118 1885 5147 »

240 5179 424 5234 RHEN.

311 5252 419 5327 (53)
457 5255 519 5307 Et
565 5269 805 5327 sororem
857 5257 1120 5310 mentitus
1170 5254 1384 5309 Saram.
1445 5255 1506 5309 In
1566 5254 1885 5327 exemplari

236 5320 483 5448 Regitur:
522 5348 547 5373 ι‹
581 5330 647 5380 Et
679 5326 836 5382 Isaac
860 5343 1117 5383 sororem
1142 5326 1459 5382 ementitus
1485 5320 1827 5383 Rebecca‘m.
1855 5351 1883 5377 »

290 5409 368 5447 re.

290 5409 368 5447 1G.

305 5494 376 5505 -—-
398 5466 461 5519 Et
482 5482 724 5523 sororem
743 5469 1007 5524 mentitus
1032 5469 1236 5524 Saram
1264 5467 1579 5523 Multorum
1626 5469 1885 5525 exercuit

238 5534 650 5606 ingenialocus
682 5539 776 5593 hic
799 5560 820 5612 ;ν
848 5541 946 5609 qui
978 5541 1131 5595 enim
1168 5540 1456 5595 mendacii
1492 5541 1880 5612 patrocinium

234 5616 639 5677 susceperunt,
678 5612 781 5665 hoc
813 5611 936 5667 loco
963 5629 1093 5668 vere
1124 5614 1471 5677 abutuntur,
1505 5618 1561 5667 et
1593 5613 1649 5667 in
1707 5628 1881 5668 suum

234 5694 475 5734 sensum
511 5680 881 5740 detorquent.
913 5688 1032 5738 Hac
1063 5685 1132 5739 de
1160 5700 1219 5740 re
1250 5684 1645 5740 consulendus
1680 5686 1736 5739 Β.
1762 5689 1880 5738 Au-

232 5750 507 5821 gustinus
537 5752 638 5810 lib.
672 5750 737 5809 de
767 5754 1057 5823 Mendacio,
1100 5756 1171 5810 ad
1217 5757 1615 5826 Consentium,
1653 5760 1725 5827 jet
1772 5755 1877 5812 lib.

2003 4048 2143 4093 xm,
2174 4033 2301 4088 adv.
2330 4036 2609 4088 Faustum.
2644 4033 2721 4086 Ls
2752 4037 2853 4087 Pa.

2078 4105 2191 4174 (54)
2223 4104 2451 4173 Angelis
2482 4106 2595 4159 Dei.
2635 4104 2950 4167 Fidelibus,
2983 4103 3225 4158 sanctis.
3261 4102 3385 4157 RIG.

2076 4172 2183 4245 (55)
2218 4172 2337 4232 Illae
2367 4177 2476 4231 sibi
2517 4178 2928 4246 formositatem,
2988 4180 3040 4229 et
3086 4175 3274 4229 datam
3323 4172 3643 4240 extendant,

2002 4249 2187 4301 etnon
2216 4247 2404 4301 datam
2436 4252 2740 4317 requirant,
2776 4263 2918 4317 quae,
2972 4246 3111 4317 quod
3159 4248 3227 4301 ab
3275 4247 3374 4299 illa
3424 4246 3646 4314 ﬂagita-

2000 4320 2110 4383 tur,
2146 4320 2255 4373 sibi
2285 4335 2493 4390 quoque
2521 4329 2784 4389 pra’stare
2804 4336 2861 4373 se
2888 4326 3105 4390 putant,
3141 4317 3279 4388 quod
3307 4319 3474 4372 alteri
3494 4332 3646 4386 prse—

2000 4393 2175 4445 stant.
2213 4391 2349 4453 Quae
2380 4389 2463 4445 sic
2496 4389 2911 4459 interrogantis
2944 4396 3183 4445 accentu
3216 4390 3460 4460 legenda
3488 4392 3645 4457 sunt,

2002 4467 2067 4515 ut
2100 4463 2146 4516 si
2182 4462 2434 4517 diceret:
2472 4462 2669 4516 Nonne
2703 4465 2916 4533 pudeat
2945 4462 3330 4527 Christianas,
3380 4460 3645 4516 nativum

2000 4533 2114 4587 sibi
2150 4534 2345 4588 formae
2371 4536 2549 4588 decus
2583 4551 2811 4599 augere,
2844 4536 2928 4589 vel
2991 4534 3040 4589 si
3089 4533 3257 4601 desit,
3311 4538 3431 4588 arte
3482 4548 3645 4587 men-

2000 4605 2285 4678 dacioque
2317 4606 2590 4678 supplere
2623 4623 2751 4677 quae
2784 4608 2936 4677 quod
2972 4608 3043 4661 ab
3086 4622 3156 4678 ea
3207 4604 3645 4678 pulchritudine

2000 4676 2318 4749 flagitetur,
2377 4676 2585 4749 nempe
2642 4676 3097 4733 vehementioris
3147 4676 3409 4732 libidinis
3452 4676 3646 4731 incen-

1998 4750 2182 4814 dium,
2219 4767 2282 4804 ac
2317 4767 2417 4821 per
2448 4750 2556 4803 hoc
2587 4751 2793 4803 animas
2856 4750 3195 4821 perniciem,
3245 4750 3355 4804 sibi
3410 4764 3643 4821 quoque

1998 4827 2275 4891 praestare
2306 4820 2366 4877 Se
2400 4826 2629 4893 putant,
2663 4822 2797 4893 quia
2832 4820 2995 4876 alteri
3033 4821 3356 4892 prazstant?
3387 4820 3535 4877 Sane
3592 4820 3643 4876 si

1996 4909 2127 4965 vere
2158 4899 2297 4948 sunt
2329 4894 2691 4951 Christianas.
2720 4895 2875 4948 haud
2908 4894 3076 4949 aliter
3100 4910 3296 4949 secum
3324 4895 3639 4965 putabunt.

1999 4964 2123 5019 Rm.
2160 4996 2228 5005 —-
2262 4966 2329 5021 Ut
2371 4965 2511 5020 mihi
2547 4982 2677 5021 vero
2708 4967 2958 5034 videtur,
3001 4966 3192 5021 locum
3247 4963 3342 5019 hic
3391 4981 3506 5020 non
3538 4963 3643 5019 ha-

1997 5037 2093 5091 bet
2124 5038 2522 5111 interrogatio,
2555 5038 2655 5093 sed
2688 5055 2755 5093 ea
2783 5056 2908 5111 quas
2965 5057 3019 5111 a7
3046 5037 3376 5111 rhetoribus
3423 5034 3644 5111 dicitur

1996 5109 2330 5164 concessio:
2362 5108 2521 5164 solas
2554 5126 2765 5182 nempe
2796 5108 2966 5182 posse
2999 5109 3380 5182 formositatis
3422 5109 3635 5164 habere

1995 5197 2219 5247 curam,
2251 5198 2374 5252 quas
2405 5182 2609 5253 carnis,
2628 5180 2812 5253 opera
2860 5199 2973 5236 non
3026 5182 3223 5236 minus
3273 5180 3429 5253 sibi,
3459 5197 3636 5252 quam

1996 5253 2158 5307 alteri
2194 5259 2471 5325 praestare
2530 5252 2727 5319 velint,
2781 5254 2839 5307 id
2899 5254 3165 5309 concedit
3213 5252 3633 5309 Tertullianus.

1996 5327 2133 5379 Enn.

2066 5397 2177 5467 (56)
2211 5398 2273 5451 Si
2301 5398 2479 5452 omnis
2521 5397 2699 5469 gloria
2727 5412 2873 5469 vana
2910 5405 2960 5451 et
3007 5400 3315 5469 stuporata.
3364 5400 3637 5469 Stupora-

1994 5472 2112 5539 tam
2149 5469 2287 5522 dicit
2319 5485 2420 5539 pro
2460 5468 2673 5539 stolida
2730 5472 2787 5521 et
2839 5468 3049 5522 hebeti.
3107 5469 3227 5532 Quo
3272 5468 3641 5524 sensu’dixit

1992 5538 2274 5603 Catullus,
2311 5538 2337 5588 «ὲ
2370 5538 2529 5593 Talis
2563 5540 2670 5593 iste
2702 5556 2869 5594 meus
2901 5546 3107 5610 stupor
3138 5539 3219 5594 nil
3248 5539 3425 5608 videt,
3487 5541 3635 5596 nihil

1992 5612 2175 5683 audit.
2214 5634 2240 5659 »
2275 5611 2405 5683 Ipse
2431 5611 2848 5683 Tertullianus,
2882 5610 3027 5666 libro
3064 5612 3381 5683 superiore.
3417 5613 3516 5667 ubi
3565 5614 3637 5668 de

1989 5682 2208 5754 lapillis
2240 5687 2296 5756 et
2327 5682 2589 5737 calculis.
2624 5705 2653 5731 «
2684 5682 2881 5756 Solum
2915 5682 3399 5741 huncm’ulierum
3434 5688 3635 5756 stupo-

1990 5771 2113 5810 rem
2148 5754 2431 5811 wdiﬁcare
2466 5758 2769 5810 noverunt.
2812 5778 2832 5805 1
2866 5755 2993 5811 Rm.
