4050 6344
403 389 556 450 1435

947 391 1461 452 TERTULLIAN]
1510 392 1832 453 ΟΡΕῆοΜ
1874 392 2074 453 PARS
2118 392 2168 452 Ῑ.
2197 425 2274 436 -
2317 391 2591 454 SERIES
2636 391 2711 464 ll,
2757 389 3241 452 DOGMATICA.

3645 389 3673 444 1
3685 385 3804 444 436

403 518 634 590 placere
674 520 899 575 debetis
933 522 1064 592 (57).
1109 523 1172 576 In
1221 524 1453 577 tantum
1497 530 1690 578 autem
1736 523 2039 594 placabitis
2068 525 2122 590 Α
2153 527 2384 593 straret,
2416 523 2528 578 nisi
2565 522 2664 594 qui
2693 527 2750 578 et
2777 521 3036 578 hominis
3061 519 3335 592 spiritum
3357 518 3591 573 malitia
3610 521 3806 572 trans-

404 609 511 674 eis,
545 609 604 663 in
634 613 918 680 quantum
981 608 1180 666 alteris
1229 610 1454 682 placere
1505 628 1621 666 non
1680 611 2044 667 curaveritis.

403 697 634 752 Secura:
663 701 868 765 estote,
904 699 1218 754 benedictae
1246 723 1260 766 ;
1293 716 1436 754 uxor
1465 699 1629 754 nulla
1657 700 1936 755 deformis
1957 705 2048 756 est

393 785 607 841 marito
641 803 785 855 suo;
825 787 968 842 satis
1000 787 1238 858 placuit,
1272 804 1404 842 cum
1433 787 1612 843 electa
1641 793 1747 854 est,
1781 805 1880 844 seu
1916 805 2042 844 mo-

396 871 583 940 ribus,
619 890 720 929 seu
784 874 971 929 forma
1013 876 1438 931 commendata.
1493 876 1572 932 Ne
1622 892 1738 948 qua
1786 880 2042 933 vestrum

401 966 589 1031 putet,
623 963 672 1018 si
704 963 1117 1034 temperaverit
1175 980 1208 1018 a
1255 963 1676 1035 compositione
1721 965 1833 1029 sui,
1892 981 1954 1021 se
2001 967 2045 1000 ⁷⁷

401 1051 604 1105 odium
653 1054 710 1106 et
769 1052 1126 1106 eversionem
1187 1052 1526 1108 maritorum
1581 1058 2042 1124 prosecuturam.

404 1138 604 1195 Omnis
637 1140 885 1194 maritus
913 1139 1197 1195 castitatis
1226 1145 1457 1196 exactor
1485 1145 1606 1208 est;
1641 1141 1888 1197 formam
1911 1159 2042 1198 vero

406 1229 598 1285 ﬁdelis
629 1245 740 1283 non
775 1227 1124 1298 expostulat,
1157 1229 1296 1300 quia
1326 1246 1442 1284 non
1469 1229 1675 1284 iisdem
1702 1230 1890 1300 bonis,
1916 1248 2042 1301 qua:

403 1316 648 1390 gentiles
689 1321 914 1386 putant,
962 1316 1262 1387 capimur;
1312 1316 1566 1372 infidelis
1614 1322 1814 1372 contra
1866 1319 2040 1374 etiam

404 1409 741 1477 suspectam
774 1403 970 1471 habet,
1000 1404 1088 1459 vel
1122 1411 1356 1476 propter
1389 1406 1548 1461 illam
1581 1405 1922 1462 sceleratam
1982 1408 2039 1461 in

405 1512 512 1551 nos
543 1495 877 1566 opinionem
909 1495 950 1529 ⁷⁸
981 1495 1311 1566 gentilium.
1344 1495 1442 1550 Cui
1475 1513 1610 1568 ergo
1651 1496 2042 1568 pulchritudi-

403 1599 538 1640 nem
571 1588 732 1639 tuam
763 1583 1070 1639 nutris?Si
1103 1583 1314 1650 ﬁdelis,
1339 1602 1452 1639 non
1475 1584 1682 1656 exigit;
1706 1584 1756 1640 si
1785 1585 2041 1656 gentilis,

404 1690 520 1728 non
553 1672 738 1727 credit
767 1673 829 1725 ⁷ο.
862 1671 1009 1735 Quid
1041 1672 1225 1745 gestis
1257 1678 1357 1727 aut
1382 1679 1652 1745 suspecto
1677 1678 1779 1729 aut
1805 1691 1919 1729 non
1950 1675 2046 1729 de-

405 1760 685 1816 sideranti
717 1761 945 1832 placere
969 1759 996 1815 ?

931 1904 1135 1959 1321
1173 1903 1402 1960 CAPUT
1449 1903 1520 1958 V.

483 2026 614 2082 Haec
645 2026 846 2098 utique
875 2043 990 2082 non
1020 2027 1093 2082 ad
1123 2027 1366 2082 crudam
1399 2027 1458 2082 in
1489 2031 1676 2083 totum
1708 2031 1764 2083 et
1796 2027 2043 2083 ferinam

405 2115 812 2171 habitudinem
855 2115 1272 2171 insinuandam
1302 2115 1347 2151 ⁸ο
1395 2116 1562 2172 vobis
1609 2122 2039 2189 suggeruntur;

408 2221 514 2260 nec
531 2205 601 2260 de
623 2205 773 2260 bono
794 2204 1086 2278 squaloris
1108 2213 1164 2260 et
1184 2204 1949 2276 padorissuademus",sed
1973 2206 2043 2262 de

406 2292 578 2347 modo
602 2296 659 2347 et
687 2292 922 2347 cardine
951 2295 1009 2346 et
1027 2291 1265 2362 justitia
1294 2293 1553 2364 corporis
1583 2292 1879 2349 excolendi
1907 2293 2040 2364 (58).

406 2378 532 2434 Non
591 2381 1155 2452 supergrediendum
1212 2380 1367 2436 ultra
1415 2398 1588 2452 quam
1638 2381 1937 2454 simplices
1989 2387 2045 2436 et

406 2467 768 2524 sufﬁcientes
799 2467 1101 2522 munditia:
1165 2470 1608 2539 concupiscunt,
1656 2469 1811 2524 ultra
1867 2486 2042 2539 quam

404 2555 650 2612 Domino
695 2555 904 2627 placet.
955 2559 1019 2610 In
1068 2555 1234 2611 illum
1285 2557 1442 2611 enim
1493 2557 1864 2630 delinquunt,
1921 2575 2043 2628 qua:

407 2647 601 2698 cutem
662 2642 1148 2698 medicaminibus
1206 2649 1432 2714 ungunt
1461 2645 1528 2711 ⁸⁵³,
1577 2661 1756 2718 genas
1833 2647 2044 2701 rubore

406 2730 706 2787 maculant
734 2734 932 2786 oculos
967 2731 1208 2802 fuligine
1236 2733 1348 2804 (59)
1373 2733 1657 2788 collinunt
1679 2734 1743 2787 ⁸³.
1769 2734 2045 2801 Displicet

406 2820 688 2876 nimirum
707 2819 825 2874 illis
842 2819 1082 2890 plastica
1102 2820 1197 2874 Dei
1221 2821 1419 2891 (60),in
1443 2821 1586 2893 ipsis
1609 2824 2042 2894 redarguunt”,

409 2907 845 2980 reprehendunt
875 2909 1155 2964 artiﬁcem
1201 2909 1315 2980 (61)
1373 2910 1659 2966 omnium.
1711 2911 2041 2983 Reprehen-

411 2997 558 3052 dunt
586 2997 764 3066 enim,
788 3013 922 3052 cum
953 2998 1287 3069 emendant,
1321 3016 1454 3053 cum
1488 3000 1793 3070 adjiciunt,
1841 3001 2044 3074 utique

406 3084 476 3141 ab
518 3085 847 3141 adversario
903 3086 1124 3141 artiﬁce
1154 3092 1453 3142 sumentes
1479 3089 1880 3144 additamenta
1910 3090 2043 3160 ista,

412 3173 471 3228 id
505 3178 593 3229 est
621 3172 853 3230 diabolo
884 3174 947 3228 ⁸⁵.
1001 3178 1148 3230 Nam
1198 3175 1295 3245 qui
1340 3193 1552 3248 corpus
1599 3180 1826 3234 mutare
1877 3195 2043 3234 mon-

2072 1891 2119 1955 B

2157 611 2476 683 ﬁguravit?
2508 611 2608 668 Ille
2639 611 2964 666 indubitate
2994 607 3333 680 hujusmodi
3366 606 3608 680 ingenia
3662 621 3802 660 con-

2154 700 2427 767 cinnavit,
2471 706 2535 756 ut
2563 701 2621 756 in
2658 700 2826 756 nobis
2858 699 3288 771 quodammodo
3322 713 3537 752 manus
3562 700 3676 751 Deo
3708 694 3803 749 in-

2155 791 2329 846 ferret
2360 792 2469 862 (62)
2499 790 2564 845 ⁸⁸.
2597 789 2759 854 Quod
2790 788 3071 854 nascitur,
3131 805 3280 859 opus
3330 786 3428 841 Dei
3481 790 3610 851 est;
3661 800 3800 856 ergo

2153 879 2307 950 quod
2341 878 2583 950 ﬁngitur
2611 878 2676 946 ⁸⁷,
2704 875 2920 934 diaboli
2953 876 3250 948 negotium
3273 880 3381 930 est.
3412 873 3616 928 Divino
3637 873 3802 942 operi

2151 970 2374 1021 Satanas
2403 966 2636 1039 ingenia
2667 966 3056 1038 superducere
3088 979 3263 1035 quam
3298 961 3616 1018 scelestum
3669 957 3804 1015 estl

2153 1055 2314 1109 Servi
2349 1054 2532 1109 nostri
2563 1057 2634 1109 ab
2665 1053 2920 1109 inimicis
2952 1052 3170 1108 nostris
3219 1050 3370 1105 nihil
3424 1053 3804 1116 mutuantur,

2154 1143 2368 1198 milites
2392 1143 2460 1198 ab
2484 1143 2647 1198 hoste
2668 1142 3039 1214 imperatoris
3063 1141 3152 1196 sui
3178 1139 3325 1194 nihil
3349 1137 3801 1209 concupiscunt.

2151 1231 2230 1286 De
2261 1231 2591 1286 adversario
2618 1231 2772 1287 enim
2807 1231 2958 1301 ejus,
2983 1231 3041 1284 in
3066 1229 3238 1299 cujus
3263 1244 3441 1282 manu
3461 1225 3808 1296 sis,aliquid

2152 1319 2284 1374 usui
2345 1319 2661 1391 postulare,
2717 1317 3107 1390 transgressio
3157 1321 3268 1371 est.
3336 1313 3713 1369 Christianus
3773 1329 3810 1367 a

2153 1406 2306 1461 malo
2354 1407 2453 1461 illo
2512 1407 2889 1478 adjuvabitur
2930 1406 2987 1459 in
3039 1403 3279 1475 aliquo?
3329 1403 3527 1457 nescio
3567 1419 3642 1456 an
3694 1400 3808 1455 hoc

2153 1512 2364 1551 nomen
2415 1496 2464 1550 ei
2511 1500 2862 1566 perseveret.
2920 1494 3042 1549 Erit
3089 1493 3248 1548 enim
3305 1492 3456 1562 ejus,
3496 1492 3569 1546 de
3628 1490 3809 1560 cujus

2152 1584 2432 1641 doctrinis
2479 1585 2690 1640 instrui
2751 1581 3134 1655 concupiscit.
3185 1583 3484 1647 Quantum
3530 1583 3735 1634 autem
3774 1596 3810 1634 a

2151 1674 2359 1728 vestris
2391 1672 2721 1745 disciplinis
2769 1677 2826 1728 et
2873 1670 3339 1744 professionibus
3395 1668 3588 1724 aliena
3637 1672 3808 1734 sunt,

2153 1779 2324 1833 quam
2364 1762 2601 1831 indigna
2655 1760 2894 1816 nomine
2953 1758 3285 1814 Christiano
3336 1757 3542 1812 faciem
3605 1756 3811 1811 ﬁctam

2153 1855 2402 1921 gestare,
2435 1850 2647 1920 quibus
2679 1848 3026 1919 simplicitas
3044 1847 3237 1902 omnis
3262 1845 3581 1912 indicitur;
3610 1845 3814 1916 efﬁgie

2157 1938 2409 2009 mentiri,
2441 1939 2658 2010 quibus
2687 1938 2889 2010 lingua
2919 1953 3044 1991 non
3081 1934 3218 1989 licet
3245 1952 3258 2002 ;
3306 1939 3592 2005 apertere,
3643 1933 3818 2003 quod

2152 2028 2353 2082 datum
2389 2044 2502 2083 non
2534 2028 2605 2082 sit
2637 2028 2678 2064 ⁸⁸
2703 2027 2839 2098 (63),
2862 2024 3080 2096 quibus
3097 2022 3355 2078 alienum
3379 2021 3818 2077 abstinentiam

2151 2115 2210 2170 in
2244 2115 2436 2186 specie
2467 2131 2752 2181 exercere,
2789 2113 2997 2169 I322
3051 2111 3264 2183 quibus
3304 2109 3570 2165 studium
3626 2108 3804 2180 pudi-

2151 2203 2297 2260 citiae
2329 2207 2417 2259 est
2445 2203 2489 2239 ¹⁹
2515 2202 2528 2257 l
2561 2203 2804 2268 Credite,
2830 2199 3165 2269 benedicta,
3191 2199 3484 2271 quomodo
3502 2203 3806 2269 praecepta

2151 2293 2250 2347 Dei
2281 2291 2643 2362 custodietis,
2675 2290 3027 2346 liniamenta
3053 2289 3185 2360 ejus
3224 2286 3284 2342 in
3313 2287 3480 2342 vobis
3526 2303 3647 2341 non
3707 2301 3814 2340 cu-

2150 2382 2466 2437 stodientes
2491 2381 2519 2435 ?

2786 2511 3011 2568 CAPUT
3062 2510 3158 2564 Vl.

2222 2646 2402 2703 Video
2434 2646 2722 2718 quasdam
2755 2643 3033 2716 capillum
3081 2658 3247 2698 croco
3295 2644 3562 2708 vertere;
3618 2641 3814 2711 pudct

2155 2751 2254 2790 eas
2283 2735 2459 2790 etiam
2491 2734 2746 2790 nationis
2785 2751 2922 2800 suis,
2968 2732 3123 2804 quod
3179 2747 3297 2786 non
3338 2731 3651 2784 Germanas
3701 2733 3813 2782 aut

2154 2823 2328 2879 Gallae
2359 2825 2479 2878 sint
2509 2828 2860 2895 procreatae;
2895 2822 2977 2876 ita
3005 2819 3256 2892 patriam
3297 2815 3510 2889 capillo
3541 2816 3812 2871 transfe-

2153 2918 2290 2968 runt
2319 2913 2396 2980 '0;
2432 2911 2582 2967 male
2612 2929 2676 2967 ac
2710 2911 2962 2982 pessime
2985 2908 3097 2965 sibi
3119 2907 3504 2979 auspicantur
3525 2904 3813 2960 ﬂammeo

2154 3001 2344 3072 capite
2377 3001 2513 3074 (64),
2549 3005 2607 3056 et
2635 3001 2912 3055 decorum
2972 3001 3202 3070 putant,
3249 2995 3406 3067 quod
3456 2993 3808 3065 inquinant.

2151 3090 2365 3162 Atquin
2423 3095 2480 3147 et
2535 3089 2951 3146 detrimentum
2984 3076 3270 3143 crinibus
3331 3083 3813 3140 medicaminum

2151 3179 2240 3235 vis
2273 3179 2453 3235 inurit
2480 3183 2537 3235 et
2583 3179 2818 3235 cerebro
2869 3173 3209 3250 perniciem,
3259 3173 3437 3231 etiam
3484 3171 3819 3243 cujuslibet

1797 3322 1998 3383 Varias
2069 3323 2391 3384 lectiones.

475 3433 518 3508 "_"
549 3433 890 3508 fur-{iculum
914 3448 974 3508 se
1005 3431 1097 3488 hic
1126 3432 1474 3508 inserendum
1495 3437 1830 3508 putavimus.
1861 3438 2023 3508 ιιορ.
2100 3438 2146 3473 ⁷⁸
2174 3439 2299 3507 Rig.
2341 3435 2425 3490 vel
2457 3453 2527 3491 ex
2552 3435 2651 3508 illa
2681 3433 2960 3491 scelerata
2990 3434 3050 3488 in
3101 3431 3530 3508 nos_opi‘nione.
3552 3503 3567 3508 _
3609 3431 3664 3508 7°_
3683 3432 3814 3502 Rig.

412 3503 459 3559 si
485 3502 729 3569 inﬁdeli,
765 3502 1091 3572 simplicem
1124 3521 1237 3559 non
1293 3505 1496 3560 credit.

1600 3507 1644 3541 ⁸ο
1695 3509 1814 3578 Rig.
1873 3507 1986 3562 non
2046 3508 2106 3562 in
2163 3509 2404 3562 crudam
2439 3539 2508 3548 ——-
2559 3507 2931 3576 insinuanda,
2979 3509 3097 3578 etc.

3205 3503 3478 3558 t'1’Semt.
3536 3503 3609 3557 de
3650 3504 3814 3558 bono

410 3576 669 3655 corporis
700 3573 1056 3655 squalorem,
1090 3577 1190 3655 sed
1221 3575 1292 3655 de
1318 3577 1543 3655 puteris
1576 3573 1779 3633 suadf
1821 3578 1867 3613 ⁸³
1898 3581 2016 3650 Rtg.
2048 3586 2279 3655 urgent.
2307 3650 2320 3655 Α
2350 3579 2399 3655 fi?
2429 3580 2512 3633 Ita
2539 3579 2623 3634 ed.
2655 3583 2828 3635 Fran.
2859 3573 3032 3655 ειξᾳιζ.
3059 3597 3086 3655 .-_
3119 3575 3304 3655 δινηιᾷ
3333 3573 3620 3655 colligunt
3678 3575 3808 3655 Rig.

412 3647 736 3722 porrigunt.
811 3646 857 3680 “
887 3647 1009 3714 Rig.
1039 3646 1096 3698 in
1126 3647 1271 3722 ipsis
1299 3663 1361 3702 se
1382 3649 1662 3722 nimirum
1695 3646 1980 3722 arguunt:
2045 3651 2090 3685 ⁸⁸
2107 3646 2226 3718 Rig.
2254 3650 2674 3722 additamenta.
2707 3655 2760 3705 Is
2782 3655 2872 3705 est
2895 3647 3208 3722 diabolus._
3261 3647 3306 3722 ἐξ
3327 3648 3447 3716 Rig.
3475 3647 3617 3722 utin
3640 3647 3817 3700 vobis

412 3721 976 3803 pareat‘mann‘u'syos
1007 3717 1448 3803 quodammon
1472 3719 1586 3802 Deo
1619 3717 1850 3802 inferre.
1903 3721 1970 3803 f7
1994 3723 2049 3775 It:

2170 3717 2428 3803 diligitur
2449 3717 2884 3803 (ἐμπλάττεται).
2960 3721 3004 3755 ⁸⁸
3030 3718 3154 3803 Cod.
3173 3717 3613 3803 Agobtq‘uodmad‘
3630 3721 3815 3803 tuth

409 3787 522 3864 non
563 3788 656 3843 sit.
677 3787 777 3864 ___”
804 3788 922 3858 Rig.
954 3787 1165 3864 quibus
1198 3789 1376 3846 alieni
1401 3791 1766 3848 abstinentia
1794 3787 2095 3848 traditur'?
2121 3787 2468 3848 adulterium
2501 3787 2560 3847 in
2591 3810 2680 3864 sp.
2711 3809 2800 3849 ex.
2826 3787 2851 3863 ;’
2875 3807 2975 3864 qu.
3009 3795 3082 3846 st.
3116 3787 3258 3861 pud.
3291 3787 3421 3845 sit?
3495 3788 3539 3823 ⁸ο
3567 3789 3695 3858 Rig.
3731 3787 3816 3843 ita

407 3861 532 3931 jam
563 3857 805 3931 capillos
838 3857 1046 3916 transf.

1845 3953 2357 4015 Commentarius.

485 4074 596 4144 (57)
628 4072 769 4128 Solis
799 4077 1018 4133 maritis
1046 4077 1237 4131 vestris
1277 4076 1493 4147 placere
1525 4076 1745 4132 debetis.
1797 4077 2054 4133 Ironiam
2085 4081 2128 4146 C
2167 4097 2199 4135 a

421 4144 516 4199 hic
547 4161 663 4219 non
696 4162 946 4219 agnosco
978 4164 1152 4219 quam
1191 4144 1356 4218 putat
1411 4148 1763 4205 Rhenanus:
1815 4165 2054 4205 sensum

421 4232 549 4291 esse
579 4216 1328 4291 existimo,Tertullianum
1385 4221 1688 4275 severioris
1737 4221 2055 4291 disciplinae

422 4286 682 4364 oblitum
707 4289 1305 4364 permitterefeminis
1331 4295 1396 4364 ut
1417 4291 1740 4364 ornatiores
1762 4286 2059 4364 paulisper

422 4359 915 4434 incedant,_modo
949 4378 1020 4416 ne
1042 4360 1106 4434 id
1137 4361 1248 4434 alio
1277 4362 1470 4434 animo
1501 4363 1737 4430 faciant,
1762 4359 1974 4434 'quam-
1998 4369 2061 4419 ut

423 4430 652 4502 maritis
681 4429 965 4502 placeant.
996 4433 1088 4488 Sic
1116 4433 1272 4488 enim
1303 4432 1568 4490 Clemens
1613 4429 1926 4491 AleXandr.
1967 4437 2058 4491 in-

424 4501 662 4573 dulgere
691 4503 939 4576 videtur.
970 4505 1254 4574 Pwdagog.
1289 4513 1372 4572 ut,
1405 4505 1478 4561 iis
1519 4522 1647 4576 quas
1681 4506 1910 4562 maritis
1955 4508 2060 4561 mi-

421 4589 532 4646 nus
561 4574 999 4646 continentibus
1033 4580 1378 4646 nupserunt.

493 4644 604 4716 (58)
634 4645 858 4700 Iustitia
877 4644 1446 4716 corporis—excolendi.
1490 4647 1580 4701 Sic
1619 4645 1768 4702 libro
1817 4648 1883 4702 de
1932 4650 2058 4703 Pal-

427 4715 815 4789 tiojustitiam
836 4715 994 4788 pallii
1015 4718 1289 4789 dixit,pro
1312 4719 1486 4789 pallio
1511 4719 1654 4777 bene
1675 4719 2057 4787 convenienti,

421 4787 851 4860 benesedenti,
876 4795 931 4844 et
960 4806 1138 4860 supra
1167 4787 1416 4860 colorem
1447 4789 1925 4860 injustum._RIG.

496 4857 602 4928 (59)
648 4858 846 4938 gentos
889 4857 1143 4938 fuligine.
1193 4859 1402 4938 Stibio,
1447 4857 1917 4938 πλατυοφθάλμῳ.
1972 4861 2062 4916 Sic

424 4944 622 5003 supra,
645 4928 810 4985 illum
832 4928 1026 5002 ipsum
1051 4932 1282 5003 nigrum
1307 4928 1743 5003 pulverem,quo
1758 4928 2061 4989 oculorum

423 5001 658 5055 exordia
690 5001 1270 5072 producunturCRIo.

494 5101 577 5147 Γ,
595 5071 1038 5147 Oculos/uligine
1056 5076 1360 5147 porrigunt.
1393 5073 1560 5147 Forte
1581 5076 1883 5146 perlinunt.
1916 5071 2059 5128 Κιλ-

425 5135 752 5217 λιϐλὲφαρον
785 5135 1298 5217 ἱήἰθῖιὶττξίὶάιλοέίᾶ
1337 5135 1741 5214 palpebrarum
1786 5151 2061 5202 venusta-

425 5218 543 5290 tem
577 5216 906 5290 Utebantur.
960 5216 1122 5290 Apud
1171 5217 1528 5290 Petronium,
1564 5242 1590 5267 ‹‹
1627 5220 1916 5290 corymbio
1950 5219 2061 5290 Vdo-

426 5285 599 5358 minae
631 5287 790 5356 pueri
822 5285 1068 5346 adornat
1113 5293 1325 5358 caput,
1359 5287 1475 5342 imo
1526 5285 1841 5358 supercilia
1885 5289 2060 5344 etiam

423 5356 641 5481 profert
671 5360 740 5412 de
769 5360 979 5430 pixide.
1017 5384 1063 5442 ι.
1095 5356 1273 5442 Mart:
1295 5356 1418 5440 lib.
1470 5375 1546 5428 1x,
1599 5356 1782 5431 epigr.
1823 5361 1914 5442 38,
1948 5381 1977 5410 ‹‹
2006 5365 2063 5416 et

446 5432 603 5481 ateas
641 5435 870 5481 centum
900 5433 1130 5481 condita
1161 5431 1476 5481 mx1dlbus.
1513 5453 1539 5479 n
1589 5430 1884 5481 Juvenalis
1927 5473 1940 5481 .
1982 5471 1996 5481 .
2042 5473 2056 5481 .

446 5432 603 5502 a_t_e_as
641 5435 871 5487 centum
900 5433 1130 5487 condita
1161 5430 1476 5502 pixidibus.
1513 5453 1553 5502 a
1589 5430 1884 5486 Juvenalis

431 5518 452 5546 ι
475 5497 576 5573 Ille
593 5504 967 5568 supercilium
995 5497 1230 5558 madida
1254 5501 1496 5573 fuligine
1517 5501 1790 5563 tinctum.
1817 5503 2056 5569 obliqua

426 5571 690 5652 producit
710 5590 835 5628 acu.
873 5597 899 5652 fc
934 5575 1177 5652 Uxorem
1212 5571 1388 5628 suam
1412 5573 1627 5652 laudat
1670 5575 2057 5630 Philostratus

425 5644 507 5720 in.
524 5644 694 5720 epist.
713 5717 721 5720 _
737 5646 890 5714 quod
937 5646 1297 5720 fuco__genas
1320 5714 1335 5720 _
1356 5661 1476 5720 non
1529 5644 1809 5712 inﬁceret,
1834 5717 1848 5720 _
1869 5662 2058 5720 neque

427 5712 581 5765 inter
610 5712 932 5785 picturatas
962 5712 1237 5771 mulieres
1269 5714 1714 5785 adscriberetur,
1752 5717 1853 5772 sed
1907 5712 2060 5772 inter

427 5794 556 5834 vere
584 5781 881 5851 pulchras.
913 5785 1195 5842 Clementi
1223 5784 1381 5842 Alex.
1412 5791 1470 5843 et
1498 5781 1808 5858 veteribus,
1859 5792 1925 5845 ut
1971 5792 2061 5846 est

2243 4080 2318 4135 ud
2377 4078 2740 4150 Athenaeum,
2800 4075 2919 4150 lib._
2961 4093 3060 4150 xv,
3109 4071 3430 4150 deoalpgbc
3493 4072 3813 4150 ὑπογράφε-

2167 4096 2318 4203 apud
2377 4096 2740 4142 Athenaeum,
2801 4096 2919 4158 ιω..
2961 4096 3062 4159 X_V,.
3109 4096 3430 4150 οφυαΛμους

2166 4171 2196 4204 σ
2232 4165 2285 4202 αι
2315 4156 2404 4206 est
2431 4149 2574 4205 illud
2615 4151 2686 4205 de
2718 4165 2832 4220 quo
2863 4147 2958 4201 hic
2988 4151 3189 4220 igitur.
3238 4147 3305 4220 Ls
3336 4146 3444 4202 PR.

2237 4222 2348 4291 (60)
2381 4223 2625 4277 Plastica
2657 4217 2775 4276 Dei.
2835 4217 3192 4290 Cyprianus:
3244 4218 3386 4291 Opus
3433 4217 3550 4291 Dei,
3605 4219 3656 4272 et
3694 4218 3821 4291 fac-

2167 4287 2288 4347 tura
2319 4287 2456 4364 ejus,
2487 4303 2536 4348 et
2564 4293 2802 4364 plastica
2850 4287 3164 4345 ddutterari
3207 4287 3370 4344 nullo
3416 4289 3574 4344 modo
3631 4289 3817 4343 debet.

2169 4365 2295 4419 Rm.

2237 4434 2348 4504 (61)
2381 4433 2796 4505 Reprehendunt
2839 4432 3142 4505 artiﬁcem,
3195 4434 3310 4505 etc.
3370 4431 3825 4505 Tantum_Ter-

2166 4499 2413 4578 tulliano
2444 4499 2745 4576 displicuit
2776 4499 3134 4578 φιλοκόσμία,
3167 4507 3232 4556 ut
3285 4502 3477 4573 ipsius
3517 4501 3824 4578 artiﬁcem

2169 4577 2469 4632 diabolum
2500 4572 2760 4632 asserere
2788 4572 2908 4630 non
2940 4572 3247 4629 vereatur:
3279 4572 3412 4629 cum
3440 4572 3597 4628 enim
3655 4573 3828 4643 quod

2169 4649 2430 4703 nascilur
2463 4649 2558 4703 Dei
2591 4647 2688 4709 sit,
2719 4647 2989 4718 sequitur
3021 4644 3238 4718 diaboli
3269 4663 3418 4717 opus
3473 4659 3605 4718 esse
3655 4645 3825 4715 quod

2169 4719 2482 4797 afﬁngitur.
2517 4719 2740 4797 Mpnuit
2767 4715 2941 4797 etiam
2973 4716 3278 4797 iniuriam.
3308 4715 3420 4797 Deo
3471 4715 3622 4797 ﬁeri,
3673 4732 3824 4771 cum

2169 4793 2297 4860 ejus
2319 4787 2474 4862 'opus
2503 4795 2774 4846 extraneo
2806 4792 2934 4845 fuco
2965 4794 3023 4843 et
3043 4787 3415 4844 emendicato
3464 4787 3661 4842 nitore
3714 4804 3825 4842 or-

2170 4867 2360 4917 natur.
2396 4867 2469 4915 Ls
2489 4865 2592 4915 Pa.

2241 4934 2350 5001 (62)
2407 4933 2594 4987 Manus
2649 4933 2753 4987 Deo
2811 4933 3058 5001 inferret.
3114 4927 3475 5002 Cyprianus:
3518 4951 3558 5002 _«
3597 4927 3826 4984 Manus

2171 5009 2284 5059 Deo
2316 5003 2591 5072 inferunt,
2627 5000 2939 5075 quandoid
2975 5001 3127 5072 quod
3162 5000 3261 5055 ille
3287 5000 3582 5075 formavit,
3637 5002 3829 5056 refor-

2171 5092 2330 5131 mare
2355 5081 2413 5130 et
2441 5072 2860 5146 transﬁgurare
2889 5075 3276 5146 contendunt.
3314 5094 3335 5120 ι
3356 5072 3500 5146 Βισ.

2241 5147 2357 5216 (63)
2390 5142 2820 5217 Αρρεεενῐᾳαοά
2847 5146 3034 5199 datum
3062 5161 3174 5201 non
3222 5145 3316 5198 sit.
3356 5142 3539 5197 Vetus
3581 5143 3779 5198 codex
3809 5159 3825 5198 :

2173 5219 2319 5286 Quod
2351 5218 2418 5272 ad
2451 5229 2605 5272 tuum
2633 5234 2743 5271 non
2771 5221 2863 5272 sit.
2893 5217 3021 5270 ltio.

2241 5290 2353 5360 (64)
2383 5290 2618 5344 Pessime
2635 5289 2748 5344 sibi
2774 5289 3135 5360 auspicantur
3154 5285 3667 5360 ﬂammeo__capite._
3695 5285 3823 5349 Sio,

2169 5359 2234 5442 l.I
2249 5355 2528 5442 ud'Ugcor.
2549 5381 2568 5416 :
2584 5383 2611 5410 «
2628 5361 2794 5442 ignis
2816 5355 2975 5413 illius
2993 5355 3490 5442 inexstinguibilis
3511 5356 3827 5442 magiuefn

1927 5473 1940 5512 _.
1982 5471 1996 5485 .
2042 5473 2056 5487 .
2091 5450 2136 5516 Ι)
2170 5435 2442 5514 tractant,
2475 5428 2735 5516 auspicia
2765 5447 3120 5516 poenaeque:
3152 5450 3179 5477 »
3207 5428 3570 5516 Cyprianus:
3596 5428 3824 5516 ufMalo

2169 5497 2454 5585 praesagio
2484 5497 2813 5585 fqturorum
2844 5501 3085 5585 capillos
3097 5497 3356 5585 jam‘t'ibi
3379 5497 3692 5585 ﬂammeos
3715 5516 3828 5580 au-

2168 5568 2434 5646 spiceris.
2469 5597 2496 5646 η
2529 5575 2761 5640 Hieron,
2792 5575 2861 5630 ad
2900 5568 3198 5646 Laetamulu
3227 5570 3343 5646 Nec
3383 5568 3671 5646 capillum
3692 5641 3701 5646 _
3723 5571 3823 5625 in-

2168 5640 2350 5773 ﬁufes,
2373 5650 2432 5702 et
2452 5645 2502 5704 ei
2525 5646 2746 5720 aliquid
2766 5646 2835 5702 de
2856 5645 3131 5719 gehennas
3151 5640 3388 5713 ignibus
3409 5641 3766 5713 auspiceris.
3795 5663 3828 5692 ι»

2217 5733 2293 5773 ια.
