4050 6364
176 344 322 402 ΜΗ

1205 333 1438 395 LIBER
1484 332 1536 392 ΙΙ
1577 331 1679 390 DE
1724 328 1983 392 CULTU
2028 329 2523 390 FEMINABUM.

3419 331 3577 390 1442

183 472 519 529 deliciarum
573 468 808 539 ineptiis
858 465 1178 538 occupare?
1224 469 1322 519 Hae
1371 480 1595 535 pompa:
1649 477 1825 533 quam
1858 462 1912 527 Α
1945 460 2146 515 ινιτ
2185 459 2489 532 assignant
2522 465 2760 534 propter
2788 477 3029 532 regnum
3064 461 3161 516 Dei
3194 462 3416 533 (Matth.
3466 478 3563 518 ιιι

183 563 254 617 de
284 560 545 633 proximo
578 560 782 612 curent
812 555 1053 609 luxurio:
1088 555 1386 625 negotium
1412 557 1465 607 et
1489 553 1829 621 obstrepant

183 649 473 723 pudicitia}
506 646 843 717 disciplinis
874 645 1218 715 dignoscere
1251 644 1307 695 in
1344 640 1493 696 facili
1529 646 1641 707 est,
1676 638 1827 709 quod

182 740 425 810 gratiam
461 736 685 791 decoris
717 733 913 788 cultus
937 733 1217 788 societate
1250 732 1607 803 prostituant
1632 745 1643 783 :
1665 729 1828 794 adeo,

185 828 231 884 si
298 826 513 890 desint,
582 824 809 877 irritam
876 826 933 877 et
997 823 1285 892 ingratam
1352 819 1625 885 reddunt,
1675 816 1834 871 velut

184 919 540 972 exarmatam
562 915 580 947 ⁷
606 918 661 966 et
683 910 1274 981 naufragam.Contra
1301 909 1346 962 si
1383 909 1570 963 forma
1602 905 1831 972 deiecit,

186 1002 608 1060 adminiculum
643 998 853 1054 nitoris
886 999 1052 1069 quasi
1084 1000 1153 1054 de
1178 1015 1283 1053 suo
1306 998 1553 1069 gratiam
1578 993 1831 1066 supplet.

186 1095 403 1150 Etates
436 1090 690 1161 denique
722 1087 1014 1159 requietas
1049 1088 1174 1157 jam
1228 1091 1283 1141 et
1332 1085 1391 1139 in
1438 1090 1669 1156 portum
1712 1098 1839 1137 mo-

189 1182 383 1238 destiae
419 1181 529 1250 (80)
562 1179 886 1233 subductas
918 1176 1192 1249 splendor
1235 1180 1291 1230 et
1344 1174 1600 1245 dignitas
1647 1172 1840 1227 cultus

189 1274 427 1328 avocant
469 1275 527 1323 et
577 1266 937 1322 severitatem
986 1264 1443 1337 appetitionibus
1489 1262 1838 1333 inquietant,

193 1356 707 1429 compensantibus
740 1354 960 1410 scilicet
989 1354 1228 1408 habitus
1256 1352 1687 1406 irritamentum
1739 1364 1841 1419 pro

197 1448 405 1520 frigore
436 1447 623 1501 sitatis
652 1444 786 1516 (81).
821 1444 988 1515 Ergo,
1024 1442 1364 1507 benedictae,
1387 1441 1575 1513 primo
1606 1439 1841 1510 quidem

200 1544 265 1593 ut
298 1539 533 1591 lenones
560 1539 617 1587 et
650 1533 1061 1604 prostitutores
1094 1531 1341 1586 vestitus
1370 1534 1423 1583 et
1456 1528 1647 1583 cultus
1682 1543 1752 1582 ne
1784 1527 1841 1580 in

197 1644 296 1683 vos
318 1623 830 1689 admiseritis;tum
856 1622 903 1676 si
930 1638 1077 1693 quas
1099 1621 1185 1675 vel
1206 1615 1845 1687 divitiarum[suarum]

198 1715 285 1771 vel
308 1713 593 1770 natalium
620 1711 708 1766 vel
734 1717 887 1765 retro
909 1710 1261 1781 dignitatum
1286 1708 1433 1763 ratio
1456 1704 1752 1777 compellit
1769 1706 1848 1759 ita

202 1802 567 1877 pompaticas
599 1799 893 1871 progredi,
926 1799 1007 1852 uti
1060 1798 1409 1869 sapientiam
1458 1798 1478 1830 ⁸
1527 1797 1857 1849 consecuta;

202 1898 527 1963 temperare
556 1889 765 1945 saltem
823 1888 894 1942 ab
942 1886 1285 1957 hujusmodi
1335 1889 1554 1953 curate,
1602 1899 1675 1937 ne
1716 1881 1855 1937 totis

203 1980 446 2037 habenis
472 1979 769 2034 licentiam
804 1970 1410 2047 usurpetis'praatextu
1463 1973 1851 2028 necessitatis.

206 2070 505 2137 Quomodo
537 2068 694 2122 enim
728 2065 1121 2121 humilitatem
1153 2082 1326 2136 quam
1360 2064 1673 2120 Christiani
1724 2078 1855 2135 pro-

211 2160 462 2223 ﬁtemur,
500 2156 740 2227 implere
791 2155 1113 2226 poterimus
1162 2155 1203 2221 ⁸,
1259 2170 1373 2207 non
1424 2152 1855 2224 repastinantes

213 2246 545 2302 divitiarum
576 2248 901 2299 vestrarum
935 2241 1021 2297 vel
1053 2242 1471 2313 elegantiarum
1508 2258 1703 2309 usum,
1728 2257 1855 2312 qua:

213 2337 282 2394 ad
329 2336 572 2406 gloriam
630 2332 889 2386 faciunt?
940 2330 1131 2384 Gloria
1175 2335 1366 2384 autem
1414 2330 1687 2399 exaltare,
1741 2348 1854 2385 non

216 2424 524 2479 humiliare
555 2420 1008 2476 consuevit.Non
1044 2418 1196 2474 enim
1225 2424 1457 2473 utemur
1480 2419 1699 2474 nostris
1723 2419 1857 2490 (8‘2)?

217 2514 354 2581 Quis
399 2516 589 2567 autem
637 2510 905 2580 prohibet
972 2509 1101 2562 uti?
1149 2509 1481 2563 Secundum
1526 2508 1856 2580 apostolum

213 2608 427 2670 tamen,
461 2600 559 2671 qui
594 2615 699 2653 nos
730 2598 812 2652 uti
847 2603 1043 2653 monet
1073 2598 1292 2653 mundo
1343 2598 1476 2665 isto,
1525 2598 1693 2669 quasi
1743 2615 1857 2653 non

215 2694 545 2748 abutamur.
600 2688 857 2743 Praeterit
904 2687 1081 2756 enim,
1136 2687 1348 2758 inquit,
1399 2687 1635 2743 habitus
1683 2689 1860 2759 hujus

218 2779 423 2835 mundi
455 2778 590 2849 (33).
625 2778 693 2832 Et
724 2776 824 2847 qui
854 2780 1081 2846 emunt,
1113 2776 1325 2847 inquit,
1357 2776 1441 2832 sic
1471 2782 1667 2847 agant,
1691 2778 1862 2850 quasi

224 2886 337 2925 non
370 2866 759 2941 possidentes.
808 2864 926 2919 Cur
972 2863 1097 2919 ita?
1146 2864 1429 2930 Quoniam
1483 2867 1860 2938 praemiserat,

229 2957 425 3013 dicens
460 2974 471 3012 :
508 2956 766 3025 Tempus
798 2954 857 3007 in
890 2952 1134 3008 collecto
1168 2957 1256 3009 est
1286 2954 1330 3023 (ι
1363 2957 1484 3010 Cor.
1524 2971 1616 3023 ru,
1648 2957 1861 3028 2931).

222 3046 279 3101 8i
310 3062 445 3118 ergo
480 3061 689 3099 uxores
722 3059 955 3115 quoque
985 3042 1147 3114 ipsas
1179 3043 1260 3097 sic
1294 3042 1593 3100 habendas
1622 3046 1863 3102 demon-

223 3139 391 3203 strat,
426 3139 708 3205 tanquam
742 3149 857 3187 non
889 3132 1237 3199 habeantur,
1270 3138 1508 3205 propter
1558 3136 1863 3207 angustias

222 3228 577 3295 temporum,
606 3222 744 3293 quid
776 3222 846 3276 de
875 3220 1039 3276 vanis
1068 3220 1162 3275 his
1191 3219 1605 3279 instrumentis
1634 3226 1867 3280 earum?

225 3312 350 3367 Non
381 3312 537 3369 enim
570 3316 627 3367 et
657 3311 737 3367 ita
786 3309 955 3365 multi
1008 3310 1249 3379 faciunt,
1301 3314 1358 3366 et
1405 3327 1467 3367 se
1514 3313 1869 3383 spadonatui

1942 550 2050 619 12),
2085 554 2202 602 tam
2238 549 2442 604 fortem
2477 555 2532 604 et
2564 550 2771 620 utique
2822 550 3171 621 permissam
3224 551 3583 622 voluptatem

1939 644 2144 709 sponte
2180 645 2457 709 ponentes
2481 639 2769 702 ?Quidam
2799 641 3053 711 ioipsam
3108 640 3209 694 Dei
3264 646 3589 695 creaturam

1940 727 2052 781 sibi
2102 727 2483 798 interdicunt,
2533 728 2897 783 abstinentes
2946 728 3080 782 vino
3128 734 3186 783 et
3232 729 3589 784 animalibus

1941 815 2256 870 esculentis
2282 817 2600 887 “,quorum
2638 818 2859 871 fructus
2894 816 3037 871 nulli
3075 816 3326 887 periculo
3359 823 3459 872 aut
3480 818 3590 873 sol-

1941 904 2230 959 licitudini
2265 905 2549 974 adjacent;
2577 907 2673 959 sed
2711 905 3104 960 humilitatem
3141 907 3347 961 animm
3380 924 3496 961 sum
3531 909 3589 962 in

1944 995 2131 1049 victus
2182 1011 2413 1065 quoque
2464 994 2848 1065 castigatione
2899 1000 3010 1049 Deo
3062 995 3393 1051 immolant.
3441 995 3593 1051 Satis

1948 1084 2124 1154 igitur
2155 1089 2210 1138 et
2240 1100 2341 1137 vos
2376 1101 2491 1137 usae
2522 1084 2663 1139 estis
2687 1083 2910 1145 divitiis
2944 1087 3120 1156 atque
3151 1084 3398 1154 deliciis,
3449 1087 3595 1141 satis

1948 1173 2150 1228 dctum
2213 1178 2537 1227 vestrarum
2598 1173 2851 1227 fructum
2914 1172 3219 1227 decidistis
3290 1174 3403 1245 (84)
3460 1180 3597 1231 ante

1952 1264 2217 1319 notitiam
2253 1260 2597 1316 salutarium
2632 1261 3101 1333 disciplinarum.
3128 1266 3243 1317 Nos
3276 1280 3505 1333 sumus,
3538 1264 3596 1320 in

1952 1369 2101 1424 quos
2131 1353 2513 1405 decurrerunt
2546 1351 2689 1405 fines
2721 1350 3087 1405 smculorum.
3113 1355 3226 1405 Nos
3259 1352 3531 1407 destinati
3567 1370 3601 1409 a

1953 1443 2068 1497 Deo
2092 1446 2225 1495 ante
2252 1440 2533 1493 mundum
2560 1439 2616 1493 in
2643 1439 3087 1494 asstimalionem
3112 1444 3441 1512 temporum
3463 1442 3595 1513 (85);

1952 1537 2232 1599 tanquam
2272 1530 2317 1563 ¹²
2344 1528 2682 1599 castigando
2711 1535 2769 1583 et
2798 1529 3203 1595 castrando,ut
3224 1531 3303 1585 ita
3329 1530 3599 1601 dixerim,

1955 1617 2164 1673 smculo
2196 1618 2501 1671 erudimur
2531 1634 2561 1670 a
2598 1618 2981 1671 t)omino.Nos
3005 1634 3212 1673 sumus
3233 1618 3601 1674 circumcisio

1958 1708 2219 1763 omnium
2254 1712 2309 1761 et
2351 1706 2631 1777 spiritalis
2680 1710 2735 1759 et
2782 1706 3054 1771 carnalis,
3108 1723 3242 1761 nam
3292 1708 3502 1779 Spiritu
3548 1712 3604 1764 et

1964 1812 2136 1851 carne
2168 1795 2471 1850 saecularia
2502 1794 2983 1850 eircumcidimus
3016 1795 3079 1850 ι’.

2614 1883 2849 1938 CAPUT
2875 1882 2940 1937 Χ.

2035 1974 2324 2030 Nimirum
2358 1972 2509 2027 enim
2550 1974 2697 2027 Deus
2731 1972 3154 2028 demonstravit
3188 1974 3378 2029 succis
3408 1973 3609 2029 herba-

1964 2079 2097 2119 rum
2150 2069 2205 2116 et
2248 2061 2601 2116 concharum
2654 2058 2851 2115 salivis
2899 2062 3011 2132 (86)
3060 2063 3369 2133 incoquere
3418 2063 3606 2119 lanas.

1968 2153 2269 2207 Exciderat
2300 2150 2404 2216 illi,
2439 2166 2568 2204 cum
2604 2150 2875 2204 universa
2908 2150 3065 2204 nasci
3093 2150 3345 2219 juberet,
3384 2169 3606 2225 purpu-

1965 2259 2093 2297 reas
2127 2246 2183 2295 et
2213 2240 2514 2294 coccineas
2544 2256 2678 2293 oves
2712 2240 2990 2293 mandare
3025 2255 3037 2292 :
3073 2239 3227 2293 Deus
3258 2246 3313 2294 et
3344 2241 3607 2312 ipsarum

1964 2331 2212 2385 vestium
2245 2328 2509 2383 ofﬁcinas
2541 2332 2932 2397 commentus,
2966 2345 3091 2398 quae
3123 2328 3278 2385 leves
3326 2334 3382 2384 et
3432 2330 3611 2387 exiles

1968 2419 2090 2475 solo
2123 2418 2305 2490 pretio
2338 2417 2540 2472 1328
2573 2433 2776 2488 gravps
2808 2422 3023 2484 essent;
3054 2420 3201 2473 Deus
3223 2423 3278 2473 et
3302 2420 3426 2473 auri
3450 2425 3614 2476 tanta

1967 2525 2142 2580 opera
2174 2508 2455 2578 produxit,
2489 2505 2945 2577 complectendis
2978 2510 3034 2560 et
3064 2507 3494 2578 distinguendis
3525 2510 3612 2565 la-

1970 2597 2150 2669 pillis,
2186 2594 2532 2668 scrupulosa
2559 2596 2707 2650 Deus
2730 2594 2972 2649 auribus
2996 2595 3234 2650 vulnera
3256 2598 3361 2667 (87)
3395 2597 3616 2669 intulit,

1970 2692 2026 2743 et
2056 2688 2201 2741 tanti
2238 2686 2440 2740 habuit
2470 2683 2832 2739 vexationem
2865 2686 3059 2756 operis
3089 2684 3180 2739 sui
3212 2690 3270 2740 et
3317 2688 3613 2743 cruciatus

1970 2775 2228 2834 infantiae
2261 2779 2402 2830 tunc
2433 2772 2689 2845 primum
2722 2771 2995 2842 dolentis,
3029 2777 3093 2827 ut
3122 2789 3190 2828 ex
3222 2773 3337 2829 illis
3376 2776 3446 2831 ad
3496 2776 3613 2831 fer-

1973 2882 2101 2921 rum
2132 2863 2251 2920 nati
2300 2860 2559 2931 corporis
2608 2862 2720 2932 (88)
2770 2860 3138 2916 cicatricibus
3186 2878 3369 2934 grana
3417 2865 3617 2921 nescio

1975 2972 2103 3028 quas
2134 2955 2475 3027 penderent,
2511 2968 2633 3019 quae
2667 2950 2836 3021 plane
2867 2949 3066 3004 Parthi
3102 2968 3202 3020 per
3231 2952 3428 3006 omnia
3460 2971 3618 3025 qua:-

1975 3063 2089 3116 que
2140 3060 2249 3099 sua
2296 3042 2343 3075 ²⁴
2388 3039 2681 3094 bullarum
2725 3039 2845 3093 vice
2875 3040 3164 3107 inserunt,
3195 3058 3530 3112 quanquam
3564 3049 3621 3099 et

1978 3150 2185 3191 aurum
2220 3132 2435 3203 ipsum,
2479 3130 2649 3199 cujus
2698 3146 2796 3183 vos
2844 3127 3030 3199 gloria
3071 3136 3336 3201 occupat,
3384 3132 3618 3188 cuidam

1979 3224 2137 3299 genti
2164 3222 2235 3277 ad
2267 3218 2499 3275 vincula
2528 3216 2740 3273 servire
2766 3217 3023 3271 referunt
3051 3218 3359 3289 gentilium
3394 3220 3617 3277 littera).

1978 3314 2135 3367 Adeo
2168 3326 2281 3365 non
2313 3307 2552 3363 veritate
2583 3306 2733 3360 bona
2765 3310 2922 3371 sunt,
2957 3306 3057 3360 sed
3090 3307 3358 3377 raritate;
3392 3310 3621 3366 artibus

1652 3484 1858 3545 Varias
1903 3482 2221 3546 lectiones.

276 3633 295 3667 ⁷
326 3631 871 3714 Sqml.e§ornatum.
925 3632 966 3714 ‘3
989 3632 1184 3699 Εἰς).Πὶ
1215 3634 1798 3714 s.ap.nonnvi_deantur
1820 3628 2581 3714 co_nsecuta3,t_em.p.rnalum
2612 3627 2947 3714 huiusmodi
2974 3632 3191 3681 curate.
3270 3629 3290 3662 θ
3313 3630 3618 3714 Bigl.qu‘am

210 3705 396 3759 nostri
428 3702 1041 3775 proﬁtentur,implere
1074 3702 1356 3774 poteritis.

215 3776 257 3809 ¹²
292 3777 408 3829 ltia.
446 3778 503 3829 in
532 3776 907 3829 extimatione
938 3775 1267 3829 temnorali.
1308 3776 1355 3829 It

337 3792 389 3846 ³9

1438 3706 1481 3740 ¹⁰
1517 3707 1611 3775 Rzg
1640 3707 1941 3777 Numquid
1974 3722 2088 3761 non
2122 3701 2322 3777 aliquif
2402 3704 2444 3735 ¹¹
2478 3702 2687 3777 Praeter
2720 3701 3023 3777 Higultz‘mn
3048 3700 3618 3777 omnes,exsul_anter.

397 3772 503 3830 fin
532 3772 907 3850 estimatione
938 3772 1267 3845 temporali.
1308 3776 1507 3850 Itaque
1534 3772 1741 3850 castig.
1819 3772 1866 3815 '13
1903 3781 2019 3850 Rig.
2052 3792 2191 3831 nam
2224 3780 2280 3828 et
2308 3774 2366 3826 in
2419 3772 2628 3843 spiritu
2678 3777 2735 3825 et
2784 3772 2839 3824 in
2892 3788 3064 3825 carne
3116 3772 3617 3827 eircumcidimus.

219 3848 262 3883 ¹⁴
291 3848 410 3917 Rz'g.
443 3848 642 3903 Parthi
675 3848 992 3920 peronibus
1026 3864 1259 3917 quoque
1292 3846 1416 3901 suis
1447 3848 1591 3901 bult.
1628 3850 1749 3905 vice
1782 3850 1898 3907 ins.

1650 4018 2170 4079 Commentarius.

283 4168 395 4237 (80)
430 4169 490 4221 In
527 4175 747 4237 portum
776 4166 1078 4224 modestus.
1115 4168 1445 4223 Translatio
1479 4174 1568 4223 est
1616 4187 1647 4224 a
1701 4169 1863 4223 navi-

210 4239 346 4305 bus,
398 4255 527 4309 quss
559 4240 617 4293 in
648 4243 834 4293 tutam
867 4240 1179 4295 stationem
1212 4256 1280 4294 ex
1312 4239 1428 4295 alto
1464 4243 1609 4296 mari
1642 4242 1864 4296 subdu-

212 4318 452 4366 cuntur.
491 4311 667 4364 RHEN.

289 4384 398 4451 (81)
434 4383 925 4451 Compensantibus
952 4383 1162 4437 scilicet
1194 4383 1413 4438 habitus
1446 4384 1865 4438 irritamentum

207 4470 316 4525 pro
346 4454 554 4523 [rigore
583 4456 780 4507 etatis.
831 4453 925 4505 Ait
972 4455 1243 4519 feminas,
1296 4459 1463 4508 astate
1504 4456 1629 4523 jam
1683 4456 1863 4509 defer-

209 4534 502 4593 vescente,
552 4541 795 4593 corpora
842 4541 952 4579 sua
997 4530 1164 4581 tanto
1208 4528 1400 4581 studio
1446 4542 1650 4580 curare
1681 4534 1736 4580 et
1767 4544 1862 4579 co-

211 4597 354 4669 lere,
414 4603 478 4651 ut
528 4597 944 4667 appetitionem
1004 4598 1095 4652 sui
1152 4600 1406 4653 excitent
1457 4615 1468 4652 :
1522 4604 1578 4653 et
1633 4600 1682 4652 si
1732 4598 1872 4669 quid

217 4668 409 4738 frigus
439 4670 625 4722 aetatis
657 4670 755 4722 red
790 4671 1092 4723 accendat.
1129 4670 1249 4724 Bia.

290 4740 401 4809 (82)
435 4741 548 4794 Non
580 4742 732 4794 enim
762 4748 984 4794 utemur
1011 4742 1263 4794 nostris?
1294 4741 1420 4794 Haec
1453 4741 1561 4794 sub
1616 4740 1863 4794 femina-

216 4826 351 4935 Ialm
386 4828 635 4881 persona
666 4814 1223 4882 querentium,quod
1260 4830 1287 4866 a
1318 4814 1442 4868 suis
1476 4813 1862 4883 depellantur.

280 4899 354 4935 ιο.

280 4899 354 4936 lG.

292 4954 404 5023 (83)
436 4955 698 5027 Praeterit
729 4957 877 5009 enim
910 4955 1125 5009 habitus
1156 4956 1319 5027 hujus
1353 4956 1567 5010 mundi.
1596 4954 1868 5010 Habitum

216 5023 542 5099 dicitgquod
577 5026 793 5099 Paulus
824 5032 1034 5099 σχῆμα.
1077 5028 1201 5080 the.

292 5095 405 5165 (84)
465 5096 610 5150 Satis
666 5095 1240 5152 dotum'eestrarum
1291 5100 1506 5167 fructus
1561 5097 1868 5152 decidistis.

218 5165 354 5240 I_iasc
386 5174 553 5240 erant
582 5166 637 5220 in
674 5169 836 5223 libris
861 5168 1145 5224 hactenus
1167 5165 1339 5223 editis
1362 5168 1869 5240 depravatissima.

217 5237 681 5293 Emendavimus
711 5256 779 5294 ex
808 5241 1201 5311 Agobardino.
1242 5241 1332 5295 Ait
1357 5237 1550 5295 autem
1587 5240 1753 5311 quasi
1799 5239 1871 5311 ad

222 5311 569 5365 universum
602 5326 790 5381 genus
822 5310 1171 5367 feminarum
1206 5328 1218 5367 :
1254 5311 1371 5367 Vos
1422 5310 1674 5381 feminae,
1730 5310 1873 5366 satis

222 5387 546 5451 antequam
597 5382 750 5438 inter
797 5383 1064 5439 homines
1116 5385 1384 5440 Christus
1444 5384 1871 5450 nominaretur,

220 5468 346 5506 usm
381 5454 523 5507 estis
552 5454 770 5509 divitiis
799 5462 974 5528 atque
1019 5456 1244 5510 deliciis
1280 5474 1292 5509 :
1326 5455 1471 5511 satis
1523 5455 1871 5528 dotiumgvc-

220 5528 484 5597 strarum
521 5542 750 5593 usuras,
775 5526 901 5597 quas
934 5528 1281 5582 maritorum
1316 5528 1642 5582 commodis
1672 5526 1877 5580 cedere

220 5595 542 5670 debebant,
593 5598 733 5668 ipsas
783 5595 1084 5654 decidistis
1133 5616 1198 5652 ac
1248 5601 1552 5670 prmceptis
1602 5599 1656 5651 in
1707 5614 1878 5670 omne

216 5666 493 5753 luxuriae,
525 5666 734 5750 genus,
766 5670 823 5753 ip
858 5666 1407 5753 sumptus‘ins'anos
1440 5666 1453 5724 Ξ
1482 5672 1631 5753 patis
1664 5669 1877 5753 permi-

218 5739 393 5792 sistis
437 5739 666 5811 decerpi
718 5739 1078 5811 voluptariae
1124 5743 1352 5799 fructus
1402 5742 1879 5814 pulchritudinis,

1976 4186 2091 4239 qua
2123 4170 2332 4239 dotata:
2366 4164 2627 4220 fueratis.
2663 4165 2957 4239 Lusistis:
2991 4164 3135 4219 satis
3166 4170 3273 4219 est.
3310 4170 3473 4239 Nunc
3522 4166 3615 4220 in-

1976 4238 2247 4296 ciderunt
2276 4238 2390 4291 alia
2420 4243 2704 4310 tempora;
2725 4243 2777 4291 et
2811 4238 3049 4310 majoris
3082 4238 3359 4291 momenti
3389 4239 3621 4310 negotia

1973 4329 2076 4367 vos
2110 4316 2308 4365 tenent
2342 4326 2353 4362 :
2389 4307 2734 4362 salutarium
2773 4309 3218 4379 disciplinarum
3253 4307 3492 4365 notitia-
3514 4327 3621 4365 nos

1976 4383 2089 4439 alio
2137 4387 2334 4444 vocat;
2388 4387 2520 4433 ante
2570 4382 2758 4450 ipsius
2806 4381 3009 4435 mundi
3042 4380 3275 4434 exordia
3306 4382 3623 4437 destinavit

1977 4472 2081 4510 nos
2114 4454 2266 4508 Deus
2298 4452 2552 4505 victuros
2580 4452 2636 4505 in
2671 4452 2903 4506 extimis
2936 4453 3321 4523 temporibus,
3365 4454 3421 4507 in
3476 4453 3619 4507 exti-

1980 4528 2237 4581 motione
2275 4523 2599 4591 temporali,
2631 4523 2737 4577 hoc
2770 4530 2876 4595 est,
2912 4523 2969 4576 in
3004 4525 3118 4578 fine
3146 4530 3622 4595 temporum,quo

1982 4604 2243 4668 tempore
2275 4596 2648 4665 cogitandum
2684 4594 2990 4668 nobis,non
3027 4597 3096 4649 de
3126 4599 3374 4650 terrenis
3409 4614 3471 4650 ac
3503 4594 3626 4651 mo-

1906 4648 1948 4711 D
1983 4648 2197 4725 587133
2215 4648 2739 4739 perituris,verum
2776 4648 3211 4722 de’cazlestibus
3242 4648 3627 4739 aéfﬁcrﬁéido

1978 4742 2297 4797 duraturis.
2338 4744 2458 4792 RIG.

2049 4814 2160 4884 (8:3)
2197 4814 2251 4866 In
2282 4810 2644 4884 ercttmatione
2673 4810 2964 4884 temporqu
2992 4808 3080 4877 (ut
3115 4808 3253 4880 legit
3287 4811 3622 4884 Rigaltius).

1980 4881 2350 4938 In'extremis
2380 4881 2767 4939 temporibus.
2802 4884 2859 4933 in
2895 4882 3005 4934 line
3038 4884 3254 4936 saeculi.
3291 4882 3627 4936 Extimatio-

1982 4898 2043 4938 1n
2076 4898 2350 4937 extremis
2380 4898 2767 5005 temporibus.
2802 4898 2859 4933 in
2895 4898 3005 4934 une
3038 4898 3254 4936 saeculi.
3293 4898 3623 4936 rixtunauo-

1980 4972 2111 5010 nem
2148 4956 2240 5008 hic
2272 4970 2337 5007 eo
2368 4952 2506 5007 intel
2538 4958 2663 5007 ectu
2702 4954 2917 5023 percipi
2951 4952 3283 5024 voluit,quo
3315 4956 3623 5018 extimavz’t,

1980 5028 2128 5081 libro
2159 5028 2223 5081 de
2255 5025 2469 5080 Corona
2501 5043 2518 5077 :
2552 5046 2580 5073 «
2614 5025 2960 5079 Contactum
2994 5025 3049 5077 in
3088 5026 3359 5081 manibus
3394 5026 3629 5080 extima-

1979 5100 2080 5154 vit.
2118 5120 2145 5147 »
2178 5099 2302 5152 RIG.

2053 5170 2163 5252 (88)
2196 5167 2535 5252 Concharum
2565 5168 2753 5252 salicis
2785 5168 2871 5236 (ut
2900 5165 3054 5219 idem
3080 5166 3294 5252 legit).
3324 5168 3446 5222 Non
3497 5183 3629 5252 raro

1982 5238 2211 5296 Plinius
2241 5238 2434 5294 salivae
2464 5238 2813 5293 vocabulum
2850 5244 3098 5307 usurpat
3130 5255 3232 5309 pro
3281 5238 3527 5295 humore
3574 5244 3632 5292 et

1986 5329 2181 5369 succo.
2213 5316 2294 5366 Ac
2325 5311 2393 5364 de
2428 5310 2701 5380 purpuris
2734 5313 2789 5363 et
2821 5309 3146 5364 muricibus
3193 5310 3362 5381 dixit,
3416 5330 3443 5364 ι
3492 5312 3633 5367 Len-

1984 5385 2129 5440 toris
2164 5383 2472 5450 cujusdam
2508 5398 2637 5436 cera
2669 5380 2938 5435 salivant.
2978 5402 3004 5427 »
3036 5385 3155 5436 me.

2060 5458 2171 5526 (87)
2201 5454 2536 5526 Scrapulout
2560 5454 2814 5506 vulnera.
2851 5451 3011 5506 Unde
3041 5469 3409 5524 gemmarum
3461 5469 3623 5507 scru-

1989 5527 2107 5598 puli
2147 5528 2483 5597 penderent.
2522 5525 2647 5578 Hie.

2065 5596 2173 5669 (88⁷)
2209 5599 2285 5651 Ad
2314 5601 2527 5666 ferrum
2558 5596 2681 5669 nati_
2708 5597 2971 5669 corporis.
3024 5599 3237 5651 Natum
3288 5596 3357 5651 ad
3411 5598 3629 5651 ferrum

1993 5667 2203 5740 corpus
2237 5670 2399 5735 dicit,
2433 5669 2607 5740 quod.
2638 5667 2816 5740 simul
2856 5670 2921 5740 ut
2947 5672 3148 5722 natum
3182 5673 3289 5737 est,
3324 5670 3475 5724 ferro
3505 5668 3631 5725 vul-

1998 5738 2259 5812 neratur,
2282 5740 2402 5797 ima
2431 5738 2655 5795 Oricilla
2686 5738 3000 5796 infantium
3032 5753 3291 5811 pertusa.
3325 5745 3451 5797 Rie.
