4050 6332
448 372 476 430 1
487 373 602 429 447

986 359 1510 424 TERTULLIANI
1555 359 1874 422 OPERUM
1920 357 2118 419 PARS
2161 357 2210 417 Ι.
2242 354 2617 420 —SERIES
2664 358 2743 432 II,
2789 357 3267 420 DOGMATICA.

3690 361 3843 420 1448

447 503 588 557 bum
620 501 874 555 vestrum
901 510 1094 550 coram
1126 493 1202 564 (2)
1251 490 1585 547 hominibus
1615 493 1892 562 appareat
1922 490 2075 560 (Phi-
2107 501 2160 564 Α
2190 494 2473 560 occupata
2498 488 2688 545 locum
2733 491 2955 561 spatha:
3007 505 3120 545 non
3151 490 3266 546 det.
3316 493 3529 558 Quare,
3561 491 3835 546 benedic-

450 590 586 661 ιίρρ.
616 604 693 654 1v,
721 587 796 657 5).
831 585 908 638 Ad
942 582 1106 654 quid,
1152 581 1264 634 nisi
1311 584 1373 634 ut
1404 578 1622 633 malitia
1653 579 1723 634 ad
1757 594 1856 632 vos
1889 593 2077 632 acces-

444 695 577 735 sum
610 675 848 732 omnino
895 688 1009 728 non
1055 669 1284 734 habeat,
1319 673 1374 722 et
1406 672 1468 722 ut
1498 666 1666 721 malis
1715 670 1772 720 et
1817 665 2081 736 exemplo

443 771 501 822 et
532 763 866 820 testimonio
919 759 1046 813 sitis
1074 761 1096 812 Ρ
1146 759 1256 811 Aut
1287 755 1423 826 quid
1471 761 1559 810 est
1591 771 1604 809 :
1638 755 1871 809 Luceant
1915 770 2082 824 opera

440 856 664 911 vestra?
709 855 826 904 Aut
875 848 1014 920 quid
1069 863 1173 901 nos
1223 845 1507 900 Dominus
1550 844 1626 914 (3)
1672 843 1868 897 lumen
1914 847 2078 896 terris

440 941 710 1000 vocavit?
753 937 900 1004 Quid
947 934 1164 990 civitati
1218 949 1397 1004 supra
1447 937 1701 986 montem
1751 932 2078 985 constitutae

441 1028 796 1101 comparavit
834 1023 1039 1096 (Matth.
1076 1040 1128 1091 v,
1165 1022 1270 1091 14),
1321 1021 1370 1076 si
1403 1037 1516 1075 non
1570 1019 1895 1074 relucemus
1928 1019 2080 1073 inter

440 1121 776 1177 tenebrosos
807 1115 850 1148 ⁸⁸
899 1118 956 1168 et
1010 1116 1306 1167 exstamus
1365 1109 1515 1164 inter
1580 1109 1879 1162 demersos
1932 1107 1958 1161 ?
2016 1108 2075 1163 Si

437 1210 734 1264 lucernam
785 1209 947 1257 tuam
998 1201 1105 1255 sub
1158 1198 1419 1254 modium
1477 1197 1853 1266 abstruseris,
1903 1196 1961 1249 in
1993 1199 2074 1250 te-

439 1297 637 1353 nubris
709 1290 984 1348 derelicta
1058 1304 1092 1342 a
1164 1285 1365 1341 multis
1447 1284 1764 1339 incurseris
1841 1300 2076 1338 necesse

437 1391 526 1442 est
556 1384 648 1456 (4).
699 1383 828 1435 Haec
859 1382 1016 1444 sunt,
1069 1392 1193 1447 qua:
1226 1391 1330 1429 nos
1379 1372 1694 1427 luminaria
1749 1373 1952 1427 mundi
1993 1372 2074 1425 fa-

438 1475 620 1539 ciunt,
653 1471 806 1526 bona
851 1465 1070 1522 scilicet
1114 1471 1332 1519 nostra.
1387 1467 1610 1516 Bonum
1659 1465 1876 1530 autem,
1922 1460 2072 1514 dun-

436 1567 596 1619 taxat
642 1574 840 1616 verum
889 1561 947 1611 et
996 1553 1254 1625 plenum,
1307 1551 1510 1606 I832
1547 1567 1678 1615 non
1729 1554 1887 1604 amat
1917 1554 2072 1603 tene-

437 1653 595 1718 bras,
643 1648 745 1705 sed
795 1645 1010 1718 gaudet
1060 1641 1240 1696 videri
1287 1645 1344 1694 et
1393 1640 1520 1709 ipsa
1565 1637 1933 1693 denotatione
1981 1637 2071 1692 sui

436 1739 689 1798 exsultat
717 1737 761 1771 ³⁸
789 1736 888 1807 (5).
933 1730 1231 1786 Pudicitia:
1282 1726 1619 1782 Christianae
1667 1727 1809 1781 satis
1842 1743 1954 1781 non
1985 1730 2074 1780 est

437 1845 587 1895 esse,
617 1841 816 1882 verum
838 1829 896 1877 et
925 1818 1122 1875 videri.
1143 1817 1328 1872 Tanta
1349 1815 1502 1870 enim
1533 1814 1703 1869 debet
1734 1830 1864 1869 esse
1896 1811 2074 1884 pleni-

436 1918 579 1974 tudo
609 1916 758 1986 ejus,
791 1916 856 1966 ut
884 1912 1116 1964 emanet
1144 1907 1213 1960 ab
1247 1904 1440 1959 animo
1471 1903 1531 1957 in
1562 1903 1828 1958 habitum
1860 1907 1917 1957 et
1945 1918 2072 1957 eru-

437 2011 550 2062 ctet
579 2023 612 2060 a
640 1999 995 2058 conscientia
1027 1997 1083 2050 in
1116 1993 1506 2065 superﬁciem,
1533 1997 1598 2046 ut
1628 1997 1684 2046 et
1716 1991 1854 2046 foris
1887 1989 2072 2062 inspi-

436 2095 550 2151 ciat
615 2092 784 2164 quasi
844 2084 1264 2158 supellectilem
1335 2097 1526 2149 suam,
1586 2097 1711 2152 quae
1775 2079 2075 2134 conveniat

435 2183 567 2238 fidei
599 2177 958 2236 continendae
991 2174 1048 2227 in
1081 2177 1446 2243 perpetuum.
1506 2167 1885 2224 Discutiendae
1915 2168 2071 2221 enim

435 2275 574 2328 sunt
602 2267 840 2333 deliciae,
876 2277 1125 2334 quarum
1176 2258 1422 2314 mollitia
1453 2261 1508 2312 et
1538 2257 1695 2310 ﬂuxu
1726 2256 1858 2310 ﬁdei
1890 2256 2073 2310 virtus

435 2357 757 2416 effeminari
813 2356 1023 2425 potest.
1106 2349 1386 2404 Caeterum
1465 2345 1658 2401 nescio
1735 2362 1806 2399 an
1861 2361 2072 2400 manus

435 2447 681 2522 spatalio
729 2437 1078 2499 circumdari
1136 2436 1308 2491 solita
1355 2435 1424 2504 (6)
1478 2435 1538 2488 in
1587 2432 1804 2488 duritia
1857 2438 2072 2522 catenis

435 2520 769 2606 stupescere
807 2528 1112 2586 sustineat.
1163 2523 1368 2578 Nescio
1417 2540 1489 2576 an
1540 2539 1672 2576 crus
1703 2522 1774 2576 de
1825 2520 2072 2592 perisce-

433 2627 512 2681 lio
543 2626 586 2659 δι
621 2623 699 2695 (7)
728 2621 787 2674 in
819 2631 1061 2672 nervum
1094 2630 1155 2668 se
1179 2613 1434 2684 patiatur
1461 2611 1690 2666 arctari.
1723 2609 1920 2664 Timeo
1951 2625 2072 2664 cer-

434 2715 639 2779 vicem,
673 2725 745 2766 ne
774 2703 1222 2778 margaritarum
1253 2704 1311 2756 et
1360 2699 1802 2770 smaragdorum
1845 2697 2072 2769 laqueis

2189 581 2280 646 tae,
2343 577 2694 633 meditemur
2747 579 3000 646 duriora,
3047 583 3104 633 et
3155 595 3267 634 non
3319 579 3689 647 sentiemus;
3743 597 3833 635 re-

2187 664 2526 737 linquamus
2557 666 2798 733 lmtiora,
2831 673 2887 723 et
2919 685 3032 724 non
3063 667 3568 735 desiderabimus;
3608 672 3830 724 stemus

2187 755 2462 826 expeditae
2519 755 2591 810 ad
2647 771 2879 811 omnem
2935 756 3073 826 vim,
3132 755 3276 810 nihil
3330 755 3616 811 habentes
3676 757 3827 827 quod

2185 843 2512 915 relinquere
2560 844 2896 900 timeamus.
2956 843 3299 899 Retinacula
3346 845 3460 900 ista
3504 849 3647 900 sunt
3703 847 3826 916 spei

2185 937 2414 987 nostrae.
2448 931 2829 1004 Projiciamus
2857 936 3198 988 ornamenta
3220 937 3472 1002 terrena,
3493 933 3543 989 si
3571 932 3828 989 caelestia

2184 1025 2475 1090 Optamus.
2527 1025 2603 1075 Ne
2655 1019 2973 1076 dilexeritis
3022 1037 3255 1090 aurum,
3308 1021 3365 1075 in
3412 1038 3526 1092 quo
3559 1023 3752 1093 prima
3781 1022 3826 1055 ⁸⁵

2183 1106 2394 1162 delicta
2463 1108 2662 1180 populi
2737 1108 2971 1164 Israelis
3047 1110 3400 1164 denotantur
3484 1111 3577 1182 (cf.
3658 1110 3828 1165 Exod.

2182 1212 2359 1263 xxxii,
2414 1195 2449 1248 2
2517 1197 2729 1268 seqq).
2808 1197 3013 1252 Odisse
3069 1197 3316 1266 debetis,
3376 1198 3529 1268 quod
3595 1198 3832 1252 Judaeos

2183 1282 2432 1355 perdidit
2471 1285 2532 1352 ³³,
2587 1285 2744 1356 quod
2793 1285 3266 1356 derelinquentes
3315 1285 3500 1340 Deum
3551 1286 3868 1341 adorave-‘

2182 1377 2337 1427 runt.
2368 1372 2554 1429 Etiam
2605 1378 2744 1428 tunc
2793 1390 3000 1430 aurum
3051 1374 3206 1446 ignis
3236 1378 3326 1430 est
3374 1374 3450 1445 (8)
3501 1389 3656 1429 esca.
3709 1377 3829 1428 Cae-

2180 1465 2371 1515 terum
2401 1462 2448 1496 3‘
2485 1465 2748 1534 tempora
2791 1462 3256 1518 Christianorum
3306 1479 3539 1534 semper
3568 1468 3625 1517 et
3672 1479 3830 1517 nunc

2179 1547 2268 1604 vel
2324 1549 2570 1604 maxime
2627 1567 2742 1606 non
2800 1567 2962 1618 auro,
3020 1552 3123 1605 sed
3188 1551 3338 1606 ferro
3391 1551 3826 1622 transiguntur.

2181 1637 2354 1692 Stola:
2411 1638 2820 1710 martyriorum
2886 1644 3307 1710 praeparantur,
3368 1637 3594 1711 angelis
3652 1639 3825 1710 baju-

2182 1724 2254 1780 lis
2283 1725 2326 1759 ³⁵
2357 1727 2726 1782 sustinentur
2757 1728 2851 1800 (9).
2886 1727 3113 1783 Prodite
3143 1744 3242 1782 vos
3266 1729 3392 1797 jam
3426 1728 3826 1783 medicamen-

2179 1814 2254 1868 tis
2287 1815 2491 1869 1888
2523 1819 2577 1870 et
2607 1816 2967 1870 ornamentis
2997 1820 3304 1870 exstructa)
3326 1817 3370 1851 ³⁸
3402 1815 3829 1888 prophetarum

2181 1906 2237 1955 et
2266 1899 2685 1972 apostolorum,
2732 1906 3032 1957 sumentes
3076 1901 3146 1957 de
3179 1901 3556 1973 simplicitate
3606 1901 3829 1957 cando—

2181 2005 2328 2055 rem,
2360 1991 2431 2044 de
2469 1989 2746 2060 pudicitia
2797 1991 3091 2060 ruborem,
3141 1990 3383 2060 depictas
3433 1988 3638 2045 oculos
3661 2005 3832 2046 vere-

2181 2077 2396 2133 cundia
2423 2082 2480 2134 et
2526 2094 2589 2133 os
2637 2079 3033 2133 taciturnitate
3061 2079 3124 2145 ³’¹,
3176 2077 3501 2134 inserentes
3552 2079 3614 2133 in
3655 2094 3834 2133 aures

2179 2181 2508 2221 sermonem
2567 2167 2687 2235 Dei,
2763 2170 3141 2220 annectcntes
3215 2165 3538 2221 cervicibus
3610 2166 3833 2238 jugum

2180 2253 2415 2311 Christi.
2465 2258 2648 2326 Caput
2706 2255 2907 2309 1334
2965 2253 3192 2310 maritis
3243 2255 3536 2325 subjicite,
3586 2259 3643 2309 et
3683 2255 3838 2310 satis

2181 2348 2395 2397 ornatae
2453 2341 2632 2398 eritis.
2711 2343 2916 2398 Manus
2991 2341 3144 2399 lanis
3204 2348 3485 2414 occupate
3528 2343 3599 2410 ³⁸,
3648 2345 3838 2415 pedes

2181 2431 2337 2486 domi
2368 2429 2548 2502 ﬁgite,
2597 2435 2655 2486 et
2702 2430 2834 2502 plus
2883 2447 3064 2501 quam
3110 2431 3170 2486 in
3222 2447 3362 2487 auro
3413 2431 3736 2503 placebunt
3766 2433 3835 2486 δ’.

2179 2518 2400 2574 Vestite
2442 2534 2544 2573 vos
2590 2518 2776 2573 serico
2816 2517 3145 2590 probitatis,
3177 2518 3418 2590 byssino
3468 2519 3836 2585 sanctitatis,

2179 2623 2437 2678 purpura
2469 2605 2781 2678 pudicitiae.
2832 2605 3048 2662 Taliter
3096 2607 3469 2679 pigmentatae
3499 2607 3686 2663 Deum
3724 2608 3834 2664 ha-

2180 2696 2391 2751 bebitis
2420 2699 2762 2752 amatorem.

1849 2822 2050 2883 Variae
2077 2821 2399 2884 lectiones.

507 2953 553 2986 ³ο
584 2951 700 3019 Rig.
733 2945 912 3019 reluc.
940 2943 1002 3019 in
1035 2939 1296 3019 tenebris
1323 2955 1337 3004 ;
1389 2935 1714 3019 al_i_z',.reluc.
1746 2936 1897 3018 inter
1943 2937 2230 3019 tenebras.

641 3009 904 3074 eriscelio
939 3016 1220 3077 listatum,
1250 3017 1360 3066 etc.
1434 3010 1479 3042 ⁸³
1508 3010 1625 3077 ltz‘g.
1661 3009 1878 3062 omnia.
1951 3009 1994 3041 ³³
2022 3009 2139 3076 Rig.
2173 3011 2387 3078 patres.

435 3079 559 3151 tum
595 3079 703 3147 est.
737 3091 922 3144 Etiam
959 3085 1082 3152 (alii
1107 3085 1253 3154 jam)
1283 3087 1433 3154 tunc
1451 3096 1656 3154 aurum
1688 3079 1843 3154 ignis
1873 3085 1979 3154 est.
2008 3080 2310 3154 Caatge‘rum,
2344 3082 2452 3154 etc.

438 3039 568 3080 crus
602 3039 635 3092 p

2555 2937 2614 2987 in
2647 2937 2808 3005 ipsas
2839 2937 3243 2989 denotationes
3283 2937 3528 2990 exultat.
3625 2937 3671 2972 ³¹
3708 2938 3838 3008 Rig.

2541 3006 2662 3072 [τίς.
2696 3007 2848 3075 quod
2883 3005 3350 3077 relinquentibus
3396 3012 3579 3062 Deum
3614 3009 3842 3063 adora-

2547 3077 2591 3151 ?“
2622 3077 2739 3151 Βία.
2772 3077 2961 3151 angeli
2988 3077 3169 3151 baiuli
3201 3082 3350 3151 sust.
3427 3079 3472 3114 ³⁸
3504 3079 3842 3151 Propheta—

2323 2934 2368 2968 ⁸ο
2395 2936 2523 3042 Πίἵ.
2555 2933 2614 2987 in
2647 2933 2808 3005 ipsas
2839 2934 3243 2989 denotationes
3283 2935 3528 2990 exultat.

2323 3022 2366 3042 In
2491 3008 2508 3040 ι
2545 3006 2644 3042 Din
2696 3007 2846 3042 mund
2884 3005 3348 3042 nolinnnontihnn
3399 3012 3528 3042 [Ioni

436 3147 564 3221 rum
597 3164 776 3220 0mm.
808 3147 977 3215 Semt.
1054 3147 1238 3209 ³⁷Ἀὶὶἱ
1266 3159 1322 3208 et
1351 3151 1591 3222 spiritus
1622 3147 2038 3206 taciturnitate.
2115 3149 2161 3185 ³⁸
2189 3150 2490 3220 Oecupatsa
2520 3148 2700 3203 Paris.
2777 3149 2821 3183 ³⁸
2852 3147 3159 3204 Placebitis
3189 3149 3310 3204 alii.

1863 3273 2386 3335 Commentarius.

503 3405 580 3478 (2)
637 3404 874 3458 Probum
905 3471 919 3478 _
943 3401 1181 3478 vestrum
1256 3409 1458 3478 coram,
1483 3394 1624 3478 ‘et‘c.
1687 3391 1781 3478 Ad‘
1826 3391 2066 3445 verbum
2102 3395 2144 3462 ρ
2181 3404 2360 3478 erres,
2393 3387 3087 3478 extraneam‘incursans.
3118 3411 3147 3438 ››
3187 3389 3253 3478 Et
3283 3387 3434 3443 libro
3483 3389 3552 3478 de
3586 3391 3791 3478 Rudis.
3818 3411 3843 3447 .-

434 3460 722 3548 expressit
758 3471 924 3548 quod
973 3471 1163 3548 (ﬁrmes
1208 3470 1299 3548 est
1350 3463 1499 3535 apud
1539 3460 2069 3548 ‘Apostolumhoquo

434 3532 670 3604 nomine
718 3532 931 3613 ub‘ique
962 3541 1036 3613 AS.
1085 3535 1342 3613 Paulum~
1386 3532 1719 3606 apostolum
1774 3532 2068 3613 intelligit,

438 3603 711 3689 philipo,
745 3633 808 3686 ιι,
838 3603 914 3667 ’τὸ
958 3609 1203 3689 ἐπιεικὲς.
1229 3606 1378 3689 ego?
1427 3603 1526 3678 pro
1559 3622 1676 3689 quo.
1721 3613 1918 3689 ηρειθιι
1944 3603 2066 3689 ίυι.

434 3677 944 3758 gatus'interpres
1008 3677 1500 3754 paraphrasticus,
1555 3677 1810 3732 modestia
1870 3685 2064 3730 vestra.

629 3833 735 3904 Aut
788 3827 1072 3904 quid‘nog
1122 3821 1399 3904 Dominus.
1458 3821 1597 3871 Cum
1654 3817 1804 3888 apud
1862 3815 2065 3904 Matth.

433 3888 625 3959 Graece
655 3888 880 3972 legatur
907 3896 967 3948 τὸ
999 3897 1113 3971 φῶς
1143 3895 1237 3944 τοῦ
1266 3888 1837 3972 κόσμουημυεψξειω
1873 3892 2065 3972 autem

429 3960 795 4046 adepocgp’ro
854 3960 1021 4024 terra'
1065 3969 1401 4046 usurpatur,
1461 3961 1633 4046 etiam
1667 3960 1779 4046 ‘hic
1836 3960 2068 4046 videtur

433 4029 712 4101 memoria
743 4043 939 4112 lapsus
972 4042 1191 4105 auctor,
1213 4029 1319 4115 eo.
1340 4033 1493 4115 quod
1541 4029 1721 4115 paulo
1755 4035 2062 4115 ante‘pris-

432 4117 629 4184 cessit,
676 4115 757 4169 sal
802 4101 994 4174 ‘terraa,
1052 4101 1189 4184 cum
1248 4101 1464 4184 alioqui
1504 4102 1822 4184 Idebuisset
1877 4101 2066 4184 dicere

431 4172 629 4244 lumen,
668 4184 885 4249 mundi,
944 4172 1437 4252 quemadmodum
1498 4175 1803 4229 luminaria
1850 4172 2062 4227 mundi.

430 4264 580 4402 P712).
607 4331 666 4385 In
712 4323 952 4402 tenebris
998 4320 1256 4402 derelicta
1301 4334 1336 4372 a
1383 4317 1572 4402 multis
1621 4315 1920 4397 ("cursoris
1966 4328 2064 4402 ης-

427 4384 574 4457 cesse
611 4384 725 4454 fert.
791 4394 970 4463 Vulgo
1019 4391 1272 4463 legitur,
1301 4405 1334 4443 a
1387 4387 1576 4463 muttis
1623 4387 1940 4463 innumeris.
2003 4384 2064 4438 In

427 4473 623 4529 codice
667 4457 976 4540 Agobardi,
1010 4457 1318 4540 incluserit
1368 4457 1789 4540 Scriben‘dum,
1823 4458 2066 4540 inrursf:

429 4527 530 4612 his,
575 4544 682 4597 hoc
717 4527 915 4612 “sensu
964 4527 1010 4612 ':_
1051 4533 1214 4612 Fieri
1253 4548 1399 4612 non"
1428 4533 1637 4612 potest,
1693 4527 1854 4608 quin.
1897 4527 2066 4581 multi

430 4598 724 4670 olfendant
755 4610 856 4664 tibi
890 4608 946 4662 in
998 4604 1251 4660 tenebris
1299 4598 1530 4656 relictae.
1569 4598 1855 4653 lncursari
1907 4615 2068 4670 voca-

430 4669 634 4740 bulum
675 4681 768 4736 hic
814 4678 1155 4748 ambiguum
1209 4679 1518 4748 cst;_nar_n
1565 4676 1614 4723 et
1650 4670 1952 4748 incursari
1987 4669 2064 4748 fe-

430 4759 590 4811 mina
648 4755 879 4820 dicitur,
940 4741 1065 4820 quae
1128 4761 1286 4820 caeco
1354 4741 1788 4820 libidinantium
1841 4741 2064 4820 impetu

428 4826 797 4899 opprimitur.
865 4812 971 4876 'Sie
1015 4819 1192 4899 .ipse.
1242 4815 1479 4869 Tertull.
1518 4813 1645 4899 .lib.
1706 4812 1850 4899 I‘ad
1937 4816 2062 4899 Ιχᾳι.

429 4884 726 4964 α’ῥυοῐὶεε
775 4895 829 4948 in
879 4884 1132 4946 tenebris
1181 4887 1537 4964 incursasset
1581 4885 1829 4964 incesta:
1868 4905 1893 4964 η
1949 4884 2064 4937 Et:

430 4993 457 5021 α
491 4954 638 5027 Nota
679 4965 1005 5038 diligenter,
1038 4966 1099 5016 ut
1151 4974 1282 5014 cum
1327 4957 1574 5012 tenebrae
1626 4954 1920 5020 irruerinl,
1953 4970 2063 5008 non

2183 3484 2211 3510 «
2244 3464 2358 3532 Nec
2389 3458 2543 3514 enim
2576 3458 2836 3532 interest,
2874 3465 3118 3532 nuptam
3153 3460 3404 3516 alienam
3451 3467 3554 3516 aut
3584 3463 3836 3518 viduam

2177 3531 2312 3604 quis
2340 3532 2616 3604 incurset.
2653 3551 2694 3604 ››Δ
2714 3529 2855 3584 ΡΑΜ.

2249 3603 2324 3672 (5)
2357 3606 2424 3657 ιη
2471 3601 2616 3672 ipsa:
2662 3601 3053 3668 denotationes,
3107 3607 3217 3656 etc.
3279 3602 3516 3667 Fabius,
3569 3603 3830 3659 declam.

2179 3675 2264 3741 19,
2304 3695 2328 3722 ;‹
2359 3672 2632 3727 Omnium
2667 3673 3038 3727 denotationc
3067 3673 3400 3728 damnatus.
3437 3677 3585 3729 ΡΑιί.

2249 3745 2323 3814 (6)
2357 3745 2434 3798 An
2460 3760 2657 3818 manus
2703 3745 2941 3810 spatalio
2985 3747 3321 3818 circumdari
3347 3747 3524 3800 solita.
3571 3746 3830 3818 Spatha-

2174 3815 2636 3888 liu‘mmuliebre
2683 3820 3092 3870 ornamentum
3125 3814 3231 3868 ἀπὸ
3277 3819 3374 3869 τοῦ
3407 3814 3634 3884 σπαθᾷ(
3662 3820 3827 3888 quod

2178 3885 2435 3970 deliciari
2464 3887 2768 3970 signiﬁcat.
2805 3890 2987 3941 BHEN.

2248 3959 2322 4028 (7)
2377 3956 2568 4012 Nescio
2625 3973 2699 4011 an
2751 3973 2876 4012 cru:
2933 3956 3235 4028 periscelio.
3297 3957 3652 4013 Periscelide
3706 3960 3837 4028 sive

2219 4029 2480 4084 eriscelio
2528 4045 2699 4084 crura
2754 4027 2842 4083 vel
2900 4027 3056 4082 tibiis
3113 4029 3546 4084 exornabantur
3577 4047 3592 4084 :
3627 4027 3834 4090 σκέλος

2176 4047 2353 4155 ἕνωθὶ
2387 4115 2520 4154 crus
2549 4101 2772 4154 vocant.
2808 4100 2985 4153 RHEN.

2228 4100 2353 4154 τευθί
2387 4115 2520 4154 crus
2549 4101 2772 4154 vocant.
2808 4100 2985 4153 RHEN.

2353 4172 2533 4254 [Etiam
2559 4180 2686 4226 tunc
2730 4186 2940 4254 aurum
2969 4169 3118 4254 igni:
3164 4173 3259 4250 est.
3294 4168 3464 4250 Libro
3514 4172 3835 4254 superiore

2175 4239 2322 4295 dixit
2351 4243 2421 4314 de
2451 4257 2613 4310 auro,
2667 4263 2694 4314 (ς
2730 4245 2946 4314 Nomen
2995 4245 3161 4294 terris
3195 4239 3268 4314 _in
3321 4241 3452 4310 igne
3501 4239 3768 4314 reliquit.
3803 4263 3830 4292 ι

2177 4314 2376 4382 Itaque
2397 4313 2521 4382 jam
2572 4314 2644 4386 ab
2675 4312 2808 4384 igne
2856 4311 3032 4366 habet
3058 4311 3468 4386 quoduaurum
3519 4311 3646 4368 estf
3667 4314 3838 4386 Ignis

2177 4381 2369 4438 autem
2401 4381 2724 4457 mentione;
2752 4388 3028 4457 perpetuo
3073 4381 3283 4457 alludit
3313 4384 3381 4436 ad
3420 4385 3614 4455 ignem
3652 4381 3837 4457 para-

2176 4461 2299 4510 tum
2336 4455 2620 4526 supplicio
2652 4453 3049 4525 profanorum.
3085 4453 3211 4508 Rm.

2247 4527 2322 4592 (9)
2370 4523 2561 4596 Acoeti
2615 4523 2791 4594 baiuli
2845 4528 3210 4596 sustinentur.
3289 4523 3405 4596 Hoc
3464 4529 3573 4591 est,
3632 4526 3838 4596 angeli

2175 4594 2535 4666 spectantur,
2583 4597 2680 4667 qui
2729 4613 2827 4651 eos
2881 4597 2936 4651 in
2985 4594 3194 4651 cmlum
3247 4594 3551 4650 sublevent
3593 4594 3838 4652 obviam

2176 4667 2424 4739 Christo.
2469 4669 2559 4721 Sic
2613 4669 2739 4739 ipse
2783 4667 3174 4721 Tertullianus
3227 4667 3572 4736 praecedenti
3625 4669 3784 4724 libro
3824 4686 3838 4724 :

2175 4738 2455 4794 «Videbo
2511 4755 2580 4792 an
2632 4738 2763 4793 cum
2815 4755 3054 4794 cerussa
3101 4744 3155 4793 et
3203 4739 3574 4806 purpurisso,
3609 4746 3667 4793 et
3699 4757 3843 4795 crc-

2182 4827 2246 4864 co
2295 4819 2348 4860 et
2396 4809 2494 4864 illo
2543 4810 2767 4864 ambitu
2817 4809 3025 4880 capitis
3072 4809 3392 4880 resurgatis
3444 4827 3456 4862 :
3511 4827 3580 4864 an
3633 4811 3848 4866 taliter

2181 4880 2438 4950 expictus
2470 4881 2656 4951 angeli
2691 4881 2756 4937 in
2779 4879 2982 4936 nubila
3015 4879 3320 4936 sublevent
3340 4879 3568 4936 obviam
3596 4882 3846 4938 Christo

2181 4951 2242 5006 in
2274 4967 2422 5008 aere.
2455 4972 2484 5002 »
2519 4953 2647 5008 Rm.

2181 4967 2242 5006 ιη
2274 4967 2422 5008 aere.
2455 4972 2484 5002 »
2522 4967 2647 5008 ιυρ.
