4050 6366
237 393 399 456 1453

233 523 1036 590 strante,Tertullianus,verze
1067 516 1359 588 religionis
1390 517 1589 572 ardore
1621 515 1885 590 ﬂagrans,

237 599 398 654 illius
431 588 622 668 utpote
651 595 828 650 sacris
861 593 1134 668 initiatus,
1169 591 1563 668 molesteLpro
1594 603 1659 642 eo
1691 603 1758 642 ac
1788 588 1884 640 de-

241 671 384 734 buit,
435 661 764 740 patiebatur,
819 665 1154 742 religionem
1205 677 1330 742 qua:
1361 661 1572 742 .etl‘erre
1598 675 1720 713 sese
1751 673 1888 742 quo-

237 733 542 798 dammodo
571 733 842 809 cmperat,
863 735 1128 812 opprimi,
1160 733 1264 788 sub
1293 733 1522 812 initium
1549 733 1890 812 persecutio-

237 815 330 870 nis
363 803 714 884 quintae,qtia
745 803 1298 884 stevient_e,insontes
1327 806 1532 884 passim
1559 803 1892 884 Christiani,

239 873 401 941 nulla
433 873 600 940 sexus
623 873 724 938 'aut
755 883 934 936 relatis
965 873 1152 934 habita
1201 873 1438 944 ratiune,
1469 873 1743 930 inauditis
1762 881 1894 928 ante

239 957 400 1012 illam
429 958 580 1011 diem
612 953 911 1024 suppliciis
941 949 1356 1024 cruciabantnr.
1395 953 1500 1004 Pro
1530 959 1750 1024 summa
1777 961 1894 1024 qua

240 1037 374 1084 tunc
405 1027 650 1098 pollebat
683 1019 966 1100 facundia,
1013 1023 1462 1100 Christianorum
1515 1019 1890 1100 patrocinium

235 1091 509 1170 suscepit,
537 1113 778 1168 quorum
807 1095 946 1170 adeo
995 1093 1282 1170 deplorata
1331 1101 1448 1170 erat
1487 1091 1768 1170 conditio,
1833 1095 1890 1142 ut

235 1163 450 1227 indicta
483 1163 673 1237 causa,
702 1175 758 1224 et
787 1165 962 1224 solius
991 1166 1262 1237 nominis,
1287 1163 1618 1237 prmjudicio
1649 1163 1884 1216 damna-

237 1251 456 1300 rentur.
510 1235 1006 1314 Communidmalo
1059 1253 1127 1294 ac
1179 1235 1408 1306 publico
1464 1248 1782 1314 occurrere,
1834 1237 1886 1286 et

237 1322 632 1384 erumpentem
681 1313 742 1366 in
787 1311 908 1366 dies
957 1316 1368 1386 tempestatem,
1421 1313 1694 1386 quantum
1737 1311 1794 1386 in
1829 1319 1888 1357 se

237 1395 376 1454 erat,
407 1374 796 1456 compescere,
831 1374 1175 1456 partes_suas
1207 1379 1390 1442 duxit,
1423 1374 1724 1456 missaque
1737 1374 1886 1430 hanc

239 1458 310 1514 ob
351 1446 578 1514 causam
609 1457 678 1510 ad
709 1446 988 1510 antistites
1021 1453 1302 1508 Romanos
1330 1449 1607 1520 apologia,
1645 1446 1884 1520 ell‘rena-

241 1536 330 1585 tos
355 1529 804 1584 adversariorum
833 1525 1076 1594 impetus
1129 1523 1336 1594 frangit
1369 1519 1660 1594 tantisper
1689 1532 1756 1572 ac
1785 1519 1882 1570 tle-

239 1601 502 1656 bilitavit.
535 1601 612 1654 Eo
639 1599 848 1668 quippe
877 1593 1068 1666 vigore
1100 1593 1626 1669 eaqueeruditione
1657 1603 1884 1669 causam

239 1674 374 1740 egit,
409 1681 465 1726 ut
496 1672 543 1726 si
573 1661 889 1727 rationibus
918 1661 968 1724 et
1001 1661 1230 1742 veritate
1273 1663 1706 1742 disceptandum
1747 1661 1884 1742 tuis:

237 1733 636 1810 se't,'gentiles
689 1756 888 1797 omnes
941 1739 1249 1806 redegisset
1300 1737 1370 1792 ad
1419 1733 1644 1792 incitas.
1678 1733 1886 1787 Justini

237 1816 503 1884 martyris
523 1827 576 1869 et
605 1812 870 1868 Aristidis
899 1811 1128 1884 vestigia
1161 1823 1415 1884 premere
1447 1813 1884 1884 poterat,veruni

239 1887 310 1942 ita
343 1876 722 1956 eloquentiam
757 1892 838 1938 est
859 1876 1130 1944 imitatus.
1161 1876 1224 1936 iit
1253 1887 1308 1936 et
1323 1879 1562 1956 dicendi
1593 1876 1886 1956 characte-

238 1975 318 2026 re,
349 1969 402 2012 et
429 1951 902 2028 argumentorum
936 1957 1187 2030 pondere
1217 1968 1284 2008 ac
1305 1951 1578 2008 doctrinae
1605 1951 1884 2030 varietate:

237 2017 540 2100 utrumque
571 2043 868 2098 superasse
897 2017 1170 2080 videatur.
1782 2017 1889 2070 305

309 2139 430 2190 CAP.
473 2137 510 2188 l.
547 2137 684 2189 Cum
717 2133 820 2188 sub
852 2133 1052 2186 Severo
1085 2137 1346 2200 negatum
1378 2133 1520 2204 esset
1553 2122 1887 2204 Christianis

237 2207 300 2262 in
342 2207 558 2274 judicio
609 2223 667 2260 se
707 2205 1028 2276 tlefemlere,
1079 2195 1352 2270 scriptum
1407 2200 1510 2276 hoc
1555 2195 1888 2276 praesidibus

242 2269 482 2334 Romani
515 2277 734 2348 imperii
766 2269 1214 2348 obtulitanctor,
1243 2271 1549 2348 ostendens
1583 2269 1685 2322 hoc
1705 2269 1888 2348 capite

239 2351 496 2420 iniquam
528 2339 692 2404 istam
719 2345 1012 2420 iudicandi
1051 2343 1374 2420 formulam,
1427 2357 1529 2420 per
1573 2339 1884 2420 quamhtle-

239 2411 426 2478 fensio
457 2427 694 2486 negatur
719 2411 1086 2480 insontibus,
1135 2422 1189 2470 et
1233 2415 1432 2486 veritas
1481 2411 1882 2486 absconditur;

237 2509 366 2548 cum
401 2484 628 2547 interim
661 2497 736 2545 tot
771 2490 1047 2558 tantique,
1079 2487 1174 2556 qni
1208 2485 1458 2556 quotidie
1483 2485 1552 2558 ad
1587 2484 1734 2558 hanc
1764 2495 1886 2535 sec-

237 2572 352 2619 tam
388 2570 698 2628 transeant,
733 2561 886 2615 illam
920 2555 1108 2630 aliqua
1155 2555 1607 2634 consideratione
1655 2555 1882 2634 dignam

233 2637 465 2698 faciant,
499 2635 592 2703 qui
628 2649 764 2688 sane
795 2628 1240 2706 omnem—remoti
1272 2628 1884 2706 abaliquamperversi-

237 2709 369 2762 tatis
400 2699 590 2774 culpa,
624 2705 924 2761 ostendant
957 2719 1078 2758 sese
1108 2703 1285 2774 longe,
1317 2700 1492 2774 alium
1527 2699 1884 2774 affeclnmin-

235 2779 450 2844 duisse,
485 2769 651 2848 quam
686 2778 860 2832 istum
894 2776 988 2844 qui
1021 2775 1075 2829 in
1109 2772 1384 2828 maleﬁcis
1431 2785 1656 2840 semper
1685 2769 1884 2848 depre:

237 2837 528 2906 hendit'ur'.
911 2837 926 2844 ’
1560 2837 1575 2840 “
1781 2837 1887 2894 505

308 2930 433 2984 αλιι.
467 2927 537 2984 ll.
571 2959 636 2968 —-
666 2927 792 2981 Iam
843 2941 992 2986 vero,
1044 2925 1088 2978 si
1122 2931 1180 2980 ut
1205 2921 1496 2978 maleﬁcos
1525 2927 1759 2976 tractare
1791 2934 1886 2973 ve-

235 3001 350 3056 lint
379 2999 728 3056 Christianos
759 2997 1004 3066 Oportuil
1039 2996 1235 3050 saltem
1268 2995 1460 3048 eodem
1496 2995 1662 3046 modo
1693 2992 1752 3044 in
1781 2989 1886 3066 Ju-

238 3089 298 3128 re
328 3089 458 3128 cum
487 3072 756 3138 utrisque,
789 3061 899 3138 agi,
935 3083 1040 3122 nec
1072 3066 1304 3122 facultas
1335 3078 1670 3138 quocunque
1717 3061 1888 3138 modo

241 3160 300 3198 se
344 3134 708 3206 defendendi,
744 3134 894 3195 illis
922 3139 1207 3207 abnegari,
1259 3134 1390 3207 cum
1438 3137 1654 3192 crimen
1688 3149 1750 3188 ex
1783 3134 1886 3188 cir-

239 3215 600 3272 cumstantiis
627 3213 708 3268 vel
745 3211 884 3267 dilui
924 3209 1012 3266 vel
1047 3206 1266 3280 probari
1297 3206 1499 3262 solt-at.
1553 3208 1886 3280 lmorosten-

242 3289 324 3342 dit
357 3289 440 3343 vel
475 3287 608 3341 inde
657 3293 820 3338 sectas
871 3277 1060 3352 hujus
1091 3281 1529 3352 innocentiam.
1555 3279 1698 3352 quod
1748 3277 1888 3352 olim

244 3357 522 3427 Trajanus
554 3356 762 3424 inquiri
793 3371 888 3408 eos
921 3349 1288 3427 prohibuerit,
1323 3351 1454 3427 licet
1481 3349 1700 3427 oblatos
1730 3349 1887 3402 dam-

241 3422 367 3484 nari
399 3422 660 3493 voluerit,
693 3427 855 3496 cujus
887 3426 1028 3480 ridet
1059 3441 1354 3496 censuram
1389 3423 1496 3477 sibi
1528 3422 1635 3491 ipsi
1666 3428 1886 3496 contra-

239 3502 402 3566 riam,
441 3492 906 3570 pergitqnefcum
941 3499 998 3570 in
1031 3495 1534 3570 illaexplodenda,
1567 3501 1681 3546 tum
1706 3492 1771 3570 in
1805 3507 1888 3570 re-

237 3563 665 3642 prehendendis
718 3569 992 3642 perversis
1035 3563 1331 3642 _jndicum,
1392 3568 1446 3642 in
1517 3563 1888 3642 emendandis

236 3635 574 3700 Christianis
603 3635 844 3710 actibus,
879 3635 1140 3694 simulin
1173 3655 1398 3710 causam
1435 3637 1601 3710 hujus
1631 3635 1764 3710 mali
1799 3635 1885 3689 in-

237 3713 490 3785 quirens,
523 3715 666 3784 quod
713 3708 840 3785 illos
869 3727 998 3768 cum
1043 3711 1194 3768 nudo
1246 3709 1479 3766 nomine
1531 3708 1884 3785 Christiano:

237 3778 360 3842 rum
396 3778 816 3855 fac’it‘prasliari.
1783 3778 1886 3832 317

305 3869 428 3922 Car.
467 3865 556 3920 IIl.
589 3865 808 3919 -—-Odii
830 3877 1022 3918 eorum
1038 3860 1346 3914 caecitatem
1362 3857 1727 3928 ostendit,qui
1749 3873 1888 3927 quos

239 3937 560 4003 vituperant
585 3937 784 4004 coipso
799 3935 981 4000 elogio
997 3931 1226 3986 laudare
1243 3932 1638 4004 cogun_tur,sed
1663 3931 1756 3999 qui
1773 3937 1886 4004 tam

243 4001 379 4063 sunt
409 4007 642 4068 efferati,
669 4001 726 4061 ut
759 4005 956 4060 malint
989 4015 1220 4058 uxorem
1255 4002 1642 4068 familiamque
1671 4001 1888 4070 probris

241 4087 508 4135 onustam
543 4076 654 4146 pati
685 4091 850 4146 quam
885 4075 1256 4146 Chistianam,
1288 4075 1340 4128 id
1395 4081 1478 4130 est
1507 4075 1886 4146 emendatam.

244 4153 382 4206 Cum
443 4145 630 4217 itaque
677 4145 894 4203 nudum
951 4145 1088 4201 illud
1151 4161 1360 4200 nomen
1420 4152 1602 4198 tantas
1649 4145 1890 4198 concitet

242 4223 411 4286 rixas,
447 4219 680 4288 inquirit
709 4221 768 4274 in
799 4217 961 4286 illud,
997 4217 1144 4288 quod
1179 4233 1452 4286 nusquam
1485 4217 1888 4288 spernendum,

239 4293 326 4348 vel
361 4287 655 4362 perperam
702 4289 771 4345 ab
821 4291 928 4345 idis
977 4287 1428 4362 pronuntiatum,
1460 4287 1703 4362 amabile
1756 4287 1890 4362 quid

240 4359 514 4432 continet,
540 4371 592 4418 et
623 4363 676 4417 id
716 4377 1022 4418 commune
1043 4359 1210 4414 habet
1241 4376 1368 4415 cum
1403 4359 1634 4428 reliquis
1693 4359 1890 4427 sectis,

241 4437 390 4506 quod
423 4451 631 4490 nomen
653 4433 723 4487 ab
751 4435 986 4506 Auctore
1016 4435 1324 4498 mutuetur,
1349 4447 1488 4506 cum
1521 4439 1706 4484 tamen
1743 4447 1891 4484 nun-

242 4503 408 4578 quam
441 4515 590 4560 secta
621 4507 876 4578 quaedam
907 4504 1221 4578 obnornen
1279 4503 1464 4557 solum
1507 4509 1889 4578 persequatur.

241 4575 304 4634 Ᾱι
349 4577 679 4642 Christiani,
712 4583 765 4631 et
823 4575 1002 4644 quoad
1061 4583 1292 4643 sectam,
1319 4583 1372 4630 et
1425 4575 1604 4644 quoad
1659 4590 1891 4638 nomen,

245 4649 426 4720 probi,
453 4650 616 4720 justi,
651 4647 722 4703 ob
753 4647 1004 4702 nominis
1035 4653 1252 4702 tantum
1283 4646 1496 4716 odium,
1521 4645 1896 4720 inauditi,_in_-

243 4717 471 4788 cogniti
488 4721 724 4775 condem
735 4725 960 4774 nantur.
1793 4717 1897 4770 3'28

317 4803 440 4854 CAP.
473 4801 562 4854 IV.
595 4830 664 4839 ——-
695 4800 974 4866 Praeparat
996 4798 1112 4866 jam
1143 4815 1204 4852 se
1233 4799 1300 4852 ad
1346 4796 1739 4852 defensionem
1787 4795 1895 4866 crit

249 4873 468 4921 minum
504 4872 708 4938 quibus
738 4865 1040 4926 Christiani
1063 4869 1466 4925 onerabantur.
1501 4870 1628 4934 Sed,
1656 4885 1784 4924 cum
1813 4865 1898 4922 vel

247 4942 374 5008 post
399 4939 772 5005 justissimam
806 4940 1194 4996 defensionem
1225 4945 1416 4995 tamen
1449 4941 1712 4996 violentia
1761 4938 1900 5008 legis

250 5005 586 5076 obsequium
618 5013 820 5080 exigat,
850 5012 1152 5068 artiﬁciose
1199 5017 1256 5068 et
1305 5013 1488 5068 valide
1531 5011 1794 5080 ostendit,
1821 5005 1899 5065 le-

251 5093 366 5154 ges,
402 5085 462 5132 ut
488 5082 677 5147 condi,
703 5083 782 5135 ita
817 5083 1104 5153 reprobari
1135 5090 1188 5138 et
1215 5084 1420 5137 mutari
1449 5100 1628 5154 posse,
1664 5084 1777 5138 imo
1809 5083 1900 5154 de-

253 5149 384 5229 bere
415 5165 850 5229 nonnunquam,
879 5149 989 5229 nec
1019 5155 1074 5229 id
1107 5155 1229 5209 sine
1253 5149 1576 5229 exemplo;
1607 5149 1736 5209 cum
1787 5153 1901 5229 sci-

249 5218 380 5301 licet
412 5221 496 5301 vel
529 5218 808 5301 crudeles,
834 5218 1190 5301 felinjuslae
1219 5227 1333 5280 sint
1374 5218 1758 5301 deprehensa.
1797 5225 1902 5301 Lex

251 5293 409 5372 enim
433 5293 736 5372 justaesse
764 5293 1068 5372 colligitur,
1093 5305 1384 5372 postquam
1415 5293 1472 5352 in
1507 5299 1751 5372 valerem
1781 5297 1904 5372 ejus

252 5363 552 5439 inquisitio;
579 5365 726 5439 facta
752 5374 834 5419 est
861 5385 874 5434 ;
904 5363 1162 5439 improba
1194 5363 1342 5432 vero,
1383 5385 1496 5424 non
1522 5369 1640 5439 jam
1673 5369 1783 5426 lex.
1807 5363 1900 5421 sed

252 5437 511 5502 tyrannis
542 5437 848 5494 invenitur.
988 5437 1003 5439 7
1526 5437 1536 5439 ’
1801 5440 1906 5492 332

321 5516 445 5568 Car.
556 5547 624 5555 —
658 5517 900 5584 Inquirit
957 5519 1016 5574 in
1067 5519 1350 5590 ejusmodi
1386 5519 1569 5578 legum
1604 5519 1902 5584 originem.

252 5591 306 5638 et
339 5587 636 5642 occasione
669 5590 932 5658 Alburni,
956 5587 1120 5660 quem
1159 5593 1415 5648 Aimilius
1447 5591 1506 5644 in
1538 5592 1768 5644 deorum
1805 5607 1910 5644 nu-

251 5673 472 5730 merum
509 5661 702 5715 referri
735 5661 1370 5730 volebat,ostendit,per
1399 5662 1525 5716 illas
1555 5663 1907 5716 divinitatem

255 5727 550 5784 hominum
587 5732 794 5800 placito
825 5727 1157 5800 subjectam.
1189 5727 1326 5789 Inde
1347 5733 1552 5787 Tiberii
1588 5735 1654 5788 de
1686 5735 1908 5790 Christo

255 5802 596 5875 sententiam
649 5806 1008 5875 pronuntiat,
1043 5817 1381 5875 senatusque
1425 5807 1858 5872 ret‘ragationem
1893 5819 1907 5858 :

255 5871 776 5958 ostenditmnullps,
811 5875 920 5932 nisi
964 5871 1531 5958 ﬁerpnem,'illique_
1564 5871 1909 5958 simillimos,

254 5956 472 6004 nomen
496 5941 883 6010 Christianum
923 5947 1216 6023 afﬂixisse,
1241 5941 1374 6009 cum
1403 5941 1602 6008 contra
1629 5949 1706 6012 M.
1737 5941 1912 6028 Aureﬁ

1251 381 1438 454 QUAE
1483 379 1558 440 IN
1607 379 1760 442 HOC
1802 379 2022 441 TOMO
2067 379 2652 443 CONTINENTUR.

3503 383 3659 444 1454

1999 513 2110 588 lius
2145 513 2416 588 miraculo
2444 513 2606 570 etiam
2634 515 3062 588 rmonitus,cum
3097 515 3197 570 illo
3223 519 3424 588 Verus,
3447 525 3500 572 et
3530 521 3663 572 ante

1999 585 2132 642 illos
2163 586 2566 654 Vespasianus,
2601 587 2894 656 'I‘rajanus,
2929 589 3226 654 Adrianus,
3259 585 3417 652 Pius,
3463 589 3660 644 Chris-

2000 657 2187 730 tianos
2219 673 2340 730 esse
2375 661 2522 727 passi
2567 659 2696 712 sitit.
2729 661 3024 714 Concludit
3063 661 3324 730 denique,
3357 659 3506 724 illos,
3542 667 3596 730 ut
3627 677 3660 714 a

2003 728 2170 784 bonis
2201 729 2481 801 probatos,
2510 749 2536 784 a
2569 731 2732 784 malis
2763 733 3024 801 afﬂictos,
3059 728 3254 800 bonos,
3289 749 3404 787 non
3453 729 3650 796 malos,

2001 817 2066 856 ex
2100 799 2478 856 similitudine
2512 817 2756 866 morum,
2789 803 2972 872 putari
3001 799 3247 858 debere.
3551 801 3656 856 339

2072 881 2197 936 CAP.
2237 879 2326 935 VI.
2359 911 2426 920 -——-
2449 881 2594 942 Quin
2628 881 2778 948 ipsos
2805 883 2933 936 illos
2965 881 3152 946 legunt
3179 888 3231 936 et
3260 881 3478 947 antiqui
3527 897 3652 936 crc-

1999 961 2222 1022 palores
2251 969 2416 1022 quam
2451 952 2784 1020 longissime
2813 971 2844 1006 a
2875 959 3124 1020 paternis
3155 953 3431 1008 institutis
3469 953 3650 1008 desci-

1997 1025 2168 1089 visse,
2195 1025 2473 1080 ostendit:
2511 1023 2710 1091 Utpole
2745 1027 3027 1094 prodigos,
3051 1033 3428 1092 sumpIUosos,
3455 1025 3648 1093 volup-

1999 1095 2232 1161 tuarios,
2295 1095 2684 1160 immodestos,
2743 1097 3034 1164 snperbos,
3095 1099 3340 1160 vitiosos,
3397 1097 3650 1165 coujugii

1997 1183 2187 1224 osores
2221 1167 2396 1222 factos
2432 1182 2444 1222 :
2478 1167 2572 1237 qui
2607 1183 2711 1222 nec
2743 1169 2800 1222 in
2834 1169 2971 1236 ipsis
3005 1167 3370 1236 religionibus
3401 1175 3650 1222 veterum

1996 1239 2220 1294 decreta
2249 1241 2544 1302 servarint,
2577 1239 2674 1292 sed
2709 1240 3033 1308 peregrinas
3063 1238 3366 1306 religiones
3415 1239 3649 1294 Romam

1994 1309 2780 1392 advexerint,damnatosque
2811 1309 3202 1392 restituerint;
3237 1309 3649 1392 quininbmni-

1998 1381 2102 1437 bus
2133 1381 2364 1436 novitati
2413 1383 2706 1436 studentes
2738 1382 2914 1450 magis
2954 1397 3124 1452 quam
3167 1379 3274 1449 ipsi
3323 1379 3652 1452 Christiani,

1995 1453 2130 1509 deos
2179 1468 2310 1508 suos
2363 1452 2757 1518 neglexerint;
2791 1453 2934 1522 quod
2989 1453 3250 1508 ultimum
3309 1467 3440 1507 cum
3485 1451 3652 1506 latius

1995 1525 2132 1580 alibi
2165 1532 2236 1577 Sll
2267 1533 2662 1592 exsecuturus,
2696 1525 2752 1578 in
2789 1523 2900 1578 line
2930 1541 2988 1578 se
3031 1529 3303 1592 praeparat
3335 1525 3401 1577 ad
3433 1523 3652 1578 diluen—

1993 1600 2096 1650 das
2119 1595 2472 1650 occultorum
2507 1595 2822 1650 facinorum
2853 1595 3206 1664 objectiones
3233 1593 3426 1649 falsas.
3543 1595 3650 1650 347

2063 1675 2189 1730 ΟΜ».
2223 1673 2341 1729 VII.
2375 1705 2442 1714 -——
2477 1674 2667 1744 Itaque
2691 1683 2956 1743 provocat
2990 1675 3140 1741 illos,
3171 1679 3230 1728 ut
3261 1689 3406 1742 quos
3436 1674 3647 1744 gravis-

1996 1746 2268 1801 simorum
2299 1746 2610 1802 criminum
2663 1761 2786 1801 reos
2833 1754 3051 1816 putant,
3087 1745 3471 1810 infanticidas,
3505 1761 3643 1814 pue-

1997 1833 2186 1874 rorum
2225 1827 2524 1884 voratores,
2559 1817 2808 1874 incestos
2849 1817 3116 1887 denique,
3169 1817 3427 1886 probent,
3463 1829 3646 1886 neque

1997 1889 2180 1954 famm,
2215 1891 2376 1954 cujus
2405 1891 2562 1956 origo
2593 1905 2742 1960 srepe
2773 1889 3036 1960 mendax,
3068 1895 3120 1944 et
3149 1903 3340 1944 rumor
3369 1889 3640 1960 incertus,

1995 1961 2242 2028 amplius
2273 1959 2688 2016 inconsiderate
2715 1961 2967 2016 credant.
3539 1959 3644 2014 358

2068 2045 2188 2094 Car.
2223 2039 2370 2096 VIII.
2403 2071 2468 2080 —
2503 2039 2616 2095 Nec
2641 2039 2780 2094 falsa
2805 2043 3049 2108 tantum,
3080 2041 3196 2106 sed,
3233 2046 3292 2094 ut
3321 2045 3518 2095 contra
3549 2055 3650 2094 na-

1996 2118 2136 2166 tura:
2169 2111 2359 2180 ﬁdem,
2395 2112 2542 2166 haud
2575 2113 2852 2167 credenda
2884 2113 3146 2179 ostendit,
3179 2113 3350 2180 idque
3388 2111 3644 2168 oratione

1995 2183 2336 2238 vehementi.
2371 2181 2541 2238 Tollit
2589 2185 2722 2238 dein
2767 2183 3137 2253 objectiones,
3186 2183 3344 2252 quasi
3391 2189 3648 2238 recentes

1996 2254 2304 2308 Christiani
2337 2269 2434 2324 per
2465 2255 2840 2324 ignorantiam
2873 2263 2926 2310 et
2957 2255 3326 2326 imposturam
3361 2255 3646 2326 seducan-

1995 2333 2106 2390 tur,
2141 2341 2246 2381 nec
2278 2333 2468 2394 postea
2501 2334 2648 2380 metu
2681 2343 2865 2396 poenas
2887 2325 3236 2396 proclamare
3264 2325 3454 2380 ausint
3477 2349 3492 2393 ;
3515 2340 3647 2380 cum

1994 2399 2340 2524 1econltrario
2383 2398 2524 2453 tales
2552 2399 2685 2466 sint,
2720 2399 2814 2468 qui
2867 2405 3101 2454 mortem
3155 2397 3434 2468 pudendis
3482 2405 3651 2522 αιὲἓᾷ

2017 2485 2152 2524 eran
2185 2510 2196 2523 .

2017 2485 2196 2525 Cl‘aﬂl.

2066 2561 2188 2612 CAP.
2229 2555 2318 2611 IX.
2351 2587 2420 2597 —
2451 2558 2522 2611 At
2549 2573 2681 2612 vero
2713 2564 2918 2612 cuncta
2945 2555 3042 2612 illa
3072 2555 3333 2622 crimina,
3353 2571 3477 2626 quas
3506 2555 3649 2611 falso

1996 2629 2330 2686 Christianis
2360 2629 2729 2697 objiciuntur,
2763 2644 2892 2684 vera
2926 2629 2985 2682 in
3029 2627 3304 2682 Gentibus
3351 2635 3644 2683 accusato-

1995 2701 2156 2756 ribus
2187 2701 2574 2769 deprehendi;
2607 2701 2754 2768 apud
2787 2700 2916 2754 illos
2965 2699 3244 2754 sacrificia
3293 2699 3558 2764 humana,
3593 2706 3647 2754 et

1995 2771 2133 2828 olim
2165 2773 2225 2826 in
2253 2779 2464 2841 aperto,
2499 2779 2551 2826 et
2581 2787 2736 2826 nunc
2767 2771 2824 2825 in
2857 2769 3078 2826 occulto
3109 2770 3386 2826 committi
3412 2786 3426 2836 ;
3461 2770 3644 2826 homi-

1997 2844 2144 2898 cidia
2197 2843 2339 2897 laetis
2369 2843 2427 2898 in
2482 2843 2697 2898 theatro
2745 2843 2926 2898 oculis
2964 2843 3206 2913 spectari
3242 2842 3647 2913 ;'infanticidia

1998 2915 2246 2984 quotidie
2271 2915 2508 2983 abjecto,
2543 2921 2740 2969 necato
2773 2914 2938 2968 etiam
2973 2912 3157 2982 partu,
3189 2913 3272 2967 vel
3299 2912 3496 2968 abortu
3543 2928 3646 2969 co-

1997 2995 2120 3042 acto
2153 2985 2458 3056 perpetrari
2487 3003 2498 3052 ;
2533 2985 2868 3054 sanguinem
2901 3000 3122 3054 quoque
3151 2985 3524 3056 gladiatorum
3560 3001 3644 3040 re-

1999 3054 2508 3114 cens—necatorum
2561 3057 2744 3123 sitiri;
2780 3056 3091 3110 humanum
3135 3054 3404 3124 pabulum
3451 3056 3649 3110 ferinis

1998 3128 2202 3199 quaeri;
2228 3129 2343 3184 imo
2375 3129 2431 3182 in
2466 3127 2683 3198 seipsos
2716 3127 2956 3182 invicem
2989 3127 3220 3182 incendi
3255 3142 3268 3181 :
3303 3125 3651 3199 Christianos

1998 3198 2212 3266 contra,
2248 3200 2318 3254 ab
2348 3201 2502 3254 omni
2537 3214 2756 3264 cruore,
2789 3199 3122 3254 animalium
3157 3199 3347 3260 etiam,
3379 3198 3650 3254 abhorre-

1997 3289 2094 3336 re;
2129 3273 2274 3342 apud
2309 3271 2438 3326 illos
2469 3271 2746 3325 incestum
2781 3271 3026 3340 quotidie
3057 3271 3357 3342 committi,
3389 3285 3654 3342 cumiper

1996 3340 2396 3400 scortationem
2431 3359 2625 3410 vagam
2660 3351 2706 3396 et
2737 3349 3037 3406 gnatorum
3068 3340 3652 3410 abjectionem,liberi

1998 3421 2164 3470 etiam
2197 3432 2228 3468 a
2261 3415 2584 3484 parentibus
2614 3414 2984 3483 ignorentur;
3015 3429 3142 3482 quas
3171 3421 3377 3468 cuncta
3404 3429 3436 3467 a
3466 3413 3652 3468 Chris-

1999 3488 2186 3556 tianis,
2223 3491 2416 3556 utpote
2463 3485 3154 3556 castispcontinentibus,
3205 3484 3426 3539 veneris
3474 3485 3648 3556 etiam

1999 3555 2168 3613 licitm
2201 3554 2388 3626 (prout
2418 3571 2532 3611 non
2565 3554 2710 3610 nulli
2762 3558 2904 3624 apud
2937 3555 3088 3624 illos)
3137 3556 3482 3625 expertibus,
3516 3555 3644 3611 lon<

1997 3631 2228 3698 gissime
2257 3627 2491 3692 abesse;
2527 3643 2711 3698 neque
2743 3627 2862 3681 haec
2892 3627 2960 3682 de
3009 3627 3347 3682 Christianis
3391 3627 3462 3681 ab
3516 3627 3648 3681 ullis

1997 3702 2146 3757 credi
2183 3716 2364 3768 posse.
2399 3699 2508 3753 nisi
2543 3699 2637 3768 qui
2660 3699 2910 3762 credant,
2945 3706 2996 3770 et
3025 3698 3148 3770 ipsa
3189 3699 3288 3753 illa
3330 3699 3558 3762 faciant,
3593 3705 3647 3754 et

1995 3774 2123 3844 ipsa
2153 3771 2248 3826 illa
2279 3771 2504 3840 faciant,
2537 3779 2590 3825 et
2618 3787 2682 3826 ex
2712 3785 2770 3825 se
2800 3771 2870 3826 de
2897 3769 3025 3824 aliis
3047 3771 3324 3841 judicent.
3535 3771 3641 3824 366

2067 3861 2196 3916 ΟΑΡ.
2229 3857 2294 3913 Χ.
2329 3889 2396 3898 -
2425 3859 2786 3927 Progreditur
2805 3859 2922 3928 jam
2953 3859 3020 3913 ad
3062 3857 3283 3914 crimen
3315 3856 3648 3926 irreligiosi-

1999 3933 2148 4002 tatis,
2181 3931 2369 4002 aitque
2417 3929 2765 4002 Christianos
2807 3931 3046 4002 deorum
3088 3929 3312 4002 cultum
3365 3945 3648 4002 recusare,

1999 4001 2236 4074 quiadii
2269 4001 2381 4057 non
2415 4010 2582 4064 sunt;
2615 4001 2864 4068 colendi,
2896 4001 2942 4056 si
2986 4001 3258 4074 divinitas
3305 4015 3500 4074 eorum
3538 4001 3650 4074 Ade-

1998 4072 2302 4130 monstrari
2331 4075 2528 4144 possit.
2565 4075 2830 4127 Provocat
2880 4074 3069 4141 itaque
3116 4073 3184 4127 ad
3236 4072 3648 4144 conscientiam

2037 4143 2475 4214 entiliumgquae
2507 4161 2709 4214 negare
2741 4159 2858 4199 non
2893 4150 3070 4214 potest
3100 4159 3299 4199 omnes
3329 4143 3459 4198 illos
3513 4145 3650 4199 deos

2037 4164 2320 4208 enuuum,
2353 4164 2475 4214 quas
2507 4164 2709 4214 negare
2741 4164 2858 4199 non
2893 4164 3070 4214 pOIBSI.
3100 4164 3299 4199 omnes
3331 4164 3459 4198 IIIOS
3513 4164 3650 4199 (1808

1999 4164 2260 4272 Eomines
2289 4213 2424 4270 olim
2458 4215 2649 4278 fuisse,
2683 4215 2830 4284 quod
2857 4217 2978 4285 jam
3007 4215 3178 4271 unius
3207 4215 3436 4270 Saturni
3465 4230 3652 4271 exem—

2001 4289 2096 4360 plo
2127 4287 2340 4356 liquido
2372 4289 2741 4342 demonstrat.
3549 4287 3656 4341 380

2073 4369 2198 4424 ΟΑρ.
2239 4365 2330 4421 XI.
2365 4397 2430 4406 —
2461 4367 2524 4420 At
2561 4381 2690 4422 cum
2721 4371 2845 4435 post
2877 4373 3114 4420 mortem
3151 4365 3412 4422 homines
3437 4365 3508 4422 ob
3537 4381 3656 4422 me-

2005 4440 2241 4495 ritorum
2275 4439 2658 4507 prmstantiam
2707 4437 2762 4492 in
2813 4439 2947 4492 deos
2995 4438 3200 4494 adlecti
3253 4439 3534 4508 dicantur,
3568 4439 3657 4493 in-

2003 4513 2173 4582 quirit
2197 4510 2304 4566 hoc
2331 4509 2511 4578 capite
2540 4510 2600 4564 in
2631 4524 2830 4582 causas
2869 4525 2994 4582 quas
3035 4509 3141 4582 hoc
3171 4509 3461 4580 exegerint
3491 4527 3504 4565 :
3535 4525 3658 4580 quae

2006 4580 2232 4650 quidem
2268 4589 2518 4650 respectu
2555 4580 2762 4636 summi
2786 4580 2886 4635 Dei
2915 4581 3160 4637 inveniri
3191 4585 3499 4650 nequeunt,
3521 4597 3654 4638 cum

2004 4653 2104 4710 ille
2151 4653 2389 4708 aliorum
2435 4667 2540 4722 cpe
2587 4669 2702 4706 non
2751 4652 3044 4722 indigeat:
3081 4661 3334 4723 respectu
3379 4653 3658 4723 ipsorum,

2005 4725 2092 4782 vel
2125 4741 2279 4779 vanae
2312 4723 2568 4792 sunt,vel
2603 4724 2742 4780 tales
2773 4731 2830 4778 ut
2863 4733 3186 4780 mereantur
3216 4723 3404 4794 potius
3425 4726 3498 4781 ob
3527 4725 3657 4781 illas

2009 4813 2135 4852 cum
2159 4794 2436 4850 maleﬁcis
2467 4795 2526 4850 in
2557 4797 2738 4851 imum
2771 4803 3040 4852 tartarum
3071 4797 3314 4862 detrudi,
3351 4797 3446 4852 ubi
3479 4798 3656 4854 collo-

2007 4873 2208 4924 carunt
2262 4883 2358 4922 eos
2416 4867 2582 4933 viros,
2615 4867 2711 4938 qui
2767 4873 2820 4924 et
2877 4869 3128 4924 inventis
3185 4875 3238 4924 et
3287 4869 3504 4925 meritis
3533 4869 3664 4924 illos

2006 4939 2175 5006 longe
2206 4947 2564 5008 superarunt.
3559 4941 3667 4996 385

2080 5023 2203 5072 CAP.
2237 5019 2358 5072 XII.
2394 5049 2458 5059 -
2488 5019 2614 5074 Iam
2645 5035 2814 5091 porro
2847 5021 3120 5086 ostendit,
3155 5021 3394 5076 numina
3431 5018 3530 5075 illa
3573 5021 3668 5076 ni-

2011 5089 2090 5144 hil
2118 5106 2261 5162 esse,
2291 5091 2402 5145 nisi
2431 5091 2624 5162 inania
2650 5089 2999 5148 mortuorum
3035 5094 3287 5162 nomina,
3315 5107 3556 5162 quorum
3595 5091 3670 5148 si-

2010 5159 2566 5231 mulacra,respectu'
2593 5163 2844 5218 materiae
2875 5163 3232 5232 fabriczeque,
3261 5159 3504 5219 maxime
3535 5180 3670 5220 con-

2013 5235 2210 5308 temni
2243 5247 2586 5300 mereantur,
2619 5243 2677 5288 ut
2726 5237 2864 5308 adeo
2924 5237 2982 5289 in
3039 5234 3307 5308 solatium
3363 5239 3478 5308 sint
3527 5237 3669 5308 ipsis

2012 5305 2369 5368 Christianis,
2401 5308 2496 5375 qui
2531 5321 2750 5374 propter
2781 5305 2877 5360 illa
2909 5308 3234 5374 puniantur.
3271 5307 3334 5363 Ut
3381 5305 3670 5363 enim—dii

2015 5377 2174 5442 ﬁant,
2195 5379 2457 5432 crucibus
2493 5378 2646 5432 velut
2676 5377 2999 5446 Christiani,
3027 5379 3273 5446 ﬁguntur
3301 5395 3315 5445 ;
3341 5378 3508 5434 asciis
3538 5381 3668 5435 edo-

2017 5449 2226 5513 lantur,
2289 5457 2621 5505 truncantur
2677 5448 2939 5518 denique.
2988 5449 3265 5505 Leonibus
3324 5451 3494 5505 etiam
3545 5451 3670 5506 cin-

2015 5527 2246 5588 guntur,
2282 5529 2334 5576 et
2365 5521 2422 5575 in
2459 5519 2783 5591 lapidicinis
2827 5521 3104 5591 habitant,
3136 5529 3302 5590 atque
3350 5537 3416 5577 ex
3464 5521 3674 5578 insulis

2019 5591 2374 5662 proveniunt.
2413 5595 2543 5656 Qua:
2593 5589 2739 5644 sicut
2791 5593 2896 5658 ipsi
2959 5589 3095 5648 noni
3132 5589 3512 5660 sentiunt,ita
3568 5610 3676 5650 nec

2020 5663 2285 5728 honores,
2310 5663 2403 5732 qui
2433 5663 2568 5730 ipsis
2603 5662 2765 5716 ﬁunt.
2789 5663 2912 5719 Non
2939 5665 3123 5734 itaque
3157 5665 3334 5734 magis
3362 5665 3674 5722 damnandi

2020 5735 2350 5799 Christiani,
2381 5736 2475 5802 qui
2509 5735 2638 5806 illos
2669 5743 2962 5805 respuunt,
2985 5753 3154 5806 qnam
3185 5737 3305 5805 ipse
3335 5738 3470 5792 olim
3503 5737 3674 5794 Sene-

2021 5821 2104 5878 ca,
2130 5807 2223 5878 qui
2257 5806 2516 5860 similiter
2560 5804 2772 5861 inanes
2807 5804 3233 5877 superstitiones
3279 5808 3618 5878 improbavit
3654 5826 3669 5864 :

2021 5877 2292 5952 ridiculos
2321 5879 2474 5952 enim
2505 5892 2630 5934 esse
2671 5878 2827 5946 deos,
2859 5879 2956 5952 qui
2999 5879 3220 5952 injuriae
3269 5877 3674 5938 vilissimorum

2023 5949 2195 6013 etiam
2223 5949 2590 6012 bestiolarum
2616 5949 3012 6028 pateant,'imo
3039 5949 3159 6028 qui,
3189 5967 3320 6013 cum
3365 5968 3485 6018 non
3532 5953 3672 6034 sint,
