4050 6346
425 305 582 364 M55

422 433 668 560 giggtillis
696 434 792 505 qui
819 439 951 490 sunt
981 433 1325 505 benefacere,
1359 450 1463 492 nec
1491 434 1560 490 ab
1591 433 1706 491 illis
1752 434 1879 490 laedi
1928 450 2060 558 pgg;

491 582 616 631 CAP.
647 575 952 631 XIII.—-Si
983 583 1166 631 tamen
1198 575 1320 631 hinc
1353 575 1586 631 numina
1616 576 1835 632 censeri
1867 578 2062 644 velint,

419 648 604 702 colere
637 648 827 717 utique
856 647 1164 716 oportebat,
1198 663 1309 718 non
1357 664 1638 717 spernere,
1673 650 1817 718 quod
1867 656 2056 702 tamen

421 718 628 786 passim
662 719 841 774 facere
864 719 990 772 illos
1019 717 1282 786 ostendit,
1312 733 1440 772 cum
1493 717 1701 788 singuli
1733 719 1918 786 plures
1959 734 2053 773 co-

421 789 703 852 lant,cum
728 791 989 844 divinitas
1015 789 1084 843 ab
1118 789 1363 843 humano
1395 792 1626 858 pendeat
1659 789 2057 858 arbitrio,cum

419 859 719 914 simulacra
748 875 961 929 eorum,
997 868 1054 913 ut
1100 861 1408 914 domestica
1445 861 1820 916 instrumenta
1861 863 2058 930 pigne-

418 939 634 1002 rentur,
669 932 1038 997 venditantur,
1071 947 1176 986 nec
1207 931 1418 1000 privata
1449 941 1686 999 tantum,
1720 933 1811 986 sed
1846 941 1901 987 et
1953 947 2056 1002 pu-

417 999 588 1070 blica,
621 1010 676 1056 ut
706 1003 844 1056 adeo
877 1003 1137 1070 majestas
1168 1004 1503 1072 quaestuaria
1559 1002 1836 1058 efﬁciatur
1869 1019 1880 1058 :
1916 999 2060 1057 trior-

421 1073 531 1144 tuis
560 1087 779 1142 quoque
805 1071 864 1126 id
900 1073 1126 1128 honoris
1156 1071 1305 1144 quod
1342 1074 1450 1128 diis
1474 1073 1868 1142 habeatur,qui
1903 1077 2060 1128 tanto

418 1143 645 1212 dignius
675 1143 892 1199 scilicet
921 1143 1348 1213 imperatoribus
1377 1145 1685 1199 etiamnum
1745 1145 2059 1199 viventibus

419 1213 702 1278 tribuitur,
763 1215 1033 1284 quoniam
1073 1221 1132 1270 et
1177 1215 1284 1282 ipri
1325 1217 1456 1270 deos
1517 1217 1765 1281 faciunt;
1796 1224 1852 1270 at
1909 1225 2060 1270 certe

417 1284 829 1356 meretricibus,
861 1286 1118 1354 cinaedis,
1150 1287 1540 1356 similibusque
1580 1288 1820 1356 publicae
1869 1286 2057 1341 libidi-

414 1356 504 1411 nis
536 1355 797 1423 victimis,
833 1372 944 1410 non
979 1357 1100 1411 sine
1150 1357 1356 1425 insigni
1408 1355 1641 1412 deorum
1687 1357 2055 1417 contumelia,

415 1427 548 1482 licet
577 1426 619 1481 ii
649 1427 755 1495 ipsi
789 1427 969 1482 nihilo
993 1428 1298 1482 nobiliores
1321 1429 1451 1495 sint,
1471 1429 1651 1483 addici
1679 1436 1875 1496 potest.
1953 1429 2054 1480 397

485 1500 608 1552 CAP.
643 1500 788 1551 XIV.
822 1529 886 1539 -—
917 1498 1107 1553 Obiter
1138 1500 1268 1553 inde
1293 1500 1526 1554 avaritia
1555 1501 1613 1554 in
1647 1500 1894 1554 victimis
1927 1514 2056 1568 pro-

418 1566 504 1622 bis
549 1568 851 1623 oII'orcndis
899 1576 1102 1636 taxata,
1137 1571 1437 1624 Homerum
1487 1571 1846 1640 reliquosque
1901 1566 2055 1623 vates

416 1640 757 1705 aggreditur,
790 1641 1062 1708 docetque
1119 1657 1291 1709 quam
1353 1642 1534 1709 turpia
1588 1644 1844 1696 doctores
1898 1640 2056 1696 bisde

415 1710 524 1764 diis
575 1710 891 1778 loquantur,
925 1713 1020 1780 qui
1071 1719 1256 1767 tamen
1315 1715 1375 1765 ut
1403 1712 1690 1781 exemplar
1739 1713 1945 1779 linguas
2001 1718 2055 1766 et

417 1795 637 1835 morum
695 1782 974 1850 juventuti
1044 1783 1752 1852 pr0ponunturztragicos
1809 1783 1942 1837 item
2002 1789 2057 1836 et

415 1855 686 1919 comicos,
719 1853 832 1906 imo
863 1856 920 1906 et
967 1853 1350 1922 philosOphos,
1376 1869 1610 1923 quorum
1665 1855 1926 1922 princeps
1955 1852 2054 1907 So-

417 1927 614 2046 frate?
648 1938 776 1978 cum
835 1922 1086 1993 Diogene
1141 1929 1200 1979 et
1255 1922 1497 1980 Varrone
1538 1927 1674 1980 deos
1703 1925 1893 1994 irrisit,
1925 1926 2055 2048 αἰξδὲ

443 2007 611 2048 rust.

421 1993 611 2048 truxit.
1880 1993 1885 1994 7
1951 1995 2019 2048 40

488 2064 608 2118 CAP.
639 2063 753 2135 XV.
786 2094 852 2102 -—
910 2063 1269 2120 Demonstrat
1325 2081 1512 2134 porro,
1574 2080 1739 2135 quam
1790 2065 2054 2120 indecore

424 2133 658 2189 deorum
714 2134 860 2190 facta
901 2142 954 2190 et
1003 2136 1256 2204 nomine,
1287 2133 1354 2190 ad
1410 2133 1704 2192 oculorum
1752 2144 1803 2191 et
1833 2137 2051 2191 aurium

415 2205 886 2278 voluptatem,7ab
913 2206 1047 2275 ipsis
1075 2207 1136 2262 in
1165 2208 1406 2262 scenicis
1439 2207 1810 2278 voluptatibus
1859 2209 2053 2262 inﬂec-

419 2281 628 2342 tantur,
663 2285 721 2331 ut
750 2277 1015 2348 divinitas
1049 2278 1346 2346 plaudente
1377 2279 1583 2347 p0pulo
1615 2284 2050 2348 constupretur;

415 2353 474 2401 ut
501 2355 554 2402 et
584 2362 750 2417 quam
780 2347 1083 2403 crudeliter
1110 2349 1168 2402 in
1199 2364 1365 2403 cavea
1395 2360 1446 2404 et
1489 2351 1638 2403 ludis
1688 2347 2054 2405 theatralibus

413 2418 806 2483 adhibeantur,
837 2419 930 2472 ubi
980 2419 1250 2472 vilissime
1293 2421 1551 2489 majestas
1599 2419 1694 2474 illa
1743 2425 2049 2486 tractatur;

416 2489 658 2558 denique
688 2504 854 2557 quam
878 2490 1254 2560 irreverenter
1301 2490 1379 2543 dii
1429 2491 1498 2544 ab
1546 2492 1684 2560 ipsis
1717 2491 2050 2558 habeantur,

415 2560 549 2632 dum
609 2575 821 2632 coram
853 2559 979 2632 illis
1028 2559 1320 2616 libidinem
1375 2576 1531 2615 suam
1574 2559 1825 2632 explent.
1861 2563 2051 2626 Qualis

415 2630 640 2699 quidem
672 2631 863 2699 religio
893 2631 1135 2686 cultores
1165 2647 1297 2687 suos
1327 2633 1550 2697 stultos,
1575 2630 1827 2702 insanos,
1862 2649 2050 2688 osores

415 2716 546 2756 vero
575 2702 832 2756 cordatos
862 2711 913 2756 et
943 2703 1223 2770 sapientes
1254 2704 1515 2759 ostendit.
1945 2704 2039 2759 4H

485 2772 766 2844 CALXVI.
799 2771 1234 2844 —-7Ostensurus
1259 2774 1580 2842 jam,quem
1615 2778 1809 2840 Deum,
1843 2780 1897 2829 et
1917 2792 2052 2844 quo-

414 2842 584 2897 modo
613 2841 772 2896 illum
803 2841 990 2898 colant
1022 2841 1340 2912 Christiani,
1373 2841 1534 2900 antea
1573 2846 1817 2913 accingit
1873 2841 1947 2901 se7
1979 2847 2050 2900 ad

412 2914 809 2968 convellendas
837 2915 1134 2984 Opiniones
1162 2916 1230 2969 de
1260 2917 1365 2970 isto
1395 2917 1545 2970 cultu
1596 2915 1761 2970 falsas
1791 2933 1804 2969 :
1837 2917 1906 2971 de
1956 2931 2048 2972 ea-

413 2984 526 3054 pite
553 2985 765 3040 scilicet
804 2985 1050 3053 asinino,
1085 2987 1153 3040 de
1185 3001 1369 3054 cruce,
1404 2989 1472 3042 de
1501 2988 1636 3054 sole,
1666 2989 1734 3042 de
1766 2988 1891 3042 (icto
1943 2989 2049 3042 isto

411 3053 654 3110 Numine
686 3055 909 3110 biformi
961 3058 1105 3126 quod
1139 3053 1550 3113 inscribebatur
1577 3053 1883 3113 oNoaot'rts.
1918 3058 2048 3115 Haec

409 3126 600 3181 omnia
631 3143 744 3182 non
776 3127 898 3182 sine
919 3127 1034 3182 risu
1069 3143 1368 3198 morsuque
1398 3129 1583 3193 diluit,
1611 3129 1779 3199 inque
1811 3131 1936 3184 illos
1968 3131 2050 3198 ip-

407 3212 509 3270 sos
528 3206 879 3254 accusatores
911 3199 1089 3267 magis
1120 3201 1390 3268 quadrare
1419 3201 1687 3255 ostendit.
1721 3203 1838 3264 Quo
1889 3208 2047 3270 pacto

408 3267 513 3323 sibi
573 3271 718 3324 viam
766 3270 835 3324 ad
893 3267 1430 3326 demonstrationem
1492 3271 1780 3340 religionis
1838 3267 2046 3327 nostra:

449 3343 630 3395 urgat.
1942 3343 2046 3395 419

408 3356 630 3409 purgat.
1942 3356 2042 3395 4w

408 3479 420 3490 ο
477 3411 601 3494 Car.
633 3409 794 3494 XVII.
830 3414 1343 3494 —7Deum_vt:rti_m,
1377 3412 1474 3494 qui
1522 3411 1714 3494 omnia
1761 3411 1912 3478 fecit,
1945 3428 2042 3494 cu-

407 3479 493 3548 jus
523 3487 574 3535 et
606 3489 860 3536 naturam
891 3482 1179 3548 describit,
1211 3479 1558 3538 Christianos
1582 3484 1766 3539 colere
1803 3485 2036 3538 asserit:

451 3550 573 3618 ujus
603 3552 859 3607 notitiam
890 3559 941 3608 et
960 3552 1308 3622 agnitionem
1343 3554 1672 3608 naturaliter
1704 3555 1918 3608 homini
1950 3554 2039 3609 in-

406 3621 570 3694 sitam
593 3622 775 3694 docet,
807 3623 882 3678 ita
939 3621 1017 3677 ut
1043 3625 1487 3691 magnitudinem
1537 3626 1677 3694 ejus,
1712 3624 2036 3690 bonitatem,

406 3691 832 3761 benignitatem,
855 3695 1127 3748 auxilium
1162 3703 1209 3748 et
1236 3695 1507 3762 justitiam
1540 3691 1656 3752 non
1685 3696 1922 3765 ignoret,
1948 3698 2036 3750 in-

405 3779 514 3834 que
544 3765 702 3818 caelis
725 3781 910 3831 agere,
949 3782 1059 3819 non
1093 3767 1148 3820 iu
1184 3775 1348 3834 terra,
1381 3769 1589 3822 credat.
1935 3768 2031 3821 431

473 3835 606 3889 CAP.
639 3835 831 3889 XVIII.
865 3868 932 3876 ——
966 3837 1135 3890 Istum
1169 3835 1373 3900 Deum,
1415 3853 1527 3891 non
1581 3843 1908 3892 contentum
1949 3838 2035 3892 in-

404 3906 508 3959 sita
539 3906 623 3959 sui
659 3906 984 3962 hominibus
1017 3906 1232 3973 notitia,
1269 3908 1592 3963 aberrantes
1623 3907 1789 3962 verbo
1820 3917 1872 3961 et
1903 3909 2035 3964 scri-

403 3982 564 4046 ptura
618 3977 818 4032 docere
873 3977 1119 4033 voluisse
1179 3979 1469 4034 ostendit:
1509 3979 1697 4048 itaque
1741 3979 2036 4048 pr0phetas

401 4048 622 4119 misisse
642 4049 847 4117 Spiritu
878 4050 1068 4104 divino
1101 4049 1424 4115 inundatos,
1445 4051 1536 4118 qui
1568 4049 1836 4119 populum
1869 4065 2034 4105 suum

401 4118 470 4192 de
489 4134 547 4174 se
575 4134 787 4189 suoque
816 4120 967 4176 cultu
1000 4129 1053 4176 et
1081 4122 1328 4189 potentia
1358 4118 1677 4176 edocerent.
1714 4124 1861 4190 Hmc,
1895 4137 2032 4192 quo-

400 4189 554 4262 niam
581 4192 941 4262 prterogativa
971 4200 1083 4246 erat
1113 4193 1455 4257 Judaeorum,
1492 4192 1819 4246 Hebraicam
1853 4189 2034 4262 requi-

400 4259 597 4316 rebant
627 4261 925 4330 linguam;
968 4263 1062 4317 sed
1107 4264 1373 4331 quoniam
1425 4263 1582 4331 jussu
1633 4259 1946 4318 Ptolemaei
1974 4265 2032 4318 in

400 4332 650 4403 Graecam
676 4331 928 4403 linguam
962 4341 1327 4388 monumenta
1357 4334 1459 4387 ista
1484 4351 1641 4387 versa
1673 4341 1830 4388 erant
1871 4335 2034 4390 facile

397 4402 538 4474 adiri
570 4419 750 4473 posse,
775 4402 938 4459 tanta
967 4405 1191 4474 quidem
1225 4406 1468 4459 veritatis
1493 4406 1545 4460 vi
1576 4407 1949 4472 coruscantia,
1973 4412 2033 4459 ut

401 4473 498 4544 qui
527 4473 720 4544 legerit
750 4475 833 4530 vel
863 4473 1122 4543 audierit,
1156 4476 1324 4531 etiam
1347 4478 1572 4531 credere
1603 4481 1852 4540 cogatur.
1929 4477 2033 4530 433

474 4543 605 4601 Car;
635 4549 785 4599 XIX.
819 4577 886 4586 --
921 4548 1096 4616 Hujus
1119 4544 1220 4600 Dei
1250 4563 1432 4602 veram
1468 4547 1868 4615 cognitionem,
1904 4549 2035 4602 scri-

398 4613 508 4683 ptis
537 4613 1224 4685 proditam,antiq7uiorem
1257 4618 1413 4672 omni
1447 4613 1749 4672 litteratura
1780 4617 2032 4672 saeculari

401 4687 666 4753 ostendit,
692 4689 808 4743 imo
837 4687 1102 4744 omnibus
1132 4687 1356 4743 illorum
1389 4689 1496 4742 diis
1526 4689 1686 4758 ipsis,
1714 4695 1900 4758 utpote
1938 4689 2032 4755 qui

440 4763 593 4812 ostea
620 4758 680 4813 in
714 4759 945 4814 deorum
976 4775 1278 4815 numerum
1332 4759 1444 4816 sint
1492 4760 1668 4814 relati.
1694 4761 1831 4814 Cum
1880 4761 2034 4815 enim

459 4843 586 4900 oses
617 4829 736 4900 ipso
769 4831 975 4886 Inacho
1004 4838 1165 4885 mtate
1196 4831 1309 4886 fere
1342 4847 1437 4900 par
1483 4832 1573 4896 sit,
1610 4835 1864 4886 Danaum
1923 4830 2032 4899 igi-

400 4903 510 4965 tur,
543 4899 752 4956 bellum
784 4901 1110 4970 Trojanum,
1144 4899 1469 4966 Homerum,
1502 4910 1554 4956 et
1606 4903 1653 4956 si
1700 4902 1828 4971 quid
1883 4901 2031 4955 anti-

397 4983 568 5038 quum
591 4974 768 5041 audit,
802 4973 968 5041 longe
997 4980 1116 5042 post
1148 4989 1206 5027 se
1236 4973 1500 5042 relinquit
1537 4989 1548 5028 :
1584 4979 1752 5043 quod,
1782 4973 1830 5027 si
1877 4973 2029 5038 velit,

402 5055 462 5093 se
491 5057 557 5096 ex
577 5044 949 5115 chronologis
995 5045 1332 5100 conﬁrmare
1369 5059 1546 5114 posse,
1578 5045 1713 5099 satis
1757 5059 2034 5115 superque

394 5112 660 5171 ostendit.
873 5112 887 5115 7
1370 5112 1378 5114 7
1829 5112 1840 5113 7
1930 5113 2034 5166 438

471 5190 602 5240 CAP.
632 5186 746 5242 XX.
779 5216 847 5229 -—
877 5187 1003 5252 Sed,
1036 5187 1242 5242 omissa
1289 5186 1638 5255 antiquitate,
1689 5201 1810 5255 quas
1849 5201 2033 5241 errare

397 5263 599 5324 potest,
632 5258 987 5316 divinitatem
1028 5274 1196 5314 sacrae
1241 5257 1540 5326 Scripturae
1580 5258 1846 5320 ostendit,
1879 5257 2028 5310 exitu

398 5342 581 5399 rerum
614 5329 1031 5399 comprobatae:
1067 5343 1414 5398 quascunque
1445 5331 1595 5383 enim
1632 5328 1792 5391 fiunt,
1822 5327 1937 5395 jam
1970 5327 2028 5381 in

393 5397 491 5451 illa
523 5397 784 5467 praedicta
815 5397 1197 5467 inveniuntur,
1234 5407 1291 5453 ut
1321 5397 1459 5454 adeo
1512 5414 1742 5454 necesse
1796 5399 1860 5452 sit
1905 5413 2028 5451 cre-

393 5468 526 5524 dere
557 5486 678 5538 quze
708 5473 894 5529 adhuc
924 5477 1133 5527 restant
1175 5474 1374 5537 futura,
1408 5472 1672 5541 quoniam
1731 5478 1784 5524 et
1841 5469 1900 5523 in
1933 5469 2031 5523 illa

393 5543 803 5608 comprehensa
835 5553 888 5599 et
919 5544 1181 5613 praedicta
1206 5550 1355 5597 sunt.
1563 5612 1568 5613 7
1659 5611 1665 5613 7
1739 5612 1744 5613 7
1927 5541 2030 5595 446

465 5613 595 5665 Cap.
630 5617 776 5668 XXI.
813 5646 880 5654 —
913 5611 1025 5670 Iloc
1055 5613 1260 5683 insigni
1292 5613 1472 5682 capite
1518 5611 1844 5682 plenissima
1900 5628 2028 5682 pro-

431 5679 619 5736 inatur
648 5685 842 5749 Chisli,
877 5685 975 5740 Dei
1005 5679 1436 5748 Filiifhistoria,
1469 5679 1585 5753 qui,
1619 5691 1779 5752 prout
1808 5684 1874 5738 ad
1901 5679 2027 5738 73a-

418 5756 592 5823 tttem_
619 5755 959 5823 animarum,
991 5756 1156 5810 debet
1211 5755 1495 5823 cognosci,
1529 5755 1636 5809 late
1688 5763 1743 5810 et
1793 5770 2026 5812 nervoso

392 5817 745 5878 describitur.
776 5817 1099 5884 Ostenditur
1119 5817 1369 5896 interitu,
1399 5817 1534 5896 quid
1563 5824 1772 5883 ludatis
1818 5839 2021 5885 evene-

1855 303 2064 364 ORDO
2109 301 2381 365 RERUM

3673 302 3830 361 1456

2170 433 2415 504 rit,dum
2445 433 2503 488 in
2529 430 2627 488 illo
2659 430 2810 488 verbi
2831 431 3007 504 divini
3038 431 3114 486 im
3124 431 3481 502 plementum
3511 447 3835 504 agnoscere

2497 521 2508 557 :
2543 478 2868 572 cuvjusvsane
2891 478 3183 559 divinitate
3215 511 3499 572 percepta,
3537 478 3697 559 falsas
3742 478 3832 559 re:

2174 577 2373 645 Iigioni
2401 577 2722 630 renuntiare
2752 575 2931 643 decet,
2965 589 3093 630 cuin
3126 575 3296 629 etiam
3344 575 3416 628 ab
3468 576 3609 644 ipsis
3663 576 3829 630 mali-

2169 647 2296 714 gnis
2351 647 2665 716 spiritibus,
2699 645 2902 714 quibus
2958 646 3217 714 imperat,
3269 645 3663 702 testimonium
3719 647 3833 699 ali-

2171 718 2394 788 quanda
2431 718 2696 784 potentize
2726 732 2840 770 suae
2869 716 3072 784 exigat.
3178 787 3183 788 7
3721 718 3828 772 449

2238 791 2362 842 Car.
2395 788 2555 841 XXII.
2589 819 2654 828 —
2687 789 2943 856 Explicat
2987 787 3102 856 jam
3158 787 3487 842 daemonum
3537 795 3824 854 naturam,

2168 873 2406 926 quorum
2440 859 2695 913 notitiam
2729 876 2762 913 a
2794 858 3149 927 philosophis
3180 865 3232 913 et
3257 858 3437 927 poetis
3467 860 3638 914 etiam
3698 860 3823 914 ins-

2170 929 2402 984 tillatam
2453 934 2631 998 docet,
2696 931 2825 984 inde
2871 929 3101 984 illorum
3151 929 3504 998 spiritualem
3555 930 3824 985 substan-

2171 1002 2299 1054 tiam
2333 1002 2608 1064 edisserit,
2642 1008 2808 1070 atque
2838 1001 2972 1054 inde
3001 999 3158 1055 elicit
3214 1001 3447 1056 modum
3492 1002 3700 1071 agendi
3759 1001 3823 1059 in

2172 1071 2448 1138 homines,
2483 1079 2539 1125 ut
2588 1078 2849 1138 noceant,
2894 1071 3317 1141 ostenditurque
3376 1071 3517 1126 illud
3578 1072 3824 1128 fallaciis

2169 1143 2285 1196 suis
2315 1143 2496 1197 solum
2527 1156 2691 1211 agere
2722 1151 2780 1196 ut
2813 1143 3007 1197 relicto
3037 1145 3146 1197 Deo
3175 1157 3306 1198 vero
3337 1142 3492 1198 falsa
3552 1144 3824 1212 religioni

2167 1215 2296 1269 cred
2309 1215 2386 1268 uli
2419 1213 2680 1267 mortales
2714 1215 3125 1281 mancipentur.
3716 1215 3823 1269 463

2237 1283 2364 1338 Car.
2387 1282 3048 1350 XXIII.—Quantumvis
3077 1297 3207 1340 vero
3239 1299 3441 1352 magna
3473 1284 3542 1338 sit
3600 1283 3817 1341 daemo-

2167 1369 2302 1408 num
2335 1355 2603 1424 potentia,
2639 1355 2858 1425 majori,
2890 1355 3094 1410 Christi
3127 1371 3353 1424 nempe,
3384 1355 3588 1424 subjici
3619 1359 3819 1422 decet;

2166 1441 2336 1494 quare
2365 1426 2530 1480 etiam
2566 1426 2636 1481 de
2669 1426 2765 1480 illa
2795 1426 2904 1494 ipsi
2938 1425 3238 1480 Christiani
3270 1425 3648 1495 triumphant,
3681 1441 3817 1482 cum

2165 1496 2392 1567 scilicet
2413 1497 2738 1567 immundos
2767 1497 2995 1566 spiritus
3025 1499 3229 1552 virtute
3269 1498 3413 1566 ejus,
3451 1499 3540 1554 vel
3587 1499 3820 1567 invitos,

2164 1566 2416 1636 ejiciunt.
2450 1566 2551 1629 Qui
2578 1569 2712 1622 dum
2747 1569 2984 1636 imperio
3012 1567 3217 1623 Christi
3264 1569 3611 1637 obsequium
3644 1566 3821 1638 praes;

2165 1646 2305 1702 tant,
2338 1654 2495 1692 suam
2528 1638 2636 1709 ipsi
2667 1639 3021 1694 divinitatem
3051 1638 3310 1695 abnuunt
3347 1640 3585 1710 ejusque
3636 1640 3821 1695 solam

2165 1718 2498 1764 agnoscunt.
3715 1711 3820 1764 469

2163 1718 2498 1779 agnoscunt.

2233 1783 2363 1851 Cap.
2396 1778 2635 1834 XXXIV.
2768 1780 2991 1836 Falsum
3021 1781 3206 1851 itaque
3233 1795 3355 1836 esse
3374 1780 3592 1836 crimen
3632 1780 3821 1836 irreli-

2163 1850 2452 1917 giositatis,
2487 1859 2537 1905 et
2568 1853 2634 1904 ad
2668 1851 2951 1907 Romanos
2999 1850 3183 1921 potius
3235 1867 3401 1921 quam
3457 1852 3816 1908 Christianos

2166 1924 2463 1990 pertinere,
2496 1937 2635 1990 quos
2678 1921 2765 1976 vel
2817 1938 2884 1976 ex
2939 1923 3040 1978 hac
3078 1922 3430 1993 subjectione
3477 1923 3816 1978 daemonum

2165 1999 2367 2061 pateat,
2399 1995 2666 2061 majorem
2699 1993 2812 2047 illis
2842 2002 2894 2049 et
2922 1993 3310 2049 sublimiorem
3351 1993 3529 2049 Deum
3580 1995 3771 2050 colere
3799 2011 3814 2061 ;

2162 2065 2414 2134 adeoque
2472 2063 2555 2118 vel
2616 2063 2925 2118 libertatem
2979 2067 3176 2122 saltem
3226 2065 3514 2133 religionis
3544 2065 3662 2119 illis
3691 2081 3817 2120 esse

2165 2134 2620 2204 relinquendam,
2652 2151 2774 2204 quae
2804 2151 2931 2190 cum
2967 2136 3095 2190 aliis
3124 2137 3304 2199 detur,
3337 2139 3457 2188 tum
3511 2150 3622 2204 nec
3667 2136 3814 2205 ipsis

2163 2205 2432 2274 Egyptiis
2463 2214 2711 2274 negetur.
2736 2206 2837 2261 Sed
2869 2208 3014 2276 apud
3049 2207 3176 2263 illos
3207 2206 3424 2277 quidvis
3475 2207 3587 2262 coli
3639 2206 3821 2262 licere

2163 2283 2362 2346 praeter
2397 2277 2569 2331 Deum
2601 2291 2810 2331 verum.
3711 2279 3822 2332 475

2231 2351 2358 2402 Car.
2389 2347 2544 2402 XXV.
2580 2377 2647 2387 —
2679 2348 2966 2403 Immerito
2995 2348 3182 2417 itaque
3213 2346 3681 2413 magnitudinem
3715 2349 3822 2403 im-

2161 2419 2302 2486 perii
2354 2419 2728 2472 Romanorum
2790 2420 2849 2473 in
2893 2428 3002 2474 tam
3058 2420 3401 2474 immensum
3449 2426 3675 2472 auctam
3715 2436 3823 2489 pro

2160 2489 2358 2543 merito
2385 2489 2762 2554 religiositatis
2791 2489 3016 2545 illorum
3050 2491 3108 2545 in
3153 2491 3286 2544 deos
3331 2489 3574 2554 censeri,
3608 2489 3706 2558 qui
3764 2491 3822 2545 id

2158 2558 2275 2612 illis
2306 2561 2558 2615 conferre
2589 2563 2894 2630 potuerint,
2927 2563 3178 2631 adeoque
3223 2558 3328 2616 soli
3360 2560 3438 2614 dii
3470 2560 3585 2614 sint
3620 2575 3634 2613 :
3679 2575 3817 2615 cum

2159 2636 2344 2702 tamen
2380 2631 2462 2702 illi
2493 2639 2546 2686 et
2580 2631 2800 2687 ridiculi
2831 2639 2884 2688 et
2915 2634 3184 2702 pudendi,
3208 2632 3292 2686 vel
3316 2632 3484 2685 etiam
3520 2632 3819 2702 peregrini

2159 2700 2296 2772 sint,
2331 2701 2423 2771 qui
2455 2703 2632 2772 (quod,
2655 2703 2832 2759 multo
2862 2700 2990 2758 cum
3021 2704 3137 2758 sale
3168 2700 3544 2772 prosequitur)
3578 2717 3685 2755 sua
3717 2719 3821 2769 po-

2159 2771 2269 2825 tius
2297 2777 2492 2827 contra
2527 2774 2807 2829 Romanos
2836 2773 2996 2828 futati
3025 2771 3286 2841 fuissent,
3317 2771 3365 2827 si
3396 2787 3504 2842 qua
3554 2772 3673 2827 illis
3730 2775 3819 2829 vis

2161 2842 2387 2898 inesset.
2423 2843 2743 2899 Nonnullos
2773 2859 2994 2913 quoque
3024 2860 3218 2901 eorum
3249 2846 3384 2899 deos
3413 2859 3573 2912 reges
3630 2843 3814 2901 fuisse

2159 2913 2315 2980 dicit,
2347 2930 2456 2982 quo
2489 2925 2736 2983 tempore
2764 2923 2946 2970 tamen
2982 2916 3264 2982 homines,
3297 2923 3348 2968 et
3375 2913 3590 2983 illiipsi
3621 2930 3804 2984 reges,

2159 2984 2283 3055 sine
2311 2985 2419 3038 dits
2452 3003 2566 3040 non
2609 2987 2816 3042 fuerint
2845 3003 2858 3041 :
2893 2987 3030 3042 olim
3059 2989 3229 3042 etiam
3258 3001 3500 3055 paupere
3529 2985 3688 3040 cultu
3722 2988 3808 3042 dii

2161 3054 2543 3122 haberentur;
2579 3065 2634 3110 ut
2666 3058 2804 3113 adeo
2836 3073 2950 3113 non
2985 3058 3222 3112 Romani
3252 3054 3328 3112 ob
3373 3054 3811 3125 religiositatem

2159 3127 2368 3198 magni,
2400 3129 2492 3181 sed
2547 3127 2616 3182 ob
2672 3129 3116 3198 magnitudinem
3177 3127 3426 3197 religiosi
3467 3128 3596 3181 facti
3628 3144 3815 3198 appa-

2158 3207 2336 3252 reant.
2372 3198 2635 3263 Quinimo
2676 3215 2790 3254 non
2840 3198 3129 3268 religiosos
3177 3198 3487 3264 habendos,
3520 3199 3617 3266 qui
3668 3199 3810 3253 reli-

2155 3269 2350 3341 giones
2379 3267 2634 3341 ledendo
2665 3269 2793 3326 facti
2823 3271 2936 3325 sint
2957 3267 3643 3341 magni,quandoquidein
3665 3284 3809 3326 cum

2155 3338 2380 3411 populis
2436 3339 2601 3394 etiam
2659 3342 2792 3396 deos
2847 3338 3424 3409 eorum7devicerint,
3458 3341 3810 3411 illorumque

2153 3409 2361 3482 templa
2390 3411 2675 3478 vastarint,
2707 3419 2914 3466 statuas
2964 3412 3294 3482 dejccsriut,
3325 3425 3483 3467 sacra
3510 3409 3810 3482 aboleve-

2154 3481 2299 3546 rint;
2333 3496 2502 3549 quum
2535 3483 2700 3536 etiam
2742 3483 2827 3538 illi
2855 3481 3043 3552 populi
3075 3499 3188 3538 non
3221 3483 3412 3537 minus
3443 3481 3696 3549 religiosi
3747 3483 3811 3538 in

2149 3553 2286 3624 deos
2317 3567 2447 3624 suos
2478 3554 2706 3619 fuerint,
2738 3554 2832 3624 qui
2863 3561 3052 3610 tamen
3082 3571 3113 3609 a
3162 3554 3429 3609 Romanis
3466 3553 3800 3624 devicti,7in

2148 3623 2376 3678 illorum
2411 3623 2631 3690 imperii
2663 3639 2939 3680 summam
2973 3627 3200 3680 conflati
3225 3629 3377 3679 sunt.
3694 3623 3799 3678 481

2219 3693 2674 3773 CAp_._XXVi._7—
2717 3694 2912 3773 D7eum_
2957 3697 3142 3773 potius
3195 3693 3401 3773 solum_
3434 3709 3699 3773 regnare,
3733 3695 3806 3773 de

2146 3764 2415 3836 imperiis,
2469 3765 2718 3833 urbibus,
2763 3762 3110 3834 hominibus,
3140 3762 3709 3836 temporibuslipsis,
3743 3772 3803 3819 ut

2144 3835 2212 3906 de
2239 3836 2698 3904 suo,disponere;
2725 3837 2821 3906 qui
2850 3839 3184 3901 etiam,ante
3213 3834 3498 3906 cegnitam
3527 3834 3794 3899 Romam,

2144 3905 2488 3977 Babyloniis,
2521 3905 2813 3977 Egyptiis,
2848 3909 3084 3974 Assyriis
3114 3905 3564 3964 dominationem
3617 3908 3803 3961 dede-

2144 3978 2215 4030 rit
2247 3994 2261 4031 :
2293 3979 2498 4032 Judaeis
2529 3979 2665 4047 ipsis
2696 3979 2861 4034 etiam
2908 3979 3194 4035 incolume
3223 3980 3318 4033 diu
3350 3993 3588 4046 regnum
3623 3993 3806 4046 praes-

2145 4049 2334 4113 titerit,
2369 4049 2784 4105 destruentibus
2814 4051 2985 4105 etiam
3032 4067 3230 4106 omnes
3283 4049 3417 4104 illos
3462 4051 3620 4113 deos,
3655 4063 3806 4118 quos

2146 4119 2378 4242 [ἰ.οωῖιηί
2437 4126 2742 4191 gentesque
2799 4129 2858 4176 ut
2933 4122 3156 4177 datores
3225 4135 3530 4191 regnorum
3601 4119 3807 4244 sugg;

2146 4205 2274 4244 ciun
2309 4232 2320 4242 .
3765 4229 3802 4244 ..

2143 4190 2320 4245 ciunt.
2451 4190 2458 4191 7
2652 4190 2666 4191 7
3297 4190 3308 4191 7
3687 4190 3802 4244 492

2215 4262 2345 4315 CAP.
2381 4260 2592 4316 XXVII.
2625 4292 2693 4302 --
2721 4263 2864 4317 Satis
2907 4262 3095 4332 itaque
3143 4261 3466 4318 confutasse
3526 4275 3586 4314 se
3635 4271 3804 4332 putat

2142 4332 2356 4387 crimen
2416 4332 2563 4404 lasere
2628 4333 2964 4404 Divinitatis,
2998 4350 3119 4404 quae
3169 4335 3298 4404 quia
3337 4348 3453 4404 non
3504 4340 3608 4396 est,
3643 4332 3798 4388 nihil

2144 4403 2256 4473 pati
2289 4411 2486 4473 potest.
2511 4403 2667 4458 Illam
2701 4403 2804 4459 sibi
2827 4405 3099 4460 demereri
3133 4403 3283 4459 nelle
3305 4403 3659 4458 Christianos
3686 4405 3794 4468 ait,

2141 4473 2304 4529 thure
2335 4475 2503 4528 vitam
2536 4475 3050 4544 redimentes,quod
3074 4475 3257 4530 sciant
3286 4473 3495 4530 diaboli
3532 4473 3640 4529 hoc
3667 4488 3800 4529 esse

2140 4546 2453 4617 consilium
2471 4547 2672 4617 remuli
2701 4547 2786 4600 sui
2819 4555 2872 4602 et
2896 4546 3070 4601 invidi
3120 4547 3236 4617 qui,
3271 4546 3401 4600 licet
3456 4547 3527 4599 de
3575 4545 3800 4617 Christi

2143 4617 2390 4684 potentia
2420 4614 2530 4670 illis
2554 4616 2841 4681 subjectus
2871 4617 2962 4680 sit,
2997 4632 3095 4686 pro
3127 4614 3256 4672 odio
3289 4624 3479 4671 tamen
3512 4622 3565 4669 et
3613 4615 3793 4684 perﬁ-

2140 4688 2252 4752 dia,
2286 4689 2523 4756 pmnalis
2554 4689 2835 4743 servitutis
2865 4703 3020 4744 more
3079 4689 3359 4755 renititur,
3391 4694 3446 4742 et
3488 4701 3790 4756 nunquam

2142 4759 2320 4883 mbagis
2340 4758 2408 4814 ab
2440 4758 2754 4829 illis,quam
2777 4766 3011 4815 cruenta
3031 4775 3132 4829 pro
3161 4759 3270 4814 ﬁde
3299 4765 3478 4813 morte
3510 4757 3794 4874 detriu‘rgé

2142 4845 2174 4883 n
2221 4847 2248 4882 a
2279 4845 2364 4883 ur.

2221 4837 2364 4883 alur.

2141 4845 2364 4898 pnatur.
3679 4845 3792 4901 avt:

2145 4970 2156 4974 _
2210 4901 2340 4974 Car.
2376 4899 2612 4954 XXVIII.
2645 4929 2713 4940 --
2739 4900 2904 4974 Hine,
2946 4905 3243 4974 postquam
3293 4895 3494 4974 paucis
3538 4893 3797 4974 ostendit

2142 4970 2491 5042 iniquitatem
2549 4978 2756 5026 coacta:
2811 4963 3363 5042 rel7ig7ionis,777qual7is
3419 4968 3502 5018 vis
3549 4963 3796 5042 Nemini

2182 5031 2365 5097 robari
2392 5057 2511 5115 non
2541 5049 2743 5115 potest,
2767 5031 3003 5115 cui_(vei
3025 5031 3350 5115 exitiorum
3373 5033 3678 5115 sententia)
3710 5031 3790 5115 17i-

2182 5128 2282 5187 eus
2309 5105 2760 5187 animus7addici
2796 5105 3310 5187 deb'et,_pergitﬁad7
3357 5105 3673 5187 secundum
3721 5106 3795 5185 17i-

2143 5184 2321 5255 t7ulum
2355 5184 2518 5246 laesae,
2553 5191 2603 5239 et
2635 5184 2856 5254 quidem
2908 5179 3156 5255 majoris,
3190 5179 3511 5235 Dlvinitatis
3548 5193 3560 5228 :
3596 5179 3792 5255 siqui-

2140 5254 2266 5326 dem
2299 5255 2381 5308 illi
2415 5271 2623 5310 numen
2654 5253 2975 5326 'viventium
3010 5253 3414 5326 imperatorum
3444 5263 3556 5326 prae
3585 5253 3790 5326 ompt-

2141 5325 2246 5379 bus
2275 5327 2387 5380 diis
2419 5326 2557 5388 suis,
2592 5326 2828 5380 mortuis
2857 5317 3109 5388 scilicet,7
3128 5323 3389 5379 venerari
3443 5319 3556 5374 sint
3586 5317 3739 5372 soliti
3773 5341 3788 5378 ς

2139 5395 2743 5469 deprehendunturque
2792 5399 2871 5452 ita
2926 5395 3225 5469 irreligiosi
3278 5410 3409 5461 erga
3463 5393 3600 5445 deos
3621 5403 3790 5469 suos,

2139 5485 2276 5542 quos
2331 5485 2444 5538 pra:
2493 5467 2798 5542 Caesaribus
2854 5466 2969 5522 suis
3019 5474 3383 5522 contemnere
3432 5469 3488 5518 et
3515 5466 3792 5542 parturit!

2137 5530 2543 5612 polluet-enen
2568 5539 2856 5612 desistant.
2966 5609 2976 5612 7
3517 5530 3532 5531 7

2208 5614 2340 5666 CAP.
2378 5609 2566 5665 XXIX.
2591 5639 2658 5648 —-
2679 5608 2871 5677 Neque
2902 5607 3094 5665 mirari
3126 5607 3182 5664 id
3214 5612 3639 5677 oportere,_oum
3673 5607 3792 5669 ipsi

2136 5681 2218 5758 illi
2249 5682 2634 5758 diiCmsarem
2653 5675 2949 5736 dominum
2979 5675 3418 5758 agnoscant,qui
3450 5675 3580 5756 illos
3606 5688 3790 5728 excu-

2137 5751 2245 5809 biis
2269 5755 2385 5810 suis
2409 5751 2591 5809 salvos
2615 5757 2855 5820 praestet,
2891 5765 3006 5820 non
3033 5766 3204 5820 quem
3244 5749 3355 5820 ipsi
3392 5749 3630 5820 numine
3679 5759 3789 5799 suo

2137 5767 2245 5809 DIIB
2269 5769 2385 5810 8018
2409 5767 2591 5809 SﬂlVOS
2615 5767 2855 5820 praetet,
2891 5767 3006 5806 non
3077 5767 3204 5806 uem
3244 5767 3262 5804 l
3307 5767 3355 5802 SI
3392 5767 3630 5803 numine
3679 5767 3788 5799 suo

2130 5822 2480 5884 incolumem
2507 5829 2752 5896 servent,
2767 5819 2980 5895 experti
3007 5767 3175 5878 iﬂum
3199 5827 3254 5878 et
3269 5767 3482 5876 iratum
3512 5824 3568 5875 et
3595 5814 3788 5873 bene-
