4050 6354
249 327 403 387 1457

248 459 463 516 volum.
503 456 628 511 Non
659 452 847 523 itaque
878 447 1218 523 irreligioses
1254 446 1445 523 haberi
1477 446 1681 523 debere
1713 446 1901 523 Chris-

246 531 433 587 tianos
463 520 778 595 Caesarique
810 523 1093 588 inimicos,
1129 520 1221 591 qui
1254 521 1419 595 ilium
1442 520 1607 595 rebus
1640 520 1756 595 suis
1787 533 1904 595 non

248 603 573 671 subjiciunt,
625 589 719 652 sed
780 596 957 671 magis
1017 589 1165 671 ilics,
1222 592 1318 671 qui
1373 592 1610 646 salutem
1668 589 1903 671 Caesaris

247 662 522 743 suaiiique
565 662 694 724 non
746 662 939 743 solum
979 684 1009 720 a
1040 665 1154 743 diis
1182 662 1387 718 talibus
1421 671 1771 731 exspectent,
1808 662 1903 743 qui

248 748 381 801 dare
413 735 526 798 non
562 747 817 810 possunt,
850 739 943 793 sed
1000 746 1052 791 et
1099 736 1225 791 illos
1283 742 1708 810 persequantur,
1744 735 1839 803 qui
1873 750 1905 787 a

248 833 377 874 vero
421 806 665 869 Nunt-ine
722 812 877 865 illam
931 816 983 863 et
1045 818 1232 879 petere
1262 808 1444 861 sciant
1496 814 1547 860 et
1581 806 1904 930 impetrata;

318 960 449 1013 Cap.
484 954 645 1011 XXX.
682 984 748 994 —-
777 950 935 1007 Solos
966 950 1117 1006 enim
1151 948 1504 1005 Christianos
1564 964 1666 1019 pro
1716 947 1899 1016 impe-

245 1037 432 1085 ratore
476 1030 647 1083 Deum
706 1039 919 1088 verum,
952 1022 1130 1078 Deum
1179 1023 1366 1076 vivum
1414 1021 1700 1083 invocare,
1737 1020 1899 1074 illum

253 1104 445 1165 Deum,
482 1114 648 1170 quem
682 1097 1032 1160 naturaliter,
1067 1102 1119 1170 et
1149 1109 1208 1147 se
1240 1094 1510 1162 majorem
1568 1093 1723 1147 novit
1746 1168 1751 1170 _
1775 1091 1900 1170 ipse

247 1163 571 1241 imperatur,
606 1170 700 1224 cui
744 1177 961 1241 cuncta
1011 1167 1198 1241 debet,
1228 1183 1259 1241 _a
1318 1179 1427 1241 quo
1473 1168 1778 1241 exSpectat.
1816 1163 1899 1241 ᾼὺ

252 1236 357 1300 hoc
388 1236 696 1313 illos,'qute
739 1239 1087 1313 imperatori,
1119 1237 1261 1305 orbi,
1296 1236 1403 1313 sibi
1447 1242 1561 1289 tuta
1599 1237 1733 1301 sint,
1786 1236 1917 1313 pie,

246 1331 398 1379 vere,
427 1307 603 1369 recte'
626 1307 834 1382 petere
859 1316 925 1382 et
955 1310 1274 1382 impetrare,
1307 1308 1486 1372 aliter,
1522 1322 1587 1382 ac
1623 1307 1901 1382 _ge_ntiu_m

250 1378 391 1443 vota
432 1392 581 1449 sunt,
626 1378 966 1453 gravissima
1022 1380 1275 1435 oratione
1326 1380 1588 1453 ostendit.
1622 1378 1784 1453 Tales
1840 1379 1899 1431 in

250 1460 371 1526 ipso
403 1450 835 1526 supplicationis
891 1460 1059 1526 gestu
1090 1458 1379 1526 mactem,
1414 1451 1615 1521 inquit,
1648 1450 1900 1526 animam

248 1520 429 1585 Deum
461 1520 558 1598 pro
589 1520 926 1598 imperatore
951 1523 1296 1598 ambientem
1328 1520 1721 1598 extorqueant.
1756 1520 1899 1598 veri-

250 1609 420 1656 tatem
451 1593 505 1655 et
526 1600 631 1663 ,Dei
662 1593 1040 1662 devotionem,
1067 1594 1559 1665 irreligiositatem,
1583 1593 1627 1647 si
1661 1594 1897 1665 possint,

250 1673 543 1742 deputent.
822 1738 879 1742 __
989 1738 999 1742 _
1102 1736 1152 1742 __
1386 1734 1395 1742 .
1490 1734 1569 1742 Η
1680 1663 1902 1742 ___502

320 1734 454 1799 CAP.
486 1745 682 1797 XXXI.
726 1771 790 1780 —
822 1738 883 1793 Id
915 1738 1003 1806 agi
1033 1754 1066 1791 a
1095 1734 1429 1791 Christianis
1460 1736 1504 1789 si
1555 1734 1613 1789 in
1664 1734 1903 1789 dubium

251 1822 469 1881 vocent,
504 1814 562 1869 in
590 1820 850 1883 promptu
878 1825 1000 1865 esse
1030 1808 1275 1883 ostendit
1320 1821 1507 1883 sacras
1553 1806 1901 1883 Scripturas,

252 1901 375 1957 quae
407 1878 513 1941 nec
542 1878 805 1952 gentibus
846 1883 1013 1957 variis
1038 1896 1108 1957 ex
1140 1878 1374 1957 casibus.
1397 1879 1615 1957 ignotis
1649 1880 1797 1957 sint:
1834 1892 1901 1931 ex

252 1950 456 2027 quibus
488 1950 676 2027 patere
709 1956 901 2027 possit,
937 1952 1145 2007 ibidem
1177 1950 1508 2027 Christianis
1539 1950 1762 2027 injungi
1806 1965 1902 2016 pro

252 2021 504 2095 regibus,
534 2021 904 2098 principibus,
941 2022 1309 2093 potestatibus
1360 2031 1413 2078 et
1470 2021 1695 2091 publica
1754 2029 1902 2098 tran-

253 2096 546 2171 quillitate
559 2114 736 2171 orare.
764 2099 918 2171 Quod
946 2102 1004 2171 et
1036 2102 1663 2171 naturzeconsentaneu
1676 2109 1751 2171 m_,
1772 2096 1904 2161 quia

254 2165 473 2288 i'urbata
504 2169 817 2241 republica,
852 2168 959 2236 ipsi
1008 2168 1177 2220 etiam
1228 2165 1535 2220 Christiani
1581 2165 1902 2288 inquietgg;

272 2259 364 2288 .lll‘-

253 2247 365 2298 tur.

323 2314 453 2369 CAP.
477 2311 696 2367 XXXII.
728 2340 797 2349 —
826 2309 1025 2364 Adhuc
1055 2305 1298 2362 ostendit
1357 2308 1593 2361 salutem
1653 2304 1901 2376 impera-

254 2387 388 2440 toris
444 2391 497 2439 et
556 2381 780 2451 imperii
810 2379 1143 2451 Christianis
1201 2378 1357 2433 cordi
1416 2394 1555 2447 esse,
1592 2378 1903 2451 scientibus

254 2456 531 2511 horrenda
560 2449 682 2510 orbi
717 2452 1035 2508 imminere.
1070 2450 1386 2504 Romanum
1439 2449 1741 2518 imperium
1781 2466 1902 2506 esse

248 2528 495 2591 desierit,
530 2528 818 2595 ipsamque
849 2526 986 2578 adeo
1018 2522 1337 2577 clausuram
1372 2522 1567 2577 saeculi
1608 2523 1903 2595 duratione

249 2601 371 2667 ejus
402 2594 692 2654 retardari.
726 2596 828 2651 Sed
863 2603 916 2650 et
945 2595 1040 2664 qui
1083 2609 1181 2667 per
1236 2595 1477 2647 salutem
1526 2594 1756 2647 Caesaris
1804 2594 1901 2662 ju-

248 2665 395 2737 rent,
426 2669 693 2725 omnibus
723 2666 909 2740 geniis
940 2665 1502 2740 augustioreanonA
1525 2681 1647 2719 esse
1697 2680 1902 2740 cogeng

248 2735 463 2807 dos,'ut
492 2757 588 2812 per
615 2735 996 2810 ejus'genium
1024 2738 1237 2812 jurent,
1278 2735 1550 2812 defendit,
1586 2735 1902 2812 utpote'qui

251 2814 467 2880 genios,
492 2808 554 2867 id
582 2808 663 2867 est
690 2813 1000 2877 daemonas,
1031 2808 1345 2877 adjurando
1378 2808 1598 2874 laedere,
1632 2824 1747 2863 non
1801 2810 1897 2880 de:

246 2878 487 2955 jerando
523 2885 797 2955 honorare
828 2884 1277 2955 consueverint._
1506 2951 1516 2955 _
1794 2878 1901 2932 508

322 2960 454 3011 CAP.
486 2954 726 3010 XXXIII.
752 2982 822 2993 --
853 2957 971 3007 lmo
1002 2950 1319 3006 necessario
1344 2949 1474 3004 illos
1502 2951 1899 3018 imperatorem

254 3029 561 3097 saspicere,
600 3033 787 3096 utpote
815 3040 980 3097 quem
1010 3039 1042 3076 a
1066 3024 1181 3097 Deo;
1204 3037 1304 3077 suo
1336 3020 1661 3097 sibi_datum
1695 3022 1894 3087 sciant,

251 3092 503 3168 adeoque
532 3092 1119 3168 vere'suumiducant.
1154 3095 1330 3168 Quem
1364 3094 1412 3147 si
1442 3092 1622 3168 Deum
1656 3109 1771 3168 non
1804 3109 1896 3168 vo-

251 3164 565 3241 cent,_quia
596 3168 825 3241 mentiri
854 3166 1089 3241 illumve
1135 3164 1666 3241 deridere__nolunt,
1700 3165 1755 3219 id
1814 3164 1895 3219 fa-

249 3235 426 3309 ciant,
454 3235 586 3311 quia
615 3242 734 3309 ipse
767 3239 881 3293 Deo
914 3237 1221 3304 subjectus,
1244 3236 1347 3311 sub
1378 3235 1473 3290 illo
1508 3238 1767 3311 imperat,
1798 3252 1896 3311 cu-

250 3316 339 3383 jus
366 3308 533 3368 elia'm
569 3308 787 3367 intersit
814 3311 927 3383 Deo
949 3309 1407 3383 cedere,_quique
1439 3316 1496 3361 ut
1526 3308 1578 3361 id
1615 3308 1777 3361 faciat
1836 3309 1895 3361 in

252 3380 522 3453 triumphi
577 3384 859 3438 invidioso
894 3382 1104 3435 honore
1129 3380 1518 3453 admoneatur,
1553 3386 1701 3453 tanta
1733 3395 1897 3453 coru-

248 3471 414 3511 scans
429 3450 612 3525 gloria
645 3462 702 3509 ut
733 3454 1001 3518 revocari,
1026 3467 1098 3507 ne
1124 3450 1261 3505 falso
1293 3468 1350 3505 se
1382 3450 1556 3505 Deum
1592 3450 1893 3525 existimet,

248 3523 479 3582 necesse
512 3526 732 3581 habeat.
1791 3523 1897 3576 509

317 3600 444 3654 CAP.
478 3597 731 3651 XXXIV.
754 3625 823 3635 -ο
851 3594 998 3662 Quin
1031 3600 1084 3648 et
1114 3593 1425 3657 Augustum
1459 3588 1645 3661 ipsuin
1678 3593 1896 3648 domini

250 3671 469 3737 tyranni
498 3684 628 3726 cum
663 3683 871 3723 nomen
911 3664 1290 3728 abhorruisse,
1321 3666 1466 3737 quod
1516 3671 1589 3737 et,
1625 3664 1742 3720 vice
1799 3665 1897 3720 Dei

248 3736 489 3807 dictum,
540 3740 745 3795 divinas
793 3737 1198 3794 dominationis
1247 3736 1570 3807 suggillatio
1613 3737 1703 3799 sit,
1736 3752 1894 3791 com—

249 3816 408 3869 muni
442 3806 597 3868 more
628 3820 681 3867 et
706 3829 739 3865 a
770 3809 1127 3873 Christianis,
1147 3808 1260 3861 dici
1296 3806 1489 3875 possit.
1509 3807 1666 3862 Pater
1696 3809 1894 3862 Patriae

249 3899 378 3939 vero
411 3885 503 3954 qui
554 3889 802 3945 vocetur,
834 3881 1151 3954 dominium
1177 3878 1464 3954 appellari
1491 3894 1603 3954 non
1666 3878 1895 3945 debere,

250 3948 441 4011 multo
462 3956 651 4009 minus
671 3955 859 4016 deum,
896 3948 1309 4022 quodrebcllio
1342 3958 1422 4005 est
1452 3950 1511 4003 in
1542 3949 1747 4016 Deum,
1778 3967 1897 4006 ma-

252 4028 519 4082 ledictum
552 4026 611 4079 in
643 4020 939 4089 Caesarem,
969 4020 1065 4092 qui
1094 4022 1243 4090 apud
1271 4022 1551 4077 Romanos
1582 4029 1705 4091 post
1744 4038 1895 4078 mor-

250 4103 388 4165 tem,
422 4099 648 4152 demum
681 4096 819 4151 deus
850 4095 1025 4150 soleat
1055 4094 1194 4148 tieri.
1486 4163 1495 4165 Α
1526 4164 1533 4165 γ
1716 4164 1719 4165 ν
1792 4093 1893 4149 511

323 4163 451 4225 CAP.
485 4168 701 4222 XXXV.
736 4198 801 4207 —
831 4170 955 4221 Non
995 4166 1180 4233 itaque
1210 4170 1359 4219 recte
1407 4163 1661 4233 publicos
1710 4164 1900 4221 hostes

252 4240 601 4295 Christianos
657 4237 790 4308 dici,
824 4238 970 4308 quod
1016 4241 1217 4308 caetera
1267 4234 1325 4308 in
1369 4236 1733 4305 imperatores
1764 4237 1897 4293 reli-

252 4312 412 4379 giosi,
447 4310 721 4366 solemnia
752 4283 981 4364 illarum
1013 4306 1360 4379 conscientia
1389 4283 1570 4373 politis
1601 4323 1765 4377 quam
1794 4309 1901 4363 las-

251 4378 405 4439 civia
424 4382 732 4447 celebrent,
756 4380 1113 4437 observantes
1141 4378 1241 4431 illa
1271 4380 1540 4443 modeste,
1562 4382 1896 4449 verecunde,

251 4455 477 4526 pudice,
511 4455 637 4524 pie;
670 4451 833 4508 aliter
862 4468 927 4508 ac
959 4452 1067 4522 ipsi
1100 4449 1335 4526 Romani
1373 4449 1545 4526 “inter
1594 4467 1736 4526 quos
1780 4467 1898 4507 non

250 4520 412 4598 piebs
444 4520 660 4581 tantum
691 4531 960 4598 Ctesarem
985 4520 1137 4598 saepe
1159 4520 1438 4598 conviciis
1469 4521 1767 4598 discindat,
1802 4540 1899 4598 no-

250 4592 386 4653 vum
417 4606 582 4667 atque
612 4612 818 4651 novum
862 4596 923 4649 in
982 4595 1123 4667 dies,
1158 4592 1350 4647 lucelli
1399 4608 1586 4667 causa,
1621 4595 1788 4665 idque
1837 4595 1898 4650 in

251 4670 376 4741 ipso
406 4665 695 4738 congiario
724 4666 1033 4741 dividundo
1053 4670 1294 4733 exeptet,
1322 4665 1417 4718 sed
1450 4666 1556 4741 ipsi
1589 4674 1895 4741 senatores,

254 4737 490 4810 equites,
524 4737 800 4810 primores
832 4737 985 4810 urbis
1025 4737 1626 4810 cast_r_orumque,dvitze
1669 4739 1900 4793 Caesaris

252 4806 608 4878 immineant,
641 4819 695 4867 et
723 4827 850 4867 eum
884 4808 1110 4871 Cassiis,
1134 4806 1343 4879 Nigris,
1374 4808 1701 4879 Albinisque
1732 4827 1898 4865 cons-

253 4884 460 4955 pirent,
494 4884 695 4955 grandi
726 4882 955 4955 interim
990 4878 1316 4955 lzetitiarum
1339 4878 1897 4955 apparatu:aderUp-

256 4950 465 5012 tionem
496 4950 673 5025 usque
705 4953 1078 5026 proditionem
1114 4966 1273 5026 suam
1306 4950 1577 5026 legentes.
1612 4952 1809 5010 Nullos
1838 4950 1900 5009 in

257 5027 344 5082 his
375 5022 615 5082 inveniri
655 5022 1024 5093 Christianos,
1054 5023 1151 5094 qui
1195 5038 1299 5095 nec
1348 5022 1660 5095 astrologos
1701 5028 1769 5082 de
1818 5044 1901 5080 sa-

256 5098 374 5154 lute
406 5098 688 5153 Caesarum
720 5097 1041 5163 consulant,
1076 5095 1223 5164 quod
1257 5094 1379 5165 fieri
1408 5111 1528 5151 non
1567 5094 1903 5165 potest,nisi

255 5187 442 5294 rerdm
475 5184 747 5226 novarum
776 5168 1151 5239 cupiditate,a
1183 5180 1292 5235 qua
1321 5164 1404 5220 illi
1435 5164 1672 5224 omnino
1703 5169 1905 5294 abhsoiré

255 5257 354 5294 ren
389 5286 401 5294 .

253 5250 401 5297 rent.
1799 5242 1861 5295 51

326 5316 453 5369 CAP.
488 5311 724 5367 XXXVI.
760 5341 826 5351 —
860 5310 1055 5383 Hosies
1112 5307 1281 5378 igitur
1340 5307 1533 5383 haberi
1592 5326 1775 5379 posse,
1809 5313 1905 5383 qui

254 5385 462 5441 hostile
491 5385 636 5440 nihil
668 5385 933 5439 adversus
967 5381 1281 5435 Romanum
1322 5380 1402 5433 vel
1466 5382 1767 5450 imperium
1820 5380 1903 5439 vel

254 5459 651 5524 imperatorem
684 5453 1057 5527 spirent,_imo
1085 5452 1181 5527 qui
1213 5454 1362 5527 quod
1394 5452 1716 5527 imperatori
1749 5462 1903 5527 sunt,

253 5532 421 5585 etiam
481 5529 594 5584 sint
636 5523 785 5593 aliis,
819 5525 1024 5596 quibus
1071 5524 1218 5578 male
1258 5523 1421 5589 velle,
1458 5525 1603 5579 male
1659 5524 1909 5596 cogitare

256 5617 372 5658 non
406 5599 570 5655 liceat
600 5600 670 5655 de
700 5600 826 5654 aliis
854 5596 1031 5652 multo
1076 5596 1265 5649 minus
1311 5596 1380 5650 de
1427 5597 1781 5667 imperatore,
1816 5598 1910 5668 qui

256 5674 323 5728 ad
358 5672 467 5727 tale
498 5671 779 5738 fastigium
813 5688 846 5723 a
880 5671 989 5724 Deo
1021 5674 1243 5722 evectus
1270 5672 1374 5721 est.
1804 5671 1912 5724 522

330 5747 451 5798 ΟΑρ.
484 5746 750 5797 XXXVII.
783 5771 853 5781 —-
892 5742 931 5795 Δ
964 5739 1169 5810 quibus
1198 5738 1533 5796 Christianis
1582 5741 1725 5796 nihil
1776 5742 1913 5798 mali

259 5817 704 5883 exspectandum
738 5812 872 5867 hinc
904 5818 1093 5882 patere
1126 5810 1320 5886 possit,
1356 5820 1546 5882 utpote
1592 5816 1743 5886 apud
1774 5830 1915 5886 quos

262 5881 480 5944 malum
508 5886 658 5945 malo
689 5881 1059 5955 compensare
1102 5895 1220 5937 non
1268 5881 1475 5954 liceat;
1507 5881 1654 5958 quod
1704 5885 1751 5943 si
1791 5881 1914 5944 'vel-

1263 316 1447 386 QU/E
1490 315 1569 375 IN
1614 314 1766 375 HOC
1812 312 2032 377 TOMO
2076 315 2665 380 CONTINENTUR.

3509 319 3666 381 ’1458

2016 446 2152 515 lent,
2187 448 2381 519 iniqua
2417 450 2559 522 rodia
2609 456 2662 505 et
2720 450 3093 508 contumelias
3143 452 3343 522 ulturi,
3393 452 3665 511 facillime

2015 534 2260 588 possent,
2295 530 2345 575 et
2372 521 2442 577 oh
2474 522 2756 591 ingentem
2796 539 3095 580 numerum
3148 541 3257 593 quo
3309 525 3462 581 brevi
3517 534 3663 581 tem-

2017 607 2147 659 pore
2178 593 2329 646 orbis
2362 594 2625 663 impletus
2653 604 2758 659 est,
2792 605 2844 651 et
2882 597 2953 651 ob
3004 600 3199 653 mortis
3247 606 3658 668 contemptum,

2015 679 2181 733 quem
2215 676 2380 737 etiam
2418 668 2473 719 in
2504 669 2796 721 tormentis
2830 685 2925 736 pro
2960 668 3069 723 fide
3102 677 3363 737 prmstent
3398 686 3409 723 :
3444 669 3559 724 sive
3605 669 3662 725 id

2010 752 2173 801 agerc
2206 736 2438 791 mallent
2472 754 2570 807 per
2604 738 2887 803 incendia,
2930 739 3043 795 sive
3090 736 3185 809 per
3217 740 3382 806 bella,
3419 742 3533 795 sive
3567 742 3662 795 de-

2012 809 2181 874 nique
2224 824 2317 874 per
2350 824 2560 863 meram
2592 810 2991 865 discessionem
3030 814 3293 867 vastaturi
3345 812 3661 881 rempubli-

2010 882 2237 951 cam.At
2263 894 2414 934 nunc
2446 881 2612 935 etiam
2648 882 3030 938 benefactores
3060 883 3424 939 inimicorum
3457 886 3660 951 factos,

2010 967 2040 1004 a
2070 950 2395 1005 dzemonum
2446 952 2767 1007 incursibus
2819 953 2946 1009 illos
2996 955 3251 1022 liberare,
3288 971 3427 1023 quos
3471 950 3661 1011 tamen

2010 1024 2251 1146 genteris,
2282 1039 2449 1093 quam
2479 1024 2685 1080 erroris
2718 1025 2950 1081 humani
2987 1025 3175 1082 hostes
3216 1043 3415 1083 vocare
3445 1026 3662 1153 ωειΙὲἓέ

2011 1107 2095 1147 rin
2130 1135 2142 1147 .

2011 1100 2142 1147 rint.

2080 1163 2205 1218 CAP.
2238 1164 2532 1220 XXXVIII.
2561 1198 2629 1206 —
2661 1167 2795 1230 Quae
2834 1183 2961 1223 cum
3014 1168 3090 1222 ita
3138 1169 3270 1233 sint,
3319 1168 3565 1235 tolerari,
3604 1174 3662 1223 ut

2010 1246 2219 1291 sectam
2263 1236 2530 1307 aliquam,
2565 1255 2688 1308 quia
2742 1240 2885 1294 nihil
2930 1241 3061 1294 mali
3105 1254 3363 1309 Operetur
3406 1238 3657 1308 debere;

2011 1324 2125 1363 non
2167 1310 2318 1363 enim
2354 1312 2720 1364 metuendum
2755 1326 2824 1365 ne
2858 1310 2994 1366 tales
3021 1312 3089 1366 ad
3127 1312 3354 1367 illicitas
3386 1312 3662 1367 factiones

2010 1380 2354 1453 coeant,_qui
2391 1381 2509 1453 loca
2543 1382 2847 1436 factionum
2884 1383 3189 1453 vitent,qui
3219 1385 3432 1438 dudum
3456 1398 3663 1437 renun-

2010 1452 2147 1504 tiare
2196 1451 2499 1507 didicerint
2559 1453 2916 1521 spectaculis,
2947 1451 3125 1518 circo,
3182 1455 3416 1523 theatro,
3449 1470 3659 1522 arente,

2010 1530 2192 1591 xysto,
2226 1525 2375 1577 unde
2431 1525 2706 1593 crudeles,
2767 1526 2977 1589 insani,
3029 1525 3241 1593 lascivi,
3274 1526 3422 1590 vani,
3458 1525 3662 1580 turbu-

2013 1594 2172 1666 lenti,
2206 1602 2258 1647 et
2288 1596 2359 1649 ob
2392 1595 2445 1648 id
2476 1596 2544 1649 ad
2585 1599 3030 1663 conspirandum
3061 1598 3177 1666 apti
3209 1598 3391 1652 redire
3444 1598 3663 1652 soleant

2015 1664 2368 1739 homines.Si
2399 1666 2566 1739 igitur
2589 1667 2889 1739 Christiani
2919 1668 3057 1722 alias
3083 1664 3291 1739 eligant
3324 1667 3663 1737 voluptates,

2011 1752 2214 1810 easque
2267 1737 2510 1806 innoxii,
2544 1738 2735 1792 turbas
2791 1755 2907 1794 non
2963 1737 3187 1810 debere,
3220 1754 3349 1795 cum
3397 1739 3663 1810 gentibus

2011 1807 2179 1863 etiam
2213 1823 2343 1861 suas
2381 1809 2555 1878 quieti
2585 1810 2931 1879 relinquant.
3174 1807 3182 1810 ⁷
3403 1807 3423 1810 ⁷
3554 1811 3664 1866 526

2082 1884 2209 1933 CAP.
2246 1879 2482 1934 XXXIX.
2520 1911 2583 1919 —
2616 1882 2679 1936 Ut
2728 1882 2914 1951 itaque
2962 1889 3156 1949 gentes
3204 1882 3272 1937 de
3328 1882 3661 1952 praejudicio

2013 1966 2114 2005 suo
2164 1954 2447 2019 recedant,
2486 1952 2792 2007 liberaliter
2848 1952 2963 2008 illis
3012 1952 3349 2008 Christiana:
3396 1954 3663 2010 factionis

2015 2022 2097 2092 (ut
2120 2022 2507 2091 appellabant)
2538 2024 2898 2094 disciplinam
2930 2026 3333 2090 communicat,
3369 2026 3534 2081 nobis
3569 2040 3663 2081 ve-

2014 2097 2147 2167 teris
2178 2094 2446 2149 Ecclesize
2478 2102 2681 2150 statum
2715 2103 2935 2150 tantum
2979 2112 3091 2151 non
3139 2104 3270 2151 ante
3319 2096 3513 2153 oculos
3557 2112 3661 2167 po-

2014 2165 2098 2219 nit
2131 2181 2143 2218 :
2173 2168 2453 2234 quomodo
2485 2167 2699 2221 scilicet
2734 2169 2882 2221 soliti
2915 2168 3023 2221 siut
3055 2168 3112 2222 in
3162 2183 3337 2223 unum
3386 2165 3661 2224 coire‘ad

2011 2252 2200 2304 quem,
2234 2254 2333 2307 pro
2363 2237 2588 2307 quibus,
2622 2239 2821 2308 quidve
2848 2240 3075 2308 precati,
3112 2240 3326 2294 monita
3356 2240 3664 2310 Scriptura)

2012 2315 2065 2363 et
2095 2324 2260 2364 voces
2298 2310 2561 2381 dirigere,
2592 2326 2889 2365 censuram
2938 2326 3161 2366 morum
3203 2326 3482 2377 exercere,
3517 2326 3661 2366 con-

2010 2388 2239 2453 ventum
2262 2382 2541 2442 ordinare,
2576 2382 2963 2453 eleemosynas
2993 2383 3279 2452 colligere,
3312 2383 3446 2437 istas
3472 2383 3663 2438 distri-

2014 2451 2182 2505 buere
2212 2452 2269 2507 in
2303 2468 2462 2507 usum
2490 2454 2789 2522 sepultura;
2816 2451 2908 2508 aut
2937 2455 3002 2508 ad
3037 2451 3271 2509 alendus
3300 2470 3509 2523 egenos
3566 2470 3659 2508 or-

2012 2524 2249 2593 phanos,
2281 2540 2443 2578 senes
2474 2527 2758 2591 emeritos,
2779 2533 2869 2579 aut
2901 2527 2968 2580 ad
3002 2526 3408 2581 refocillandos
3441 2524 3664 2580 naufra-

2013 2611 2110 2663 gos
2141 2596 2222 2649 vel
2256 2595 2327 2649 ob
2357 2596 2526 2651 ﬁdem
2567 2597 2625 2651 in
2659 2597 2906 2661 metalla,
2944 2597 3178 2665 insulas,
3211 2612 3466 2652 carceres
3511 2596 3658 2651 rele-

2011 2674 2186 2735 gatos.
2221 2670 2398 2732 Quam
2453 2674 2660 2722 tantam
2711 2668 3067 2724 affectionem
3110 2667 3269 2724 omni
3302 2669 3424 2723 labe
3469 2683 3661 2724 carere

2011 2738 2194 2805 docet,
2228 2754 2535 2811 verumque
2572 2741 2782 2794 amoris
2834 2739 3061 2795 titulum
3112 2741 3332 2811 mereri,
3361 2738 3456 2811 qui
3505 2740 3657 2811 apud

2010 2819 2204 2880 gentes
2234 2826 2349 2864 non
2382 2811 2492 2864 nisi
2523 2810 2777 2879 impurus
2809 2811 2877 2865 sit
2908 2817 2961 2865 et
2991 2810 3290 2866 simulatus
3324 2828 3336 2864 :
3371 2810 3518 2881 apud
3549 2810 3655 2866 hos

2010 2881 2268 2937 convivia
2323 2896 2444 2936 esse
2492 2882 2741 2951 opipara,
2765 2890 3112 2951 sumptuosa,
3148 2882 3467 2949 libidinosa,
3506 2881 3660 2937 infa-

2008 2954 2122 3006 mia
2154 2968 2167 3006 :
2202 2953 2349 3022 apud
2398 2953 2764 3020 Christianos,
2816 2954 3026 3019 sobria,
3059 2954 3303 3023 modica,
3334 2962 3505 3016 casta,
3544 2954 3655 3020 pia.

2009 3023 2204 3079 Talem
2236 3025 2406 3093 igitur
2442 3024 2765 3080 societatem
2800 3041 2916 3081 non
2966 3025 3269 3081 factionem
3318 3025 3663 3094 vocandam,

2006 3098 2101 3151 sed
2135 3097 2376 3151 curiam.
3548 3096 3651 3151 531

2078 3169 2207 3221 CAP.
2238 3168 2339 3221 XL.
2372 3194 2441 3207 -—
2476 3166 2758 3221 Factiosos
2802 3166 2986 3236 potius
3032 3182 3155 3222 esse
3184 3165 3331 3236 illos,
3365 3166 3483 3237 qui,
3514 3165 3662 3222 bene

2009 3239 2225 3293 meritis
2255 3238 2525 3303 insidiati,
2558 3237 2785 3306 publica
2816 3238 2965 3293 mala
2987 3238 3323 3294 Christianis
3354 3238 3658 3308 imputent,

2006 3324 2134 3364 cum
2168 3318 2219 3365 et
2251 3316 2380 3364 ante
2410 3316 2619 3364 sectam
2657 3310 2799 3365 hanc
2833 3311 3043 3380 majora
3083 3318 3137 3366 et
3195 3310 3433 3366 certiora
3480 3310 3653 3365 etiam

2006 3381 2197 3435 orbem
2231 3382 2638 3450 quassaverint,
2670 3380 2767 3436 illa
2806 3398 2933 3437 vero
2964 3389 3173 3447 exorta,
3208 3382 3428 3437 minora
3477 3382 3656 3437 levio-

2008 3468 2184 3523 raque
2222 3468 2344 3507 esse
2374 3452 2672 3520 cmperint,
2707 3458 2898 3522 utpote
2928 3469 3051 3523 quae
3084 3453 3345 3523 precibus
3375 3453 3493 3508 suis
3541 3469 3657 3508 me-

2006 3526 2139 3578 ritas
2168 3525 2434 3579 Numinis
2465 3539 2662 3593 poenas
2694 3523 2955 3594 depellat,
2993 3526 3126 3579 licet
3151 3524 3236 3579 illi
3266 3532 3474 3580 temere
3521 3525 3657 3579 deos

2004 3595 2255 3651 colentes
2278 3595 2393 3649 veri
2417 3595 2515 3649 Dei
2542 3595 2943 3665 benignitatem
2976 3596 3141 3651 idolis
3166 3596 3474 3651 ascribant.
3549 3596 3657 3650 542

2076 3669 2201 3722 ΟΑΡ.
2232 3667 2365 3721 XLI.
2400 3697 2465 3707 -
2492 3667 2609 3720 Imo
2633 3671 2907 3722 malorum
2940 3683 3063 3736 quae
3093 3669 3353 3723 evenient
3382 3667 3651 3737 quotidie,

2006 3738 2135 3793 illos
2152 3741 2301 3807 ipsos
2324 3740 2381 3793 in
2396 3753 2563 3793 causa
2576 3754 2715 3805 esse,
2732 3740 3023 3809 quispreto
3040 3744 3149 3795 Deo
3165 3747 3373 3794 statuas
3393 3741 3653 3793 adorent.

2007 3810 2066 3865 Si
2098 3810 2249 3865 enim
2283 3812 2358 3865 dii
2390 3810 2617 3864 illorum
2653 3825 2776 3865 vere
2806 3811 2882 3865 dii
2913 3818 3120 3877 essent,
3157 3826 3269 3866 non
3299 3818 3351 3866 et
3398 3811 3647 3865 cultores

2006 3898 2136 3937 suos
2184 3882 2634 3937 Christianorum
2688 3882 2869 3951 poenis
2918 3882 3305 3938 involverent:
3349 3888 3403 3935 at
3435 3896 3565 3937 cum
3597 3887 3652 3936 et

2010 3953 2171 4009 bonis
2202 3962 2254 4010 et
2288 3953 2472 4018 malis,
2504 3953 2598 4007 ille
2629 3953 2723 4023 qui
2747 3968 2873 4009 vere
2898 3958 3041 4008 Deus
3064 3960 3167 4022 est,
3194 3954 3336 4007 mala
3359 3954 3649 4016 immittat,

2010 4026 2096 4080 his
2127 4027 2186 4080 in
2222 4042 2467 4095 pmnam,
2502 4025 2618 4079 illis
2668 4025 2728 4078 in
2774 4026 3163 4080 admonitione
3206 4041 3327 4080 esse
3359 4041 3371 4077 :
3406 4025 3498 4093 qui
3532 4039 3653 4080 non

2006 4104 2136 4152 ante
2167 4094 2364 4151 aeterni
2389 4098 2589 4165 judicii
2611 4096 2848 4163 rigorem
2882 4097 3027 4151 inter
3058 4105 3320 4165 utrosque
3340 4094 3653 4151 discrimen

2007 4175 2210 4223 statuet
2240 4183 2252 4221 :
2287 4169 2434 4237 quod
2466 4168 2510 4222 si
2542 4168 2900 4237 pertinaciter
2930 4169 3038 4222 diis
3068 4168 3185 4223 suis
3216 4168 3312 4222 illa
3328 4166 3533 4222 ascribi
3553 4182 3651 4222 ve-

2009 4241 2131 4305 lint,
2168 4248 2460 4310 propterea
2489 4240 2637 4310 quod
2694 4239 3042 4310 Christianos
3079 4254 3200 4294 esse
3229 4239 3529 4309 patiantur,
3565 4253 3656 4294 se-

2006 4309 2214 4381 quitur,
2248 4311 2505 4380 injustos,
2540 4311 2789 4382 ingratos
2811 4309 2949 4365 tales
2971 4312 3104 4365 deos
3123 4327 3264 4379 esse,
3288 4310 3384 4382 qui
3406 4310 3654 4366 cultores

2006 4398 2136 4439 suos
2168 4397 2278 4435 una
2309 4397 2436 4436 eum
2470 4381 2792 4436 irrisoribus
2822 4382 2989 4451 plecti
3028 4382 3223 4437 velint.
3306 4381 3312 4382 “
3546 4381 3650 4436 551

2078 4454 2205 4508 CAP.
2231 4453 2395 4508 XLII.
2429 4484 2497 4493 —
2530 4452 2642 4509 Nec
2665 4454 2857 4525 minus
2882 4469 3172 4525 perperam
3198 4452 3548 4509 Christianos
3566 4452 3654 4525 in-

2006 4524 2323 4580 fructuosos
2354 4524 2592 4595 negotiis
2619 4524 2915 4595 appellari,
2948 4524 3043 4595 qui
3071 4542 3201 4582 cum
3231 4525 3346 4580 illis
3372 4531 3425 4580 et
3449 4526 3517 4579 de
3538 4524 3655 4579 illis

2004 4598 2214 4663 vivant,
2249 4597 2343 4666 qui
2374 4612 2543 4666 opera
2577 4611 2676 4651 sua
2705 4606 2754 4651 et
2776 4604 2923 4651 artes
2953 4596 3247 4665 misceant,
3279 4596 3375 4666 qui
3405 4612 3520 4650 una
3547 4612 3650 4651 na-

2005 4669 2216 4737 vigent,
2253 4668 2517 4732 militent,
2567 4675 2890 4723 mercentur
2922 4684 2934 4722 :
2983 4671 3077 4738 qui
3128 4669 3175 4724 si
3207 4668 3264 4723 in
3296 4667 3653 4723 caeremoniis

2007 4740 2342 4810 quibusdam
2394 4739 2680 4807 differant,
2712 4740 3049 4809 spectaculis
3092 4740 3442 4809 renuntient,
3489 4739 3652 4795 thure

2007 4828 2123 4867 non
2152 4811 2493 4881 supplicent,
2525 4810 2695 4880 stipes
2719 4810 2942 4879 templis
2972 4827 3087 4866 non
3114 4812 3348 4881 jactent,
3381 4819 3568 4867 tamen
3598 4815 3653 4865 et

2011 4883 2351 4953 homineset
2392 4884 2540 4938 cives
2570 4884 2704 4951 sint,
2728 4886 2785 4937 et
2808 4882 2961 4938 illam
2992 4886 3448 4953 qualemcunque
3469 4884 3655 4950 jactu-

2009 4971 2129 5010 ram
2178 4952 2343 5011 facile
2380 4962 2769 5023 compensent,
2804 4971 2933 5011 cum
2963 4955 3090 5010 aliis
3120 4955 3477 5020 utilitatibus,
3510 4962 3651 5022 tum,

2008 5044 2127 5082 non
2156 5026 2357 5098 utiilli,
2392 5025 2619 5097 publica
2669 5027 2958 5098 vectigalia
3010 5026 3416 5096 defraudando,
3449 5027 3651 5098 sedc;

2013 5099 2121 5155 ﬁde
2150 5095 2405 5153 debitum
2435 5095 2839 5168 dependendo.
3284 5167 3291 5168 γ
3400 5095 3404 5096 “
3548 5095 3655 5168 554

2084 5172 2213 5226 CAP.
2262 5168 2457 5225 XLIII.
2509 5167 2578 5211 4-
2610 5171 2714 5236 Qui
2767 5179 2955 5225 tamen
2988 5184 3113 5223 vere
3140 5169 3209 5224 de
3238 5167 3355 5223 illis
3384 5167 3658 5238 conqueri

2013 5248 2266 5314 possunt,
2296 5258 2416 5296 esse
2450 5243 2701 5308 lenones,
2728 5242 3107 5314 perductores,
3134 5241 3387 5307 sicarios,
3411 5255 3658 5295 venena-

2017 5312 2146 5379 rios,
2169 5330 2379 5382 magos,
2400 5314 2747 5383 similesque,
2773 5312 2975 5382 quibus
3000 5312 3380 5367 infructuosos
3404 5327 3525 5383 esse
3547 5327 3662 5365 ma-

2016 5402 2160 5457 gnus
2203 5385 2272 5439 sit
2312 5386 2556 5457 fructus.
2591 5382 2708 5457 Sed,
2730 5386 2789 5457 et
2808 5384 2915 5457 hoc
2946 5384 3215 5457 damnum
3252 5382 3477 5457 meliori
3505 5383 3661 5437 lucro

2016 5454 2323 5528 permutari
2358 5475 2370 5510 :
2405 5474 2535 5513 eum
2567 5464 2620 5511 et
2661 5455 2731 5509 ab
2780 5454 2894 5510 illis
2939 5455 3219 5528 daemonia
3271 5456 3578 5528 excutiant,
3610 5458 3667 5507 et

2019 5525 2118 5597 pro
2152 5529 2264 5583 illis
2299 5530 2472 5583 Deum
2506 5534 2864 5593 venerentur,
2898 5525 3204 5596 nullisque,
3232 5534 3293 5581 ut
3317 5528 3474 5597 tales,
3498 5525 3667 5597 rebus

2018 5596 2183 5656 novis
2210 5600 2267 5654 in
2300 5601 2531 5655 exitium
2558 5598 2881 5665 reipublicae
2923 5598 3201 5653 studeant.
3562 5596 3667 5652 559

2091 5676 2218 5726 (Ἀρ.
2253 5671 2429 5726 XLIV.
2462 5702 2529 5710 ——
2560 5670 3002 5739 Recogitandum
3025 5670 3213 5738 itaque
3246 5669 3468 5735 merito,
3491 5685 3671 5738 quan-

2023 5751 2139 5815 tum
2172 5743 2496 5815 respublica
2524 5743 2709 5815 capiat
2738 5741 3142 5815 detrimentum
3165 5757 3231 5815 ex
3265 5746 3418 5796 caede
3450 5744 3533 5815 tot
3562 5740 3664 5796 ho-

2026 5811 2279 5883 minum,
2299 5819 2355 5870 et
2384 5814 2778 5895 innocentium
2804 5819 2858 5867 et
2891 5812 3031 5895 bene
3073 5813 3410 5895 meritorum
3434 5829 3448 5868 ε
3472 5811 3537 5895 id
3570 5828 3671 5895 pa-

2025 5895 2141 5945 tere
2170 5901 2335 5959 posse
2351 5902 2417 5944 ex
2433 5885 2781 5958 quotidianis
2802 5884 3187 5944 custodiarum
3203 5884 3343 5944 actis
3366 5890 3419 5943 et
3436 5883 3669 5960 elogiis;
