4050 6356
270 318 421 378 1461

268 448 455 575 gibus,
501 463 567 504 ao
608 447 991 520 quorumdam
1021 446 1083 503 in
1110 462 1208 504 eos
1239 446 1390 504 notis
1428 454 1482 502 et
1518 444 1931 570 observatioéiiil.

311 536 399 575 ue.
1886 539 1931 575 ἰ

311 536 399 576 US.
1828 536 1861 570 ὕ
1886 536 1932 578 ’4

340 630 462 680 CAP.
500 627 558 682 V.
589 658 659 667 -—
691 628 761 681 De
793 625 1123 680 Tertulliani
1158 624 1301 681 libro
1331 625 1401 679 ad
1430 625 1745 693 Scapulam.
1817 622 1924 675 856

343 736 486 785 Aur.
526 732 567 785 I.
602 763 668 773 -
700 732 956 800 Analysis
988 732 1155 802 hujus
1186 732 1334 786 libri.
1818 730 1923 802 856

339 808 475 857 ΛΒΤ.
514 809 582 857 lt.
624 836 687 845 —
735 801 1071 858 Ostenditur
1106 804 1512 859 Tertullianum
1566 802 1733 870 hujus
1787 801 1921 855 libri

269 886 557 931 auctorem
591 892 603 941 ;
638 876 843 943 quibus
893 876 1209 929 rationibus
1255 878 1320 929 ad
1369 876 1531 929 illum
1568 883 1687 943 post
1718 874 1921 943 Apolo-

268 949 504 1015 geticum
553 954 607 1001 et
657 944 842 1001 libros
891 947 959 1000 ad
1000 947 1260 1002 Nationes
1318 948 1596 1002 edendum
1644 944 1923 1013 impulsus

272 1019 474 1083 fuerit;
522 1027 927 1089 quotempore
960 1019 1117 1071 illum
1152 1019 1469 1089 scripserit,
1498 1035 1562 1073 ac
1593 1020 1661 1072 de
1692 1017 1920 1086 quibus-

269 1092 398 1143 dam
449 1088 697 1143 ethnicis
756 1090 1191 1158 proconsulibus
1234 1088 1299 1143 ae
1352 1090 1651 1158 praefectis,
1704 1090 1795 1159 qui
1828 1093 1923 1159 aut

270 1159 559 1217 crudelius
601 1170 697 1214 aut
728 1162 925 1215 mitius
954 1176 1082 1216 cum
1116 1161 1456 1216 Christianis
1487 1170 1739 1231 egerunt.
1818 1158 1922 1211 858

342 1237 481 1286 Aa'r.
518 1234 616 1286 III.
649 1261 717 1272 ——
749 1232 828 1286 De
872 1232 1038 1301 hujus
1082 1233 1208 1286 libri
1242 1234 1646 1301 manuscriptis
1675 1238 1729 1285 et
1759 1230 1925 1285 editis

272 1303 585 1368 codicibus,
618 1304 689 1359 de
720 1305 1002 1358 variorum
1055 1303 1111 1357 in
1162 1320 1288 1358 eum
1322 1303 1826 1370 observationibus,
1860 1316 1925 1355 ac

273 1376 567 1431 nonnullis
597 1375 835 1430 diversis
869 1375 1205 1430 lectionibus
1238 1386 1289 1430 et
1318 1378 1485 1431 notis.
1820 1374 1927 1426 862

343 1482 469 1537 CAP.
491 1481 664 1537 VL—
695 1481 858 1537 Nova)
872 1482 928 1535 in
956 1481 1298 1536 Tertulliani
1321 1481 1762 1553 Apologeticum,
1790 1480 1927 1535 duos

273 1553 338 1607 ad
376 1553 643 1609 Nationes
676 1553 864 1617 libros,
897 1562 947 1607 et
977 1569 1148 1607 unum
1170 1555 1236 1607 ad
1268 1554 1563 1623 Scapulam
1596 1554 1925 1607 observatio-

274 1640 388 1684 nes.
441 1624 637 1694 quibus
672 1626 917 1695 primum
955 1625 1266 1679 ostenditur
1294 1626 1671 1679 Christianam
1702 1626 1925 1692 religio-

276 1711 401 1750 nem
425 1696 627 1767 fultam
666 1712 780 1751 esse
808 1697 980 1750 sacris
1010 1698 1207 1752 Veteris
1240 1698 1565 1752 Testamenti
1596 1697 1925 1765 Scripturis,

271 1774 322 1822 et
355 1768 616 1837 quomodo
649 1767 737 1823 hae
768 1770 1071 1837 Scriptura
1104 1768 1173 1823 ad
1208 1768 1569 1835 Christianos,
1616 1768 1929 1823 Judzeorum

271 1854 621 1910 successores,
640 1841 1013 1911 pervenerint,
1041 1856 1104 1894 ac
1131 1848 1334 1912 quanta
1360 1842 1586 1896 illorum
1606 1842 1925 1964 auctoritég;

1902 1929 1925 1963 ι]

1902 1929 1929 1963 ίὶ

352 2016 487 2070 Aa'r.
522 2015 567 2069 Ι.
620 2045 687 2057 —
718 2018 1009 2079 Quomodo
1039 2018 1420 2074 Tertullianus
1449 2019 1711 2074 ostendat
1742 2017 1930 2071 Chris-

282 2087 497 2142 tianam
550 2088 907 2159 religionem,
940 2089 1162 2144 Tiberio
1196 2090 1527 2159 imperante,
1564 2091 1622 2144 in
1654 2091 1930 2143 mundum

284 2159 685 2223 introductam,
719 2161 895 2215 sacris
939 2160 1123 2215 fulciri
1155 2161 1480 2216 Judazorum
1511 2161 1830 2230 Scripturis,
1866 2175 1931 2214 ac

286 2230 651 2301 Christianos,
685 2233 789 2285 etsi
819 2232 888 2285 ab
916 2232 1117 2286 iisdem
1143 2233 1357 2287 Judzeis
1388 2234 1638 2301 nomine,
1662 2247 1931 2300 quorum-

289 2304 417 2355 dam
449 2300 705 2357 ciborum
729 2317 854 2367 usu,
884 2304 1039 2357 festis
1064 2304 1265 2358 diebus
1286 2313 1339 2357 et
1360 2300 1930 2359 circumcisionedis-

287 2381 538 2445 crepent,
573 2374 629 2426 in
664 2387 857 2445 eorum
890 2382 1097 2438 tamen,
1121 2392 1186 2430 ex
1221 2376 1398 2445 patrio
1427 2378 1546 2430 solo
1577 2375 1648 2429 ob
1680 2391 1779 2429 sua
1811 2390 1930 2428 see-

288 2444 402 2499 lera
434 2445 748 2512 pulsorum,
782 2443 969 2499 locum
1004 2444 1179 2501 fuisse
1210 2443 1398 2501 revera
1428 2446 1775 2515 subrogatos.
1828 2445 1930 2499 864

357 2519 487 2570 ΛΒΤ.
526 2514 697 2588 Ila—7
728 2517 964 2579 Quando
1004 2526 1055 2571 et
1087 2521 1367 2588 quomodo
1413 2514 1697 2574 sacrarum
1747 2517 1931 2588 Scrip-

284 2589 537 2641 turarum
574 2586 727 2652 libri,
770 2588 1042 2642 Hebraice
1098 2586 1341 2658 primum
1373 2592 1698 2659 conscripti,
1732 2590 1790 2643 in
1823 2587 1933 2642 Ιιιι-

286 2674 455 2728 gnam
492 2659 742 2713 Graecam
774 2676 806 2713 a
851 2660 1215 2730 Septuaginta
1262 2661 1483 2715 duobus
1530 2660 1936 2730 interpretibus

290 2730 548 2784 conversi
580 2750 593 2799 ;
628 2746 703 2784 an
735 2730 795 2785 in
847 2731 1085 2786 diversis
1134 2731 1358 2787 cellulis
1393 2759 1407 2799 ς
1442 2733 1539 2788 ubi
1587 2735 1655 2788 de
1701 2733 1934 2799 Arislea,

288 2800 593 2874 Ptolemaeo
642 2801 1018 2872 Philadelpho
1072 2803 1378 2869 Pisistrato,
1414 2804 1729 2874 horumque
1760 2807 1815 2859 et
1846 2804 1936 2856 At-

290 2873 586 2927 talieorum
619 2888 811 2942 regum
864 2874 1243 2940 bibliothecis,
1274 2892 1338 2930 ac
1380 2877 1448 2931 de
1479 2873 1762 2933 Demetrio
1795 2876 1937 2928 Pha-

290 2945 440 3000 lereo
470 2945 970 3013 grammaticorum
1004 2946 1425 3015 probatissimo.
1836 2945 1941 2999 869

363 3020 500 3069 ΛΒΤ.
542 3016 633 3069 ΙΙΙ.
668 3046 732 3055 -—-
765 3019 884 3082 Qua
932 3017 989 3071 in
1042 3017 1391 3088 Philadelphi
1438 3018 1779 3073 bibliotheca
1811 3015 1940 3071 libri

294 3102 584 3143 sacrarum
626 3088 1040 3157 Scripturarum
1086 3092 1336 3158 repositi,
1370 3089 1463 3144 ubi
1496 3107 1559 3143 ea
1599 3088 1941 3144 bibliotheca

293 3164 637 3223 constructa,
687 3164 932 3227 quantus
988 3160 1049 3214 in
1089 3161 1187 3215 illa
1237 3162 1511 3216 librorum
1540 3176 1833 3226 numerus,
1867 3175 1940 3213 an

296 3238 407 3284 tota
438 3229 706 3285 incendio
745 3236 1105 3301 consumpta,
1135 3234 1414 3301 quomodo
1446 3234 1589 3287 sacri
1621 3233 1841 3287 codices
1871 3231 1941 3284 ad

291 3301 638 3356 Christianos
668 3302 1026 3374 pervenerint
1056 3318 1121 3357 ac
1152 3307 1220 3358 de
1250 3304 1505 3374 vectigali
1527 3305 1848 3359 Judmorum
1872 3302 1941 3356 ad

299 3389 394 3428 eos
425 3374 650 3442 publice
686 3372 1018 3428 lectitandos
1046 3374 1321 3429 libertate.
1402 3372 1419 3374 ⁷
1836 3374 1941 3427 873

362 3450 504 3498 Aa'r.
534 3444 621 3501 IV.
652 3474 716 3483 —
747 3447 1038 3508 Quomodo
1069 3446 1452 3502 Tertullianus
1490 3462 1659 3502 sacrae
1687 3446 1941 3515 Scriptu-

292 3531 366 3569 rae
396 3516 783 3589 auctoritatem
815 3533 882 3589 ex
909 3518 1156 3571 maxima
1185 3518 1309 3586 ejus
1328 3519 1661 3589 antiquitate
1681 3518 1942 3572 demons-

292 3589 423 3653 tret,
457 3604 581 3655 quae
631 3586 743 3641 sint
786 3588 1114 3643 substantiae
1146 3597 1198 3645 et
1229 3586 1484 3645 materize'
1506 3590 1757 3645 veterani
1788 3588 1938 3655 styli,

293 3658 461 3712 urbes
485 3658 737 3730 insignes
753 3658 1141 3725 historiarum,
1159 3669 1210 3716 et
1232 3663 1359 3716 cani
1382 3663 1803 3717 memoriarum.
1837 3661 1943 3713 877

364 3732 497 3784 Aa'r.
530 3731 594 3785 V.
635 3759 704 3770 —
742 3732 921 3796 Quam
955 3732 1274 3788 luculenter
1301 3734 1707 3789 Tertullianius
1741 3732 1941 3801 proba-

297 3802 433 3856 verit
460 3801 851 3874 antiquitatem
886 3803 1155 3858 librorum
1191 3804 1365 3873 Moysi
1394 3821 1458 3860 ex
1488 3806 1613 3874 ejus
1642 3813 1823 3873 aetate,
1848 3803 1945 3874 qui

294 3888 516 3944 coaevus
548 3873 649 3928 fuit
672 3874 902 3939 Inacho,
936 3882 987 3929 et
1030 3875 1289 3944 pluribus
1310 3873 1530 3932 saeculis
1560 3876 1775 3943 Danao,
1806 3873 1943 3930 Tro-

290 3943 444 4013 jante
474 3945 623 3998 cladi
656 3954 707 3999 et
756 3945 998 4000 Homero
1031 3943 1285 4015 praeivit,
1332 3949 1433 4003 ubi
1479 3949 1548 4003 de
1580 3947 1937 4007 Manethone.

299 4015 891 4090 BBI‘OSO,_I_I:0II|O,_88II
926 4016 1285 4090 Hieronymo,
1318 4025 1375 4075 et
1401 4019 1672 4090 Josepho.
1840 4018 1945 4071 879

370 4094 510 4163 An'r.
546 4087 636 4141 Vl.
671 4115 740 4126 -
772 4086 850 4141 De
898 4086 1145 4163 aliorum
1196 4094 1322 4159 post
1369 4086 1622 4163 Moysem
1656 4105 1945 4163 sacrorum

294 4162 514 4234 vatum_
547 4164 727 4234 aetate,
773 4166 825 4234 et
854 4162 1196 4234 supputariis
1226 4162 1533 4231 digitorum
1563 4162 1859 4234 gesticulis,
1888 4169 1948 4234 et

293 4230 641 4285 censuattbus
679 4231 1048 4299 conferendis.
1292 4230 1299 4231 ⁷
1564 4230 1580 4234 ⁷
1842 4232 1947 4287 883

361 4304 501 4355 Aa'r.
538 4300 658 4357 VlI.
709 4332 776 4342 —
823 4303 1115 4368 Quomodo
1162 4306 1554 4360 Tertullianus
1598 4307 1949 4361 demonstret

291 4372 542 4447 divinam
574 4386 715 4447 esse
746 4389 917 4447 sacrae
961 4376 1259 4443 Scripturae
1288 4379 1700 4447 auctoritatem,
1735 4392 1841 4432 nec
1872 4377 1945 4430 il-

292 4444 405 4499 lius
428 4443 813 4514 ignorantiam
845 4445 916 4501 ab
947 4446 1189 4503 ethnicis
1222 4464 1384 4518 posse
1413 4449 1605 4519 objici.
1688 4443 1695 4447 ’
1844 4446 1952 4502 885

365 4549 629 4627 Csp._VII,
662 4580 729 4590 —
762 4551 834 4605 De
866 4553 969 4627 Deo
994 4551 1308 4627 divinisque
1357 4558 1475 4616 eius
1514 4556 1949 4627 perfectionibus

294 4630 346 4700 et
367 4622 651 4700 nitributis
678 4626 885 4700 ac_quot
915 4624 1169 4700 qualesve
1194 4622 1487 4697 gentilium
1503 4622 1957 4700 philosophorum

299 4693 365 4749 de
394 4694 495 4749 illo
523 4693 889 4750 dissensiones
918 4698 970 4749 et
998 4693 1230 4753 errores.
1503 4693 1518 4698 ⁷
1714 4693 1726 4700 ⁷
1848 4700 1955 4754 887

374 4806 514 4876 An}.
549 4805 729 4876 I.__-_—‘
758 4800 1132 4876 Examinatur
1182 4804 1476 4876 sextuplex
1525 4810 1951 4876 argumentum,

304 4887 411 4945 quo
436 4871 821 4927 Tertullianue
852 4872 1029 4928 Deum
1081 4871 1364 4933 exsistere
1400 4871 1767 4945 demonstrat,
1802 4871 1950 4934 videi

306 4943 437 5019 licet
468 4960 751 5019 sacrarum
804 4946 1220 5014 Scripturarum
1270 4950 1622 5016 auctoritate,
1657 4943 1955 5019 gentilium

305 5014 1128 5097 philosophoruiaconsensu,
1162 5020 1457 5089 ipsiusmet
1507 5014 1617 5097 Dei
1650 5014 1952 5097 operibus,

305 5088 509 5159 intimo
555 5089 763 5159 mentis
792 5088 1058 5145 humanae
1091 5088 1261 5146 sensu
1289 5109 1318 5147 e
1351 5088 1720 5159 conscientia}
1752 5088 1958 5149 infini4

304 5159 374 5235 tis
404 5158 505 5213 Dei
533 5158 996 5235 perfectionibus,
1028 5178 1094 5235 ac
1126 5162 1353 5233 publica
1390 5173 1443 5220 et
1474 5165 1679 5234 saepius
1720 5166 1958 5235 repetita.

301 5231 627 5285 daemonum
678 5247 711 5285 a
753 5230 1093 5288 Christianis
1126 5230 1954 5305 'adjuratorumconfessione.

378 5377 514 5428 ΛΒΤ.
552 5372 619 5427 II.
651 5402 720 5411 —
756 5371 835 5427 De
876 5372 1316 5441 perfectionibus
1364 5378 1481 5436 eive
1511 5379 1799 5434 attributis
1831 5380 1949 5444 Dei,

304 5461 369 5527 ac
400 5461 508 5515 quo
542 5459 709 5527 sensu
741 5445 1147 5527 ah'l’ertulliano
1178 5450 1394 5527 dicatur
1420 5451 1957 5527 hominibuscogni-

310 5518 709 5598 tus,.quair_i.vis
739 5518 814 5570 sit
856 5518 1177 5598 invisibilis,
1218 5518 1852 5598 incomprehensibilis,
1870 5524 1958 5598 in-

309 5588 663 5643 aastimabilis
696 5606 709 5643 :
742 5603 866 5657 qum
900 5589 1067 5659 hujus
1122 5594 1234 5649 veri
1291 5595 1387 5650 Dei
1415 5588 1500 5651 'et
1550 5595 1655 5650 vivi
1701 5595 1956 5659 scientia,

309 5661 609 5728 sapientia.
645 5666 697 5714 et
726 5662 1028 5716 aeternitas.
1852 5667 1958 5721 893

383 5736 521 5787 ΛΒΤ.
556 5730 650 5785 ΙΙΙ.
684 5762 751 5773 -
800 5731 1125 5789 Ostenditur
1159 5737 1572 5794 Tertullianum
1612 5754 1807 5795 revera
1836 5754 1961 5793 cre-

312 5802 521 5884 didisse
568 5805 742 5884 Deum
765 5818 893 5884 esse
923 5806 1202 5877 spiritum,
1238 5809 1495 5884 nihilque
1526 5810 1732 5868 habere
1761 5826 1959 5884 corpu:-

312 5877 414 5946 rei,
449 5881 501 5931 et
530 5877 815 5932 contraria
851 5886 1183 5946 argumenta
1211 5877 1525 5942 solvuntur.
1856 5877 1967 5939 896

1282 313 1462 383 QUAE
1505 313 1579 373 IN
1627 309 1780 372 HOC
1821 308 2040 370 TOMO
2084 308 2669 373 CONTINENTUR.

3529 322 3685 381 1462

2112 444 2252 523 Aa'r.
2289 445 2375 500 IV.
2410 446 2652 523 —-_Qupt
2682 444 2943 523 qualesve
2972 446 3178 523 iuerint
3225 449 3524 523 gentilium
3556 452 3683 523 phi-

2042 514 2408 582 losophorum
2466 516 2536 571 de
2586 514 2709 571 Deo
2748 518 3150 586 dissensiones,
3181 514 3449 588 Thaletis,
3484 514 3580 579 seu
3615 524 3691 579 Si-

2044 588 2438 663 mon_idis,_qui
2469 590 2537 663 de
2586 588 2684 641 illo
2733 589 3124 659 interrogatus,
3171 593 3311 646 nihil
3343 600 3689 663 respondere

2034 659 2293 746 ιιυψίξρ.Ι
2320 659 2780 746 Ριάιυιιίρίιι-υιιξέ.
2818 664 2938 743 qui.
2970 667 3202 731 omnia;
3256 659 3684 746 Epicureorum,

2033 729 2295 799 quinibil
2331 740 2671 797 curantem;
2724 729 3317 804 Platonicorum,qui
3362 754 3489 791 eum
3540 729 3688 794 intra

2035 808 2310 877 mundum
2341 820 2353 866 ;
2391 803 2723 869 Stoicorum,
2760 815 3037 877 quqextra
3073 803 3312 874 positum
3342 828 3355 870 ς
3408 809 3685 877 Platonis,

2034 874 2130 949 qui
2192 878 2389 927 mundi
2440 882 2793 949 creatorem;
2856 875 3209 946 Pythagoras,
3252 880 3345 949 qui
3410 874 3687 936 mundum

2035 946 2350 998 increatum
2400 961 2522 999 esse
2572 948 2935 1014 docuerunt;
2991 958 3044 1003 et
3087 946 3281 1005 utrum
3304 952 3690 1007 Tertullianus

2036 1020 2183 1070 recte
2217 1015 2441 1071 illorutn
2479 1018 2777 1086 Opiniones
2808 1020 3191 1088 explicaverit.
3585 1024 3692 1079 900

2105 1124 2239 1177 CAP.
2273 1122 2413 1179 VIII.
2447 1154 2515 1163 —
2552 1129 2629 1180 De
2658 1125 2868 1181 Christi
2900 1126 3212 1182 divinitate.
3585 1131 3693 1185 906

2108 1233 2247 1306 Aa'r.
2284 1231 2323 1283 Ι·
2358 1230 2531 1306 —-_De
2561 1231 2730 1306 variis
2765 1232 2886 1286 Filii
2910 1234 3009 1287 Dei
3044 1234 3393 1304 nominibus,
3427 1252 3491 1291 nc
3522 1251 3691 1306 quam

2037 1300 2791 1377 lucuienler__Tertullianus
2833 1308 3028 1359 doceat
3076 1308 3190 1360 veri
3237 1300 3558 1377 summique
3589 1307 3692 1362 Dei

2036 1374 2299 1448 attributa
2350 1373 2431 1428 illi
2474 1375 2799 1438 convenire,
2845 1392 3086 1448 eumque
3114 1394 3290 1433 unum
3321 1386 3374 1433 et
3413 1373 3692 1434 internum

2036 1460 2165 1499 cum
2203 1444 2358 1499 Patre
2390 1460 2492 1499 suo
2525 1462 2645 1499 esse
2681 1451 2874 1501 Deum.
2996 1444 3011 1448 ⁷
3587 1451 3694 1503 906

2109 1519 2248 1568 ΛΒΤ.
2284 1515 2352 1569 ΙΙ.
2390 1547 2454 1557 -
2505 1519 2685 1579 Quam
2733 1520 2941 1573 diserte
2971 1518 3358 1577 Tertullianus
3405 1530 3687 1577 asseveret

2040 1603 2210 1663 unam
2245 1595 2313 1663 et
2362 1590 2614 1642 eamdem
2670 1606 2791 1644 eSse
2836 1590 3015 1663 Patris
3073 1595 3269 1648 aeterni
3298 1595 3533 1663 ejusque
3563 1593 3693 1648 Filii

2040 1658 2413 1713 substantiam
2443 1676 2508 1715 ae
2556 1668 2838 1727 naturam,
2888 1661 3018 1717 licet
3070 1658 3343 1721 distincta
3376 1658 3687 1721 sit-utrius-

2039 1746 2149 1801 que
2178 1746 2437 1797 persona.
3580 1736 3687 1789 910

2112 1808 2251 1855 An'r.
2291 1802 2383 1855 lli.
2433 1832 2499 1839 —
2542 1804 2717 1866 Qunm
2768 1803 2975 1859 diserte
3006 1806 3387 1861 Tertullianus
3418 1806 3690 1861 orthodo-

2040 1888 2171 1948 xam
2220 1874 2405 1929 adhuc
2435 1874 2503 1926 de
2534 1874 2662 1948 Filii
2693 1875 2814 1941 Dei,
2852 1892 2956 1948 nec
2987 1892 3098 1931 non
3133 1880 3362 1948 spiritus
3393 1880 3575 1933 sancti
3606 1878 3691 1931 di-

2043 1945 2277 1998 vinitate
2304 1960 2371 2000 ac
2415 1960 2575 1999 sacro
2623 1947 2916 2002 Trinitatis
2948 1945 3213 2016 mysterio
3245 1949 3558 2005 doctrinam
3592 1964 3692 2003 ex-

2042 2016 2213 2085 plicet
2242 2032 2307 2070 ac
2338 2016 2604 2071 vindicet.
3584 2020 3696 2074 913

2112 2089 2252 2143 Aa'r.
2289 2088 2374 2142 ιν.
2410 2118 2476 2126 —
2510 2086 2724 2152 Quibus
2758 2088 3069 2144 rationibus
3103 2090 3486 2147 Tertullianus
3514 2107 3575 2145 ex
3591 2092 3693 2159 pli-

2042 2173 2173 2213 care
2205 2166 2439 2213 conatus
2479 2160 2553 2212 sit
2600 2160 2848 2231 divinam
2897 2169 3279 2231 aeternamque
3326 2162 3448 2217 Filii
3481 2162 3579 2217 Dei
3609 2179 3699 2229 ge-

2043 2230 2509 2305 ne_ratione_rn,_ct
2548 2246 2647 2285 cur
2696 2230 2814 2301 ille,
2848 2247 2963 2287 non
3012 2250 3138 2289 vero
3170 2230 3413 2305 Spiritus
3443 2242 3695 2299 sanctus,

2046 2302 2220 2356 Filius
2256 2303 2352 2356 Dei
2385 2301 2621 2356 dicatur.
3213 2301 3229 2305 ⁷
3588 2305 3695 2358 917

2114 2379 2256 2427 Aa'r.
2288 2373 2349 2429 V.
2383 2403 2469 2445 —_
2496 2373 2865 2445 Exponuntur
2910 2381 2963 2429 et
3010 2376 3408 2431 examinantur
3438 2377 3693 2445 quaedam

2043 2451 2323 2526 exempta,
2358 2443 2981 2526 quibusTerlullianus
3026 2448 3278 2502 divinam
3311 2443 3570 2502 Filii—Dei
3595 2462 3695 2526 ge:

2046 2516 2403 2571 nerationem
2436 2516 2720 2585 explicare
2750 2527 2984 2571 conatus
3014 2526 3112 2572 est.
3591 2519 3699 2572 920

2116 2589 2255 2641 ΛΒΤ.
2288 2586 2375 2641 VI.
2398 2617 2463 2626 -—
2488 2588 2890 2659 Expenduntur
2911 2589 3319 2659 solvunturque
3342 2598 3699 2659 argumenta,

2046 2660 2252 2728 quibus
2283 2658 2548 2713 nonnulli
2581 2658 2813 2727 probare
2830 2658 3505 2715 nitunturlabet‘actatam
3526 2661 3698 2715 fuisse

2046 2747 2079 2784 a
2107 2728 2456 2785 Tertulliano
2487 2730 2851 2785 orthodoxam
2887 2734 2955 2787 de
2985 2748 3248 2801 suprema
3282 2733 3406 2787 Filii
3438 2733 3532 2787 Dei
3557 2732 3694 2787 divi-

2050 2802 2227 2856 nitate
2257 2802 2597 2868 doctrinam,
2628 2802 2755 2871 quia
2788 2803 2928 2857 dixit
2970 2802 3130 2857 illum
3181 2804 3390 2859 divinas
3433 2803 3694 2858 substan-

2051 2874 2139 2927 tiae
2170 2889 2291 2928 esse
2321 2872 2659 2940 portionem,
2693 2888 2817 2941 quae
2848 2875 2903 2927 in
2940 2873 3099 2929 Patre
3130 2882 3243 2929 tota
3273 2883 3375 2929 est.
3592 2874 3700 2929 923

2122 2952 2261 2999 ΛΒΤ.
2298 2945 2415 2998 VIl.
2445 2974 2511 2984 —
2544 2944 2851 2999 Solvuntur
2872 2946 2980 3000 alia
3002 2954 3353 3013 argumenta,
3377 2945 3579 3013 quibus
3601 2946 3700 3000 oh-

2045 3016 2239 3086 jicitur
2294 3015 2709 3070 Tertullianum
2745 3032 2977 3084 negasse
3013 3018 3136 3072 Filii
3164 3017 3263 3073 Dei
3293 3019 3648 3073 divinitatem
3682 3034 3697 3085 ;

2051 3088 2184 3157 quia
2214 3088 2353 3142 dixit
2382 3087 2557 3159 illum
2579 3087 2859 3144 minorem
2889 3089 3068 3158 Patre,
3107 3090 3371 3159 huncque
3393 3088 3697 3151 visibilem,

2051 3168 2104 3214 et
2144 3159 2302 3213 illum
2337 3158 2701 3213 invisibilem.
3282 3158 3295 3159 ⁷
3593 3160 3701 3213 926

2125 3235 2262 3285 An'r.
2295 3229 2445 3284 VIII.
2476 3260 2547 3272 —
2579 3230 2791 3283 Rursus
2822 3231 3137 3285 ostenditur
3182 3247 3357 3301 quam
3402 3231 3700 3300 perspicue

2049 3301 2428 3358 Tertullianus
2459 3304 2828 3355 aeternitatem
2859 3302 2981 3356 Filii
3018 3302 3117 3357 Dei
3146 3310 3379 3372 asserat,
3403 3311 3455 3357 et
3478 3310 3703 3356 contra-

2053 3375 2133 3429 ria
2164 3381 2497 3441 argnmenta
2528 3373 2843 3437 diluuntur,
2878 3373 3081 3441 quibus
3130 3374 3338 3429 conlici
3391 3389 3552 3443 posse
3595 3388 3701 3441 pu-

2051 3449 2173 3499 tant
2202 3444 2612 3500 Tertullianum
2649 3445 2910 3499 docuisse
2936 3453 3067 3500 ante
3098 3447 3375 3500 mundum
3408 3444 3703 3500 conditum

2054 3515 2269 3572 nullam
2314 3515 2486 3570 fuisse
2535 3515 2659 3570 Filii
2709 3515 2809 3570 Dei
2856 3517 3252 3581 substantiam,
3302 3524 3354 3571 et
3401 3517 3704 3585 perfectam

2051 3589 2228 3643 fuisse
2254 3588 2376 3657 ejus
2406 3588 2779 3651 nativitatem,
2833 3604 2964 3642 cum
3016 3592 3159 3643 Deus
3199 3589 3481 3643 mundum
3513 3602 3706 3643 creare

2051 3660 2282 3716 molitus
2310 3666 2413 3713 est.
3598 3658 3706 3712 930

2124 3739 2264 3785 ΛΒΤ.
2305 3729 2500 3805 IX._—
2530 3729 2773 3805 Solvitur
2802 3728 3575 3805 aliudargumentumtinde
3605 3745 3705 3800 pe-

2057 3803 2239 3868 titum,
2280 3802 2424 3871 quod
2453 3800 2833 3856 Tertullianus
2860 3800 3073 3857 dixisse
3105 3803 3322 3856 videtur
3356 3800 3528 3857 fuisse
3558 3805 3703 3856 tem-

2054 3891 2178 3947 pus,
2204 3890 2313 3944 quo
2344 3873 2516 3928 Filius
2546 3872 2645 3927 Dei
2680 3889 2793 3928 non
2818 3881 2955 3927 erat.
3599 3872 3706 3925 936

2126 3982 2259 4036 CAP.
2295 3979 2389 4033 IX.
2420 4007 2492 4021 -—
2522 3979 2593 4033 De
2625 3978 2842 4035 Christo
2872 3980 2979 4034 Deo
3010 3982 3060 4034 et
3090 3978 3321 4033 homine.
3601 3977 3709 4031 939

2126 4088 2260 4142 ΛΒΤ.
2299 4090 2341 4140 Ι.
2377 4116 2444 4125 ——
2494 4084 2573 4140 De
2618 4086 2868 4141 humano
2897 4085 3103 4141 Christi
3135 4102 3201 4142 ex
3234 4085 3460 4153 Virgine
3500 4091 3645 4149 ortu,
3675 4100 3709 4138 ει

2057 4161 2231 4214 sacris
2262 4156 2546 4227 prephetis
2579 4158 2956 4224 przenuntiato
2999 4173 3012 4212 :
3047 4173 3146 4212 cur
3175 4158 3381 4212 dicitur
3402 4156 3573 4211 homo
3597 4156 3707 4210 Deo

2058 4231 2258 4285 mistus
2293 4246 2304 4257 ·
2340 4228 2461 4297 ejus
2491 4228 2547 4282 in
2584 4236 2759 4283 terras
2798 4230 3101 4283 adventum
3144 4246 3258 4283 non
3291 4244 3452 4298 posse
3483 4228 3641 4297 rejici
3676 4243 3709 4281 a

2057 4302 2391 4373 gentilibus,
2419 4300 2513 4373 qui
2544 4300 2611 4353 ad
2643 4302 3036 4355 destruendam
3070 4301 3224 4355 illius
3245 4302 3533 4355 veritatem
3556 4312 3708 4373 quae:

2059 4370 2190 4429 dam
2221 4371 2433 4426 similia
2466 4372 2767 4426 ﬁnxerunt.
3604 4370 3712 4422 939

2132 4450 2281 4498 ΛΒΤ.
2325 4443 2394 4497 II.
2430 4468 2493 4487 =
2542 4444 2806 4511 Ejusdem
2850 4442 3054 4498 Chriin
3103 4443 3160 4498 in
3194 4449 3370 4497 terras
3399 4442 3705 4496 adventum

2064 4533 2179 4573 non
2211 4530 2374 4585 posse
2405 4516 2596 4585 negari
2638 4533 2670 4569 a
2704 4515 2935 4583 Judzeis,
2970 4515 3082 4570 nisi
3128 4531 3276 4571 caeca
3327 4512 3712 4585 obstinatione

2063 4583 2372 4645 mule—tatis.
2487 4583 2501 4585 ⁷
3603 4583 3715 4637 943

2134 4662 2269 4716 Aar.
2306 4657 2401 4712 ΙΙΙ.
2434 4687 2503 4695 —
2535 4656 2820 4711 Christum
2852 4656 3113 4713 violentis
3140 4657 3467 4712 Judmorum
3515 4653 3713 4709 suifra-

2063 4734 2190 4803 giis,
2218 4732 2362 4785 sicut
2390 4729 2511 4798 ipse
2538 4730 2888 4798 praedixerat,
2920 4730 2979 4785 in
3011 4744 3233 4784 crucem
3263 4746 3296 4782 a
3327 4726 3710 4803 Pilato_S_yriaa

2066 4798 2684 4875 procuratoreactum,
2736 4805 2945 4875 sponte
2986 4810 3044 4875 et
3076 4816 3204 4875 eum
3249 4799 3418 4855 verbo
3448 4798 3713 4875 spiritum

2063 4870 2384 4934 dimisisse;
2421 4872 2491 4927 de
2522 4872 2657 4927 solis
2678 4879 2798 4927 tum
2839 4873 3107 4943 deliquio,
3168 4872 3226 4927 in
3275 4887 3482 4928 arcana
3515 4870 3709 4943 relato,

2064 4965 2130 5006 ac
2155 4949 2223 5002 de
2254 4943 2455 4998 Christi
2487 4943 2793 5013 sepultura.
2976 4940 2987 4943 ⁷
3094 4940 3101 4942 ⁷
3280 5012 3283 5013 ν
3603 4940 3710 4994 946

2136 5024 2274 5073 ΛΒΤ.
2314 5015 2400 5070 IV.
2425 5046 2493 5053 —
2528 5012 2602 5070 De
2632 5016 2837 5071 Christi
2864 5032 2897 5070 a
2926 5022 3106 5071 morte
3137 5015 3206 5069 ad
3237 5012 3406 5068 vitam
3427 5027 3711 5081 regressu,

2066 5086 2515 5162 apparitionious
2564 5088 2621 5142 in
2650 5087 2903 5162 Galilaea,
2936 5086 3212 5162 ordinatis
3242 5087 3307 5139 ad
3335 5082 3715 5162 dissiminan-

2066 5155 2203 5219 dum
2235 5159 2606 5227 Evangelium
2629 5160 2944 5228 discipulis,
2981 5158 3135 5212 illius
3163 5157 3219 5211 in
3243 5155 3419 5228 cmlos
3449 5169 3711 5221 acsensu,

2068 5244 2121 5291 et
2152 5236 2219 5290 iis
2249 5231 2518 5289 omnibus
2566 5248 2596 5284 a
2646 5227 2821 5284 Pilato
2861 5234 2929 5284 ad
2978 5229 3269 5284 Tiberium
3316 5227 3715 5295 imperatorem

2068 5307 2257 5363 relatis
2291 5319 2303 5356 :
2337 5316 2437 5357 cur
2468 5306 2711 5357 Caesares
2742 5300 2961 5356 Christo
2991 5299 3381 5364 credidissent,
3414 5298 3458 5353 si
3490 5313 3604 5352 non
3628 5313 3715 5350 es-

2072 5388 2197 5435 sent
2228 5372 2436 5433 saeculo
2469 5373 2788 5429 necessarii.
3324 5414 3327 5419 .
3609 5368 3717 5422 949

2139 5460 2279 5505 ART'
2312 5448 2379 5504 V.
2407 5478 2474 5520 -έ
2505 5446 2645 5501 Vera
2675 5461 2794 5500 esse
2823 5459 2887 5498 ea
2906 5442 3100 5520 omnia
3124 5457 3245 5510 quae
3267 5439 3716 5520 de_Chrisio.Deo

2068 5530 2121 5579 et
2153 5522 2383 5579 homine
2412 5519 2761 5592 diclasuni;
2794 5516 3009 5592 nemini
3044 5515 3125 5569 l‘as
3156 5530 3277 5592 esse
3324 5513 3393 5567 de
3439 5511 3712 5592 (eligione

2070 5610 2172 5650 sua
2204 5592 2471 5649 mentiri:
2515 5589 2868 5644 Christianos
2921 5587 3133 5656 absque
3191 5585 3305 5639 ulla
3350 5582 3717 5644 ambiguitate

2070 5670 2168 5722 aut
2196 5660 2866 5736 dissimulatione_palam
2898 5667 2948 5714 et
2980 5660 3037 5713 in
3069 5656 3366 5736 toimentis
3416 5655 3584 5736 etiam
3626 5656 3712 5709 di-

2072 5739 2310 5794 rissimis
2342 5740 2616 5793 clamasse
2655 5726 2831 5787 Deum
2864 5749 2895 5785 a
2926 5746 2985 5785 se
3007 5746 3102 5800 per
3128 5730 3238 5784 Chr
3264 5736 3410 5782 stum
3443 5726 3577 5800 coli,
3610 5742 3716 5781 nec

2072 5811 2127 5865 id
2154 5826 2316 5880 posse
2346 5805 2653 5880 improbari
2683 5821 2715 5858 a
2738 5803 2972 5880 )udaais,
3006 5797 3101 5880 qui
3130 5801 3315 5880 Deum
3341 5813 3437 5867 per
3458 5797 3712 5880 Moysen,

2071 5867 2181 5941 nee
2224 5899 2259 5939 a
2299 5867 2625 5954 gentilibus,
2658 5875 2754 5948 qui
2788 5891 2889 5948 per
2920 5867 3230 5947 Orpheum,
3262 5867 3567 5942 Musaeum,
3592 5867 3711 5927 Me-
