4050 6300
407 329 566 393 1463

405 461 666 586 ligupum
694 463 749 514 et
792 456 1180 528 Tr0phonium
1229 455 1400 512 falsos
1445 454 1579 510 deos
1619 452 1805 510 colere
1837 452 2050 576 didiggi

478 636 606 691 Car.
638 635 702 690 X.
733 666 804 678 —
833 636 909 690 De
940 635 1154 706 angelis
1185 641 1235 690 ct
1264 632 1630 690 daemonibus.
1945 629 2049 682 954

478 743 620 795 Aar.
654 741 696 796 Ι.
730 772 798 782 --
849 740 1187 810 Angelorum
1247 747 1297 794 et
1351 741 1667 793 daemonum
1698 751 1923 810 nomen
1955 750 2048 790 co-

409 813 626 882 gnitum
662 812 833 866 fuisse
862 807 1170 882 gentilibus
1201 811 1396 880 poetis,
1432 807 1801 882 philosOphis,
1849 822 1915 862 ac
1958 822 2052 882 oo-

410 876 670 938 fninatim
703 876 934 949 Socrati,
970 876 1215 951 Platoni,
1245 898 1349 937 nec
1397 897 1512 935 non
1554 876 1735 948 magis
1780 885 1834 951 et
1884 876 2050 946 vulgo

408 955 763 1010 indoctorum
799 954 1116 1019 hominum,
1143 950 1236 1022 qui
1272 968 1478 1006 nomen
1509 950 1859 1022 daemonisin
1886 964 2049 1022 nsum

411 1025 694 1080 maledicti
741 1020 1212 1093 frequentabant;
1247 1039 1346 1078 cur
1371 1022 1512 1077 illud
1546 1037 1752 1077 nomen
1785 1021 1922 1075 adeo
1944 1020 2050 1093 _de-

418 1095 670 1150 testabile
694 1111 707 1161 ;
741 1090 938 1150 omnes
967 1095 1196 1164 angelos
1236 1103 1450 1149 creatos
1479 1108 1600 1148 esse
1629 1111 1662 1146 a
1698 1097 1806 1146 Deo
1835 1090 2050 1160 perfec-

410 1174 515 1231 tos,
548 1182 743 1235 pravos
773 1173 958 1220 autem
1005 1170 1204 1235 sponte
1253 1181 1352 1219 sua
1399 1164 1829 1235 corruptos;gde_
1855 1177 2051 1235 eorum

407 1233 682 1292 cum‘Deo
712 1237 975 1298 divortio,
1008 1233 1073 1292 ac
1120 1236 1479 1291 matrimonio
1521 1233 1647 1290 cum
1696 1233 1921 1288 filiabus
1950 1234 2045 1287 ho-

412 1307 652 1376 minum,
686 1311 834 1362 unde
888 1307 1199 1377 corruptior
1245 1309 1567 1362 daemonum
1595 1322 1732 1375 gens
1762 1318 1881 1360 orta
1909 1305 2050 1428 deget;

414 1387 523 1428 tur.
1981 1394 2012 1427 ἑ)

414 1387 523 1434 tur.
1943 1387 2012 1427 9ο

478 1451 616 1502 Aa'r.
653 1449 722 1502 II.
757 1479 824 1488 —
859 1448 1049 1504 Utrum
1101 1448 1482 1502 Tertullianus
1537 1445 1837 1502 crediderit
1878 1445 2048 1516 Spiri-

410 1518 622 1574 tualem
651 1535 771 1574 esse
800 1521 1057 1574 omnium
1088 1520 1417 1588 angelorum
1449 1525 1502 1573 et
1531 1519 1853 1572 daemonum
1885 1525 2047 1572 natu-

411 1606 528 1645 ram
559 1606 571 1644 :
601 1598 810 1659 quanta
838 1605 902 1644 ea
931 1591 999 1644 de
1028 1605 1087 1643 re
1117 1599 1340 1659 propter
1367 1589 1601 1645 istorum
1631 1604 1698 1643 ex
1735 1589 1918 1656 pravis
1943 1604 2047 1643 an-

408 1660 577 1731 gelis,
610 1669 662 1716 et
715 1661 1009 1716 hominum
1043 1659 1269 1715 ﬁliabus
1300 1661 1574 1730 originem
1607 1659 1948 1731 difficultas;
1981 1662 2050 1714 de

411 1729 734 1786 eorumdem
785 1733 1103 1786 daemonum
1164 1729 1405 1801 invidia,
1447 1746 1560 1801 qua
1608 1732 1669 1785 in
1727 1729 2044 1796 hominum,

413 1802 619 1875 quibus
649 1801 856 1875 subditi
883 1809 1032 1866 sunt,
1069 1802 1750 1875 perniciemgconspirant.
1790 1871 1800 1875 Α
1940 1801 2047 1856 958

481 1874 620 1927 An'r.
651 1874 748 1927 IlI.
779 1904 848 1913 —-
875 1875 1164 1938 Quomodo
1195 1872 1576 1927 'I‘crtullianus
1607 1871 1867 1927 ostendat
1901 1887 2047 1927 non-

411 1944 595 2006 nulla,
628 1960 751 2012 quas
780 1944 994 1999 ethnici
1025 1945 1132 1998 diis
1163 1944 1278 1998 suis
1310 1952 1570 2013 tanquam
1619 1959 1747 1998 vera
1776 1942 2050 1998 miracula

411 2015 830 2138 :dsfribebant,
859 2016 996 2070 facta
1029 2015 1202 2069 fuisse
1225 2016 1546 2070 daemonum
1564 2015 1776 2068 artibus
1791 2029 1856 2069 ac
1878 2030 2049 2138 praes;

435 2101 508 2138 nrt
537 2102 582 2138 s.
2018 2120 2049 2137 ,ι

411 2085 582 2139 ιὶιείἱε.
1886 2085 1891 2086 ⁷
1945 2085 2052 2138 962

454 2102 621 2209 ῧὲιῗίῖ.
655 2154 743 2210 IV.
774 2184 846 2198 —
877 2156 1168 2221 Quomodo
1196 2156 1480 2210 daemones
1511 2156 1821 2209 futurarum
1863 2102 2051 2210 reging

409 2226 707 2281 scientiam
767 2227 1060 2295 subripere
1109 2227 1464 2292 tentaverint,
1514 2241 1579 2281 ac
1620 2225 1884 2280 falsorum
1913 2227 2051 2281 deo-

413 2312 535 2352 rum
585 2297 816 2352 nomine
866 2297 1132 2367 ambigua
1201 2297 1556 2367 quibusdam,
1613 2312 1680 2353 ac
1737 2298 2051 2368 praesertim

408 2367 626 2439 Pyrrho
658 2376 711 2421 et
740 2371 946 2437 Crmso,
980 2368 1203 2423 oracula
1232 2368 1508 2424 dederint.
1642 2437 1652 2439 _
1745 2367 1755 2439 ;
1945 2367 2049 2422 964

471 2439 753 2494 Aa'r.V.—
768 2440 1056 2504 Quomodo
1070 2437 2051 2494 Tertullianusostendatdazmonum

410 2516 682 2578 potestate
711 2526 776 2564 ae
809 2511 1096 2565 fraudibus
1125 2525 1187 2564 ea
1217 2525 1342 2566 esse
1385 2510 1549 2575 facta,
1583 2524 1704 2579 quae
1736 2511 1912 2577 magis
1942 2511 2050 2564 eir-

415 2580 705 2634 culaloriis
732 2581 1030 2650 praestigiis
1073 2582 1270 2636 ludunt
1299 2598 1311 2648 ;
1345 2581 1547 2650 quibus
1577 2581 1922 2634 infamantur
1952 2582 2049 2635 de-

411 2651 734 2706 functorum
780 2652 1006 2719 animae,
1060 2653 1215 2719 pueri
1263 2652 1322 2706 in
1357 2652 1640 2720 eloquium
1674 2651 1886 2706 oraculi
1940 2653 2048 2707 eli-

409 2721 641 2788 duntur,
674 2722 1058 2777 immittuntur
1089 2723 1329 2788 somnia,
1359 2737 1544 2793 capra:
1583 2729 1635 2777 et
1666 2736 1875 2777 mensae
1904 2721 2048 2793 divi-

407 2798 586 2864 nant;
622 2808 726 2864 nee
773 2793 1097 2864 responderi
1141 2810 1174 2848 a
1217 2792 1497 2862 quoquam
1543 2807 1704 2862 posse
1750 2792 2047 2864 easaltem

407 2862 515 2918 diis
544 2862 1012 2935 tribuenda,‘quae
1043 2865 1192 2919 intra
1219 2863 1448 2919 illorum
1481 2864 1688 2932 templa
1717 2862 2046 2989 agebantgtgg

480 3003 614 3057 Aar.
652 3004 747 3058 VI.
776 3035 845 3044 —
876 3007 993 3071 Qua
1023 3006 1242 3060 ratione
1287 3004 1672 3060 Tertullianus
1703 3006 2047 3061 demonstret

414 3088 510 3146 eos
540 3075 632 3144 qui
668 3075 736 3129 de
774 3079 886 3132 Deo
916 3077 1030 3146 pati
1072 3077 1442 3142 aestimantur,
1484 3077 1578 3145 qui
1620 3077 1732 3130 aris
1771 3075 2045 3142 inhalant,

414 3143 507 3212 qui
536 3159 748 3200 numen
787 3148 856 3202 de
887 3143 1082 3202 nidore
1113 3147 1468 3216 concipiunt,
1502 3143 1779 3202 ructando
1828 3162 2046 3201 conan-

413 3221 523 3280 tur,
575 3217 868 3284 profantur
920 3219 1275 3284 anhelando;
1327 3232 1430 3273 nec
1460 3233 1574 3272 non
1607 3217 1886 3283 Virginem
1921 3217 2044 3272 Coe-

413 3284 631 3358 lestem,
688 3288 1000 3356 pluviarum
1041 3288 1512 3356 pollicitatricem,
1561 3296 1614 3342 et
1661 3289 2043 3358 [Esculapium

408 3355 522 3428 alia
564 3358 655 3412 die
692 3355 988 3426 Socordio,
1041 3359 1337 3425 Thenalio,
1370 3367 1421 3414 et
1474 3355 2045 3428 Asclepiodoro‘vitae

413 3425 982 3500 subministratorem,
1015 3445 1143 3484 cum
1174 3447 1206 3484 a
1244 3430 1577 3485 Christianis
1621 3425 2042 3500 adjurabantur,

414 3503 550 3552 tunc
581 3497 764 3567 palam
796 3497 1153 3571 respondisse
1185 3516 1243 3556 se
1275 3517 1390 3556 non
1420 3515 1542 3556 esse
1583 3497 1736 3568 deos,
1786 3501 1880 3557 sed
1929 3502 2044 3555 dae.-

414 3583 629 3623 mones.
1939 3572 2046 3626 970

410 3583 629 3623 mones.

475 3641 608 3693 Anr.
643 3639 756 3694 VII.
807 3640 984 3703 Quam
1033 3641 1300 3712 praeclare
1340 3640 1723 3696 Tertullianus
1785 3643 2044 3712 superius

404 3718 802 3782 argumentum
837 3713 969 3768 inde
1003 3711 1316 3776 conﬁrmet,
1352 3713 1497 3782 quod
1528 3713 1813 3767 daemones
1840 3716 1910 3767 ab
1950 3713 2038 3781 iis,

408 3795 529 3852 quae
575 3781 925 3851 obsidebant,
980 3783 1272 3838 hominum
1325 3781 1654 3852 corporibus
1683 3783 1832 3839 vario
1877 3785 2042 3840 modo

407 3851 744 3920 ejicerentur
787 3855 872 3908 vel
923 3853 993 3908 ab
1041 3853 1352 3921 exoreistis,
1403 3851 1487 3908 vel
1536 3854 1662 3909 aliis
1693 3854 2042 3924 Christianis,

407 3937 549 3995 quos
583 3924 846 3979 timentes
896 3925 1025 3980 odio
1075 3924 1374 3992 habebant,
1423 3925 1669 3995 ipsisque
1715 3932 1878 3980 erant
1917 3926 2047 3981 sub-

399 3992 570 4062 jecti:
604 4009 713 4062 quo
744 4011 914 4050 sensu
947 3997 1236 4064 desperata
1270 3992 1477 4051 dicitur
1507 3992 1731 4051 illorum
1763 3998 2043 4065 conditio;

405 4078 470 4136 ac
500 4065 780 4136 degpmnae
811 4082 986 4133 mora,
1020 4082 1128 4135 qua
1158 4067 1423 4122 solatium
1457 4067 1702 4122 fruendae
1723 4067 2043 4136 malignita-

407 4133 478 4190 tis
509 4134 713 4191 habere
744 4138 1015 4193 feruntur.
1039 4133 1051 4135 “
1865 4133 1887 4136 ’⁷
1939 4140 2044 4194 976

477 4239 604 4294 CAP.
638 4239 730 4296 Χῐ.
763 4271 829 4284 -
863 4243 933 4297 De
960 4249 1301 4297 mortuorum
1346 4243 1634 4299 hominum
1661 4243 1731 4298 ad
1756 4247 1927 4300 vitam
1956 4262 2042 4300 re-

404 4313 944 4377 vocatione,extremo
967 4313 1064 4368 Dei
1079 4314 1531 4384 judicio,a3ternis
1546 4316 1844 4384 impiorum
1866 4320 2042 4383 paeni:

407 4397 473 4436 ac
488 4385 753 4454 praemiis
773 4384 1075 4453 justorum,
1108 4394 1266 4454 atque
1286 4386 1604 4441 animarum
1632 4390 1759 4441 ante
1785 4389 2042 4443 ultimum

395 4452 673 4524 judicium
702 4452 1081 4526 receptaculis.
1172 4452 1189 4454 “
1939 4459 2045 4514 980

474 4561 613 4634 Aer.
645 4560 689 4615 I.
726 4588 796 4601 —
821 4561 1033 4626 Quibus
1055 4561 1408 4634 argumentis
1428 4561 1811 4618 Tertullianus
1842 4563 2043 4634 proba-

402 4629 542 4702 verit
572 4646 770 4686 omnes
795 4639 1046 4687 mortuos
1076 4629 1340 4687 homines
1388 4649 1554 4702 posse
1583 4634 1652 4688 ad
1685 4629 1857 4688 vitam
1888 4651 2043 4690 revo-

403 4701 610 4768 cari,ac
640 4717 831 4776 revera
865 4705 1207 4760 revocandos
1231 4701 1463 4776 :Autrum
1486 4707 1690 4760 animae
1717 4707 2044 4776 corporibus

406 4778 608 4838 exutae,
639 4780 694 4828 et
731 4775 862 4848 Asine
911 4775 1139 4830 illorum
1192 4774 1506 4848 ministerio
1558 4776 1773 4845 possint
1819 4774 2045 4848 aliquid

403 4857 587 4912 agere,
630 4845 766 4913 pati,
797 4861 863 4900 ac
892 4848 1102 4913 dolere,
1136 4852 1187 4900 et
1217 4844 1417 4900 laetari.
1559 4844 1570 4845 ί
1926 4844 2046 4903 ’980

477 4917 613 4988 Aur.
651 4913 822 4988 II.-—
853 4917 1066 4982 Quibus
1109 4916 1403 4986 exemplis,
1455 4931 1633 4986 quove
1685 4918 1898 4988 Pythiae
1929 4936 2048 4975 ora-

404 4983 556 5060 culo,
587 5001 652 5040 ac
685 4987 1165 5060 philosophorum,
1199 4983 1632 5043 de_animarum
1682 4983 2046 5060 transmigra-

405 5056 557 5110 tione
604 5061 887 5132 sententia
915 5056 1315 5132 ’Tertullianus
1367 5061 1626 5132 ostendat
1663 5056 2048 5132 quoscumque

405 5135 655 5199 mortuos
703 5129 964 5186 homines
1012 5131 1072 5185 in
1123 5128 1419 5199 pristinum
1470 5129 1595 5186 vitae
1644 5128 1852 5188 statum
1887 5128 2048 5188 resti-

407 5198 753 5273 tuendosLet
784 5204 1043 5273 apposita
1073 5198 1402 5270 argumenta
1423 5201 1620 5273 diluat.
1941 5204 2048 5258 985

474 5273 610 5324 Λιιτ.
649 5270 748 5328 ΙΙΙ.
793 5270 876 5314 4“
897 5275 1016 5339 Quo
1049 5280 1298 5341 tempore
1327 5272 1534 5326 mortui
1587 5274 1843 5330 homines
1871 5274 1939 5329 ad
1972 5276 2050 5329 vi-

405 5345 516 5394 tam
552 5342 965 5411 excitabuntur,
999 5343 1312 5413 sistentque
1341 5359 1400 5415 se
1429 5347 1683 5398 extremo
1711 5346 1802 5399 Dei
1823 5345 2046 5415 judicio

405 5418 456 5465 et
488 5415 768 5479 quomodo
799 5415 1180 5471 Tertullianus
1225 5413 1583 5470 ethnicorum
1633 5415 1703 5470 de
1753 5413 1940 5472 Minoe
1997 5422 2051 5472 et

405 5481 800 5556 Ithadamanto
849 5485 1214 5556 opinionibus
1266 5485 1564 5541 conﬁrmet
1612 5489 1870 5543 omnium
1900 5489 2050 5543 mala

405 5552 664 5622 bonaque
697 5552 902 5613 merita
930 5566 1048 5613 tum
1089 5557 1485 5612 examinanda.
1943 5559 2048 5613 988

451 5624 608 5704 __A_nr.
642 5625 730 5704 IV.
766 5658 834 5669 —
863 5629 951 5704 De
981 5638 1190 5704 aeterno
1221 5628 1371 5696 igne,
1400 5643 1516 5704 quo
1540 5628 1784 5704 impr_obi
1830 5633 1895 5704 et
1935 5631 2051 5686 im-

407 5694 485 5773 pii
520 5694 782 5773 homines
803 5699 1210 5755 crueiabuntur
1229 5694 1385 5769 {qua
1416 5694 1639 5773 ratione
1662 5701 2051 5758 Tertullianus

408 5769 1204 5843 ejus.aeternitatemasserat,
1235 5774 1400 5839 atque
1429 5769 1726 5843 confirmet
1754 5773 2051 5842 igneorum

407 5833 733 5905 ﬂuviorum,
781 5838 1062 5894 montium
1122 5833 1344 5910 semper
1386 5839 1746 5915 ardentium,
1776 5833 2050 5902 “hominis

1837 321 2046 383 ORDO
2094 320 2366 384 RERUM

3653 323 3798 383 1464

2161 451 2403 577 (fialmtine
2429 453 2679 523 percussi
2709 453 3004 524 exemplis,
3035 468 3102 512 ac
3130 469 3232 512 cur
3261 453 3410 526 ignis
3434 452 3536 512 ille
3557 463 3799 580 mterggis

2201 538 2285 577 lca
2316 538 2397 577 ur.

2201 531 2397 577 icatur.

2231 595 2368 667 Arar.
2397 595 2455 651 V.
2488 623 2554 667 —+
2589 596 2665 650 De
2692 603 2900 652 aeterna
2922 600 3249 652 sanctorum
3269 596 3623 653 beatitudine
3649 614 3662 664 ;
3693 613 3796 667 quo

2163 664 2221 739 in
2273 666 2394 720 loco
2443 666 2754 739 resideant;
2809 677 2994 723 utrum
3045 684 3110 723 ea
3156 670 3346 724 statim
3402 676 3525 739 post
3564 664 3795 724 mortem

2163 735 2436 810 fruantur,
2470 738 2551 810 vel
2586 738 2739 810 illam
2762 739 2841 810 ad
2874 746 3187 794 extremum
3220 735 3628 810 usque—iudicii
3654 741 3795 794 diem

2161 807 2499 880 quibusdam
2529 808 2585 862 in
2616 809 2923 864 domiciliis
2952 807 3324 880 exspectent;
3347 827 3413 866 ac
3428 807 3550 879 qua
3584 813 3792 866 ratione

2160 876 2540 934 Tertullianus
2571 884 2764 949 probet
2812 876 3117 936 memorata
3162 876 3434 937 hactenus
3459 876 3797 937 Christianae

2161 949 2451 1018 religionis
2493 952 2697 1020 placita
2745 967 2860 1006 non
2911 969 3072 1022 posse
3101 954 3170 1007 ab
3202 953 3447 1008 ethnicis
3479 954 3659 1022 rejici,
3705 958 3796 1007 aut

2160 1029 2384 1088 pmpter
2415 1037 2608 1076 eorum
2642 1022 3030 1079 defensionem
3073 1024 3421 1080 Christianos
3457 1039 3572 1080 non
3603 1023 3800 1079 debere

2160 1092 2346 1146 vexari
2377 1100 2430 1146 et
2461 1093 2750 1148 trucidari.
3696 1094 3798 1148 994

2229 1195 2352 1270 Cap.
2384 1196 2504 1252 XII.
2536 1228 2601 1237 —
2631 1199 3081 1270 Ostenditur,qui
3103 1199 3361 1269 qualesve
3378 1199 3594 1268 fuerint
3614 1199 3800 1256 Chris-

2157 1268 2320 1331 tiani,
2353 1271 2620 1338 quomodo
2667 1271 2738 1324 ab
2782 1268 3017 1326 ethnici}
3045 1268 3334 1334 distincti;
3365 1287 3430 1326 ac
3456 1285 3624 1341 quam
3649 1272 3798 1340 longe

2157 1341 2404 1406 puriores
2433 1341 2644 1408 fuerint
2673 1341 2908 1396 illorum
2937 1359 3101 1412 quam
3131 1341 3484 1398 ethnicorum
3511 1341 3799 1404 moresJe-

2155 1424 2350 1480 gesque
2377 1412 2546 1465 multo
2576 1413 2826 1468 meliores
2855 1429 2920 1468 ac
2947 1415 3272 1469 sanctiores.
3694 1413 3799 1466 999

2231 1519 2364 1589 Aa}.
2397 1515 2439 1569 Ι.
2469 1545 2539 1589 τ-ε-
2568 1519 2694 1586 Qui,
2727 1519 2941 1589 quales,
2973 1526 3026 1574 et
3056 1534 3226 1586 quam
3267 1518 3632 1588 multiplicati
3677 1517 3799 1589 fue-

2161 1586 2276 1659 rint
2303 1586 2634 1659 Tertulliani
2667 1586 2916 1658 tempore
2948 1589 3275 1659 Christiani,
3308 1605 3375 1646 ac
3419 1586 3703 1659 quomodo
3733 1587 3802 1643 ab

2159 1657 2423 1728 ethnicis,
2455 1657 2797 1728 quibuscum
2824 1661 3100 1731 vivebant,
3133 1657 3272 1716 tunc
3319 1657 3802 1783 discernerengigrg.

2229 1801 2372 1852 ΛΒΤ.
2407 1797 2472 1853 ΙΙ.
2507 1829 2576 1839 —
2605 1802 2890 1866 Quantum
2923 1801 3370 1873 Christianorum
3403 1802 3556 1873 leges
3585 1802 3801 1873 perfec-

2163 1867 2314 1942 tione
2343 1884 2440 1924 sua
2471 1879 2635 1940 atque
2665 1873 2992 1928 auctoritate
3021 1872 3162 1928 alias
3207 1888 3406 1927 omnes
3434 1867 3804 1942 avgenttlibus

2161 1940 2302 2012 latas
2327 1951 2614 2010 superent,
2646 1959 2755 2012 qua
2795 1944 3091 1998 sedulitate
3142 1940 3578 2000 observarentur
3605 1941 3678 1998 ab
3706 1943 3802 1997 iis-

2159 2011 2286 2083 dem
2317 2011 2773 2083 Christianis’qui
2809 2014 3018 2070 idcirco
3049 2013 3269 2071 botulos
3298 2030 3498 2070 cruore
3524 2015 3803 2070 distentos

2161 2081 2265 2136 sibi
2297 2081 2371 2156 ab
2394 2082 2636 2140 ethnicis
2684 2081 2926 2152 oblatos,
2971 2086 3093 2156 ipso
3142 2086 3266 2140 vitae
3312 2084 3584 2156 periculo,
3636 2087 3801 2140 edere

2161 2153 2513 2210 recusabant.
2993 2153 3010 2156 ’
3312 2153 3329 2156 ⁷
3661 2156 3798 2209 1001

2228 2226 2362 2278 Anr.
2400 2225 2494 2279 III.
2553 2253 2624 2264 —
2671 2225 2808 2280 Tam
2855 2233 3035 2281 castos
3093 2225 3265 2282 fuisse
3322 2225 3796 2295 Christianorum,

2161 2309 2326 2364 quam
2349 2298 2677 2365 depravatos
2705 2297 3001 2366 gentilium
3035 2313 3219 2352 mores
3247 2315 3260 2352 :
3293 2305 3500 2368 quanta
3527 2296 3804 2352 Christia-

2163 2381 2362 2420 norum
2403 2383 2530 2435 erga
2561 2384 2759 2422 omnes
2805 2367 3032 2424 dilectio
3081 2373 3138 2424 et
3165 2367 3408 2423 charitas
3436 2385 3450 2434 ;
3481 2383 3590 2424 cur
3618 2385 3679 2424 se
3709 2368 3803 2422 in-

2163 2437 2340 2492 vicem
2371 2437 2604 2492 fratrum
2638 2438 2869 2493 nomine
2914 2439 3294 2508 appellarunt,
3329 2439 3579 2509 ipsisque
3607 2439 3810 2494 omnia

2160 2518 2360 2580 praeter
2391 2524 2590 2564 uxores
2620 2518 2809 2564 essent
2831 2513 3186 2565 communia:
3221 2510 3655 2580 quam,impune
3676 2511 3806 2564 eth-

2159 2578 2275 2702 nici
2305 2595 2335 2634 e
2363 2580 2646 2636 contrario
2675 2582 2978 2636 secretiora
3009 2578 3377 2636 fraternitatis
3401 2578 3531 2650 jura
3561 2581 3814 2706 νὶοξιόἕὶ

2159 2664 2242 2703 nn
2282 2669 2294 2681 -

2157 2650 2294 2703 rint-

2230 2723 2363 2774 Aar.
2403 2720 2487 2792 IV.
2521 2749 2589 2762 —
2619 2719 2944 2776 Ostenditur
2983 2729 3191 2792 quanta
3242 2722 3406 2777 fuerit
3447 2721 3816 2777 Christiano-

2158 2791 2619 2863 rumconjugum
2649 2793 2936 2860 castitatis,
2983 2791 3033 2849 et
3066 2808 3231 2863 quam
3262 2799 3478 2848 certum
3507 2794 3580 2846 sit
3615 2794 3819 2863 plures

2156 2861 2215 2915 in
2249 2862 2582 2934 virginitatis
2614 2868 2762 2917 statu
2794 2866 2860 2918 ad
2893 2861 3129 2918 mortem
3166 2879 3341 2934 usque
3373 2861 3770 2934 perseverasse
3798 2881 3814 2919 :

2155 2940 2429 3002 quantum
2484 2933 2554 2988 ab
2609 2934 2694 2988 his
2742 2935 2993 2990 moribus
3038 2934 3301 2990 abessent
3344 2933 3584 3000 ethnici,
3657 2935 3818 2990 inter

2155 3019 2294 3073 quos
2324 3004 2458 3059 Cato
2488 3014 2541 3059 et
2584 3005 2840 3060 Socrates
2890 3021 3020 3060 suas
3050 3021 3251 3061 uxores
3279 3006 3480 3061 amicis
3516 3007 3580 3060 in
3614 3007 3820 3060 matri-

2155 3075 2410 3129 monium
2440 3077 2739 3129 dederunt.
3672 3077 3820 3131 1006

2228 3151 2358 3199 Anr.
2391 3148 2459 3199 V.
2491 3175 2560 3184 —-
2594 3145 2887 3210 Quomodo
2913 3145 3292 3214 Tertullianus
3314 3146 3670 3202 demonstret
3695 3164 3822 3202 ma-

2154 3215 2365 3287 ximam
2397 3216 2570 3271 fuisse
2591 3215 3040 3287 Christianorum
3072 3218 3384 3272 castitatem
3415 3222 3471 3270 et
3500 3219 3819 3287 gentilium

2155 3285 2661 3342 incontinentiam:
2714 3286 2844 3341 illos
2892 3303 3087 3342 sexum
3151 3287 3459 3342 femineum
3507 3285 3624 3343 non
3677 3305 3822 3344 mu-

2155 3364 2299 3412 tasse
2327 3365 2620 3426 corruptos
2649 3374 2780 3414 vero
2809 3375 2842 3413 a
2871 3359 3096 3414 Socrate
3124 3357 3510 3414 adolescentes
3544 3375 3559 3412 :
3618 3359 3825 3415 Chris-

2155 3429 2336 3484 tianos
2369 3431 2636 3502 uxoribus
2666 3429 2784 3483 suis
2809 3431 3011 3502 datam_
3030 3429 3196 3502 tidem
3230 3445 3477 3485 servasse
3505 3431 3826 3502 {Aristip-

2153 3515 2286 3572 pum
2335 3499 2568 3572 perdite
2635 3501 2917 3572 amavisse
2965 3499 3691 3572 gPhrynemﬂmeretricem
3748 3499 3823 3558 ac

2152 3569 2524 3639 Speusippum
2559 3570 2791 3640 periisse
2823 3571 2879 3625 in
2910 3569 3186 3626 adulterio
3208 3589 3227 3625 :
3253 3571 3606 3626 Christianos
3636 3572 3824 3627 salvis

2153 3640 2334 3696 oculis
2363 3649 2414 3695 et
2445 3655 2598 3695 caeco
2645 3642 2836 3697 animo
2866 3642 3076 3697 vidisse
3107 3643 3390 3709 mulieres,
3425 3658 3567 3713 quas
3599 3641 3825 3699 Demo-

2152 3713 2347 3778 critus,
2400 3727 2470 3766 ne
2522 3713 2983 3781 concupisceret,
3041 3728 3100 3767 se
3147 3713 3486 3769 exceecavit:
3540 3715 3824 3770 ethnicos

2152 3782 2526 3837 Christianam
2561 3783 2831 3838 feminam
2869 3785 2938 3838 ad
2971 3783 3234 3839 lenonem
3266 3785 3450 3854 potius
3474 3799 3647 3852 quam
3697 3786 3824 3841 leo-

2154 3869 2288 3926 nem
2315 3855 2658 3926 damnando,
2717 3869 2878 3909 suam
2933 3855 3248 3926 prodidisse
3303 3855 3826 3925 intemperantiam

2153 3931 2206 3980 et
2235 3923 2682 3980 Christianorum
2715 3923 3052 3981 castitatem.
3486 3923 3501 3925 ⁷
3675 3927 3830 3982 1009

2220 4030 2345 4085 CAP.
2379 4029 2524 4084 XIII.
2579 4060 2648 4069 —
2704 4030 2879 4098 Quam
2931 4029 3163 4085 absurde
3208 4031 3416 4085 ethnici
3458 4031 3829 4100 jactaverint

2151 4117 2309 4172 pares
2335 4117 2447 4156 esse
2477 4101 2618 4154 alias
2642 4101 3101 4172 philosOphorum
3146 4117 3374 4156 suorum
3403 4110 3568 4170 atque
3621 4102 3826 4158 Chris-

2154 4175 2432 4226 tianorum
2461 4174 2726 4233 virtutes;
2755 4189 2819 4227 ac
2845 4172 3102 4242 quomodo
3136 4173 3518 4229 Tertullianus
3547 4177 3675 4227 tam
3710 4174 3830 4229 ha-

2152 4259 2276 4298 rum
2321 4259 2504 4310 veras,
2562 4260 2729 4314 quam
2785 4245 3009 4299 illorum
3063 4244 3238 4314 falsas
3296 4259 3408 4299 esse

2224 4422 2355 4474 Anr.
2389 4419 2432 4475 Ι.
2463 4450 2533 4460 -
2564 4421 2740 4486 Quam
2789 4419 3088 4476 immeritis
3133 4419 3420 4486 laudibus,
3471 4421 3708 4488 statuis,
3771 4430 3833 4478 et

2153 4492 2370 4547 salariis
2401 4491 2614 4547 ethnici
2646 4500 3078 4547 remunerarunt
3106 4491 3604 4562 Vphi1050phos,qui
3637 4509 3834 4562 Spon-

2154 4570 2207 4618 te
2239 4579 2343 4617 sua
2369 4563 2734 4618 destruebant
2763 4563 2997 4619 deorum
3029 4561 3278 4632 cultum,
3310 4565 3369 4618 in
3401 4561 3710 4633 principes
3742 4564 3836 4620 Ia-

2155 4633 2392 4716 trabant,
2439 4633 2901 4716 nonhejiciebant
2952 4636 3267 4716 daemones,
3310 4649 3453 4716 quos
3502 4635 3836 4716 secundum

2155 4705 2278 4761 deos
2305 4719 2426 4760 esse
2454 4703 2894 4770 arbitrabantur,
2940 4705 3162 4760 tametsi
3209 4703 3562 4760 Christianos
3607 4715 3836 4762 contra

2149 4778 2240 4847 jus
2291 4783 2343 4830 et
2381 4777 2484 4847 fas,
2536 4783 2759 4845 pr0pter
2809 4791 2975 4831 suum
3037 4776 3312 4831 duntaxat
3370 4792 3606 4846 nomen,
3641 4779 3830 4834 omni

2155 4846 2561 4916 Suppliciorum
2591 4862 2794 4917 genere
2825 4853 3148 4902 enecarent.
3667 4851 3836 4905 1013

2227 4920 2357 4972 Aer.
2393 4917 2464 4971 II.
2494 4947 2563 4957 ——-
2593 4921 2771 4983 Quam
2819 4918 3060 4972 absurde
3107 4917 3442 4974 Christianis
3477 4919 3739 4974 scientia
3775 4929 3840 4977 et

2157 4989 2458 5056 disciplina
2492 4991 2905 5060 aequiperentur
2931 4987 3253 5059 phil050phi
3295 4989 3556 5060 gentiles,
3608 4991 3841 5060 gloriae

2158 5059 2457 5131 libidinosi
2481 5058 2810 5115 affectantes
2839 5076 2898 5115 se
2929 5059 3130 5114 docere
3167 5058 3487 5124 veritatem,
3540 5058 3729 5131 quam
3771 5066 3843 5120 in

2159 5147 2318 5187 sacra
2346 5129 2629 5198 Scriptura
2659 5132 2967 5195 inventam,
2997 5133 3292 5202 captandas
3330 5129 3624 5202 pepuleris
3660 5150 3845 5191 aurae

2159 5203 2333 5274 gratia
2362 5209 2746 5274 corruperant,
2780 5210 2828 5258 et
2863 5203 2955 5273 qui
2985 5219 3016 5274 a
3035 5203 3352 5274 Spartiatis,
3383 5203 3841 5271 Thebanis,Ar-

2158 5272 2299 5345 givis
2331 5272 2514 5345 solum
2544 5280 2761 5328 vertere
2791 5272 3071 5344 compulsi
3100 5279 3251 5328 sunt.
3675 5277 3845 5332 4016

2231 5350 2370 5398 Aar.
2405 5344 2500 5398 III.
2533 5374 2602 5383 --
2631 5346 2805 5411 Quam
2830 5352 3165 5414 praepostere
3209 5344 3446 5413 gentiles
3493 5349 3846 5404 contende-

2160 5415 2273 5471 rint
2301 5430 2489 5484 parem
2521 5431 2642 5470 esse
2675 5415 3142 5484 philosophorum
3166 5431 3397 5470 suorum
3420 5421 3592 5485 atque
3623 5420 3852 5474 Chris-

2161 5488 2440 5560 tianorum
2479 5487 2826 5560 probitatem,
2859 5496 3054 5560 contra
3085 5502 3254 5555 quam
3278 5488 3576 5560 Diogenes
3608 5506 3681 5544 su
3695 5507 3849 5560 per-

2160 5559 2308 5614 biam
2346 5557 2596 5612 Platonis
2624 5559 2734 5613 alia
2783 5559 3042 5628 superbia
3089 5557 3484 5614 conculcavit:
3519 5557 3852 5618 summam

2158 5629 2334 5703 fuisse
2363 5628 2812 5703 Christianorum
2860 5629 3224 5703 modestiam:
3249 5636 3450 5684 contra
3490 5647 3672 5700 quam
3715 5633 3851 5703 Py-

2159 5702 2419 5770 thagoras
2446 5707 2499 5754 et
2528 5702 2715 5756 Zenon
2746 5703 3106 5770 tyrannidem
3145 5699 3548 5758 atl‘ectaverunt
3574 5722 3589 5770 ;
3623 5699 3848 5761 maii-

2160 5787 2311 5828 mam
2343 5769 2519 5843 fuisse
2547 5773 2730 5828 animi
2758 5769 3209 5843 Christianorum
3237 5769 3585 5843 aequitatem,
3611 5787 3854 5832 contra.

2160 5857 2333 5916 quam
2387 5841 2668 5916 Lycurgus
2723 5842 3162 5918 apocarteresim
3217 5841 3471 5918 optavit;
3520 5841 3853 5907 servatam
