4050 6242
416 229 574 291 1467

416 367 635 417 cretum
665 358 735 415 de
762 358 926 415 novis
957 359 1067 415 diis
1096 359 1219 417 sine
1270 360 1760 418 senatusconsulto
1805 375 1921 416 non
1963 359 2058 414 in-

417 429 799 504 troducendis,
832 438 886 485 et
918 430 1128 487 Metelli
1158 440 1346 488 votum
1389 435 1458 488 de
1488 434 1697 504 templo
1729 433 1787 488 in
1822 430 2061 485 Alburni

409 502 500 557 dei
531 504 802 557 honorem
832 505 1236 568 construendo,
1269 507 1412 574 quod
1450 502 1674 559 irritum
1706 505 1915 558 factum
1952 510 2054 567 est;

414 590 479 629 ac
509 576 789 644 quomodo
820 575 1108 629 decretum
1145 573 1581 631 illud’violatum
1614 578 1683 630 sit
1711 575 1779 629 ab
1812 573 2057 629 ethnicis

407 645 505 714 qui
539 646 801 699 Liberum
837 646 1399 716 patrem,Serapidem
1425 656 1474 701 et
1506 648 1901 715 Harpocratem
1923 660 2052 700 cum

408 731 509 770 suo
562 716 980 784 Cynocephalo,
1040 719 1532 776 senatusconsulto
1586 720 1820 787 rejectos
1864 718 2053 785 impu-

403 787 737 843 dentissime
776 787 1115 843 restituerun
1131 796 1170 843 t.
1918 787 2053 842 1097

472 896 603 947 Car.
634 891 778 947 ΧΙΧ.
812 924 879 933 -
911 894 987 947 De
1021 893 1232 963 legibus
1267 896 1326 948 in
1377 895 1726 950 Christianos
1783 894 1945 962 datis,
2002 900 2053 947 et

403 965 809 1035 imperatorum
844 966 905 1018 in
934 981 1022 1019 eos
1050 968 1174 1021 odio
1204 967 1287 1021 vel
1316 970 1520 1037 favore.
1914 964 2052 1020 1100

474 1077 607 1126 Aa'r.
643 1069 686 1124 Ι.
720 1101 786 1112 -—
812 1073 1103 1137 Quomodo
1134 1073 1519 1128 Tertullianus
1549 1074 1809 1128 ostendat
1841 1071 2050 1142 primas

404 1142 464 1197 in
495 1142 841 1197 Christianos
874 1143 1027 1212 leges
1059 1152 1199 1199 tatas
1232 1162 1353 1199 esse
1390 1162 1421 1199 a
1455 1145 1672 1199 Nerone
1704 1143 2049 1211 nequissimo

399 1213 756 1285 imperatore,
786 1229 849 1267 ac
875 1214 1082 1270 deinde
1112 1233 1144 1270 a
1178 1216 1521 1285 Domitiano,
1555 1215 1889 1270 Neronianas
1920 1228 2049 1268 cru-

399 1284 648 1356 delitatis
683 1287 979 1353 portione;
1013 1288 1108 1355 qui
1144 1294 1331 1342 tamen
1382 1302 1476 1343 eos
1506 1284 1770 1355 restituit,
1804 1301 1942 1356 quos
1967 1301 2050 1356 re:

399 1354 709 1423 legaverat.
1032 1354 1043 1355 ί
1758 1354 1761 1355 ⁷
1820 1354 1835 1356 “
1912 1355 2050 1409 1100

477 1428 607 1479 Aur.
642 1425 713 1480 Il.
749 1456 814 1465 —
872 1424 1219 1495 Expenditur
1273 1434 1462 1483 utrum
1506 1428 1729 1483 Marcus
1786 1427 2050 1482 Aurellus

398 1496 737 1568 Christianae
782 1497 1042 1566 religioni
1095 1503 1393 1568 propterea
1442 1500 1658 1567 faverit,
1692 1500 1837 1568 quod
1859 1499 2045 1553 Chris-

405 1567 541 1639 tiani
571 1568 778 1622 milites
808 1568 1074 1624 exercitui
1098 1567 1344 1639 ejus,siti
1375 1577 1630 1635 enecato,
1661 1567 1901 1625 imbrem
1933 1584 2049 1623 non

405 1638 530 1711 sine
560 1653 764 1707 magno
796 1640 1075 1694 miraculo
1103 1638 1143 1695 a7
1164 1641 1278 1696 Deo
1327 1642 1765 1711 impetraverini,
1815 1657 1881 1695 ac
1910 1656 2047 1710 quo-

400 1710 567 1764 modo
599 1710 797 1783 iisdem
841 1711 1175 1766 Christianis
1227 1710 1427 1781 poenas
1466 1714 1759 1783 impositas
1805 1727 1920 1767 non
1962 1711 2048 1783 di-

404 1781 667 1837 moverit.
704 1782 799 1835 sed
832 1783 1017 1850 palam
1047 1784 1394 1851 disperserit.
1551 1781 1565 1783 ’
1911 1782 2049 1836 1102

471 1854 606 1905 Aur.
646 1851 741 1923 ill.
783 1882 850 1892 —
899 1853 1268 1908 Examinatur
1315 1870 1431 1923 quo
1472 1855 1601 1922 jure
1656 1851 2042 1909 Tertullianus

401 1931 611 1995 asserat
642 1922 925 1995 mitigatus
952 1924 1020 1977 ah
1052 1922 1385 1995 imperatore
1427 1926 1673 1994 Trajano
1723 1924 2049 1995 scriptasrin

399 1992 728 2047 Cbrislauos
756 1992 1150 2062 leges,nullas'
1172 2012 1299 2051 vero
1330 1997 1391 2050 in
1425 1992 1553 2050 illos
1586 1996 1724 2050 latas
1752 1995 1822 2049 ab
1842 1992 2048 2048 Adria-

398 2078 475 2118 no
505 2065 904 2137 curiositatum
930 2068 1185 2122 omnium
1220 2069 1594 2137 exploratore,
1646 2082 1829 2136 neque
1860 2082 1891 2120 a
1922 2066 2049 2120 Ves-

393 2135 635 2208 pasiano
682 2135 1026 2208 debellatore
1073 2135 1403 2194 Judaeor‘nm
1436 2154 1617 2208 neque
1643 2155 1677 2193 a
1706 2135 1833 2207 Pio,
1865 2151 2048 2204 neque

391 2222 425 2260 a
452 2205 622 2273 Vero,
657 2222 757 2261 seu
789 2207 993 2262 Severo
1024 2209 1483 2278 imperatoribus.
1526 2205 1541 2208 “
1818 2205 1824 2207 ’
1913 2208 2049 2261 1100

468 2310 600 2366 CAP.
635 2315 751 2366 XX.
784 2342 852 2385 -ς
884 2313 955 2367 De
992 2312 1140 2370 laesae
1167 2315 1377 2372 divina:
1428 2315 1740 2385 majestatis
1787 2314 2049 2368 crimini-

399 2386 517 2457 bus,
546 2399 782 2457 quorum
808 2382 1123 2457 Christiani
1154 2388 1275 2440 tam
1309 2388 1451 2456 falso
1508 2382 1672 2457 quam
1700 2384 2052 2457 impudenter

397 2454 461 2509 ob
488 2455 724 2509 ethnicis
754 2455 987 2510 illorum
1016 2458 1129 2511 reis
1158 2454 1589 2512 accusabantur.
1779 2454 1788 2457 ’
1919 2455 2052 2509 1110

473 2565 611 2614 Aur.
648 2564 691 2615 Ι.
722 2590 792 2601 -
824 2562 1001 2625 Quam
1032 2563 1239 2618 invicte
1268 2563 1651 2618 Tertullianus
1700 2562 2054 2618 demonstret

403 2630 757 2687 Christianos
788 2632 1071 2689 immerito
1120 2636 1379 2690 accusari
1424 2634 1762 2701 infanticidi,
1813 2634 1927 2687 sive
1960 2633 2047 2687 in-

400 2702 575 2757 fantis
630 2700 690 2756 in
740 2705 911 2757 sacris
968 2720 1164 2759 eorum
1209 2706 1516 2774 synaxibus
1564 2700 1760 2769 occisi,
1810 2720 2049 2760 comesse

404 2781 598 2847 postea
627 2774 748 2842 ejus
778 2777 964 2828 carnis
993 2777 1279 2846 potatique
1308 2779 1703 2847 sanguinis,ac
1734 2775 2049 2845 turpissimi

414 2845 977 2915 incestus,vanasque
1006 2845 1360 2902 ethnicorum
1394 2845 1775 2903 cavillationes
1799 2847 2050 2901 funditus

417 2918 640 3042 (evtertit,
676 2916 768 2971 udi
799 2918 868 2971 de
906 2917 1290 2989 CynOpennis,
1320 2919 1692 2989 Sciapodibus
1740 2924 1794 2974 et
1821 2917 2050 3042 Aniiipfd

457 3002 473 3042 ι
520 3002 603 3040 us.

457 3002 603 3042 IDUS.

478 3060 620 3114 Aa'r.
658 3057 728 3113 Il.
763 3087 829 3098 --
873 3060 1051 3121 Quam
1100 3060 1308 3114 invicte
1352 3060 1736 3115 Tertullianus
1791 3060 2051 3115 ostendat

416 3129 653 3198 gentiles
685 3129 997 3199 homicidii,
1047 3132 1206 3199 cujus
1253 3131 1597 3187 Christianos
1646 3131 1783 3185 falso
1825 3146 2050 3186 accusa-

415 3199 571 3265 bant,
601 3216 723 3254 esse
754 3217 895 3267 reos,
928 3208 1121 3271 utpote
1150 3202 1242 3271 qui
1271 3204 1329 3257 iu
1357 3203 1539 3257 Africa
1583 3203 1826 3257 infantes
1865 3207 2051 3257 Satur-

413 3287 510 3327 no.
561 3286 731 3341 usque
771 3272 840 3325 ad
887 3273 1335 3341 proconsulatum
1386 3273 1619 3341 Tiberii,
1650 3273 2047 3335 immolabant,

416 3342 680 3411 huncque
710 3357 922 3397 morem
957 3351 1171 3398 secreto
1220 3360 1644 3411 perseverasse;
1686 3346 1907 3400 tametsi
1957 3344 2045 3397 Sa.

412 3413 564 3485 turni
596 3416 915 3469 sacerdotes
945 3415 1004 3468 in
1036 3415 1329 3470 arboribus
1359 3415 1552 3485 templi
1581 3416 1701 3484 ejus
1744 3414 2046 3471 obumbra-

399 3483 656 3549 tricibus,
706 3488 833 3557 teste
861 3486 1064 3540 militia
1087 3489 1290 3556 patria:
1318 3483 1822 3557 nostrae,suSpensi,
1854 3502 2047 3557 pmnas

408 3562 588 3611 morte
619 3555 900 3611 dederint.
1088 3555 1099 3556 “
1521 3555 1526 3557 ⁷
1640 3555 1657 3557 -
1808 3555 1813 3557 “
1855 3555 1869 3557 “
1908 3558 2045 3611 1115

475 3626 605 3699 Aur.
634 3625 840 3699 1ης-
894 3627 1229 3699 Ostenditur
1290 3626 1582 3683 homicidii
1635 3644 1861 3699 quoque
1921 3644 2046 3684 reos

407 3696 585 3770 fuisse
618 3697 826 3770 Gallos,
860 3698 953 3766 qui
987 3698 1262 3770 Mercurio
1296 3714 1308 3749 :
1342 3699 1573 3767 Tauros,
1600 3696 1695 3770 qui
1732 3696 1919 3754 Dianas
1952 3700 2049 3753 ho-

411 3768 595 3822 mines
625 3767 995 3842 immoladant
1018 3785 1033 3835 ;
1060 3768 1528 3842 itemiiomanos,
1553 3767 1652 3842 qui
1684 3771 1744 3826 in
1774 3770 2047 3825 Aineada—

410 3855 537 3912 rum
568 3840 699 3893 urbe
729 3841 921 3895 Jovem
956 3840 1108 3912 ludis
1132 3840 1248 3912 suis
1283 3839 1525 3896 humano
1557 3839 1889 3912 proluebant
1916 3858 2046 3896 san-

411 3911 585 3979 guine
609 3926 623 3977 ;
654 3917 818 3980 atque
844 3912 990 3965 alios
1019 3911 1115 3981 qui
1144 3910 1449 3965 liberorum
1469 3910 1696 3969 suorum
1730 3929 1925 3969 recens
1943 3929 2048 3967 na-

411 3988 600 4053 torum
632 3982 895 4050 spiritum
927 3982 987 4037 in
1017 3997 1160 4052 aqua
1200 3981 1599 4050 extorquebant
1637 3984 1719 4040 vel
1753 4000 1848 4041 eos
1878 4000 2051 4053 expo-

407 4052 627 4125 nebant
656 4055 819 4109 morti
850 4052 998 4107 haud
1032 4069 1257 4125 prorsus
1305 4054 1575 4125 incertae;
1619 4063 1891 4125 quantum
1923 4052 2051 4110 vero

411 4122 720 4178 Christiani
749 4125 819 4180 ab
866 4122 1043 4179 omni
1075 4124 1379 4197 homicidio
1416 4122 1798 4197 abhorrerent,
1846 4126 2053 4197 quibus

412 4209 513 4250 nec
545 4197 606 4248 in
629 4199 784 4251 utero
810 4199 1125 4265 conceptum
1156 4195 1446 4249 dissolvere
1488 4194 1640 4262 licet,
1697 4199 1823 4253 dum
1864 4194 2055 4254 adhuc

416 4266 646 4334 sanguis
670 4269 730 4320 in
760 4267 1033 4322 hominem
1064 4266 1360 4321 delibatur.
1916 4270 2054 4325 1118

493 4340 627 4410 Aur.
662 4337 759 4410 IV.
784 4368 852 4410 -έ
880 4338 1060 4410 Quam
1088 4345 1239 4394 certo
1269 4337 1653 4410 Tertullianus
1683 4349 1887 4410 asserat
1917 4356 2053 4410 epo-

422 4413 542 4479 tum
572 4408 641 4461 ab
690 4408 935 4463 ethnicis
984 4408 1294 4464 humanum
1344 4409 1679 4478 sanguinem
1729 4408 1969 4479 publicis
1993 4412 2055 4467 in

420 4476 579 4550 ludis
599 4479 720 4533 Jovi
749 4480 970 4544 dicatis,
1003 4487 1057 4533 et
1085 4479 1154 4534 ab
1189 4480 1275 4535 his
1301 4481 1396 4550 qui
1425 4476 1696 4535 comitiali
1730 4476 1942 4535 inorbo
1967 4498 2055 4539 re-

430 4548 684 4633 medium
718 4550 1061 4633 quaerebant,
1097 4558 1263 4633 atque
1293 4548 1554 4633 .ab_alii_s,
1583 4550 1681 4633 qui
1729 4551 2055 4633 sicut‘Cati-

421 4619 555 4691 lana
580 4619 758 4675 fcedus
787 4636 917 4677 cum
964 4621 1245 4691 aliquibus
1291 4619 1547 4677 inibant:
1600 4619 1735 4676 item
1786 4623 1846 4677 in
1874 4620 2064 4676 Africa

421 4689 674 4763 Bellonae
722 4689 1210 4763 sacratosihausto
1255 4694 1501 4763 signatos
1552 4692 1722 4749 fuisse
1765 4693 2059 4762 sanguine,

429 4769 599 4830 atquc
626 4761 697 4815 ab
732 4763 875 4834 aliis
920 4762 1137 4818 crimen
1181 4764 1269 4819 his
1314 4761 1496 4834 magis
1541 4761 1947 4820 exsecrandum
1976 4765 2066 4819 his

427 4832 765 4904 perpetrari.
892 4903 903 4904 ί
1416 4832 1431 4834 ⁷
1927 4835 2065 4891 1120

508 4904 643 4958 Αιιτ.
678 4905 743 4956 V.
775 4933 846 4943 —
876 4903 1202 4974 Ostenditur
1249 4906 1529 4974 quomodo
1571 4904 1834 4960 humanis
1879 4907 2066 4961 carni-

437 4971 926 5047 busvescerentur
955 4971 1315 5047 gladiatores,
1363 4976 1601 5047 Scythae,
1654 4974 1979 5047 Massagetae
2012 4984 2068 5032 et

437 5044 720 5117 Derbices,
755 5046 846 5117 qui
879 5044 1135 5115 suscepta
1164 5045 1434 5114 religione
1478 5045 1814 5113 Christiana,
1844 5044 1931 5103 ‘ab
1981 5048 2068 5102 his

439 5115 823 5172 discesserunt
849 5119 981 5173 feris
1012 5118 1282 5173 moribus.
1928 5118 2070 5173 1123

506 5192 647 5242 Aur.
678 5187 771 5241 Vl.
803 5218 871 5229 -—
902 5194 1080 5255 Quam
1128 5188 1422 5258 perspicue
1468 5186 1853 5258 Tertullianus
1879 5194 2071 5243 osten-

434 5257 528 5312 dat
558 5259 912 5314 Christianos
943 5257 1143 5315 secreti
1171 5261 1229 5314 in
1258 5257 1434 5315 Sacris
1465 5260 1581 5313 suis
1632 5257 1941 5328 synaxibus
1983 5259 2069 5312 in-

436 5331 574 5383 cesti
605 5330 743 5384 falso
775 5330 967 5384 falsius
995 5331 1269 5396 accusari,
1303 5346 1412 5401 quo
1442 5329 1682 5401 gentiles
1710 5330 1865 5385 Jovis
1894 5344 2071 5401 exemf

435 5401 533 5470 plo
569 5401 751 5469 palam
782 5417 846 5456 ac
876 5401 1081 5470 sacpius
1106 5400 1655 5457 contam’inabantur.
1939 5400 2077 5453 1125

518 5475 647 5525 Aur.
683 5472 796 5527 Vll.
830 5502 896 5511 —
947 5475 1122 5537 Quam
1174 5470 1413 5527 absurde
1455 5471 1668 5529 ethnici
1709 5471 2018 5540 objecerint
2048 5487 2081 5524 a

444 5541 783 5598 Christianis
811 5542 1031 5597 adorari
1090 5548 1255 5611 caput
1303 5542 1494 5607 asini;
1541 5546 1666 5612 quis
1717 5544 1849 5598 huic
1879 5542 2083 5596 fabulas

452 5614 808 5667 occasionem
860 5613 1112 5679 dederit;
1180 5619 1390 5681 quanta
1461 5612 1806 5682 impudentia
1877 5612 2083 5668 nebulo

449 5683 960 5754 quidam_.ludaeus
1009 5685 1163 5737 illius
1208 5684 1357 5754 asini
1400 5683 1805 5754 cumeridiculs
1860 5698 2087 5754 prorsus

454 5751 829 5820 inscriptione
856 5753 1135 5823 picturam
1182 5752 1625 5825 circumtulerit;
1675 5768 1741 5813 ac
1770 5751 1936 5825 quam
1963 5768 2089 5813 vere

1851 224 2057 289 ORDO
2102 223 2376 289 RERUM
2432 241 2442 250 '

3666 229 3826 290 1468

2171 356 2338 414 iidem
2371 356 2586 431 ethnici
2617 358 2812 431 asinos
2863 359 3028 431 totos,
3056 357 3307 431 aliasque
3334 357 3578 428 belluas,
3610 366 3703 417 aut
3740 361 3825 415 vi-

2169 445 2284 497 vas,
2316 438 2411 483 aut
2440 430 2690 497 depictas
2717 428 3093 486 adoraverint.
3214 428 3230 431 “
3679 432 3826 487 1128

2158 500 2161 507 ’
2239 504 2373 556 Αιιτ.
2411 500 2559 555 Vllt.
2611 532 2679 540 —
2723 504 2901 567 Quam
2948 501 3371 558 inconsiderate
3411 502 3633 559 ethnici
3682 505 3822 559 vitio

2165 571 2499 627 Christianis
2530 573 2790 628 verterint
2823 571 3039 628 cultum
3069 573 3256 629 crucis
3296 573 3526 639 Christi,
3562 590 3692 630 cum
3731 574 3821 631 illi

2163 643 2267 711 ipsi
2329 644 2609 713 quaslibet
2655 645 2714 698 in
2762 646 2996 699 deorum
3041 661 3271 701 suorum
3318 645 3667 715 simulacris,
3701 653 3819 701 tro-

2164 715 2318 783 paiis,
2353 714 2578 770 vexillis
2608 722 2659 787 et
2692 715 3024 771 militarium
3054 718 3344 787 signorum
3375 714 3820 781 ornatu,cruces

2162 787 2499 858 adorarent:
2534 786 2737 855 quibus
2784 786 3033 856 partibus
3081 786 3310 845 crucem
3341 788 3546 843 Christi
3578 804 3819 858 compo-

2161 856 2327 929 sitam
2359 857 2743 912 Tertullianus
2771 860 3086 928 putaverit;
3130 875 3230 915 cur
3277 859 3507 929 siphara
3552 856 3818 928 appella-

2159 927 2301 1001 verit
2331 930 2513 1001 stolas
2541 928 2747 1001 erucis,
2778 927 2961 999 cujus
3010 931 3177 988 homo
3224 927 3491 1001 expansis
3541 927 3820 986 manibus

2160 997 2394 1069 ﬁguram
2428 999 2675 1055 exhibet.
2869 997 2882 999 “
3297 997 3315 1001 “
3668 1003 3807 1057 1131

2231 1107 2357 1160 CAP.
2390 1105 2530 1162 XXI.
2562 1136 2632 1147 —
2661 1106 2734 1160 De
2766 1106 2916 1163 laesa?
2962 1106 3269 1175 maiestatis
3317 1106 3583 1164 humana?
3610 1108 3818 1162 crimi-

2157 1176 2319 1230 nibus
2345 1192 2575 1247 quornm
2619 1193 2737 1232 reos
2784 1193 2948 1248 agere
2994 1177 3341 1234 Christianos
3371 1177 3585 1234 ethnici
3607 1195 3816 1250 perpe-

2157 1262 2282 1302 ram
2319 1250 2681 1304 conabantur.
3670 1251 3822 1305 1136

2232 1355 2363 1409 An'r.
2400 1354 2440 1408 Ι.
2476 1385 2543 1395 -
2583 1356 2763 1420 Quam
2792 1354 3081 1410 evidenter
3110 1354 3496 1411 Tertullianus
3546 1357 3823 1413 ostendat

2157 1425 2508 1481 Christianos
2540 1426 2687 1481 Lesae
2720 1426 3025 1495 majestatis
3055 1426 3325 1483 humanae
3375 1427 3663 1483 immerito
3710 1443 3816 1484 ac-

2157 1496 2363 1563 cusari,
2398 1498 2493 1566 qui
2526 1504 2636 1552 toto
2665 1498 2873 1552 mentis
2916 1497 3118 1552 aﬂ‘ectu
3155 1514 3269 1553 non
3323 1498 3491 1555 falsos
3519 1500 3681 1564 deos,
3710 1499 3817 1554 sed

2159 1583 2351 1622 verum
2400 1575 2451 1623 et
2501 1566 2948 1637 omnipotentem
2997 1567 3172 1623 Deum
3222 1569 3461 1626 orabant
3496 1586 3599 1639 pro
3631 1569 3821 1625 salute

2159 1639 2527 1708 imperatoris,
2574 1639 2841 1709 illiusque
2892 1641 3285 1709 prosperitate,
3332 1647 3386 1696 et
3433 1642 3820 1697 diuturnitate

2161 1709 2397 1764 Romani
2421 1710 2642 1778 imperii
2673 1711 2817 1779 quod
2838 1709 3221 1766 Tertullianus
3240 1720 3290 1767 et
3321 1711 3419 1766 alii
3452 1713 3649 1782 plures
3678 1727 3817 1768 cum

2158 1788 2271 1836 toto
2303 1783 2515 1835 mundo
2547 1781 2719 1835 tinem
2748 1785 3111 1850 accepturum
3145 1781 3547 1851 opinabantur.
3670 1784 3818 1837 1136

2228 1857 2368 1905 Aur.
2402 1851 2470 1905 ll.
2503 1882 2570 1892 —
2600 1852 2948 1907 Christianos
2975 1853 3259 1923 immerito
3287 1852 3438 1909 lassae
3488 1854 3815 1923 majestatis

2160 1921 2728 1995 humanaiaccusari,
2762 1925 2892 1993 quia
2912 1922 3182 1979 nolebant
3213 1940 3312 1994 pro
3340 1921 3706 1995 imperatoris
3724 1942 3815 1979 sa-

2159 1993 2274 2047 lute
2303 1992 2619 2068 sacrificare
2651 1996 2759 2048 diis
2784 1992 3121 2068 gentilium,
3166 1992 3263 2068 aut
3305 2011 3403 2052 eos
3424 1992 3680 2068 precari,
3714 1997 3816 2066 qui

2157 2080 2265 2119 nec
2292 2080 2392 2119 sua
2414 2065 2640 2135 templa,
2675 2080 2780 2121 nec
2810 2081 2870 2120 se
2891 2066 3042 2135 ipsos
3072 2067 3237 2121 tutari
3270 2065 3548 2136 poterant,
3572 2083 3685 2124 nec
3705 2065 3816 2122 im-

2198 2136 2428 2190 eratorls
2489 2137 2621 2191 dare
2677 2143 2771 2191 aut
2823 2152 3155 2193 conservare
3210 2136 3474 2207 salutem,
3512 2140 3609 2194 sed
3651 2139 3817 2193 solus

2209 2222 2317 2281 eus,
2364 2207 2742 2276 omnipotens,
2772 2222 2806 2281 a
2852 2223 2963 2277 quo
3017 2207 3321 2264 Christiani
3371 2217 3633 2281 poterant
3681 2224 3816 2265 eam

2159 2278 2275 2332 suis
2307 2279 2605 2348 impetrare
2634 2277 2914 2348 precibus.
3372 2277 3389 2281 ⁷
3668 2281 3816 2334 1139

2230 2350 2367 2402 An'r.
2414 2349 2509 2403 lll.
2574 2378 2646 2389 —
2702 2351 2880 2414 Quam
2938 2349 3139 2406 frustra
3193 2348 3433 2419 gentiles
3489 2350 3817 2420 objicerent

2159 2419 2507 2474 Christianos
2538 2420 2683 2475 lzesze
2710 2420 3018 2488 majestatis
3047 2421 3310 2477 humanas
3339 2438 3464 2477 esse
3493 2419 3639 2486 reus,
3677 2423 3818 2491 quia

2158 2506 2257 2560 per
2286 2492 2635 2561 imperatoris
2665 2493 2898 2562 genium
2933 2492 3128 2563 jurare
3169 2492 3526 2558 recusabant,
3567 2494 3669 2547 sed
3714 2495 3817 2563 jn-

2159 2563 2357 2616 rabant
2390 2570 2576 2617 tamen
2610 2579 2710 2633 per
2748 2563 2904 2618 illius
2932 2562 3192 2631 salutem,
3216 2564 3473 2634 quamvis
3499 2563 3615 2619 alia
3645 2562 3818 2633 pror-

2158 2648 2253 2689 sus
2274 2650 2437 2703 quam
2465 2633 2703 2703 gentiles
2732 2634 2968 2689 ratione.
3237 2633 3245 2634 “
3671 2636 3815 2690 1141

2226 2705 2364 2765 Aur,
2400 2706 2486 2761 IV.
2527 2735 2595 2743 —
2624 2705 2969 2759 Christianos
3006 2719 3303 2774 perperam
3334 2704 3405 2759 ab
3435 2703 3690 2761 ethnicis
3724 2707 3824 2761 lae—

2158 2789 2230 2829 sa:
2263 2775 2570 2845 majestatis
2602 2776 2865 2831 humanas
2895 2775 3105 2831 idcirco
3127 2775 3465 2845 insimulari,
3496 2777 3650 2845 quod
3704 2778 3821 2832 im-

2157 2855 2440 2914 peratores
2480 2862 2675 2902 vocare
2703 2850 2837 2903 deos
2866 2846 3083 2902 nollent
3116 2864 3130 2911 ;
3162 2848 3348 2916 ipsum
3397 2848 3819 2916 imperatorem

2158 2933 2272 2972 suae
2304 2918 2650 2973 intirmitatis
2673 2919 3027 2973 admonitum
3060 2918 3229 2973 fuisse
3249 2917 3311 2973 in
3333 2920 3584 2973 maxime.
3606 2919 3818 2974 trium-

2156 2987 2255 3058 phi
2286 2990 2466 3058 gloria
2500 3007 2513 3055 ;
2547 2994 2868 3045 recusatum
2922 2989 2992 3043 ah
3045 2994 3295 3057 Augusto
3345 2988 3568 3044 Caesare
3615 2991 3712 3045 dei
3745 3006 3817 3046 ac

2157 3060 2373 3116 domini
2407 3076 2721 3130 cognomen
2750 3077 2763 3116 :
2796 3060 3163 3129 imperatores
3192 3078 3224 3114 a
3252 3060 3593 3116 Christianis
3621 3061 3820 3117 domi-

2157 3147 2261 3185 nos
2320 3147 2452 3187 voce
2526 3133 2817 3187 communi
2873 3130 3224 3200 appellatos;
3285 3133 3442 3186 nefas
3497 3132 3821 3198 gentilibus

2155 3203 2328 3327 guisse
2349 3203 2747 3272 imperatorem
2767 3209 2898 3259 ante
2919 3209 3159 3259 mortem
3180 3206 3238 3258 et
3256 3203 3613 3273 apotheosim
3635 3205 3821 3330 ὀξὶιὲ

2198 3288 2364 3329 icere.

2198 3288 2364 3329 lCBl‘B.

2226 3382 2346 3433 Car.
2379 3378 2546 3434 XXII.
2576 3410 2644 3420 -—
2677 3380 3027 3435 Christianos
3057 3395 3153 3435 nec
3178 3379 3421 3450 publicos
3448 3394 3568 3434 esse
3608 3378 3820 3447 hostes,

2153 3465 2255 3505 nec
2282 3453 2553 3519 [actiosos,
2583 3451 2674 3506 sed
2702 3452 2957 3520 gentiles,
2992 3452 3089 3522 qui
3124 3451 3249 3506 illos
3279 3450 3475 3507 horum
3504 3451 3817 3506 criminum

2152 3522 2498 3577 accusabant.
3671 3522 3698 3576 1
3713 3524 3820 3575 147

2224 3628 2363 3681 Anr.
2399 3628 2439 3681 l.
2472 3658 2542 3668 ——
2572 3626 2831 3684 Publicos
2875 3626 3059 3683 hostes
3109 3641 3223 3682 non
3254 3642 3377 3683 esse
3418 3626 3816 3690 Christianos,

2155 3698 2250 3767 qui
2280 3697 2477 3752 allatas
2504 3698 2612 3754 sibi
2641 3699 2711 3753 ab
2744 3699 2986 3754 ethnicis
3014 3697 3252 3768 injurias
3282 3713 3578 3769 nunquam
3607 3697 3818 3753 ulcisci

2157 3768 2475 3835 voluerunt,
2508 3770 2725 3825 tametsi
2782 3770 2837 3824 id
2882 3769 3155 3825 facillime
3186 3768 3431 3838 possint,
3457 3769 3541 3825 vel
3577 3770 3820 3823 civitate

2157 3841 2302 3897 clam
2334 3841 2587 3910 incensa,
2636 3841 2722 3896 vel
2776 3841 2991 3896 indicto
3050 3840 3239 3910 palam
3290 3839 3440 3895 bello
3475 3864 3490 3906 ;
3521 3838 3609 3895 vel
3641 3856 3709 3895 se
3748 3840 3822 3893 ab

2156 3912 2359 3967 iisdem
2391 3912 2657 3979 ethnicis,
2689 3926 2929 3982 quorum
2960 3914 3148 3967 minor
3176 3912 3290 3967 erai
3322 3926 3621 3982 numerus,
3654 3926 3820 3980 sepa-

2159 3985 2335 4038 rando
2368 3999 2382 4047 ;
2408 3984 2492 4038 vel
2519 3981 2808 4040 daemones
2835 3982 2906 4039 ab
2936 3981 3295 4039 obsessorum
3325 3981 3665 4053 corporibus
3696 3997 3821 4036 non

2160 4055 2461 4107 eiiciendo.
3670 4053 3819 4107 1147

2160 4070 2461 4110 enctenuo.

2189 4072 2461 4124 jicrenao.
3670 4072 3812 4107 11a:

2231 4128 2368 4180 ΑΜ.
2405 4125 2472 4180 ΙΙ.
2500 4157 2568 4166 —
2586 4118 2763 4191 Quam
2785 4125 3025 4181 absurde
3045 4124 3259 4180 ethnici
3275 4122 3591 4193 objicerent
3622 4123 3824 4178 Chris-

2162 4198 2347 4251 tianos
2375 4212 2496 4252 esse
2526 4196 2784 4266 publicos
2833 4197 3041 4262 hostes,
3092 4197 3224 4265 quia
3271 4195 3682 4262 imperatorum
3735 4210 3827 4249 so-

2160 4268 2373 4323 lemnia
2430 4283 2544 4323 non
2602 4268 2748 4323 sicut
2790 4266 2876 4322 illi
2920 4267 3306 4331 celebrabant,
3356 4267 3514 4322 focos
3571 4274 3627 4321 et
3665 4273 3825 4320 toros

2162 4339 2456 4395 educendo
2482 4340 2542 4394 in
2573 4339 2887 4409 publicum,
2918 4339 3204 4408 epulando
3257 4338 3512 4405 vicatim,
3562 4336 3822 4392 taberna:

2163 4410 2358 4465 habitu
2380 4410 2805 4466 abolefacicndo
2834 4411 3142 4466 civitatem.
3174 4410 3306 4465 vino
3332 4409 3516 4465 lutum
3538 4410 3824 4479 cogendo,

2162 4482 2492 4538 cursitando
2550 4482 2871 4538 catervatim
2932 4482 3001 4537 ad
3050 4481 3291 4552 injurias
3333 4496 3402 4536 ac
3432 4479 3827 4551 impudentius

2163 4553 2573 4623 illecebrasque
2621 4553 2942 4623 voluptatis,
2974 4567 3041 4608 ac
3084 4554 3287 4608 domus
3333 4567 3450 4608 sua:
3499 4567 3617 4607 non
3650 4565 3824 4623 secus

2164 4640 2231 4680 ac
2270 4625 2402 4680 novi
2430 4621 2721 4695 lupanaris
2750 4621 3004 4694 postibus
3048 4624 3239 4680 lauros
3288 4624 3665 4693 lucernasque
3690 4621 3823 4676 afﬁ-

2168 4697 2375 4747 gendo.
3678 4692 3825 4747 1150

2208 4697 2375 4753 endo.

2168 4713 2375 4768 genoo.
3678 4713 3825 4747 nou

2175 4833 2187 4835 ῃ
2215 4774 2379 4835 _An'r.
2413 4766 2506 4821 Ill.
2539 4796 2609 4806 —-
2638 4764 2971 4821 Ostenditur
3000 4764 3267 4822 ethnicos
3297 4764 3476 4821 fuisse
3494 4779 3692 4835 revera
3719 4779 3826 4835 pu-

2175 4833 2355 4907 blicos
2415 4838 2604 4894 hostes
2661 4837 3041 4907 imperatoris,
3091 4853 3260 4907 quem
3296 4836 3487 4907 palam
3536 4833 3826 4892 vexabant

2174 4906 2444 4979 dicteriis,
2475 4925 2542 4965 ac
2568 4906 2863 4976 conviciis,
2895 4906 3136 4979 quorum
3169 4906 3325 4965 testis
3354 4916 3473 4965 erat
3503 4908 3832 4979 Tiberis,et

2176 4978 2368 5034 schola
2400 4981 2756 5051 bestiarum;
2790 4986 2849 5051 et
2874 4978 2968 5044 qui
2998 4981 3132 5051 ηοσί
3163 4992 3248 5051 ac.
3268 4980 3399 5024 novi
3435 4978 3832 5051 cmi-tesce-

2174 5064 2308 5105 nam
2339 5034 2973 5119 semper—optabant,_‘ac
3010 5048 3151 5119 tum_
3177 5039 3371 5119 etiam
3392 5052 3525 5119 cum
3554 5036 3609 5092 ei
3636 5034 3833 5091 accla-

2178 5130 2301 5172 rent
2335 5137 2351 5172 ι
2382 5110 2700 5176 Οθήοδίίίδ
2744 5114 2912 5170 annis
2956 5113 3154 5183 augeat
3203 5111 3306 5166 tibi
3330 5110 3593 5182 Iuppiter
3620 5122 3831 5232 ωῇίὲςὲ

2252 5259 2396 5313 An'r.
2427 5258 2517 5323 ιν,
2555 5286 2624 5296 —
2678 5254 2915 5323 Majores
2957 5252 3603 5324 imperatorumhostes
3651 5249 3835 5324 fuisse

2185 5330 2445 5385 ethnicos
2468 5321 2803 5402 proditores,
2826 5321 3068 5402 Cassius}
3092 5325 3312 5395 Nigros,
3330 5322 3569 5402 albinos
3589 5329 3645 5402 et
3663 5321 3837 5402 alios,

2188 5404 2282 5473 qui
2325 5395 2673 5475 einterduas
2726 5396 3243 5475 laurosHCassarem
3294 5395 3691 5475 obsederunt;
3734 5395 3838 5461 qui

2188 5464 2447 5530 faucibus
2475 5472 2596 5542 ejus
2619 5466 3005 5542 exprimendis
3025 5473 3398 5542 exercuerunt
3418 5464 3799 5542 palaestricam
3820 5487 3838 5526 ς

2191 5547 2285 5614 qui
2317 5537 2643 5610 irruperunt
2675 5537 2734 5597 in
2768 5538 3058 5614 palatium,
3089 5538 3356 5614 omnibus
3384 5537 3620 5614 Sigeriis
3661 5542 3844 5605 atque

2194 5607 2512 5672 Fartheniis
2540 5614 2872 5669 audaciores
2905 5627 2919 5677 ;
2951 5610 3048 5681 qui
3077 5610 3441 5681 scelestarum
3460 5607 3843 5681 partiumso-

2197 5682 2291 5754 οίί,
2323 5692 2406 5733 ω’
2434 5688 2722 5754 nlgusorcs
2751 5677 3002 5754 quotidie
3029 5680 3425 5737 revelabantur
3458 5677 3485 5745 ;’
3503 5695 3572 5735 ac
3600 5677 3843 5754 tandem

2200 5750 2298 5825 (ιιιί
2346 5746 2673 5822 δεῑῐοίοευδι
2712 5746 3019 5826 aruspices,
3050 5767 3289 5825 augures
3316 5758 3369 5811 et
3399 5765 3596 5822 magos
3623 5748 3698 5808 de
3727 5750 3843 5805 im-
