4050 6372
232 282 379 343 1469

224 417 537 486 peratorum
586 409 771 486 capite
815 409 1237 486 consultabant,
1285 426 1354 467 ac
1404 418 1517 486 tam
1571 410 1738 486 falsa
1771 425 1873 486 pro

226 482 412 543 eorum
444 483 625 541 salute
656 482 948 541 faciebant
997 490 1148 551 vota,
1201 498 1371 554 quam
1421 483 1645 539 sincera
1679 482 1872 539 Chris-

230 558 379 613 tiani.

296 636 430 683 Aa'r.
460 626 526 681 V.
551 658 619 667 -—
647 630 781 691 Quae
810 627 921 682 sint
950 626 1168 682 illicitae
1192 626 1484 693 factiones,
1509 641 1574 681 ac
1597 633 1872 695 quantum

231 700 297 754 ab
326 703 409 756 eis
456 699 737 769 discrepet
785 699 875 769 pia
922 699 1155 756 vivendi
1207 699 1347 753 ratio
1395 698 1870 763 Christianorum,

229 772 314 841 qui
346 772 868 842 immeritofactiosi
889 771 1243 840 dicebantur,
1260 771 1391 838 quia
1413 769 1872 842 spectaculorum

228 842 521 911 fugiebant
567 841 913 912 voluptates,
966 849 1191 912 tamque
1251 841 1452 896 licitas
1488 842 1869 908 sectabantur,

230 930 391 984 quam
423 916 550 969 aliis
582 914 879 984 prohibitis
928 914 1187 984 Epicurei
1235 922 1289 969 et
1335 912 1431 969 alii
1472 912 1873 1038 indulgebiaitési

290 1108 422 1166 Car.
463 1108 657 1163 XXIII.
690 1140 759 1149 -—-
821 1108 1169 1165 Christianos
1215 1108 1573 1181 publicarum
1617 1108 1871 1181 cladium

225 1197 330 1237 non
358 1197 473 1236 esse
502 1196 749 1239 causam.
1735 1180 1871 1234 1164

291 1305 419 1358 Aur.
456 1308 499 1358 Ι.
532 1336 600 1344 -
630 1305 763 1372 Quae
786 1305 898 1360 sint
922 1304 1163 1375 publicae
1184 1304 1392 1375 clades,
1418 1320 1658 1374 quorum
1682 1303 1868 1359 Chris-

226 1376 406 1431 tianos
451 1383 710 1432 auctores
758 1392 880 1433 esse
927 1385 1039 1431 tam
1089 1392 1237 1447 saepe
1276 1392 1447 1447 quam
1481 1376 1621 1433 falso
1652 1375 1867 1433 ethnici

224 1447 733 1573 1(feltqutuerebantur,
781 1465 847 1505 ac
894 1450 1177 1518 quomodo
1234 1447 1620 1504 Tertullianus
1650 1464 1870 1575 eosl

247 1535 274 1574 e
323 1536 353 1573 a
385 1557 398 1571 .

247 1525 398 1574 ellat.
1734 1525 1754 1574 l

291 1593 427 1644 Aur.
464 1590 533 1644 II.
595 1619 661 1631 —
719 1590 1010 1654 Quomodo
1070 1589 1459 1646 Tertullianus
1514 1590 1867 1648 demonstret

222 1660 569 1717 Christianos
600 1663 725 1717 ideo
761 1663 1116 1733 publicarum
1149 1662 1398 1718 cladium
1432 1677 1547 1719 non
1580 1679 1702 1719 esse
1732 1679 1866 1719 auc-

220 1741 390 1800 tores,
440 1735 572 1804 quia
621 1742 753 1788 ante
796 1735 1001 1790 Christi
1045 1743 1228 1789 ortutn
1273 1733 1538 1804 plurimis
1591 1742 1866 1791 terrarum

220 1804 687 1859 inundationibus
725 1821 792 1861 ac
836 1807 1081 1862 motibus
1120 1820 1346 1875 pessum
1376 1806 1639 1861 abierunt
1678 1806 1866 1873 Hiera,

220 1876 1199 1947 Anaphe,Delos,Rhodos,Cos,item
1230 1878 1413 1947 major
1440 1879 1698 1946 Asiae,ch
1727 1878 1869 1933 Afri-

219 1963 299 2003 cae
329 1964 481 2028 pars,
509 1955 561 2028 et
588 1957 815 2028 epotum
857 1965 1010 2028 mare
1040 1950 1418 2028 Corinthium,
1447 1953 1617 2019 atque
1659 1966 1725 2004 ex
1761 1955 1865 2028 bu-

215 2020 377 2073 cania
429 2020 603 2073 Italiae
632 2020 852 2075 abcissa
885 2022 1027 2077 facta
1057 2030 1139 2075 est
1170 2020 1381 2087 Sicilia,
1415 2036 1728 2090 omnesque
1763 2022 1861 2076 ho-

216 2091 400 2145 mines
444 2090 789 2159 cataclysmo
837 2108 953 2149 non
1006 2100 1220 2148 tantum
1255 2093 1577 2161 campestri,
1612 2094 1707 2148 sed
1745 2094 1866 2147 uni-

214 2161 418 2217 versali
447 2166 758 2231 perierunt.
1728 2164 1867 2217 1165

287 2234 421 2286 An'r.
456 2233 552 2287 IIl.
584 2263 654 2273 —
683 2235 763 2289 De
791 2234 1068 2302 cladibus,
1102 2251 1225 2304 quia
1256 2240 1388 2289 ante
1419 2234 1745 2290 Christianae
1778 2252 1862 2291 re-

214 2302 446 2371 ligionis
473 2304 783 2373 primordia
811 2308 1060 2361 excitatze
1089 2302 1219 2361 sunt
1252 2306 1382 2375 igne
1412 2305 1652 2371 cmlesti,
1684 2316 1740 2361 et
1762 2307 1863 2363 ho-

213 2376 435 2429 minum
465 2376 640 2429 armis
672 2392 684 2431 :
721 2377 792 2431 de
821 2379 1063 2432 Sodoma
1092 2385 1143 2431 et
1176 2377 1489 2432 Gomorrba
1519 2379 1751 2443 exustis,
1784 2387 1864 2433 at-

211 2461 320 2515 que
370 2447 599 2501 illorum
639 2454 807 2515 terra,
847 2464 971 2519 qua;
1020 2456 1301 2503 conantur
1339 2465 1523 2517 poma,
1558 2465 1621 2503 ac
1655 2450 1863 2507 deinde

208 2518 924 2590 contactacinerescunt;
980 2521 1049 2575 de
1096 2520 1381 2590 Voisiniis,
1419 2520 1726 2589 Pompeiis,
1762 2538 1861 2579 seu

208 2588 463 2656 Tarpeiis
494 2588 625 2665 igne
647 2591 981 2665 absumptis
1015 2609 1027 2659 ;
1079 2593 1148 2647 de
1196 2588 1673 2648 clade‘Cannénsi
1706 2602 1858 2665 post-

207 2675 378 2734 quam
410 2662 663 2734 Annibal
713 2664 1094 2718 Romanorum
1137 2666 1319 2719 caedes
1357 2670 1644 2734 raptorum
1672 2662 1857 2721 annu-

203 2730 399 2805 lorum
431 2732 618 2788 modio
650 2750 881 2790 mensus
911 2742 1015 2803 est,
1046 2750 1112 2791 ac
1141 2736 1210 2790 de
1241 2730 1514 2805 Capitolio
1546 2752 1577 2789 a
1618 2739 1859 2793 Senoni-

202 2803 314 2858 bus
345 2811 640 2872 oecupato.
1319 2803 1336 2805 “
1723 2810 1859 2864 1169

279 2877 415 2929 Aa'r.
442 2875 537 2947 IV.
571 2906 641 2916 —
672 2878 852 2942 Quam
884 2877 1180 2947 perspicue
1229 2875 1625 2934 Tertullianus
1670 2886 1859 2937 osten-

200 2944 302 3000 dat
363 2946 716 3013 publicarum
780 2944 1165 3004 calamitatum
1238 2957 1497 3005 auctores
1556 2966 1673 3007 non
1734 2968 1857 3008 esse

199 3016 581 3087 Christianos,
613 3019 709 3088 qui
740 3018 810 3074 iis
858 3019 1311 3084 imminentibus,
1349 3021 1461 3076 veri
1501 3022 1599 3075 Dei
1633 3024 1854 3079 miseri-

196 3088 457 3163 cordiam
486 3089 642 3163 duris
700 3090 1053 3163 paenitentiae
1104 3092 1394 3147 laboribus
1423 3093 1803 3162 implorabant
1838 3120 1852 3163 ;

192 3160 295 3236 sed
349 3160 739 3236 gentiles,_qui
770 3162 996 3230 ebriosi,
1032 3163 1265 3229 balneis,
1292 3160 1580 3236 cauponis,
1613 3160 1853 3236 lupanar}

192 3231 368 3305 ribus
384 3232 755 3305 operantibus,
785 3235 1051 3305 aquilicia
1094 3237 1221 3292 Jovi
1270 3231 1855 3301 immolabant,'nudi-

188 3303 431 3379 penalza
460 3303 876 3379 denuntiabant
908 3306 1136 3376 populo,
1168 3311 1223 3361 et
1249 3308 1445 3362 nubila
1472 3308 1537 3363 de
1575 3309 1851 3379 laqueari-

194 3376 303 3429 bus
334 3375 759 3445 exspectabant.
913 3375 918 3376 ⁷
985 3375 997 3376 ί
1642 3375 1655 3379 ”
1716 3382 1853 3435 1173

266 3447 410 3499 An'r.
446 3448 506 3503 V.
538 3478 609 3488 —
659 3447 1072 3503 Examinantur
1101 3447 1290 3502 allatae
1321 3464 1352 3501 a
1382 3449 1730 3507 Tertulliano
1764 3469 1853 3507 ra-

186 3516 518 3591 tiones,_ob
548 3535 686 3589 quas
716 3519 865 3575 Deus
898 3521 1107 3589 patitur
1130 3519 1479 3575 Christianus
1496 3522 1740 3591 publicis
1766 3540 1855 3580 ca-

184 3589 550 3662 lamitatibus
579 3591 776 3661 afﬂigi,
806 3597 861 3646 et
888 3607 988 3647 cur
1019 3607 1095 3647 eae
1126 3608 1225 3662 pro
1256 3589 1513 3648 ethnicis
1532 3595 1715 3652 valere
1737 3612 1851 3651 non

180 3660 437 3731 possint.
708 3660 717 3661 ί
1127 3660 1145 3662 ἡ
1713 3668 1854 3723 1176

260 3783 397 3861 Gar.
438 3783 642 3861 XXIV.
695 3815 761 3826 —
810 3785 1257 3861 Quam_absurde
1303 3787 1510 3861 ethnici
1553 3804 1851 3861 conquere-

176 3855 396 3933 bantur
426 3855 767 3933 Christianos
796 3858 1115 3929 reipublicae
1151 3873 1265 3913 esse
1294 3859 1542 3925 inutiles,
1575 3855 1740 3933 atque
1772 3864 1851 3917 id-

174 3929 340 3983 circo
363 3929 831 3985 exterminandas.
1641 3929 1656 3933 ’
1716 3934 1855 3989 1177

256 4052 409 4106 Aa'r.
444 4052 484 4105 Ι.
514 4080 580 4092 -
603 4051 893 4114 Quomodo
916 4050 1305 4107 Tertullianus
1361 4052 1639 4110 rebaverit
1660 4056 1850 4113 Chris-

256 4138 383 4177 inos
411 4137 529 4177 non
561 4122 741 4178 fuisse
770 4124 1164 4178 bracbmanas.
1198 4139 1304 4178 nec
1321 4069 1593 4178 ludorum
1618 4144 1850 4178 nvmno.

173 4121 383 4177 tianos
411 4137 529 4177 non
561 4122 741 4178 fuisse
765 4124 1164 4196 bracbmanas,
1198 4139 1304 4179 nec
1324 4121 1593 4196 Indorum
1618 4144 1852 4196 gymno-

174 4198 506 4266 sophistas,
557 4209 663 4250 nec
693 4194 1014 4266 sylvicolas,
1047 4197 1143 4251 sed
1174 4195 1506 4265 reipublicae
1536 4194 1849 4268 plurimum

173 4268 393 4328 utiles.
1712 4273 1851 4325 1177

261 4345 414 4392 Aer.
450 4336 517 4389 II.
549 4367 619 4375 —
649 4335 888 4392 Nullum
922 4338 1247 4407 reipublicae
1274 4337 1557 4401 ,damnum
1590 4339 1789 4398 inferri
1817 4362 1850 4399 a

172 4409 555 4473 Christianis,
586 4407 680 4477 qui
740 4408 1097 4463 ethnicorum
1148 4412 1516 4465 caeremonias
1566 4427 1681 4467 non
1735 4415 1846 4469 fre-

171 4480 569 4556 quentabant,
604 4495 710 4535 nec
732 4479 1133 4556 Saturnalibus
1167 4482 1425 4556 levabant
1449 4483 1726 4556 diluculo,
1751 4488 1847 4541 sed

172 4550 331 4612 liora
364 4550 701 4625 debita,nec
732 4550 1060 4606 liberalibus
1081 4553 1512 4608 discumbebant
1535 4554 1593 4609 in
1618 4556 1846 4625 publico

163 4630 337 4685 sicut
373 4622 649 4677 bestiariis
680 4638 1007 4691 supremum
1038 4625 1395 4680 ctenantibus
1426 4642 1546 4681 mos
1572 4622 1673 4681 est.
1709 4630 1847 4683 1179

248 4700 407 4752 An'r.
462 4694 689 4767 III.”—
748 4695 937 4767 Quam
983 4694 1202 4749 insulse
1259 4695 1473 4752 ethnici
1532 4698 1845 4767 objicerent

163 4767 546 4826 Christianos
575 4763 701 4820 ideo
716 4782 748 4842 _r
800 4838 806 4842 _
852 4765 1050 4842 “blicae
1075 4767 1390 4842 fructuosos
1411 4785 1525 4823 non
1549 4763 1690 4837 esse,
1716 4774 1845 4842 quia

159 4855 434 4899 coronas
452 4853 568 4893 non
588 4837 943 4902 emeb.rb‘i,ad
964 4840 1281 4907 spectacula
1302 4856 1414 4895 non
1433 4837 1845 4900 conveniebant

158 4916 358 4970 thura
383 4925 498 4963 non
532 4909 945 4973 mercabantur,
983 4911 1201 4965 tametsi
1236 4910 1396 4979 plura
1426 4928 1492 4968 ac
1524 4913 1782 4970 chariora
1809 4934 1841 4971 a

153 4981 404 5040 Sabaeis
435 4987 622 5049 empta
678 4981 737 5034 in
786 4991 1133 5035 mortuorum
1185 4982 1533 5049 sepulturam
1590 4987 1839 5042 insume-

152 5061 330 5121 renl,
372 5067 537 5124 quam
566 5051 804 5119 gentiles
830 5053 895 5106 ad
930 5055 1062 5108 deos
1092 5068 1221 5108 suos
1248 5051 1626 5124 fumigandos.
1705 5060 1841 5113 1182

240 5134 405 5179 An'r.
444 5123 530 5177 IV.
572 5153 641 5161 —
699 5124 875 5188 Quam
926 5123 1478 5198 immeritegetbnici
1532 5143 1839 5198 conquere-

1224 276 1408 348 ΟΠιΕ
1448 276 1529 339 ΙΝ
1574 277 1730 340 HOC
1774 275 1995 340 ΤΟΜΟ
2039 275 2628 342 CONTINENTUR.

1737 554 1876 608 1157

3475 281 3502 341 1
3513 281 3635 344 470

2061 410 2196 495 Car.
2429 442 2495 452 —
2528 410 2733 480 Quibus
2762 409 3110 495 argumentis
3142 411 3526 495 .Tertullianus
3545 414 3646 495 lde-

1986 484 2620 557 monstretfalsumiesse
2648 484 2944 553 gentilium
2982 484 3332 556 religionem,
3380 501 3443 540 ac
3470 487 3645 557 falsos

1984 568 2171 609 omnes
2200 555 2433 609 illorum
2463 556 2607 611 deos.
3471 555 3477 557 ⁷
3506 559 3646 613 1190

2054 644 2195 696 Aa'r.
2234 648 2273 698 I.
2306 674 2377 685 —
2408 647 2589 711 Quam
2637 651 2827 715 aperte
2874 644 3089 700 falsitas
3119 644 3419 716 religionis
3448 646 3639 702 ethni-

1984 726 2181 788 corum
2212 716 2629 771 demonstretur
2674 732 2738 772 ex
2788 716 3124 771 Christianae
3158 719 3407 785 veritate,
3441 718 3638 788 ejectis

1984 798 2051 839 ex
2101 786 2458 842 obsessorum
2502 803 2737 857 corpore
2767 788 3124 843 daemonibus
3154 797 3309 845 certa
3337 786 3636 845 hominum

1982 859 2373 930 conscientia:
2410 860 2612 929 potiori
2661 868 2713 914 et
2763 860 2996 930 notiori,
3028 861 3123 916 sed
3167 861 3335 930 plane
3381 862 3521 917 falsa
3552 862 3637 916 di-

1984 928 2215 985 vinitate
2242 928 2486 998 Saturni,
2516 930 2611 1001 qui
2646 930 2814 986 homo
2844 928 3055 1000 fuit,‘et
3085 949 3118 986 a
3166 928 3298 988 Iano
3360 932 3420 987 in
3474 933 3635 989 Italia

1982 1009 2274 1071 exceptus,
2307 1017 2471 1057 suum
2494 1018 2723 1075 nomem
2754 1004 2906 1058 dedit
2937 1003 3370 1075 civitati,gquam
3402 1005 3632 1075 depala-

1982 1080 2154 1145 verat,
2182 1075 2391 1144 totique
2422 1074 2747 1145 Italiae,quae
2770 1075 2927 1145 prius
2965 1074 3232 1131 OEnotria
3282 1074 3588 1132 vocabatur
3620 1094 3635 1144 ;

1981 1142 2118 1217 item
2146 1142 2354 1213 Thalli,
2377 1142 2891 1215 Cassii,et'Nep_oiis
2919 1148 3259 1213 testimonio,
3292 1162 3359 1202 ac
3388 1142 3627 1217 proinde

1981 1214 2181 1302 falsam
2213 1233 2335 1302 esse
2376 1218 2566 1302 ipsam
2616 1214 2848 1302 quoque.
2884 1218 3036 1302 lovis
3084 1214 3461 1290 aliorumque,
3492 1236 3633 1302 ven:

1981 1285 2215 1360 ditatem
2256 1290 2327 1343 ah
2356 1285 3026 1360 ethnicis—divinitatem.
3349 1285 3367 1289 ’
3445 1285 3456 1290 ⁷
3496 1291 3634 1346 1190

2050 1359 2189 1414 Aa'r.
2226 1360 2293 1416 ΙΙ.
2321 1392 2389 1401 —
2418 1359 2964 1431 Quampraepostere
3011 1360 3230 1417 ethnici
3271 1361 3632 1420 venditarent

1982 1442 2114 1501 suos
2145 1440 2267 1501 post
2298 1440 2593 1488 mortalem
2626 1433 2772 1487 hanc
2805 1433 2972 1488 vitam
3003 1434 3216 1489 factum
3250 1448 3375 1489 esse
3394 1434 3529 1490 deos
3558 1435 3630 1490 ab

1980 1499 2092 1556 alio
2122 1499 2411 1573 superiore
2441 1504 2709 1575 mancipe
2751 1503 3062 1561 divinitatis
3095 1528 3109 1571 ;
3151 1519 3330 1559 unum
3359 1505 3632 1562 duntaXat

1980 1586 2106 1646 esse
2160 1579 2358 1644 Deum,
2419 1577 2515 1646 qui
2569 1576 2847 1631 mundum
2903 1584 3035 1633 ante
3080 1591 3282 1631 omnes
3321 1577 3627 1646 gentilium

1978 1642 2133 1711 deos,
2165 1663 2231 1701 ac
2286 1642 2513 1716 frugum
2554 1647 2897 1720 inventores,
2948 1663 3119 1719 quam
3178 1642 3499 1716 Lucullum,
3531 1651 3629 1720 qui

1978 1728 2198 1789 cerasu,
2232 1725 2285 1773 et
2313 1720 2607 1787 Catonem,
2641 1719 2735 1789 qui
2788 1719 2958 1775 ficum
3002 1719 3237 1775 viridem
3286 1720 3347 1775 in
3406 1719 3628 1777 Italiam

1982 1788 2151 1855 primi
2176 1790 2506 1846 attulerunt.

2052 1863 2195 1916 ΑΜ.
2223 1860 2321 1916 III.
2357 1892 2425 1901 —
2452 1865 2672 1927 Quanta
2719 1860 3035 1917 insulsitate
3091 1861 3332 1931 gentiles
3375 1862 3626 1918 vendita-

1979 1925 2114 1988 bant
2142 1925 2722 2002 Saturnum—Jovem,
2752 1932 3004 2003 aliosque
3034 1925 3120 1989 ob.
3137 1935 3363 2005 merita.
3390 1935 3627 2005 praecla-

1979 2016 2157 2074 raque
2185 2005 2453 2075 facinora,
2478 2006 2654 2061 factos
2695 2020 2816 2060 esse
2845 2006 2997 2073 deos,
3030 2009 3087 2061 et
3115 2006 3277 2074 alios,
3308 2004 3426 2061 illis
3457 2023 3624 2076 praes-

1978 2077 2267 2140 tantiores,
2321 2078 2561 2133 redictos
2600 2076 2661 2131 in
2708 2076 2929 2141 inferis,
2990 2077 3267 2133 nimirum
3313 2078 3623 2145 Socratem,

1975 2149 2304 2220 Aristidem,
2368 2146 2828 2216 Themistoclem,
2882 2148 3275 2220 Alexandrum
3330 2150 3625 2220 Magnum,

1977 2218 2329 2291 Pompeium,
2374 2220 2747 2288 Polycratem,
2805 2218 3035 2290 Syllam,
3083 2220 3355 2287 Crmsum,
3388 2218 3623 2277 Demos-

1975 2290 2225 2358 thenem,
2255 2292 2584 2347 Ciceronem
2614 2306 2627 2344 :
2663 2297 2832 2361 atque
2860 2291 3173 2346 ostenditur
3202 2292 3557 2348 divinitatem
3589 2310 3622 2349 a

2012 2364 2279 2419 entilidus
2304 2365 2521 2430 eadem,
2555 2378 2663 2432 qua
2693 2362 2803 2418 diis
2838 2363 2974 2428 suis,
3009 2364 3227 2419 ratione
3268 2363 3625 2419 tribuendam

2017 2437 2150 2502 aidi,
2185 2435 2446 2501 Phrvnae,
2486 2434 2788 2505 Larentia,
2822 2442 2989 2505 atque
3036 2436 3175 2505 ipsis
3223 2437 3340 2491 sive
3387 2437 3626 2492 mortuis

1971 2509 2090 2564 sive
2120 2506 2259 2561 vivis
2289 2506 2619 2561 Caesaribus.
3486 2507 3624 2561 1197

2042 2577 2409 2633 Aa'r.1V.—
2455 2575 2748 2633 Refellitur
2805 2574 2999 2631 ﬁctum
3046 2594 3078 2631 a
3136 2578 3383 2633 Varrone
3422 2578 3625 2648 triplex

1971 2654 2204 2708 deorum
2238 2664 2418 2715 genus
2453 2667 2466 2705 :
2502 2648 2801 2719 physicum
2832 2663 2929 2703 seu
2954 2648 3250 2715 naturale;
3281 2649 3622 2718 mythicum,

1971 2725 2088 2780 sive
2117 2721 2435 2778 fabulosum
2461 2738 2474 2789 ;
2502 2717 2592 2777 _et’
2627 2717 2862 2790 gentile,
2912 2721 3028 2775 sive
3057 2718 3225 2777 civile
3254 2728 3307 2776 et
3331 2722 3624 2849 μοι)υέεέιὲξὶ

2040 2882 2173 2937 CAP.
2206 2879 2393 2936 XXVI.
2428 2908 2495 2919 ——
2527 2878 2698 2945 Quam
2723 2878 3030 2933 luculenter
3061 2879 3426 2935 Tertullianus
3442 2881 3624 2936 ethni-

1967 2971 2155 3011 corum
2188 2952 2411 3020 litteris,
2441 2952 2773 3022 scriptisque
2803 2949 3044 3005 ostendat
3071 2950 3240 3021 falsos
3281 2966 3395 3008 esse
3439 2967 3625 3008 omnes

1968 3028 2188 3082 illorum
2219 3024 2366 3079 deos.
3484 3025 3623 3080 1202

2037 3131 2174 3184 Am.
2210 3130 2252 3183 Ι.
2286 3160 2355 3169 —-
2386 3128 2680 3192 Quomodo
2703 3125 3090 3183 Tertullianus
3128 3128 3477 3185 demonstret
3514 3129 3621 3184 fal-

1966 3219 2057 3259 sos
2089 3217 2212 3257 esse
2241 3200 2540 3271 gentilium
2591 3199 2727 3253 deos
2750 3270 2755 3271 7
2778 3215 2843 3254 ex
2894 3200 3116 3265 litteris,
3148 3200 3355 3268 quibus
3384 3201 3452 3255 ad
3483 3217 3621 3270 pru-

1965 3275 2217 3330 dentiam
2254 3270 2327 3327 et
2375 3270 2628 3325 liberalia
2671 3270 2860 3326 officia
2908 3272 3386 3335 informabantur,
3447 3280 3618 3341 atque

1964 3345 2313 3403 docebantur
2342 3344 2521 3397 varias
2551 3343 2785 3396 deorum
2818 3345 2963 3397 inter
2994 3358 3051 3397 se
3080 3358 3321 3413 pugnas,
3347 3343 3618 3400 Venerem

1966 3418 2295 3485 sauciatam,
2331 3414 2567 3469 Martem
2607 3413 2848 3485 vinculis
2894 3415 2990 3469 diu
3038 3416 3390 3483 adstrictum,
3421 3416 3619 3472 Jovem

1964 3508 1996 3544 a
2028 3484 2287 3544 monstro
2314 3486 2634 3555 liberatum,
2661 3484 2745 3540 vel
2778 3500 2970 3541 casum
2992 3487 3335 3556 Sarpedonis
3364 3491 3615 3555 ﬂentem,

1964 3561 2049 3616 vel
2082 3559 2378 3615 subantem
2410 3557 2471 3612 in
2501 3558 2708 3612 sororis
2736 3573 2989 3612 amorem
3021 3579 3040 3625 ,-
3080 3559 3218 3613 item
3248 3558 3533 3628 Apollinis
3565 3566 3619 3615 et

1963 3632 2213 3701 Neptuni
2241 3628 2922 3698 servitutem,§judicatum
2948 3628 3185 3685 fulmine
3210 3630 3615 3700 fEsculapium,

1963 3720 2029 3759 ac
2066 3702 2357 3774 tragmdiis
2403 3709 2714 3770 poetarum,
2765 3701 3104 3774 nominatim
3152 3717 3282 3757 vero
3313 3702 3536 3758 Centuli
3565 3710 3620 3757 et

1964 3772 2209 3843 Hostilii,
2269 3773 2507 3842 aliisque
2569 3773 2889 3828 masculum
2966 3772 3166 3828 lunam
3219 3774 3610 3899 irridentipzucs13

2036 3922 2177 3972 Aer.
2210 3917 2278 3972 II.
2311 3944 2379 3954 —
2411 3916 2591 3981 Quam
2617 3914 2913 3985 perSpicue
2934 3915 3318 3971 Tertulltanus
3347 3915 3617 3972 demons-

1962 3993 2073 4045 tret
2103 3989 2274 4044 falsos
2298 4002 2419 4043 esse
2448 3986 2746 4058 gentilium
2779 3988 2915 4041 deos
2946 4003 3012 4041 ex
3038 3988 3238 4042 litteris
3269 3987 3615 4044 histrionum

1962 4077 1995 4114 a
2032 4060 2241 4129 quibus
2273 4074 2426 4123 voce,
2477 4065 2657 4128 gestu,
2716 4066 2893 4125 motu,
2926 4066 3099 4115 cantu
3134 4059 3615 4129 repraesentaban-

1963 4128 2059 4186 tur
2096 4130 2191 4185 Sol
2243 4130 2442 4200 lugens
2492 4129 2697 4194 filium,
2730 4128 2934 4199 Cybele
2974 4128 3249 4199 pastorem
3299 4130 3612 4200 suspirans,

1959 4202 2117 4258 Jovis
2146 4202 2348 4271 elogia,
2372 4201 2638 4270 Junonis,
2673 4200 2903 4257 Veneris
2933 4210 2986 4257 ct
3012 4202 3277 4257 Minervae
3298 4202 3608 4271 judicium,

1960 4282 2127 4345 atque
2155 4272 2534 4344 ignominiosa
2565 4271 2828 4327 Minervae
2858 4277 2914 4345 et
2954 4274 3207 4329 Herculis
3232 4274 3436 4344 imago-
3471 4275 3612 4329 1205

2030 4344 2168 4399 Aer.
2205 4345 2301 4398 III.
2338 4374 2406 4383 --
2436 4345 2721 4407 Quantum
2741 4344 3001 4412 gentiles,
3037 4361 3342 4414 personam
3372 4346 3608 4401 deorum

1959 4416 2020 4470 in
2050 4432 2218 4473 cavea
2259 4416 2466 4479 induti,
2517 4416 2870 4470 divinitatem
2920 4416 3148 4471 illorum
3206 4418 3609 4486 pessumdede-

1958 4488 2091 4556 rint,
2125 4494 2594 4557 repraesentantes
2624 4495 2928 4542 castratum
2960 4490 3145 4557 Atym,
3182 4488 3267 4544 vel
3311 4490 3605 4546 Herculem

1958 4560 2145 4615 vivum
2176 4561 2489 4624 ardentem,
2526 4557 2611 4614 vel
2658 4559 3001 4615 Mercurium
3052 4562 3299 4616 cauterio
3352 4568 3609 4617 mortuos

1958 4630 2519 4702 examinantem,rvel
2550 4631 2707 4685 Jovis
2735 4632 2961 4687 fratrem
3009 4633 3280 4687 cadavera
3327 4633 3606 4702 gladiato-

1957 4719 2086 4758 rum
2134 4719 2261 4758 cum
2318 4701 2523 4775 malleo
2565 4704 2959 4775 deducentem,
3011 4702 3221 4773 aliique
3268 4701 3349 4757 in’
3380 4704 3606 4775 templis

1953 4774 2231 4829 adulteria
2260 4779 2315 4829 et
2344 4774 2628 4828 lenocinia
2657 4781 3082 4844 componentes,
3118 4775 3321 4845 quibus
3367 4774 3605 4832 deorum

1953 4846 2302 4914 majestatem
2332 4846 2651 4900 obsoletant.
3466 4850 3605 4903 1207

2023 4921 2171 4990 Aer.
2197 4918 2384 4990 IV.A——
2417 4917 2636 4982 Quibus
2664 4916 3031 4990 argumentis
3077 4916 3461 4974 Tertullianns
3503 4937 3603 4990 pa-

1955 4989 2205 5044 tefecerit
2233 4988 2593 5044 ethnicorum
2644 4988 2779 5044 deos
2830 5006 2863 5043 a
2911 4989 3287 5060 philosophis,
3320 5005 3386 5044 ac
3416 4988 3603 5046 nomi-

1953 5062 2129 5115 natim
2154 5078 2184 5115 a
2215 5062 2457 5127 Socrate,
2498 5060 2763 5130 Diogene,
2805 5068 2856 5117 et
2902 5061 3148 5117 Varrone
3196 5062 3390 5116 irrisos
3435 5068 3602 5131 atque

1950 5133 2231 5203 BXpIOSOS.
3463 5134 3602 5190 1210

148 5201 397 5255 bantur
432 5201 774 5270 _temporum
822 5210 1051 5270 suorum
1103 5196 1400 5270 vectigalia
1455 5196 1716 5270 decoqui,
1769 5219 1834 5257 ex

144 5287 280 5341 quo
329 5264 444 5321 orti
496 5273 652 5341 erant
706 5266 1029 5341 Christiani,
1065 5269 1158 5337 qui
1191 5264 1298 5341 diis
1322 5268 1549 5341 illorum
1587 5264 1832 5329 homini-

145 5337 409 5415 Iiusque
440 5337 900 5415 mendicantibus
950 5355 1063 5394 non
1096 5340 1569 5415 su‘ftieie_ban_t,ac
1602 5345 1835 5415 vectiga-

141 5418 231 5471 lia
272 5408 581 5465 solvebant
607 5416 756 5463 tanta
788 5424 942 5476 cura,
979 5412 1204 5480 quantis
1232 5413 1377 5467 dolis
1397 5408 1465 5467 ab
1486 5414 1687 5469 iisdem
1710 5408 1830 5471 eih-

140 5485 322 5543 uicis
362 5480 772 5535 fraudabantur
804 5496 815 5535 :
854 5482 1139 5537 neminem
1162 5485 1229 5538 de
1252 5484 1543 5541 sterilitate
1571 5488 1834 5542 Christia-

2020 5240 2148 5293 CAP.
2183 5238 2397 5295 XXVII.
2430 5271 2498 5278 —
2529 5238 2932 5310 [impenduntur
2952 5239 3068 5293 alia
3086 5238 3416 5311 Tertulliani
3437 5257 3600 5311 argu-

1950 5315 2158 5384 menta,
2190 5310 2386 5381 quibus
2430 5311 2601 5384 falsos
2644 5312 2932 5381 nullosque
2977 5327 3091 5366 esse
3134 5310 3434 5382 gentilium
3474 5315 3602 5368 deos

1944 5382 2296 5438 demonstrat.
2430 5382 2438 5384 ἡ
3463 5385 3601 5441 1213

2014 5494 2157 5543 Aar.
2189 5490 2230 5543 Ι.
2264 5519 2332 5528 —-
2359 5489 2536 5552 Quam
2569 5491 2783 5545 nefaria
2832 5491 3003 5545 fuerit
3042 5488 3489 5562 provinciarum,
3518 5492 3600 5547 ci-

1942 5560 2175 5634 vitatum
2205 5576 2269 5615 ac
2302 5564 2615 5634 praesertim
2660 5563 3053 5634 [Egyptiorum
3101 5561 3413 5632 peculiares
3461 5560 3596 5619 deos

1944 5632 2051 5685 sibi
2095 5634 2401 5701 adeptandi
2450 5632 2675 5687 licentia
2712 5632 2755 5701 ξ
2783 5632 2951 5704 quam
3011 5650 3209 5703 parum
3266 5634 3597 5692 verisimilia

1944 5705 2078 5776 sint,
2110 5719 2174 5755 ea
2207 5719 2329 5772 qua:
2378 5720 2408 5757 a
2458 5705 2806 5761 Tertulliano
2840 5706 3038 5760 tradita
3070 5713 3203 5760 sunt
3234 5705 3302 5761 de
3339 5705 3593 5776 Josepho

1941 5775 2279 5846 patriarcha,
2315 5781 2369 5829 et
2402 5782 2587 5832 utrum
2621 5779 2860 5848 {Egyptii
2891 5793 3021 5832 eum
3050 5778 3331 5848 Serapidis
3360 5778 3597 5835 nomine

1941 5848 2111 5905 deum
2144 5848 2387 5905 dixerint
2419 5856 2471 5905 et
2510 5850 2789 5907 coluerint
2824 5868 2837 5919 ;
2873 5866 2981 5921 quo
3012 5850 3137 5921 jure
3156 5849 3225 5906 ab
3256 5849 3354 5906 illo
3376 5849 3597 5908 dicatur

134 5567 390 5614 norum
451 5553 718 5621 conqueri
771 5554 1037 5625 potuisse,
1072 5563 1271 5624 praeter
1303 5556 1544 5611 infames
1576 5558 1829 5625 lenones,

126 5629 566 5703 perductores,
616 5624 954 5703 aquariolos,
1004 5626 1257 5703 sicarios,
1306 5630 1658 5703 venenarios,
1719 5624 1834 5684 ma?

128 5695 276 5772 ξοδ,
357 5696 683 5772 aruspices,
719 5695 946 5772 arielos,
1005 5699 1475 5772 mathematicos;
1511 5717 1575 5755 ac
1622 5695 1668 5756 si
1700 5704 1826 5769 quid

129 5766 313 5832 forte
355 5766 574 5841 malum
608 5767 937 5841 reipublicae
964 5785 995 5823 a
1021 5770 1356 5826 Christianis
1386 5773 1605 5828 illatum
1632 5766 1828 5841 fuerat,

128 5842 311 5905 illud
352 5852 493 5894 cum
526 5839 742 5895 foenore
764 5839 833 5894 ab
867 5840 1020 5897 illius
1050 5842 1278 5899 aliunde
1300 5846 1651 5904 resarcitum.
1692 5839 1829 5903 1184
