4076 6280
1727 468 2551 600 ELENCHUS

765 979 1261 1046 AUCTOBUM
1302 953 1418 1038 nr
1462 977 1846 1042 omum
1887 981 2044 1061 om
2083 982 2183 1043 IN
2216 983 2375 1046 Hoc

1887 981 2044 1061 QUI
2083 982 2183 1043 IN
2216 983 2399 1046 HOC
2443 984 2698 1046 TOIO
2735 986 2769 1048 Ι
2809 985 3481 1052 οοιπιιπεπτυιι.

1372 1527 1431 1589 S.
1481 1527 1906 1590 CLEMENSI
1951 1527 2364 1592 PONTIFEX
2412 1530 2818 1595 ROMANUS.

502 1806 776 1854 SCRIPTA'
798 1807 1104 1850 GENUINA.

573 1914 859 1996 Epistola
891 1917 916 1976 Ι
952 1915 1027 1976 ad
1058 1912 1439 1977 Corinthios.
3615 1913 3729 1972 199

573 2047 856 2126 Epistola
891 2047 970 2108 ll.
2915 2090 2922 2097 .
3611 2039 3728 2096 329

570 2172 872 2250 Epistolas
901 2174 1045 2236 duae
1065 2172 1138 2234 ad
1168 2170 1450 2249 virgines
1484 2168 1760 2248 (Syriace
1787 2172 1846 2229 et
1877 2163 2142 2244 Latine),
2177 2166 2519 2243 interprete
2544 2165 2617 2225 D.
2655 2162 2744 2224 Cl.
2776 2161 3151 2238 Villecourt,

686 2302 746 2362 S.
778 2302 850 2361 R.
880 2303 950 2362 Ε.
985 2298 1313 2362 cardinali.
3609 2293 3726 2354 31.9

489 2428 757 2486 Semen
804 2437 1015 2484 nvem.

565 2548 1070 2610 Constitutiones
1104 2544 1496 2622 apostolicae.
3602 2543 3719 2601 509

566 2667 1083 2748 Recognitiones.

2473 2688 2475 2690 ·
3562 2664 3713 2725 115⁵7

1903 3050 2272 3148 LECTORI.

557 3226 873 3286 Prodeunt
897 3219 1193 3292 feliciter,
1226 3218 1474 3280 erudite
1503 3220 1745 3288 Lector,
1780 3211 1909 3277 haec
1953 3216 2153 3278 nostri
2192 3216 2534 3279 Clementis
2568 3221 2798 3295 ()pera,
2833 3233 2969 3278 Sive
3012 3217 3316 3296 genuina,
3371 3217 3507 3280 sive
3566 3223 3689 3299 ipSI

476 3323 826 3401 supposita,
859 3322 935 3382 ab
965 3319 1262 3382 omnibus
1291 3315 1684 3400 antiquitatis
1728 3316 2171 3380 ecclesiasticae
2197 3318 2505 3381 studiosis
2539 3320 2694 3380 tanti
2737 3316 3044 3380 facienda.
3086 3320 3230 3380 Haec
3285 3337 3428 3398 qua;
3493 3331 3696 3398 antea,

473 3427 577 3488 hic
610 3424 745 3486 illic
769 3440 1004 3502 sparsa,
1041 3424 1111 3483 in
1133 3421 1658 3484 bibliothecarum
1687 3420 1940 3500 angulis
1970 3420 2426 3483 delitescebant
2457 3427 2517 3482 et
2548 3437 2708 3499 pene
2740 3418 3069 3498 sigillatim
3100 3419 3349 3498 sepulta
3381 3422 3688 3499 jacebant,

475 3546 589 3590 nos
622 3528 808 3604 primi
841 3529 907 3588 in
940 3543 1138 3589 unum
1169 3525 1546 3604 collegimus
1577 3533 1639 3587 et
1675 3542 1835 3587 nova
1870 3524 2009 3587 luce
2037 3526 2436 3588 donavimus.
2473 3525 2743 3589 Grandis
2765 3526 3025 3605 quidem
3055 3525 3252 3600 labor,
3283 3528 3393 3589 sed
3427 3529 3556 3602 cui,
3588 3547 3704 3592 an-

473 3642 709 3695 nuente
776 3635 932 3707 Deo,
982 3647 1106 3694 non
1140 3632 1410 3707 impares
1442 3629 1640 3692 fuisse
1671 3629 2069 3692 conﬁdimus.
2103 3631 2249 3693 Haec
2285 3630 2471 3693 nobis
2507 3631 2587 3691 sit
2622 3647 2863 3693 merces
2912 3645 3028 3692 nos
3078 3629 3155 3692 de
3188 3629 3496 3710 religione
3525 3631 3706 3694 Chri-

473 3734 670 3796 stiana
703 3732 864 3794 bene
896 3732 1155 3793 meritos
1187 3730 1460 3792 fatearis.
1483 3731 1635 3793 Vale
1669 3741 1728 3793 et
1758 3732 1992 3823 nostris
2026 3731 2358 3794 conatibus
2387 3730 2547 3792 fave.

2472 5687 2544 5739 Ex
2579 5683 2740 5738 Tvuis
2773 5678 3001 5733 MIGNE.
3035 5691 3098 5728 au
3133 5671 3626 5725 Pelit-Muntrouge.
