4076 6280
2130 497 2161 503 ,,
2194 495 2425 503 _.__.__--
2705 497 3526 510 __.._.__.._._._....__.,.___._____.___.._._..

331 503 1313 561 ψ-β,
590 511 2456 556 ’,ΠΜ-ΜΗ·
1515 496 3532 549 ΙΙ-ΙΙ-ΙΙ--ΙΙΙ-ΙΙΙ-ΙῊΜ
3369 542 3411 549 ____
3418 543 3436 549 -
3444 544 3471 548 η
3477 542 3501 549 __
3506 541 3532 551 ε.

1077 600 2754 869 DISSERTATIO
2896 685 3011 913 ‘

1499 983 1587 1038 DE
1626 980 1943 1037 OMNIBUS
1965 978 2367 1037 GENERATIM

677 1167 1027 1258 PRIMI
1107 1160 1697 1254 ECCLESUE
1770 1158 2221 1277 S/ECULI
2298 1160 3204 1256 SC-RIPTORIBUS.

759 1357 842 1422 (D.
862 1356 935 1406 ιε
957 1354 1179 1411 Νοσιιιιτ,
1203 1354 1480 1414 Apparatus
1513 1346 1576 1395 ad
1616 1342 1956 1394 Bibliotheca";
1976 1342 2264 1407 maximam,
2290 1347 2516 1409 Parisiis,
2546 1348 2685 1412 1703,
2711 1352 2926 1414 in-folto,
2956 1368 3003 1416 p.
3030 1312 3096 1417 11.)

1879 1518 1950 1530 .-

812 1645 1039 1704 CAPUT
1074 1644 1366 1700 PRIMUM.

326 1771 491 1837 Quam
518 1782 684 1836 pauca
713 1764 974 1837 supersint
996 1762 1310 1837 scriptorym
1335 1759 1494 1837 primi
1514 1757 1761 1837 Ecclesitr
1783 1774 1883 1811 sa:-

391 1841 492 1892 culi
518 1830 713 1905 opera;
744 1830 838 1886 cur
869 1833 1003 1886 Deus
1034 1832 1189 1899 plura
1222 1831 1435 1905 interire
1470 1830 1803 1905 permiserit;
1833 1838 1883 1881 et

390 1909 510 1979 quid
539 1900 592 1961 in
617 1907 721 1958 hac
751 1905 1121 1958 dissertatione
1157 1900 1493 1967 tractandum
1518 1901 1609 1954 sit.

389 2013 623 2068 Plurima
669 2012 892 2083 quidem
935 2017 1179 2065 veterum
1222 2008 1387 2079 primi
1416 2006 1674 2063 Ecclesiae
1702 2006 1883 2063 saeculi

324 2100 534 2154 Patrum
565 2106 787 2155 exstant
811 2113 999 2168 opera,
1016 2099 1072 2152 in
1097 2097 1431 2152 Bibliotheca
1456 2105 1643 2152 nostra
1669 2096 1885 2170 Lugdu—

323 2192 468 2246 nensi
514 2191 828 2261 promiscue
877 2190 1055 2256 edita;
1087 2188 1185 2243 sed
1236 2188 1388 2242 nulla
1437 2195 1586 2253 sunt,
1620 2197 1713 2243 aut
1742 2199 1888 2243 certe

212 2314 215 2323 -
314 2282 669 2352 paucissima,
708 2295 829 2351 quae
859 2296 1018 2335 veros
1047 2280 1423 2351 genuinosque
1454 2286 1619 2334 tanta:
1650 2281 1888 2351 antiqui-

314 2374 440 2428 tatis
467 2373 822 2427 characteres
870 2386 982 2442 prae
1027 2385 1087 2425 se
1122 2370 1262 2425 ferre
1307 2371 1525 2427 invictis
1555 2372 1922 2441 argumentis-

316 2464 785 2519 demonstrentur.
808 2460 1024 2532 Septem
1051 2462 1251 2533 quippe
1273 2448 1748 2533 lgnatii,"episcopi
1779 2461 1884 2516 An-

312 2555 546 2610 tiocheni
572 2560 639 2608 ex
670 2554 947 2625 martyris,
977 2552 1242 2624 epistolae,
1284 2553 1352 2606 ab
1396 2566 1483 2616 eo,
1518 2552 1597 2605 uti
1638 2552 1891 2608 ostende-

319 2662 452 2712 mus,
499 2646 678 2702 duhio
721 2645 913 2717 procul
962 2657 1091 2700 sunt
1137 2643 1427 2715 profectae;
1466 2651 1520 2697 at
1551 2643 1656 2698 illa:
1693 2643 1891 2699 eaedem

320 2752 419 2791 non
451 2748 577 2793 ante
606 2744 872 2793 octavum
920 2735 1149 2792 secundi
1193 2736 1376 2792 saeculi
1402 2751 1604 2790 annum
1631 2735 1686 2789 in
1717 2735 1892 2789 lucem

313 2830 663 2899 prodierunt.
689 2828 770 2883 Ad
794 2827 1030 2899 primum
1057 2844 1188 2884 vero
1218 2828 1473 2883 Ecclesiae
1494 2828 1751 2883 saeculum
1773 2842 1895 2898 per-

312 2924 489 2978 tinere
518 2922 693 2979 nobis
739 2922 994 2976 videntur
1041 2935 1165 2975 cum
1215 2919 1475 2974 Barnaba:
1502 2914 1731 2987 apostoli
1757 2916 1885 2988 Epi-

1900 1648 1949 1704 Α
1975 1643 2066 1715 qui
2106 1659 2229 1697 cum
2273 1643 2515 1707 Christo,
2547 1658 2714 1699 carne
2758 1654 2944 1701 nostra
2980 1647 3192 1714 induto,
3234 1656 3549 1709 conversati

1984 1745 2133 1801 sunt,
2164 1738 2382 1810 longum
2414 1739 2468 1792 in
2501 1746 2713 1808 tempus
2741 1740 2905 1795 vitam
2937 1742 3319 1812 produxerim,
3351 1761 3555 1816 eosque

1984 1830 2078 1898 qui
2114 1831 2315 1884 sarculo
2362 1830 2607 1885 secundo
2634 1820 2957 1897 ﬂoruerunt,
2992 1833 3284 1890 habuerint
3311 1838 3554 1907 discipu-

1984 1920 2088 1975 los.
2122 1919 2233 1975 Hos
2265 1936 2396 1989 ergo
2431 1919 2604 1976 sacris
2631 1920 2893 1975 doctrinae
2916 1922 3241 1980 Christiana:
3270 1929 3556 1998 praeceptis

1985 2020 2038 2065 et
2064 2008 2436 2079 dogmatibus,
2467 2023 2587 2079 quae
2607 2008 2696 2062 'illi
2740 2023 2770 2062 a
2815 2009 3035 2070 Christo
3066 2013 3185 2082 ipso
3209 2028 3553 2086 acceperant.

1986 2106 2281 2171 potuerunt
2322 2099 2569 2155 imbuere
2598 2118 2615 2155 :
2648 2116 2750 2155 nec
2781 2101 2905 2156 aliis
2933 2101 3177 2160 Ecclesia
3205 2106 3431 2179 indiguit
3460 2111 3559 2165 do-

1988 2191 2251 2254 ctoribus,
2292 2191 2468 2260 queis,
2497 2195 2753 2258 tanquam
2783 2192 3085 2251 canalibus.
3116 2194 3304 2249 eadem
3336 2196 3561 2266 dogma-

1987 2291 2043 2338 ta
2075 2298 2209 2339 voce
2237 2290 2292 2337 et
2326 2296 2442 2346 ore,
2476 2281 2597 2337 sine
2628 2280 2855 2352 seripto,
2889 2283 2955 2338 de
2983 2268 3167 2348 manu,
3198 2297 3250 2340 ut
3294 2288 3467 2358 aiunt,
3505 2289 3559 2342 in

1992 2394 2209 2433 manum
2256 2379 2323 2433 ad
2375 2393 2477 2433 nos
2522 2381 3045 2434 transmitterentur.
3080 2380 3321 2453 Denique
3352 2383 3452 2437 hac
3482 2391 3561 2436 tot

1990 2471 2236 2540 tantique
2283 2470 2441 2539 pretii
2488 2470 2843 2539 scriptorum
2856 2468 3071 2538 jactura
3121 2456 3402 2543 ducentur,
3450 2489 3561 2529 non

1992 2561 2141 2616 aliud
2171 2560 2368 2615 divinae
2396 2558 2767 2616 Providentiae
2796 2560 2969 2619 fuisse
3004 2565 3328 2628 consilium,
3361 2566 3468 2621 nisi
3504 2575 3564 2621 ut
3593 2610 3595 2612 .

1993 2654 2031 2708 ii
2056 2651 2392 2709 sanctissimi
2424 2652 2741 2722 scriptores,
2790 2655 2884 2730 qui
2924 2670 3117 2712 omnes
3148 2658 3391 2727 plerique
3438 2674 3565 2713 san-

1995 2742 2211 2813 guinem
2263 2757 2361 2811 pro
2398 2740 2708 2797 Christiana
2750 2744 2851 2800 fide
2883 2747 3103 2809 tuenda,
3132 2756 3190 2801 et
3222 2751 3566 2818 prepaganda

1998 2833 2271 2896 fuderunt,
2307 2833 2454 2886 illam
2486 2834 2801 2905 sanguineis
2831 2835 2987 2892 effusi
3016 2840 3229 2895 cruoris
3272 2842 3442 2910 guttis
3485 2844 3566 2896 al-

1998 2925 2127 2986 tius,
2186 2937 2349 2993 quam
2401 2922 2613 2987 charta,
2654 2924 2864 2977 calamo
2915 2932 2969 2980 et
3009 2932 3336 2994 atramento,
3369 2929 3566 2983 animis

320 3014 476 3078 stola,
510 3021 642 3067 tum
686 3012 853 3067 etiam
901 3019 1015 3066 tres
1056 3009 1321 3074 Pastoris,
1351 3025 1448 3064 seu
1480 3007 1691 3062 Hermae
1733 3006 1892 3073 libri;
1929 2980 1970 3036 Β
1996 3014 2277 3067 hominum
2307 3012 2692 3079 inscriberent,
2727 3013 3141 3085 intigerentqne,

316 3120 566 3159 veremur
602 3111 801 3159 {amen
843 3118 915 3159 ne
956 3118 1036 3158 ea:
1062 3102 1261 3173 quibus
1286 3101 1340 3156 id
1370 3102 1730 3171 assequimur,
1764 3114 1897 3155 con—

315 3196 557 3265 jectum,
592 3197 959 3267 quantumvis
999 3197 1166 3250 firmae
1212 3194 1321 3249 sint
1362 3203 1415 3249 et
1436 3194 1642 3259 solidae,
1675 3194 1742 3250 iis
1786 3208 1897 3249 non

316 3291 652 3359 probentur,
684 3288 776 3358 qui
802 3302 905 3343 nec
933 3292 1337 3358 praeconceptas
1367 3285 1651 3355 opiniones
1667 3295 1897 3358 possunt

319 3395 555 3451 unquam
604 3379 924 3449 deponere;
958 3393 1061 3434 nec
1093 3377 1239 3432 vinci
1282 3377 1490 3444 volunt,
1516 3378 1627 3433 nisi
1673 3377 1899 3433 demon-

316 3472 688 3526 strationibus
744 3469 1138 3525 invictissimis.
1186 3467 1357 3523 Porro
1412 3475 1591 3523 autem
1649 3471 1898 3539 quamvis

319 3564 577 3618 omnibus
606 3560 672 3616 id
706 3568 852 3617 esset
877 3576 1222 3631 persuasum,
1251 3558 1371 3614 duae
1398 3565 1608 3613 tantum
1637 3576 1782 3615 nunc
1807 3577 1900 3617 su-

316 3663 609 3723 peressent
662 3654 991 3724 scriptorum
1020 3654 1188 3724 primi
1221 3653 1384 3723 hujus
1419 3654 1602 3709 saeculi
1640 3654 1899 3709 lucubra-

318 3748 522 3802 tiones.
556 3745 665 3801 His
690 3754 870 3801 autem
896 3747 1039 3816 quod
1070 3746 1417 3818 adjungatur,
1445 3747 1581 3801 nihil
1614 3747 1725 3802 fere
1754 3749 1901 3803 aliud

317 3846 518 3899 restat,
555 3838 674 3893 nisi
700 3837 874 3907 prima
905 3852 969 3891 ac
996 3836 1181 3893 forsan
1212 3837 1449 3893 secunda
1474 3838 1768 3893 Clementis
1793 3837 1904 3893 Ro-

321 3929 474 3985 mani
501 3928 778 3999 Epistola,
809 3943 929 3997 quae
958 3943 1081 3982 cum
1110 3927 1165 3981 in
1191 3926 1527 3984 Bibliotheca
1550 3935 1738 3983 nostra
1761 3927 1904 3999 Lug-

323 4020 571 4074 dunensi
621 4032 735 4072 non
781 4018 892 4074 sint
932 4032 1168 4085 excusze,
1199 4018 1384 4073 nullus
1412 4017 1480 4074 de
1507 4018 1576 4073 iis
1609 4021 1714 4075 erit
1744 4020 1902 4077 nobis

323 4110 430 4164 hoc
457 4112 516 4165 in
551 4124 722 4182 opere
747 4109 964 4165 dicendi
991 4110 1164 4165 locus.

394 4200 604 4256 Mirum
636 4215 790 4264 sane,
824 4214 888 4255 ac
918 4199 1147 4256 forsitan
1176 4199 1496 4256 incredibile
1525 4201 1810 4256 nonnullis
1832 4201 1906 4255 vi-

2060 3105 2200 3159 Cum
2234 3110 2411 3158 autem
2444 3104 2774 3174 paucissima
2806 3103 3162 3159 sintPatrum
3197 3106 3353 3175 primi
3382 3105 3568 3161 Eccle—

1998 3197 2093 3253 sine
2140 3197 2324 3253 saeculi
2367 3211 2562 3266 Opera,
2595 3196 2686 3250 illa
2736 3211 2869 3251 sane
2916 3212 2982 3251 eo
3031 3197 3203 3266 pluris
3250 3199 3566 3254 aestimanda

1997 3293 2148 3349 sunt,
2176 3300 2286 3356 quo
2332 3285 2593 3355 majorem
2637 3284 2800 3341 iidem
2826 3284 3031 3341 'Patres
3062 3295 3117 3342 et
3143 3289 3338 3344 merito
3362 3306 3481 3355 suo,
3515 3301 3569 3345 et

2000 3390 2099 3430 sua
2146 3390 2269 3428 cum
2297 3374 2518 3429 Christo
2546 3375 2772 3445 ejusque
2801 3375 3061 3444 apostolis
3086 3379 3478 3434 consuetudine
3507 3397 3570 3435 ac

2001 3464 2368 3519 familiaritate
2398 3455 2502 3519 sibi
2534 3452 2967 3520 conciliaverunt
2996 3455 3396 3525 auctoritatem.
3425 3472 3567 3537 Qua-

1998 3563 2223 3627 pr0pter
2250 3562 2309 3609 ut
2336 3570 2592 3626 germana
2619 3570 2810 3609 eorum
2843 3556 3044 3625 scripta
3075 3572 3105 3610 a
3129 3560 3331 3628 spuriis
3361 3569 3413 3615 et
3442 3577 3571 3632 sup-

2003 3647 2256 3719 posititiis
2284 3653 2488 3717 queant
2522 3645 2681 3703 facile
2712 3646 2971 3711 discerni,
2998 3649 3209 3720 singula
3235 3667 3473 3723 quaeque.
3504 3656 3570 3708 ad
3597 3694 3601 3699 .

2004 3741 2306 3795 severiores
2352 3739 2559 3793 criterii
2605 3740 2841 3809 regulas,
2889 3741 3132 3798 studiose
3179 3744 3573 3816 diligenterque

2006 3833 2062 3887 in
2089 3831 2440 3902 sequentibus
2463 3832 2948 3889 dissertationibus
2976 3835 3426 3905 examinabimus.
3467 3842 3574 3897 Sed

2004 3922 2159 3994 prius
2205 3922 2274 3976 de
2322 3923 2389 3977 iis
2438 3938 2557 3992 quae
2587 3923 2655 3977 ad
2684 3924 2804 3981 illos
2835 3926 3133 3996 scriptores
3166 3916 3475 4000 generatim
3512 3953 3577 3992 ac

2008 4016 2256 4070 universe
2289 4015 2580 4084 pertinent,
2608 4015 2712 4069 hac
2760 4017 2816 4071 in
2867 4017 3248 4077 dissertatione
3291 4024 3575 4095 disputan-

2005 4105 2135 4159 dum
2164 4112 2266 4162 est.
2285 4105 2646 4163 Ostendemus
2675 4105 2859 4177 itaque
2889 4110 3035 4178 quod
3056 4114 3569 4184 eorumingenium,

2005 4212 2127 4268 qua:
2153 4196 2353 4264 studia,
2386 4213 2506 4268 quae
2539 4199 2950 4269 occupationes,
2976 4218 3104 4273 qua?
3132 4206 3449 4261 occasiones
3495 4209 3575 4262 eis

320 4292 573 4356 debitur,
600 4290 752 4362 quod
774 4298 885 4344 tam
916 4305 1089 4360 pauca
1117 4290 1184 4344 ad
1212 4306 1313 4346 nos
1344 4290 1687 4361 pervenerint
1716 4290 1905 4361 prima:
1926 4317 1980 4381 ο
2009 4289 2078 4343 ad
2127 4288 2475 4343 scribendum
2527 4290 2753 4355 fuerint,
2797 4306 2938 4362 quos
2985 4297 3380 4363 prostraverint
3424 4297 3578 4353 Chri-

314 4386 776 4441 Christianorum
807 4384 983 4440 aetatis
1007 4399 1190 4455 opera.
1221 4382 1384 4438 Extra
1411 4383 1634 4437 dubium
1671 4398 1907 4454 namque

314 4485 407 4533 est
437 4477 640 4547 plures
673 4475 905 4544 hujusce
951 4474 1211 4544 temporis
1255 4475 1552 4543 scriptores
1593 4472 1745 4527 varia
1791 4472 1909 4528 edi-

306 4567 475 4626 disse
504 4565 806 4637 opuscula,
837 4565 1117 4637 epistolas,
1150 4573 1415 4641 tractatus
1443 4566 1528 4620 vel
1557 4565 1694 4620 alias
1724 4563 1911 4634 hujus-

316 4659 551 4714 cemodi
606 4657 1037 4713 lucubrationes.
1072 4655 1191 4721 Qua
1234 4671 1365 4727 ergo
1409 4655 1504 4712 Dei
1546 4655 1907 4725 providentia,

316 4752 577 4822 inquies,
606 4750 730 4805 fieri
761 4749 969 4819 potuit,
999 4756 1059 4803 ut
1087 4759 1196 4803 tam
1222 4749 1458 4820 pretiosa
1480 4748 1784 4803 divinorum
1813 4747 1911 4802 ho-

323 4844 549 4898 minum
581 4848 960 4904 monumenta,
1000 4856 1119 4910 quae
1148 4840 1307 4910 primi
1337 4854 1461 4895 esse
1487 4839 1754 4894 debebant
1799 4844 1913 4891 tra-

316 4933 563 4989 ditionis
598 4939 804 4986 nostrae
831 4931 1070 4994 canales,
1104 4932 1319 5007 penitus
1344 4928 1688 4984 interierint?
1710 4925 1912 4981 Verum

318 5025 414 5079 his
464 5022 842 5095 querimoniis
885 5022 997 5077 cito
1038 5007 1261 5076 modum,
1298 5022 1564 5091 impones,
1600 5019 1649 5074 si
1698 5017 1916 5072 aliunde

317 5115 609 5193 damnum
644 5114 799 5182 illud,
827 5114 1176 5185 quantumvis
1208 5113 1518 5183 lugendum,
1548 5113 1706 5182 plene
1743 5125 1919 5166 resar-

319 5211 511 5264 citum
560 5207 861 5279 intelligas.
891 5205 1103 5261 Etenim
1132 5220 1324 5261 omnes
1351 5205 1479 5261 novi
1525 5203 1747 5259 foederis
1793 5201 1917 5256 libri

319 5298 539 5369 scripti
575 5305 706 5351 sunt
736 5298 840 5352 hoc
868 5297 1097 5365 saeculo;
1124 5304 1285 5368 atque
1309 5312 1374 5352 eo
1390 5296 1681 5367 plurimum
1710 5294 1916 5359 adulto,

320 5398 380 5445 ct
447 5401 608 5460 pene
659 5388 893 5454 labente,
926 5385 1165 5443 Joannes
1219 5389 1499 5458 apostolus
1544 5387 1917 5458 Evangelium,

319 5480 827 5553 Apocalypsinque
856 5495 1012 5536 suam
1040 5480 1356 5551 publicavit.
1388 5480 1530 5548 Quid
1560 5482 1705 5552 quod
1739 5488 1794 5535 et
1819 5493 1917 5535 ea-

322 5574 459 5629 dem
524 5570 631 5626 Dei
664 5572 998 5641 providentia
1029 5572 1234 5628 factum
1264 5583 1367 5639 est,
1399 5583 1459 5628 ut
1488 5574 1556 5630 iis
1585 5575 1835 5631 acerbius
1866 5577 1919 5630 in

2011 4379 2176 4435 stiani
2206 4381 2441 4436 nominis
2470 4390 2524 4436 et
2552 4382 2817 4436 dcctrinae
2848 4381 3054 4447 hostes,
3085 4399 3148 4439 ac
3196 4386 3414 4443 tandem
3457 4406 3578 4460 qua:

2014 4471 2218 4527 fuerint
2256 4472 2460 4527 scholae
2508 4474 2741 4528 seu’loci
2772 4474 2998 4544 publici,
3029 4476 3086 4530 in
3132 4478 3329 4548 quibus
3357 4480 3391 4535 ii
3421 4479 3580 4537 Chri—
3664 4510 3667 4511 ν

2013 4564 2245 4620 stianam
2282 4550 2572 4619 didicerint
2600 4562 2781 4631 fidem,
2806 4565 2889 4620 vel
2909 4566 3044 4624 alios
3066 4568 3282 4639 ipsimet
3305 4586 3423 4626 eam
3450 4572 3580 4628 edo-
3611 4619 3617 4625 .

2011 4656 2240 4712 cuerint.

2017 4863 2168 4932 Quod
2200 4862 2359 4935 fuerit
2400 4863 2716 4935 scriptorum
2743 4863 2901 4931 primi
2928 4863 3123 4935 steculi‘
3145 4864 3437 4935 ingenium,
3465 4882 3581 4935 qua:

2087 4932 2286 5000 studia,
2312 4932 2675 5002 occupationes
2692 4942 2741 4985 et
2764 4934 3060 4987 occasiones
3085 4932 3153 4986 ad
3173 4932 3520 4989 scribendum.

2088 5024 2252 5079 Extra
2286 5025 2715 5079 controversiam
2739 5029 2823 5079 est
2848 5023 2972 5079 illos
3003 5040 3068 5081 eo
3094 5026 3436 5097 potissimum
3462 5042 3579 5080 om—

2018 5130 2117 5171 nes
2148 5114 2349 5184 ingenii
2396 5113 2481 5170 sui
2528 5112 2722 5169 nervos
2766 5115 3135 5178 contendisse,
3162 5128 3432 5183 omneque
3464 5123 3582 5170 stu-

2019 5210 2166 5264 dium
2196 5214 2251 5262 et
2272 5220 2489 5277 operam
2513 5206 2941 5275 consumpsisse,
2973 5212 3033 5259 ut
3056 5204 3405 5276 Evangelium
3422 5205 3585 5261 Chri-

2023 5301 2092 5356 sti
2138 5299 2392 5354 omnibus
2441 5298 2862 5362 annuntiarent;
2915 5311 2981 5350 ac
3027 5295 3395 5351 demonstrata
3425 5296 3587 5353 Chri»

2014 5393 2211 5448 rstianaa
2239 5390 2517 5462 religionis
2548 5390 2793 5451 veritate,
2825 5388 2892 5443 iis
2921 5386 3312 5457 persuaderent
3340 5404 3458 5443 eam
3494 5406 3586 5445 so-

2022 5484 2150 5546 lam,
2184 5481 2393 5536 caiteris
2434 5480 2690 5533 omnibus
2732 5475 3052 5546 repudiatis,
3101 5482 3224 5532 esse
3272 5478 3586 5548 amplexan-

2027 5573 2171 5628 dam.
2216 5570 2353 5626 Hinc
2387 5570 2603 5625 Iudaeos
2628 5569 2795 5623 variis
2824 5567 3219 5623 convincebant
3253 5571 3587 5638 argumentis

323 5672 673 5735 nascentem
738 5662 1039 5721 Ecclesium
1094 5667 1429 5723 saevientium
1476 5666 1915 5739 persecutionum
1952 5652 2301 5723 DChristum
2345 5680 2465 5720 esse
2493 5665 2642 5718 illum
2675 5663 2886 5729 tandiu,
2918 5671 3173 5733 tantoque
3197 5663 3388 5717 ardore
3412 5663 3479 5716 ab
3507 5663 3588 5717 eis

322 5758 713 5831 temporibus,
744 5758 931 5828 plures
979 5774 1103 5812 cum
1149 5776 1213 5815 ex
1264 5760 1543 5832 apostolis,
1576 5769 1691 5817 tum
1720 5778 1784 5819 ex
1826 5762 1917 5829 iis,

680 5853 942 5911 Ριτλοι.
989 5853 1107 5913 Gn.
1146 5851 1193 5911 l.

2025 5762 2419 5830 exspectatum,
2453 5752 2727 5821 Messium,
2761 5769 3057 5826 verumque
3089 5752 3278 5807 l‘eum.
3309 5759 3359 5806 et
3410 5750 3587 5806 Patris

3206 5850 3227 5909 l

1847 6072 2110 6175 1365
2140 6064 2383 6168 -Ξεζέὁ
