4076 6280
453 370 512 422 Η
1633 362 1719 416 DE
1758 359 1972 417 ΟΜΝΙΒ

2096 357 2495 414 GENERATIM
3608 365 3675 420 l9.

445 484 633 538 :eterni
680 482 906 548 Filium;
956 490 1087 537 tunc
1118 498 1245 537 vero
1276 484 1556 553 completa,
1593 497 1713 550 quae
1756 481 1823 536 de
1853 481 1943 534 illo
1971 492 2002 529 a
2031 478 2080 535 Α
2109 485 2347 544 peccata,
2380 477 2463 530 vel
2496 481 2803 537 nascentes,
2823 475 3046 545 jamque
3069 476 3336 533 irruentes
3361 478 3562 534 abusus
3583 494 3678 533 ca-

446 576 720 646 prophetis
766 576 1121 644 praenuntiata
1151 574 1387 639 fuerant,
1414 575 1664 641 oracula;
1712 591 1775 629 ac
1807 574 2005 645 Moysis

444 669 634 739 legem,
666 666 1035 734 caeremonias,
1068 676 1122 723 et
1167 668 1433 724 sacrificia
1481 666 1549 719 ab
1591 681 1658 721 eo
1701 665 1869 721 fuisse
1917 679 2005 717 re.

442 761 613 813 scissa
634 765 688 811 et
714 758 990 829 abrogata.

510 859 745 929 Paganis
777 869 957 913 autem
988 867 1041 914 et
1066 858 1333 914 idolorum
1365 860 1667 915 cultoribus
1700 858 1850 914 ibant
1878 874 2001 928 per-

437 967 660 1005 suasum
689 951 804 1005 lieri
824 967 931 1005 non
954 967 1137 1021 posse,
1166 962 1222 1007 ut
1248 954 1432 1022 plures
1456 953 1565 1008 sint
1588 953 1685 1017 dii,
1718 952 1813 1007 sed
1833 967 1998 1005 unum

435 1043 814 1098 tantummodo
862 1058 985 1099 esse
1032 1042 1201 1099 Deum
1252 1044 1373 1100 cteli
1404 1053 1457 1100 et
1488 1052 1666 1106 terrae,
1707 1057 1998 1113 rerumque

436 1133 681 1188 omnium
719 1142 1060 1200 creatorem;
1105 1133 1382 1189 Christum
1427 1150 1557 1188 vero
1603 1134 1822 1188 unicum
1876 1132 1995 1201 ejus

433 1241 555 1282 esse
580 1225 800 1292 Filium,
844 1227 917 1281 ita
941 1243 970 1280 a
1000 1225 1160 1281 Patre
1190 1227 1451 1298 genitum,
1489 1233 1546 1280 ut
1573 1241 1715 1280 unus
1746 1225 1995 1294 idemque

432 1333 553 1371 cum
591 1333 656 1373 eo
686 1317 756 1372 sit
786 1316 949 1373 Deus.
980 1316 1158 1384 Hunc,
1190 1325 1249 1372 ut
1278 1316 1525 1372 homines
1554 1315 1866 1381 redimeret,
1889 1315 1991 1368 hu-

432 1424 647 1463 manam
694 1409 1057 1479 assumpsisse
1099 1424 1338 1475 carnem,
1356 1411 1661 1483 ipsumque,
1681 1422 1789 1477 quo
1818 1407 1990 1478 magis

430 1498 689 1553 falsorum
737 1499 1017 1552 numinum
1051 1498 1227 1552 cultus
1275 1497 1514 1553 infandis
1549 1499 1847 1554 sceleribus
1883 1499 1987 1553 ob-

426 1588 891 1657 scenitatibusque
924 1587 1301 1642 abominandis
1333 1594 1451 1641 erat
1480 1596 1898 1657 conspurcatus,
1921 1603 1986 1643 eo

427 1682 676 1753 puriores
705 1681 1111 1749 sanctioresque
1155 1688 1208 1733 et
1248 1682 1369 1733 vita:
1396 1680 1744 1735 instituenda:
1773 1688 1826 1735 et
1853 1680 1984 1734 ado-

2109 569 2396 639 stigatione
2419 577 2643 639 paterna
2675 571 3029 634 coercebant,
3063 572 3538 642 corrigebantque.
3568 572 3675 627 Alii

2106 658 2340 728 denique
2366 674 2434 713 ne
2459 658 2819 729 simpliciores
2845 658 3203 728 quorumdam
3229 661 3395 713 animi
3426 675 3678 714 corrum-

2106 756 2386 818 perentur,
2422 750 2477 803 in
2515 763 2799 820 perversas
2828 749 3126 814 doctrinas,
3161 766 3486 820 erroresque
3517 748 3676 806 nefa-

2105 839 2237 901 rios,
2265 855 2327 893 ac
2361 848 2647 896 nascentes
2672 839 2908 895 haereses
2942 841 3142 911 stylum
3171 848 3471 896 verterunt.

2716 954 2945 1010 CAPUT
2985 955 3072 1009 Ill.

2104 1065 2175 1121 De
2203 1068 2455 1121 Iucresum
2488 1069 2645 1136 primi
2677 1069 2857 1122 surculi
2887 1080 3024 1130 ortu,
3064 1085 3364 1138 progressu,
3401 1078 3450 1122 et
3483 1072 3671 1124 interi-

2170 1147 2243 1199 tu,
2275 1155 2556 1208 earumque
2574 1138 3028 1208 expugnatoribus
3039 1154 3059 1203 ,'
3101 1156 3163 1192 ac
3192 1140 3420 1207 primum
3449 1140 3513 1195 de
3558 1141 3669 1196 ha:—

2167 1208 2270 1261 resi
2301 1206 2534 1263 Simonis
2564 1206 2730 1277 Magi.

2163 1320 2360 1376 Verum
2395 1321 2671 1376 enimvero
2707 1321 2968 1377 adversus
3002 1321 3217 1375 divinos
3245 1319 3568 1376 Christianae
3598 1321 3666 1375 li-

2090 1412 2174 1466 dei
2193 1420 2494 1468 assertores
2507 1413 2573 1467 ab
2587 1414 2705 1482 ipso
2729 1412 2953 1469 orientis
2968 1412 3221 1467 Ecclesia:
3260 1411 3416 1466 initio
3428 1427 3494 1466 ex
3517 1412 3663 1470 erebi

2092 1500 2343 1558 faucibus
2388 1512 2732 1558 emerserunt
2777 1501 3044 1573 stupenda
3084 1504 3359 1556 variarum
3396 1502 3664 1557 htrresum

2087 1600 2329 1646 monstra
2358 1609 2371 1645 :
2400 1600 2562 1661 atque
2594 1601 2652 1646 ut
2681 1593 2978 1662 prudenter
3007 1599 3190 1647 monet
3223 1590 3594 1648 Theodoretus
3612 1592 3661 1646 ‘:

2085 1681 2217 1738 Cum
2242 1684 2485 1739 diabolus
2500 1683 2763 1739 hominum
2779 1685 3055 1754 perniciem
3073 1685 3263 1746 sitiret,
3284 1701 3384 1737 non
3398 1697 3667 1753 exspecta-

426 1774 608 1827 randa:
628 1772 927 1826 divinitatis
961 1772 1105 1841 leges
1133 1770 1445 1825 hominibus
1472 1769 1981 1826 constituisse.Por-
2015 1812 2054 1869 Β
2084 1773 2178 1835 vit,
2197 1774 2620 1842 utapostolorum
2633 1774 2937 1842 pra'dicatt'o
2953 1774 3306 1836 incalesceret;
3325 1772 3415 1826 sed
3426 1789 3541 1826 cum
3554 1773 3665 1841 pri-

423 1882 485 1922 ro
531 1874 709 1919 autem
758 1865 860 1919 etsi
890 1862 1143 1917 Christus
1187 1863 1254 1916 ab
1299 1862 1480 1931 impiis
1508 1861 1982 1932 perduellibusque

419 1957 620 2013 Judazis
652 1956 813 2010 morti
860 1954 1021 2009 fuerit
1051 1954 1285 2011 traditus
1308 1996 1322 2022 ,
1353 1955 1647 2023 scriptores
1676 1963 1856 2009 tamen
1884 1969 1983 2009 noo

419 2050 515 2104 stri
567 2048 997 2102 luculentissime
1042 2046 1401 2102 ostendebant
1455 2046 1601 2100 illius
1645 2045 1980 2100 divinitatem

419 2141 740 2204 innumeris,
765 2155 884 2211 quae
912 2139 1028 2210 ipse
1052 2139 1317 2205 ediderat,
1348 2153 1576 2209 quaeque
1605 2139 1724 2207 ipso
1751 2153 1981 2193 nascen-

417 2241 491 2296 te,
524 2232 807 2295 moriente,
847 2239 1008 2299 atque
1037 2244 1068 2282 a
1096 2230 1327 2284 mortuis
1375 2237 1694 2301 resurgente
1738 2230 1980 2298 contige-

415 2331 558 2386 rant,
593 2321 868 2377 miraculis
903 2321 1069 2376 fuisse
1088 2336 1347 2390 perquam
1373 2320 1731 2377 invictissime
1752 2322 1976 2376 demon-

415 2422 661 2469 stratam.
698 2412 794 2468 His
839 2411 1110 2466 addebant
1158 2428 1258 2467 nos
1306 2420 1431 2483 post
1466 2413 1642 2483 ipsum
1685 2426 1715 2465 a
1747 2412 1978 2466 mortuis

414 2504 705 2577 aliquando
732 2519 856 2561 esse
899 2504 1268 2569 suscitandos,
1302 2519 1365 2559 ac
1395 2505 1696 2560 secundum
1726 2505 1849 2559 vitae
1878 2519 1978 2558 no-

413 2605 540 2653 strae
583 2611 746 2666 opera
797 2603 891 2649 aut
935 2595 1221 2665 suppliciis
1270 2597 1490 2653 aeternis
1520 2596 1849 2662 alliciendos,
1884 2604 1977 2651 aut

412 2690 741 2759 sempiterna
772 2686 1057 2742 donandos
1090 2688 1363 2743 felicitate.
1397 2688 1569 2754 Quam
1612 2690 1830 2759 quidem
1879 2687 1976 2742 du-

410 2780 640 2833 ctrinam
673 2777 974 2843 miraculis,
1012 2792 1040 2830 a
1072 2792 1130 2833 se
1151 2793 1366 2848 quoque
1394 2778 1555 2833 editis
1580 2779 1972 2845 conﬁrmatam,

412 2874 531 2927 fuso
556 2870 818 2941 sanguine
849 2871 1166 2940 plerumque
1193 2871 1619 2942 consignabant.

479 2969 629 3035 Quos
674 2967 895 3021 tandem
947 2965 1015 3019 ad
1047 2966 1412 3021 Christianam
1442 2967 1602 3023 fidem
1634 2983 1824 3023 recens
1877 2970 1976 3023 ad~

408 3060 706 3123 duxerant,
737 3058 837 3112 hos
869 3058 1057 3129 primis
1089 3073 1240 3113 nova:
1282 3059 1415 3129 legis
1440 3060 1726 3129 prarceptis
1753 3060 1971 3116 erudie-

2083 1882 2224 1918 mum
2239 1866 2319 1919 illi
2329 1876 2523 1920 terram
2537 1866 2725 1931 colere,
2740 1877 2787 1921 et
2802 1867 3011 1935 pietatis
3029 1868 3232 1920 semina
3248 1883 3489 1937 spargere
3502 1883 3664 1938 caepe-

2081 1964 2225 2020 runt,
2266 1955 2349 2008 hic
2359 1957 2566 2009 interim
2583 1958 2858 2011 seminavit
2870 1957 3100 2018 zizania,
3122 1956 3173 2009 id
3185 1958 3572 2013 estschismata
3607 1967 3662 2014 et

2080 2047 2332 2102 haereses.
2367 2045 2571 2101 Contra
2604 2047 2720 2102 hinc
2749 2050 3047 2103 errantium
3078 2048 3359 2103 hominum
3387 2058 3656 2119 portenta,

2077 2156 2197 2210 quae
2226 2157 2332 2195 non
2363 2141 2562 2203 minus,
2595 2155 2755 2210 quam
2782 2150 3181 2210 persecutores,
3210 2144 3431 2198 crudele
3457 2154 3512 2199 et
3540 2147 3662 2201 exi-

2078 2216 2279 2285 tiosum
2310 2229 2568 2285 Ecclesiae
2600 2229 2800 2284 bellum
2832 2231 3158 2295 intulerunt,
3191 2232 3515 2301 quandoque
3555 2249 3656 2302 pa»

2076 2322 2182 2375 lam
2217 2328 2271 2375 et
2302 2329 2506 2393 aperte,
2538 2320 2865 2391 quandoque
2894 2322 3117 2386 tectius,
3164 2330 3217 2376 et
3247 2322 3518 2377 occultius
3560 2325 3656 2379 de-

2075 2420 2356 2467 certarunt
2406 2412 2702 2482 scriptores
2751 2413 2947 2469 nostri.
2979 2412 3319 2484 Quapropter
3359 2423 3419 2469 ut
3464 2430 3651 2470 eorum

2075 2503 2300 2573 scripta,
2335 2502 2535 2571 quibus
2587 2501 2821 2557 haereses
2851 2501 2985 2557 satis
3038 2503 3268 2558 obscure
3296 2504 3476 2560 verbis
3518 2520 3653 2559 non-

2076 2610 2353 2665 nunquam
2384 2593 2797 2659 obscurioribus
2827 2593 3235 2664 impugnantur,
3270 2594 3485 2650 facilius
3518 2612 3649 2665 pos-

2076 2687 2186 2743 sint
2230 2685 2479 2755 intelligi,
2522 2684 2832 2741 earumdem
2862 2685 3141 2741 hzeresedw
3187 2693 3361 2749 ortus,
3400 2702 3647 2757 progres-

2075 2792 2171 2832 sus
2218 2784 2272 2831 et
2302 2776 2554 2831 interitus
2586 2774 2838 2839 breviter,
2872 2774 2967 2829 sed
2998 2775 3143 2830 clare
3169 2781 3223 2829 et
3271 2784 3525 2833 accurate
3552 2793 3648 2832 ex-

2072 2866 2309 2939 plicandi
2344 2874 2493 2923 sunt.

2151 2980 2342 3037 Simon
2365 2979 2553 3051 Magus
2582 2978 2811 3050 primam
2833 2978 3351 3043 interChristianos,
3418 2988 3480 3035 ut
3533 2981 3643 3037 lre-

2074 3075 2279 3137 naeus',
2324 3070 2592 3127 Eusebius
2625 3070 2668 3135 ⁸,
2700 3070 3035 3141 Epiphanius
3072 3071 3095 3103 ⁸
3129 3079 3183 3126 et
3216 3070 3590 3128 Theodoretus
3618 3075 3640 3105 '

410 3155 573 3216 bant,
606 3150 1086 3219 informabantque
1132 3165 1238 3220 qua
1288 3153 1503 3207 ratione
1532 3160 1657 3222 post
1701 3153 1967 3224 abjectam

2073 3175 2394 3233 memorant,
2450 3167 2699 3222 haeresim
2730 3168 3075 3237 excogitavit,
3113 3168 3636 3241 disseminavitque:

404 3245 713 3301 Judaeorum
763 3259 1165 3314 paganorumve
1213 3244 1527 3315 religionem
1572 3248 1663 3302 uni
1693 3247 1802 3305 Deo
1847 3265 1969 3305 ser-

406 3336 679 3390 viendum.
715 3333 852 3388 Tum
880 3334 1077 3390 deinde
1121 3350 1215 3391 eos
1263 3335 1533 3392 docebant
1578 3339 1710 3408 quid
1738 3340 1969 3411 singulis

403 3429 712 3499 quibusque
740 3434 885 3482 esset
916 3427 1280 3497 praestandum
1302 3468 1317 3494 ,
1356 3436 1415 3482 ut
1441 3431 1766 3499 genitalibus
1795 3432 1971 3503 bapti-

403 3518 506 3573 smi
541 3518 702 3572 undis
730 3515 947 3571 Christo
979 3519 1310 3588 consepulti,
1351 3527 1554 3574 etcum
1586 3536 1651 3576 eo
1679 3538 1969 3594 resurgen-

404 3620 507 3674 tes,
549 3625 686 3663 nova
735 3611 924 3680 gratiae
967 3611 1101 3674 vita,
1134 3612 1374 3681 peccatis
1398 3614 1636 3683 amplius
1666 3632 1775 3670 non
1804 3617 1970 3671 mori-

402 3702 533 3766 turi,
565 3709 1003 3756 renascerentur.
1027 3700 1157 3758 Post
1188 3711 1501 3774 susceptum
1526 3706 1722 3761 divinae
1744 3723 1968 3779 regene-

406 3793 635 3848 rationis
657 3801 1081 3859 sacramentum,
1109 3796 1403 3850 secretiora
1434 3795 1554 3852 lidei
1579 3806 1778 3854 nostrae
1808 3800 1967 3873 adyta

398 3888 479 3940 eis
526 3887 843 3939 reserabant
890 3885 1039 3939 clara
1083 3894 1135 3940 et
1184 3894 1440 3941 accurata
1467 3902 1655 3943 eorum
1691 3891 1963 3955 omnium,

398 3991 518 4047 quae
558 3976 695 4032 alios
726 3976 995 4043 celabant,
1027 3993 1151 4031 cum
1183 3980 1565 4049 mysteriorum
1598 3979 1882 4038 Trinitatis
1912 3991 1967 4037 et

396 4069 821 4136 lncarnalionis,
876 4077 991 4123 tum
1044 4083 1511 4126 sacramentorum
1559 4088 1624 4128 ac
1664 4076 1964 4143 praesertim

396 4160 753 4216 Eucharistiat
782 4161 1142 4232 expositione.
1179 4161 1239 4216 ln
1268 4163 1459 4232 primis
1487 4171 1666 4220 autem
1689 4166 1814 4222 illos
1839 4167 1967 4223 hor-

396 4249 671 4315 tabantur,
703 4257 761 4304 ut
792 4251 847 4304 in
876 4252 1074 4306 tradita
1097 4251 1199 4307 lide
1220 4260 1537 4310 constantes
1560 4267 1959 4325 permanerent,

394 4356 458 4395 ac
510 4357 609 4411 pro
663 4356 725 4396 ea
768 4340 970 4397 tuenda
1013 4342 1265 4412 quaelibet
1297 4341 1598 4413 perferrent
1621 4360 1820 4417 genera
1852 4358 1964 4402 tor-

393 4445 721 4490 mentorum.
1341 4496 1349 4505 ,

463 4537 673 4603 Quibus
706 4552 837 4592 sane
866 4540 1154 4594 tormentis
1191 4540 1237 4595 si
1266 4540 1375 4594 vita
1413 4540 1494 4596 eis
1536 4536 1857 4612 eriperetur,
1881 4541 1955 4596 ’id

393 4626 639 4681 nonnulli
687 4626 885 4682 litteris
929 4629 1283 4686 mandabant.
1317 4629 1642 4687 Scribebant
1686 4650 1816 4689 vero
1864 4636 1957 4689 alii

392 4718 622 4771 aliorum
654 4716 855 4771 virtute
884 4727 938 4773 et
966 4720 1160 4775 merito
1182 4723 1622 4791 praStantiorum
1648 4725 1953 4791 historiam,

391 4809 610 4871 itinera,
661 4809 927 4878 pericula,
973 4811 1224 4876 labores,
1277 4813 1597 4876 certamina,
1648 4817 1955 4884 passiones,

391 4901 679 4972 supplicia,
699 4908 753 4956 et
777 4903 958 4956 omnia
984 4918 1174 4958 eorum
1204 4903 1449 4975 martyrii
1482 4912 1623 4961 acta.
1648 4904 1755 4960 Alii
1783 4913 1958 4962 statu-

388 5004 444 5047 ta
476 5002 528 5050 et
548 5010 805 5059 canones,
838 4996 905 5049 ab
934 4995 1193 5065 apostolis
1219 5010 1515 5065 eorumque
1546 4997 1957 5055 successoribus

390 5089 456 5142 ad
486 5088 749 5143 doctrina:
779 5088 1219 5158 explicationem,
1253 5088 1803 5162 informationemque
1838 5108 1954 5147 mo-

388 5195 508 5234 rum
540 5183 769 5245 sancita,
803 5181 1024 5252 scriptis
1050 5181 1370 5250 tradebant;
1402 5182 1493 5236 alii
1523 5183 1664 5240 datis
1688 5185 1755 5239 ad
1784 5200 1953 5254 quos-

387 5274 512 5328 dam
545 5271 908 5338 Christianos,
944 5284 1038 5327 aut
1067 5272 1379 5343 episcopos,
1400 5282 1493 5327 aut
1516 5271 1786 5329 Ecclesias
1808 5276 1952 5330 litte-

385 5365 487 5426 ris,
521 5364 642 5419 illos
677 5365 1041 5419 accendebant
1075 5363 1139 5417 ad
1164 5371 1515 5439 tyrannorum
1547 5369 1951 5436 persecutiones

385 5454 779 5525 patientissime
821 5453 1165 5522 tolerandas;
1194 5454 1277 5509 vel
1305 5456 1553 5525 graviora
1583 5457 1944 5525 quorumdam

2078 3256 2146 3311 Ut
2200 3257 2425 3327 magnis,
2474 3256 2651 3326 inquit
2727 3256 2998 3313 Eusebius
3030 3258 3089 3323 ‘,
3138 3268 3188 3312 et
3234 3260 3638 3317 admirabilibus

2073 3349 2367 3404 Servatoris
2406 3349 2574 3403 nostri
2606 3350 2859 3417 apostolis
2888 3365 2987 3417 par
3016 3351 3355 3405 adversarius
3385 3354 3639 3407 consiste»

2074 3452 2175 3497 ret.
2210 3440 2327 3507 Qua
2357 3456 2487 3511 ergo
2510 3442 2720 3497 ratione
2748 3441 2999 3496 Clemens
3028 3441 3426 3498 Alexandrinus
3447 3444 3469 3476 τ
3497 3444 3638 3500 hanc

2071 3534 2321 3588 haeresim
2359 3548 2467 3587 non
2507 3540 2632 3588 ante
2661 3532 2903 3587 adultum
2933 3534 3193 3587 saeculum
3228 3535 3551 3589 secundum.
3582 3544 3638 3591 et

2074 3620 2364 3676 Marcionis
2389 3629 2610 3676 aetatem
2639 3631 2819 3677 ortum
2862 3623 3120 3679 habuisse
3160 3625 3378 3688 dixerit,
3411 3628 3634 3681 omnino

2072 3727 2180 3766 non
2213 3711 2479 3768 videmus.
2514 3710 2621 3767 Sed
2659 3712 2727 3768 de
2767 3713 2868 3768 hac
2899 3714 3193 3770 Clementis
3221 3716 3476 3785 opinione
3505 3718 3634 3789 alibi

2071 3804 2460 3874 disputabitur.

2138 3894 2189 3950 ls
2233 3911 2395 3967 porro
2444 3895 2632 3951 Simon
2667 3895 2859 3969 Gythis
2893 3898 3013 3953 vico
3043 3899 3302 3955 Samaria:
3343 3901 3628 3965 oriundus,

2068 3988 2221 4058 plura
2255 4003 2375 4059 quae
2423 3988 2702 4044 miraculis
2732 3996 2786 4043 et
2827 3989 3093 4060 prodigiis
3155 3991 3380 4045 omnino
3428 3991 3629 4045 similia

2066 4082 2411 4147 videbantur,
2452 4081 2679 4151 magicis
2706 4082 2914 4136 artibus
2944 4082 3213 4152 patrabat.
3249 4081 3351 4137 Sed
3385 4093 3507 4152 post
3534 4099 3629 4137 ex-

2066 4177 2325 4230 stinctum
2351 4176 2612 4245 martyrio
2631 4172 2990 4245 Stephanum,
3022 4174 3305 4246 Philippus
3323 4174 3624 4229 Samariam

2063 4266 2327 4337 evangelii
2367 4265 2696 4336 praedicandi
2725 4266 2899 4335 gratia
2929 4282 2989 4321 se
3027 4267 3275 4328 contulit,
3306 4266 3487 4334 ibique
3515 4281 3625 4320 non

2066 4358 2224 4421 falsa,
2259 4366 2317 4412 ut
2347 4355 2591 4421 Simon',
2625 4356 2720 4411 sed
2751 4372 2879 4411 vera
2909 4356 3080 4411 edidit
3108 4355 3389 4409 miracula.
3415 4354 3623 4420 Quibus

2066 4450 2134 4505 ab
2153 4451 2341 4506 eodem
2400 4447 2622 4503 Simone
2663 4446 2816 4518 Mago
2855 4448 3110 4518 cognitis,
3139 4446 3504 4500 Christianam
3535 4461 3624 4501 re-

2064 4542 2321 4613 ligionem
2355 4540 2445 4595 ille
2472 4539 2757 4610 professus
2792 4545 2897 4603 est,
2927 4538 3032 4603 vel,
3060 4547 3117 4591 ut
3154 4538 3230 4589 ait
3277 4535 3546 4592 Eusebius
3575 4536 3619 4600 ⁸,

2061 4632 2336 4686 simulavit
2365 4645 2424 4684 se
2453 4629 2718 4699 profiteri.
2746 4628 2882 4684 Cum
2905 4642 3034 4682 vero
3063 4627 3116 4680 in
3135 4627 3435 4696 baptizatos
3466 4640 3621 4681 sacra

2058 4723 2204 4779 Petri
2256 4731 2309 4778 et
2360 4720 2588 4776 Joannis
2639 4736 2900 4774 manuum
2948 4719 3296 4788 impositione
3355 4716 3619 4788 Spiritum

2064 4824 2338 4879 sanctum,
2368 4813 2624 4868 omnibus
2646 4812 2807 4881 plane
2835 4810 3241 4879 aspectabilem,
3289 4808 3620 4864 descendere

2058 4905 2460 4976 conspexisset,
2508 4903 2793 4973 pecuniam
2848 4899 3041 4955 iisdem
3076 4899 3337 4970 apostolis
3378 4899 3615 4965 obtulit,

2054 5007 2113 5054 ut
2146 4998 2395 5053 eumdem
2421 4995 2682 5065 Spiritum
2704 5003 2953 5047 sanctum
2986 4991 3040 5045 in
3068 4992 3204 5046 alios
3230 4989 3619 5045 transfunden-

2055 5092 2107 5145 di
2137 5090 2239 5146 sibi
2273 5089 2513 5143 facerent
2542 5092 2882 5156 potestatem.
2916 5082 3120 5137 Verum
3154 5082 3255 5136 hac
3284 5083 3448 5152 impia
3471 5081 3619 5136 obla-

2050 5184 2199 5238 tione
2254 5182 2322 5236 ab
2364 5179 2625 5251 apostolis
2685 5178 2798 5230 acri
2852 5190 3178 5246 magnoque,
3222 5174 3296 5228 uti
3330 5189 3428 5245 par
3456 5182 3613 5237 erat,

2052 5274 2235 5328 animo
2257 5270 2547 5327 confestim
2576 5268 2797 5337 rejecta,
2833 5266 3022 5321 Simon
3070 5267 3125 5320 in
3176 5280 3271 5321 eos
3312 5265 3616 5320 debaccha-

2049 5375 2160 5428 tus,
2218 5377 2441 5418 rursum
2489 5358 2715 5429 magicis
2779 5359 3011 5423 artibus,
3064 5357 3446 5428 erroribusquc
3498 5356 3612 5411 suis

2055 5452 2375 5527 spargendis
2404 5466 2468 5508 eo
2497 5450 2942 5521 perniciosiorem
2973 5449 3121 5504 dedit
3148 5464 3392 5519 operam,
3423 5463 3532 5518 quo
3550 5463 3610 5502 ea

457 5656 747 5731 [Ρινειξΐειῐζ
770 5658 931 5731 lib._t
965 5657 1165 5714 "teret.
1214 5659 1348 5714 Fab.
1426 5659 1590 5731 ξῐιίι).
1627 5663 1876 5718 tadvers.
1910 5663 1973 5717 H4

2073 5682 2114 5722 ε.
2161 5678 2280 5731 cap.
2321 5660 2412 5716 20.
2453 5658 2509 5731 ‘7'
2548 5655 2689 5711 Hist.
2720 5656 2834 5731 lib.
2855 5673 2893 5711 ιι
2918 5672 3037 5724 cap.
3087 5656 3173 5709 l3.
3250 5656 3271 5686 ⁸
3304 5648 3600 5731 Ηωνεξκὲί

383 5726 636 5811 ’.Πατρεῖ
702 5726 835 5783 Fab.
878 5729 971 5785 lib.
1034 5744 1073 5793 ι,
1105 5745 1227 5799 cap.
1266 5732 1313 5785 1.

383 5808 464 5855 eis
508 5808 657 5854 citat.

1390 5733 1408 5762 ⁶
1431 5729 1550 5788 Lib.
1578 5748 1617 5786 ιι
1653 5736 1793 5790 Hist.
1836 5749 1955 5804 cap.
1983 5736 2068 5789 M.

2145 5736 2163 5766 ⁷
2197 5721 2313 5787 Ιλι).
2347 5746 2420 5785 vn
2442 5728 2695 5785 Stromat.
2772 5728 2927 5783 Ἀρι.
2956 5721 3073 5793 vin,
3095 5741 3147 5780 Ix
3178 5735 3230 5782 et
3260 5741 3374 5795 seq.
3468 5723 3489 5753 '
3510 5721 3607 5776 Lo-
