4076 6280
478 406 548 463 15
1368 406 1562 462 PRM“
1603 405 1955 462 ECC‘LESUE
1999 403 2268 459 Si’E-C-ULI
2311 403 2823 461 SCRIPTORIBUS.
3656 411 3721 465 it

471 520 668 575 munia
693 518 815 572 ﬁcta
843 514 1134 574 Christiani
1171 518 1406 574 nominis
1434 518 1614 590 specie
1641 518 1900 572 audacius
1931 532 2055 569 ven-
2093 522 2133 576 Α
2160 519 2469 584 periculum,
2507 519 2642 590 quod
2678 518 2971 575 Christiani
3021 521 3341 579 docebantur
3371 538 3717 595 contemnere,

482 613 708 667 ditabat.

557 700 654 768 Qui
683 706 866 755 autem
890 699 1090 756 fuerint
1114 699 1352 759 Simonis
1380 716 1595 758 errores
1641 704 1709 758 ab
1740 703 2057 772 antiquissi-

483 794 586 848 mis
612 791 868 847 Patribus
900 792 1097 849 disces.
1150 792 1391 848 Primum
1442 796 1587 849 enim
1629 809 1695 849 ex
1730 793 2054 849 Theodoreti

474 891 603 955 post
618 883 879 938 Irenaeum
902 885 1216 940 testimonio
1239 886 1283 918 “
1311 906 1324 941 :
1349 886 1541 940 Docuit
1564 886 1896 956 semetipsum
1922 902 2052 950 esse,

480 976 584 1046 qui
617 975 754 1029 inter
780 973 1001 1031 Judtcos
1025 976 1254 1047 quidem,
1285 977 1438 1047 quasi
1482 974 1531 1028 F
1534 975 1658 1029 ilius
1711 976 2053 1046 apparuerit;

476 1066 533 1118 in
562 1065 819 1120 Samaria
843 1075 1022 1119 autem
1039 1107 1056 1134 ,
1079 1067 1234 1137 quasi
1260 1065 1422 1120 Pater
1448 1065 1792 1131 descenderit,
1823 1076 1871 1120 et
1894 1067 1948 1120 in
1978 1083 2055 1119 re-

472 1155 640 1226 liquis
658 1171 777 1209 vero
801 1154 1065 1225 gentibus,
1104 1155 1259 1226 quasi
1286 1154 1520 1218 Spiritus
1547 1162 1769 1207 sanctus
1790 1191 1807 1218 ,
1856 1151 2048 1207 aduen-

473 1248 627 1301 tarit.
683 1246 871 1316 Neque
900 1246 987 1302 bis
1028 1253 1294 1316 repugnat
1326 1247 1381 1300 in
1418 1260 1559 1301 nova
1585 1245 1825 1301 editione
1865 1258 2051 1299 emen-

470 1340 605 1395 data
632 1339 921 1410 Augustini
957 1339 1202 1393 narratio
1235 1339 1299 1393 “.

554 1433 806 1489 Secundo
840 1433 1005 1488 iidem
1046 1431 1258 1493 Patres,
1284 1448 1385 1488 nec
1408 1448 1518 1488 non
1546 1433 1895 1499 Philastrius,
1933 1441 2047 1486 tra-

470 1523 616 1579 dunt
665 1522 939 1578 Simonem
992 1522 1094 1577 sibi
1124 1524 1414 1592 copulasse
1461 1522 1718 1578 Helenam
1764 1539 1861 1579 seu
1909 1520 2048 1577 Sile-

477 1631 602 1671 nem
636 1635 651 1671 :
683 1616 815 1681 Qua:
860 1617 1015 1671 initio
1049 1615 1280 1685 quidem,
1316 1615 1480 1671 verba
1528 1626 1658 1670 sunt
1707 1614 1931 1670 Eusebii
1965 1615 2006 1645 "
2028 1652 2043 1677 ,

478 1707 620 1776 apud
676 1706 873 1778 Tyrum
934 1708 1115 1763 urbem
1174 1707 1445 1763 Phtenices
1515 1706 1718 1775 publice
1773 1708 1829 1758 in
1894 1706 2047 1775 lupa-

478 1798 600 1852 nari
650 1800 974 1867 prostiterat.
1007 1797 1158 1855 idem
1192 1799 1400 1864 Simon,
1432 1805 1571 1854 teste
1617 1797 1840 1861 Irenaeo,
1896 1798 2045 1852 dice-

478 1891 572 1945 bat
607 1911 619 1946 :
650 1890 806 1945 Hanc
836 1908 960 1945 esse
985 1892 1211 1961 primam
1253 1893 1442 1946 mentis
1467 1892 1591 1960 ejus
1622 1889 1999 1958 conceptionem
2025 1927 2039 1951 ,

476 1991 698 2035 matrem
747 1983 1006 2048 omnium,
1034 1997 1132 2052 per
1180 1999 1337 2052 quam
1364 1982 1519 2036 initio
1555 1983 1783 2049 concepit
1834 1980 2044 2051 angelos

476 2071 649 2139 {acere
674 2080 723 2125 et
758 2070 1216 2141 archangelos.....
1276 2086 1309 2122 a
1358 2068 1544 2139 quibus
1573 2077 1621 2122 et
1650 2067 1901 2122 mundum
1930 2066 2046 2135 fac-

477 2172 588 2216 tum
610 2179 722 2217 esse
745 2161 900 2216 dixit.
932 2161 1096 2217 Addit
1126 2161 1499 2232 Epiphanius:
1535 2160 1603 2215 Se
1636 2177 1896 2214 summam
1934 2175 2045 2213 esse

476 2252 726 2319 Deiuim,
758 2262 988 2307 scortum
1018 2268 1135 2307 vero
1160 2268 1315 2306 suum
1350 2250 1608 2320 Spiritum
1638 2267 1749 2305 esse
1800 2260 2043 2305 sanctum

480 2346 742 2415 «ﬁrmare
772 2362 935 2399 ausus
959 2354 1038 2399 est
1064 2359 1086 2407 ;
1128 2350 1291 2414 atque
1318 2358 1437 2397 eam
1477 2343 1653 2412 ipsam
1680 2356 1802 2397 esse
1826 2351 2037 2411 propter

475 2454 633 2505 quam
656 2478 672 2501 ,
720 2445 778 2491 ut
807 2437 1047 2507 loquitur
1078 2435 1336 2501 lrenaeus,
1368 2434 1663 2499 Troianum
1714 2443 2043 2487 contractum

473 2543 553 2585 est
583 2529 798 2585 bellum.
832 2529 971 2584 Hinc
1010 2528 1276 2583 ridiculae
1322 2527 1609 2597 anilesque
1642 2528 1855 2582 fabulas
1884 2542 2038 2582 com-

475 2630 717 2686 mentus,
747 2620 1094 2677 asseverabat
1146 2633 1277 2673 eos:
1325 2618 1429 2685 Qui
1469 2620 1526 2673 in
1552 2634 1668 2673 eum
1710 2619 1850 2672 etin
1884 2618 2042 2673 Hele-

467 2729 599 2765 nam
630 2728 770 2781 spent
796 2712 1123 2767 habebant...
1157 2710 1441 2767 secundum
1465 2711 1636 2781 ipsius
1665 2711 1891 2780 gratiam
1937 2711 2043 2765 sal-

466 2806 589 2857 uari
616 2813 667 2858 et
690 2820 792 2857 non
812 2803 1096 2858 secundum
1123 2819 1304 2873 operas
1320 2803 1522 2872 justas.
1553 2801 1709 2867 Quod
1736 2808 1890 2856 certe
1921 2815 2042 2854 sec-

474 2895 749 2950 tatoribus
783 2895 897 2951 suis
926 2895 1007 2950 sic
1026 2895 1124 2950 ille
1143 2894 1364 2949 tandem
1393 2899 1743 2964 persuaserat
1767 2934 1783 2956 ,
1814 2898 1875 2946 ut
1903 2892 2039 2945 ima-

471 2986 655 3056 ginem
674 2988 790 3056 ejus
819 2988 884 3042 ad
905 2986 1126 3058 ﬁguram
1143 2984 1314 3051 Iovis,
1340 2984 1553 3041 Helenae
1576 2999 1706 3041 vero
1729 2983 1795 3038 ad
1815 2982 2039 3056 ﬁguram

479 3077 736 3131 Minerva:
786 3076 947 3145 proni
987 3083 1396 3143 venerarentur,
1426 3075 1644 3132 easdem
1694 3073 2038 3137 sutiimentis,

475 3170 767 3226 sacriﬁciis
787 3184 852 3223 ac
875 3169 1226 3224 libationibus
1251 3170 1428 3225 colere
1453 3184 1563 3223 non
1594 3177 1861 3224 verentes.

548 3262 739 3316 Simon
783 3254 1063 3330 praeterea,
1122 3268 1346 3315 auctore
1406 3258 1758 3329 Epiphanio:
1804 3258 2042 3314 Nomina

474 3352 720 3423 qutedam
767 3352 1156 3421 principatuum
1194 3361 1243 3404 et
1268 3361 1584 3420 potestatum
1606 3362 1929 3407 commentus
1966 3362 2045 3406 est

476 3445 804 3513 selectaque
830 3443 1013 3514 globos
1056 3445 1322 3500 varios....
1356 3453 1593 3498 nostrum
1620 3459 1777 3512 porro
1805 3444 1900 3498 hoc
1949 3461 2045 3498 sa:-

468 3535 656 3588 culum
681 3536 747 3588 ab
776 3536 1020 3605 nequitia:
1071 3535 1449 3604 principatibus
1477 3544 1527 3590 et
1557 3536 1900 3605 potestatibus
1926 3553 2044 3589 cum

472 3626 679 3693 defectu
703 3626 987 3680 conditum.
1015 3622 1085 3680 Se
1104 3641 1254 3692 vero,
1274 3636 1333 3682 ut
1359 3626 1630 3683 subnectit
1654 3625 1907 3693 lrenmus,
1926 3643 2043 3680 cum

473 3716 771 3772 hominibus
798 3725 1159 3771 conuersatam
1204 3716 1399 3782 arebat,
1429 3733 1547 3770 cum
1575 3733 1677 3770 non
1706 3725 1838 3771 esset
1867 3716 2040 3779 homo;

468 3818 524 3864 et
551 3825 764 3877 passum
782 3848 800 3873 ,
824 3825 943 3862 cum
973 3825 1075 3862 non
1107 3818 1237 3864 esset
1260 3826 1467 3878 passus.

548 3899 785 3956 Docebat
813 3902 1038 3972 insuper
1064 3921 1077 3955 :
1108 3901 1294 3973 Legem
1326 3900 1528 3973 Moysis
1556 3920 1661 3957 non
1691 3920 1725 3957 a
1753 3903 1883 3967 Deo,
1932 3903 2043 3957 uti-

475 4008 605 4046 mur
633 3990 923 4063 Epiphanii
952 3993 1155 4055 verbis,
1185 3993 1275 4047 sed
1305 4010 1338 4047 a
1361 3994 1580 4048 sinistra
1624 3993 1855 4064 quadam
1887 3995 2043 4047 intel—

475 4084 695 4154 ligentia
714 4083 1046 4153 profectam;
1076 4085 1155 4138 uti
1170 4100 1328 4155 neque
1352 4084 1643 4156 prophetas
1672 4101 1703 4139 a
1729 4085 1871 4140 bono
1902 4085 2033 4149 Deo,

474 4174 573 4229 sed
621 4174 691 4228 ab
752 4175 856 4228 alia
907 4183 1071 4245 atque
1127 4175 1233 4229 alia
1291 4174 1650 4246 intelligentia
1703 4184 2038 4243 comparatos

472 4264 711 4331 fuisse...
752 4263 971 4335 denique
997 4265 1233 4335 quisquis
1289 4264 1464 4320 Veteri
1510 4265 1844 4321 Testamento
1875 4266 2032 4337 ﬁdem

474 4352 732 4417 adhibet,
763 4355 1032 4409 incurrere
1061 4366 1275 4410 mortem
1321 4363 1605 4411 asseverat.
1654 4353 2035 4412 Resurrectio-

474 4461 601 4501 nem
638 4462 770 4502 vero
797 4455 1167 4513 mortuorum,
1207 4448 1285 4502 uti
1319 4446 1556 4502 refertur
1583 4449 1727 4517 apud
1778 4449 2038 4518 Augusti-

2158 610 2334 664 drcens
2366 612 2745 680 indi/ferentem
2788 628 2896 665 rem
2921 629 3031 666 esse
3060 613 3437 674 idololatriam.
3471 617 3588 672 Ima
3634 638 3725 673 nee

2158 702 2273 755 ulla
2320 704 2610 771 persecutio
2658 713 2843 758 contra
2897 703 3236 760 Simonianos
3272 724 3501 778 unquam
3538 723 3725 766 exorta

2157 787 2642 848 est.Tertullianus
2675 796 2717 825 ¹⁸
2757 795 2990 865 denique
3034 803 3292 852 testatum
3326 797 3456 853 facit
3485 798 3724 856 Simonis

2157 889 2457 939 sectatores
2494 880 2783 954 quemdam
2825 887 3036 956 angelis
3066 888 3296 950 cultum,
3338 892 3725 958 superstitione

2153 978 2209 1025 et
2233 971 2547 1027 idololatria
2578 973 2841 1028 infectum
2870 976 3188 1031 exhibuisse
3226 996 3238 1029 :
3266 976 3592 1034 Simoniame
3625 1000 3722 1036 au-

2155 1070 2255 1115 tem
2283 1065 2468 1133 magia:
2492 1064 2794 1133 disciplina,
2818 1065 3019 1136 inquit,
3047 1068 3243 1137 angelis
3264 1071 3516 1136 serviens,
3546 1074 3723 1143 utique

2151 1161 2200 1205 et
2230 1152 2344 1219 ipsa
2392 1154 2531 1206 inter
2572 1154 2911 1208 idololatrias
2959 1157 3345 1225 deputabatur,
3394 1171 3444 1213 et
3482 1179 3515 1214 a
3563 1162 3722 1217 Petro

2152 1244 2388 1310 apostolo
2445 1246 2499 1298 in
2547 1246 2663 1313 ipso
2716 1244 2931 1300 Simone
2961 1247 3339 1303 damnabatur.
3379 1249 3514 1306 Illud
3539 1260 3719 1307 tamen

2151 1334 2515 1401 Tertulliano,
2550 1338 2597 1392 si
2655 1337 2767 1393 haec
2808 1353 2957 1402 vera,
2990 1340 3070 1392 uti
3114 1340 3373 1406 refertur,
3416 1343 3578 1399 fuerit
3601 1346 3722 1414 ejus

2148 1442 2304 1482 mens
2333 1435 2386 1481 et
2414 1428 2705 1491 sententia,
2752 1429 3030 1484 adversari
3082 1431 3317 1500 videtur,
3344 1434 3490 1503 quod
3534 1434 3720 1492 Simon

2148 1517 2266 1587 ipse
2306 1518 2590 1587 jactitabat
2644 1533 2703 1573 se
2765 1521 2986 1590 angelos
3014 1537 3268 1582 creasse:
3315 1542 3485 1596 seque
3515 1543 3546 1583 e
3579 1532 3721 1585 cmlo
3767 1537 3782 1547 '

2147 1610 2430 1680 delapsum
2473 1630 2484 1663 :
2533 1609 2602 1662 Ut
2656 1612 2890 1682 angelos,
2941 1632 3060 1668 cum
3124 1618 3260 1671 male
3321 1619 3719 1676 moderarentur

2149 1700 2431 1766 mundum,
2462 1704 2764 1771 corriperet.
2813 1704 2918 1761 Sed
2948 1709 3080 1761 nulli
3115 1711 3312 1765 mirum
3355 1726 3479 1768 esse
3519 1712 3677 1768 debet
3701 1756 3714 1777 .

2148 1794 2195 1848 si
2226 1794 2476 1851 homines
2506 1809 2534 1848 a
2565 1798 2812 1852 veritatis
2835 1799 2923 1853 via
2971 1815 3232 1871 perquam
3258 1803 3574 1875 longissime
3613 1807 3704 1858 ah-

2147 1893 2416 1951 errantes,
2450 1901 2633 1941 secum
2681 1888 2784 1959 ipsi
2823 1890 3119 1961 aliquando
3148 1903 3409 1964 pugnent,
3440 1906 3494 1951 et
3538 1898 3717 1967 inepte

2147 1980 2336 2027 contra
2389 1989 2447 2029 se
2508 1974 2713 2030 dicant.
2757 1976 2823 2030 Et
2870 1993 2931 2034 re
2963 1979 3182 2049 quidem
3219 1998 3347 2036 vera
3376 1982 3716 2055 Epiphanius

2149 2065 2423 2123 Simonem
2452 2067 2575 2123 ideo
2606 2070 2858 2139 castigat,
2910 2072 3056 2142 quod
3106 2072 3173 2128 de
3222 2077 3428 2145 angelis
3470 2079 3712 2148 quaedam

2147 2175 2329 2214 secum
2371 2161 2672 2232 pugnantia
2718 2163 3007 2218 tradiderit
3041 2183 3054 2218 :
3091 2165 3548 2231 Quemadmodum
3596 2188 3714 2226 vero

2144 2267 2402 2322 nugarum
2446 2267 2666 2305 suarum
2696 2252 2890 2307 oblitus
2930 2256 3204 2324 impostor,
3237 2260 3372 2313 velut
3392 2278 3572 2317 eorum
3599 2280 3716 2334 qua:

2145 2351 2301 2396 antea
2354 2342 2670 2408 tradiderat,
2736 2345 2974 2414 ignarus,
3020 2364 3074 2401 se
3102 2349 3271 2416 ipsum
3322 2353 3535 2417 refellit.
3571 2354 3715 2409 Nam

2145 2450 2264 2486 cum
2305 2433 2531 2489 dicisset
2571 2436 2783 2506 angelos
2814 2454 2847 2489 a
2896 2455 2950 2493 se
3002 2442 3527 2514 perintelligentiam
3561 2463 3714 2501 suam

2143 2536 2439 2591 procreatos
2465 2542 2575 2581 esse
2595 2567 2610 2590 ,
2659 2526 2878 2596 subjecit
2926 2538 3126 2597 postea,
3158 2541 3216 2584 ut
3252 2535 3460 2589 eosdem
3490 2537 3610 2592 illos
3641 2540 3717 2592 la-

2145 2625 2250 2671 tere
2293 2617 2650 2673 descendendo
2678 2628 2873 2689 posset,
2906 2622 3133 2692 ﬁguram
3166 2624 3221 2677 in
3256 2642 3559 2697 unoquoque
3586 2631 3713 2683 calo

2145 2720 2398 2765 mutasse.
2436 2709 2610 2782 Igitur
2633 2712 2829 2767 latebat
2860 2713 2998 2779 ideo,
3027 2715 3165 2786 quod
3185 2732 3272 2771 eos
3304 2728 3573 2774 metueret.
3616 2722 3714 2773 At-

2142 2801 2382 2872 quiquid
2419 2820 2529 2867 eos,
2571 2820 2707 2873 quos
2735 2805 2843 2871 ipse
2893 2806 3224 2867 condiderat.
3278 2811 3491 2880 angelos
3554 2812 3714 2880 impo-

2143 2906 2254 2948 stor
2284 2894 2376 2949 ille
2398 2894 2699 2949 metuebat?

2217 2984 2410 3041 Simon
2447 3001 2663 3042 errores
2693 3002 2824 3043 suos
2852 2988 3148 3057 publicavit
3185 2990 3417 3060 primum
3452 2990 3713 3048 Samariae

2143 3095 2207 3134 ac
2228 3080 2283 3134 in
2306 3078 2513 3143 Iudaea,
2545 3080 2741 3136 deinde
2765 3080 2886 3136 aliis
2915 3081 2966 3134 in
2994 3082 3148 3146 locis,
3179 3082 3394 3152 Oppidis
3421 3092 3475 3137 et
3501 3086 3698 3141 civita—

2066 3204 2110 3261 α
2146 3170 2324 3235 tibus,
2361 3184 2425 3223 ac
2448 3170 2667 3223 tandem
2695 3168 2916 3236 Romae;
2978 3187 3085 3242 qua
3114 3172 3169 3226 in
3200 3173 3337 3229 urbe
3368 3175 3580 3229 animos
3609 3175 3711 3228 ho-

2146 3261 2354 3317 minum
2379 3261 2453 3315 ita
2486 3262 2590 3318 sibi
2614 3262 2886 3330 devinxit,
2918 3271 2976 3318 ut
3018 3264 3122 3334 ipsi
3158 3273 3419 3334 tanquam
3454 3282 3711 3338 supremo

2148 3353 2257 3409 Deo
2300 3352 2502 3409 summi
2552 3353 2886 3410 adorationis
2948 3355 3183 3411 honores
3242 3355 3443 3412 fuerint
3487 3357 3710 3422 decreti,

2145 3451 2199 3497 et
2251 3442 2481 3499 Claudio
2530 3445 2853 3515 imperante,
2910 3451 3086 3501 statua
3119 3445 3291 3501 eidem
3323 3459 3502 3502 erecta
3540 3451 3594 3502 in
3628 3450 3710 3502 in-

2144 3534 2265 3588 sula
2284 3534 2530 3589 Tiberina
2555 3536 2690 3589 inter
2711 3536 2848 3591 duos
2869 3547 3069 3605 pontes,
3089 3554 3203 3591 cum
3225 3538 3322 3591 hac
3343 3540 3674 3608 inscriptione
3688 3556 3719 3593 :‘

2146 3625 2351 3681 Simoni
2408 3627 2519 3681 Deo
2572 3626 2795 3682 Sancto.
2850 3627 3087 3683 Narrant
3140 3637 3317 3683 tamen
3374 3636 3709 3687 recentiores

2143 3717 2365 3786 quidam
2392 3717 2690 3787 scriptores
2747 3719 2790 3749 ¹⁶
2844 3719 3163 3789 pontiﬁcatu
3209 3718 3456 3790 Gregorii
3513 3722 3711 3778 decimi

2145 3808 2292 3863 tertii
2329 3810 2604 3864 inventam
2659 3810 2889 3879 hujusce
2938 3818 3132 3867 statuae
3169 3813 3342 3869 basim
3392 3814 3657 3883 lapideam
3690 3855 3706 3878 ,

2144 3901 2231 3954 cui
2262 3900 2375 3955 haec
2414 3901 2700 3971 inscriptio
2736 3901 2906 3956 incisa
2934 3910 3057 3957 erat
3086 3920 3098 3956 :
3126 3904 3339 3960 Semoni
3365 3898 3540 3959 Sanco
3597 3905 3706 3958 Deo

2144 3988 2302 4045 Fidio
2331 4007 2564 4055 sacrum,
2617 3991 2670 4045 id
2721 3999 2806 4046 est
2855 3998 2915 4045 ut
2943 3991 3048 4061 ipsi
3091 3992 3244 4045 aiunt
3277 4009 3293 4047 :
3323 3989 3565 4055 Herculi,
3597 4008 3706 4046 non

2145 4080 2373 4136 Simoni.
2409 4080 2538 4137 lnde
2581 4090 2763 4137 autem
2820 4082 3151 4137 concludunt
3193 4080 3489 4147 Justinum,
3518 4084 3707 4153 primi-

2142 4171 2362 4241 genium
2387 4170 2591 4226 erroris
2622 4170 2768 4227 illius
2797 4171 3023 4233 fontem,
3055 4172 3124 4225 ob
3152 4169 3355 4226 Latina;
3377 4172 3573 4242 linguae
3605 4174 3708 4227 im-

2148 4262 2397 4331 peritiam
2424 4276 2455 4316 a
2484 4260 2820 4317 Simonianis
2857 4262 3163 4331 deceptum,
3216 4261 3508 4317 tradidisse
3567 4262 3707 4317 hanc

2141 4354 2313 4410 fuisse
2338 4350 2583 4407 Simonis
2606 4350 2743 4420 Magi
2768 4356 3026 4404 statuam.
3066 4347 3171 4403 Sed
3205 4350 3567 4419 scriptoribus
3596 4351 3705 4406 illis

2140 4445 2361 4501 omnino
2388 4440 2725 4513 probandum
2757 4448 2875 4497 erat
2899 4440 3072 4495 basim
3105 4440 3275 4507 illam,
3304 4455 3425 4512 quae
3455 4441 3541 4496 bis
3568 4450 3705 4497 tem—-

472 4552 607 4592 num
637 4578 653 4602 ,
679 4539 1009 4609 pernegabat
1035 4579 1050 4603 ,
1082 4539 1406 4609 sinebatque
1442 4539 1814 4595 indifferenter
1838 4541 1916 4596 uti
1954 4539 2035 4595 l‘e-
2067 4533 2114 4589 D
2141 4535 2366 4607 poribus
2391 4532 2598 4588 ultimis
2629 4532 2850 4586 inventa
2877 4538 2984 4597 est,
3017 4532 3264 4588 eamdem
3292 4532 3463 4604 ipsam
3494 4532 3663 4589 fuisse
3686 4576 3702 4598 ,

472 4629 662 4684 minis.
695 4627 793 4685 llis
821 4629 957 4684 alias
992 4630 1129 4700 ipse,
1155 4637 1209 4685 et
1233 4628 1490 4699 discipuli
1519 4630 1641 4700 ejus
1670 4630 2040 4700 adjungebant

470 4720 864 4784 obscenitates,
922 4721 1399 4791 turpitudinesque
1441 4729 1646 4776 aeterno
1691 4720 2033 4777 damnandas

471 4808 712 4864 silentio.
760 4807 883 4863 Illas
914 4817 1093 4865 tamen
1118 4810 1384 4866 Eusebius
1409 4810 1453 4842 “
1471 4811 1557 4866 his
1580 4811 1791 4880 paucis,
1824 4827 1925 4867 nec
1953 4811 2039 4866 in~

476 4897 749 4965 honestis,
772 4901 956 4957 verbis
984 4894 1429 4971 comprehendit:
1455 4900 1607 4956 Nihil
1638 4911 1750 4956 tam
1770 4904 2037 4971 impurum

474 4999 570 5045 aut
601 5008 714 5046 esse
744 5002 838 5047 aut
858 4992 1149 5063 excogitari
1187 5004 1379 5064 potest,
1433 4992 1571 5064 quod
1615 4994 2039 5064 flagitiosissima

474 5082 712 5148 illorum,
749 5081 990 5141 Simonis
1012 5084 1409 5155 discipulorum
1434 5124 1451 5152 ,
1485 5094 1626 5139 secta
1663 5086 1816 5154 longo
1873 5085 2038 5139 inter-

474 5176 619 5229 vallo
666 5193 770 5231 non
811 5186 1038 5245 superet,
1079 5176 1206 5231 dum
1235 5178 1441 5232 miseris
1489 5188 1643 5247 atque
1677 5177 1818 5231 omni
1851 5177 2041 5232 scelere

467 5270 728 5338 conpertis
759 5268 1067 5323 mulieribus
1094 5269 1347 5326 illudunt.

544 5360 768 5432 Origeni
801 5361 844 5392 “
873 5362 920 5415 si
952 5359 1275 5421 credideris.
1318 5359 1505 5415 Simon
1540 5380 1553 5415 :
1586 5360 1702 5426 Quo
1728 5360 1903 5429 plures
1937 5362 2039 5417 sibi

463 5464 686 5524 pararet
722 5453 1030 5523 discipulos,
1062 5452 1279 5508 sustulit
1308 5452 1372 5508 de
1415 5470 1512 5507 sua
1556 5452 1797 5506 doctrina
1846 5455 2031 5510 mortis

541 5682 586 5715 ¹⁶
623 5681 755 5738 Loc.
779 5684 875 5739 cit.
975 5683 1016 5715 "
1052 5682 1168 5738 Lib.
1204 5682 1268 5737 de
1321 5686 1450 5740 Iuer.
1482 5695 1600 5751 cap.
1646 5682 1696 5734 l.

2140 4629 2355 4699 ipsique
2389 4623 2786 4694 superpositam
2814 4630 3047 4678 statuam
3081 4625 3252 4689 illam,
3293 4623 3361 4679 de
3387 4639 3493 4695 qua
3533 4623 3706 4680 Justi~

2140 4733 2247 4774 nus
2281 4715 2481 4784 aliique
2526 4712 2720 4768 Patres
2766 4714 3137 4784 antiquissimi
3191 4716 3523 4772 mentionem
3572 4717 3701 4770 olim

2143 4811 2410 4867 iecerunt.

2210 4900 2343 4956 Utut
2372 4902 2466 4962 sit,
2499 4898 2707 4969 primus
2740 4896 2829 4952 ille
2855 4896 3342 4952 haeresiarcharum
3370 4911 3568 4968 parens
3614 4895 3702 4949 Si-

2151 5007 2278 5046 mon
2312 4989 2522 5060 Magus,
2550 5004 2581 5043 a
2609 4988 2787 5057 primo
2816 4988 3189 5057 apostolorum
3219 4986 3487 5059 principe,
3521 4984 3701 5039 Simo-

2143 5098 2213 5138 ne
2238 5079 2421 5145 Petro,
2453 5081 2764 5153 perculsus,
2795 5079 2974 5134 victus
3013 5087 3431 5151 prostratusque
3459 5087 3544 5135 est
3578 5096 3591 5132 :
3637 5079 3702 5133 In

2139 5173 2353 5240 Judaza,
2417 5173 2592 5242 inquit
2623 5170 2890 5227 Eusebius
2920 5172 2996 5237 ",
3027 5188 3060 5224 a
3105 5171 3265 5225 Petro
3307 5170 3546 5237 apostolo
3582 5186 3701 5225 con-

2136 5269 2301 5323 victus
2328 5274 2428 5329 est,
2469 5264 2744 5335 omniaque
2770 5264 2882 5333 ejus
2932 5262 3198 5331 maleﬁcia
3235 5261 3541 5331 patefacta,
3584 5263 3698 5315 lon-

2137 5360 2349 5432 gissime
2379 5366 2528 5411 trans
2555 5373 2701 5411 mare
2721 5356 2903 5425 fugam
2927 5354 3173 5422 arripuit.
3196 5352 3353 5408 Hunc
3380 5362 3559 5409 autem
3590 5352 3700 5407 Ro-

2144 5464 2287 5507 mam
2321 5447 2612 5519 fugientem
2645 5447 2922 5518 apostolus
2952 5446 3255 5507 insecutus,
3298 5444 3496 5499 ibidem
3544 5445 3697 5498 illum

1801 5681 1841 5711 η
1877 5679 1994 5735 Lib.
2033 5694 2042 5731 ι

2144 5675 2243 5731 'ist.
2278 5690 2397 5745 cap.
2433 5675 2519 5729 15.
2592 5674 2641 5745 ίίξ
2669 5672 2860 5745 l.ib._u
2894 5672 3207 5745 Hist.__cap.
3239 5671 3328 5745 lg).
3369 5712 3374 5717 .
3410 5669 3450 5700 ιδ
3498 5668 3695 5745 Lib._vt

464 5766 610 5808 cont.
663 5738 813 5823 Cels.
882 5752 924 5784 ³³
971 5752 1083 5807 Lib.
1134 5753 1197 5806 de
1238 5738 1707 5823 praiscriptfcap.
1745 5751 1832 5806 55.
1913 5748 2171 5814 “Justin.
2205 5738 2362 5817 Apoll
2400 5745 2450 5813 l,
2488 5760 2543 5800 n.
2580 5744 2672 5809 ‘26,
2708 5751 2760 5798 et
2788 5740 2985 5799 Euseb.
3021 5741 3115 5798 lib.
3156 5738 3199 5797 it
3231 5738 3352 5795 Hist
3429 5754 3546 5809 cap.
3604 5739 3690 5793 l5.

466 5825 509 5856 ⁸⁷
538 5824 661 5880 Lib.
694 5837 735 5877 tt
771 5822 912 5876 Hist.
944 5838 1063 5894 cap.
1101 5823 1184 5877 14.
