4076 6280
415 383 483 436 ιδ
1590 379 1675 431 DE
1711 376 2019 433 OMNIBUS
2054 377 2449 435 GENERATIM

3572 394 3665 446 ιθ

418 500 744 566 omnemque
794 495 914 564 ejus
951 494 1247 565 potentiam
1305 493 1503 548 delevit
1558 502 1611 549 et
1672 495 1932 549 exstinxit
1964 513 1977 550 :
2011 505 2054 560 Α
2084 496 2305 560 cultum,
2358 513 2509 566 quem
2541 496 2764 566 abjicere
2792 500 2888 553 visi
2921 500 3152 569 fuerant,
3193 501 3433 572 deinceps
3457 504 3647 559 nihilo-

414 584 546 641 Cum
570 584 665 639 Dei
695 583 957 646 doctrina,
988 580 1338 652 prosequitur
1377 579 1665 642 Eusebius,
1719 578 1979 634 Romanos

412 679 634 738 adventu
650 675 1098 739 suoillustrasset,
1120 673 1351 729 Simonis
1364 672 1569 742 quidem
1583 674 1662 747 vis
1679 683 1726 727 et
1747 666 1981 741 potentia

410 785 528 821 cum
548 783 659 836 ipso
675 765 836 820 simul
855 774 1067 818 auctore
1086 764 1225 818 brevi
1240 765 1498 818 exstincta
1520 772 1675 834 atque
1688 764 1860 817 deleta
1876 772 1975 817 est.

411 861 588 929 Atque
628 866 687 912 ut
713 856 1001 927 Augustini
1021 856 1205 911 verbis
1258 862 1476 909 utamur
1511 856 1554 888 ³⁸
1584 873 1597 910 :
1623 853 1690 908 In
1720 871 1824 925 qua
1850 854 1976 907 urbe

409 950 678 1019 apostolus
709 942 901 1003 Petrus
944 963 1063 1001 eum
1119 962 1241 1000 vera
1285 946 1475 1000 virtute
1495 945 1594 999 Dei
1613 947 1975 1014 omnipotentis

406 1045 678 1099 exstinxit.
696 1040 953 1108 Quamvis
969 1047 1149 1095 autem
1177 1039 1268 1095 ille
1296 1039 1377 1095 sic
1398 1037 1595 1094 fuisset
1616 1038 1686 1092 ab
1715 1037 1976 1108 Apostolo

406 1136 640 1191 obtritus
687 1144 848 1204 atque
896 1148 1226 1203 oppressus,
1283 1132 1467 1203 plures
1524 1137 1703 1186 tamen
1760 1130 1977 1199 reliquit

406 1243 655 1283 errorum
688 1228 1066 1296 scelerumque
1090 1239 1314 1280 suorum
1341 1239 1713 1279 successores.
1743 1221 1879 1278 Nam
1907 1239 1973 1279 ex

407 1323 511 1374 hac
540 1318 884 1373 amarissima
914 1316 1119 1381 radice,
1163 1315 1210 1370 si
1239 1314 1640 1371 Theodoretum
1675 1315 1866 1370 audias
1906 1316 1970 1379 ιο,

407 1413 509 1465 orti
538 1422 658 1465 sunt
708 1408 981 1471 Cleodani,
1033 1407 1363 1471 Dositheani,
1429 1403 1697 1469 Gortheni,
1748 1403 1973 1460 Musbo-

409 1502 530 1563 thei,
553 1499 898 1564 Adrianistaz,
931 1497 1259 1569 Eutychetis,
1286 1496 1371 1552 vel
1398 1504 1457 1549 ut
1476 1492 1619 1565 apud
1641 1494 1970 1550 Clementem

408 1593 837 1649 Alexandrinum
866 1591 952 1658 ’°;
1001 1589 1316 1660 Eutychitrc,
1347 1586 1603 1641 Cainistte
1642 1587 1712 1640 ²¹.
1782 1586 1972 1640 Verum

406 1687 676 1753 hi.omnes,
718 1702 834 1740 cum
864 1685 1038 1754 impia:
1064 1683 1275 1737 hieresis
1303 1696 1494 1749 pravas
1525 1677 1783 1749 quasdam
1799 1686 1972 1730 muta-

407 1783 569 1836 tiones
598 1780 999 1849 excogitassent,
1022 1794 1124 1831 non
1150 1776 1242 1830 diu
1268 1774 1552 1838 durarunt,
1599 1771 1685 1825 sed
1714 1779 1973 1841 perpetua:

2085 590 2257 642 minus
2281 588 2611 644 relabuntur.
2638 589 2938 648 Exstabant
2974 609 3103 664 ergo
3147 592 3369 650 Eusebii
3405 602 3650 667 tempore

2081 679 2303 752 quidam
2334 680 2557 737 haeresis
2590 680 2919 740 Simonianae
2948 684 3211 742 fautores.
3242 687 3310 742 At
3356 703 3481 743 cum
3533 690 3649 759 ple-

2080 786 2300 841 rosque,
2334 773 2553 828 retectis
2581 788 2770 828 eorum
2803 774 3111 838 fraudibus.
3149 792 3216 833 ex
3256 777 3499 834 Ecclesia
3537 777 3651 847 eje-

2078 873 2196 919 Ctos
2218 879 2341 920 esse
2372 864 2512 920 idem
2548 865 2818 923 Eusebius
2850 867 3194 932 testificetur,
3226 869 3279 923 id
3311 877 3459 925 certe
3504 870 3651 925 indi-

2076 957 2163 1010 cio
2188 964 2272 1010 est
2302 971 2404 1010 nec
2433 956 2603 1012 dubio
2632 974 2732 1013 nec
2755 959 3015 1023 obscuro,
3044 974 3139 1014 eos
3171 968 3285 1013 tum
3318 976 3522 1029 paucos
3553 961 3645 1015 ad.

2077 1048 2297 1103 modum
2343 1047 2536 1116 fuisse,
2564 1057 2618 1105 et
2648 1050 2865 1120 quidem
2900 1051 3005 1106 sub
3037 1051 3176 1107 falso
3212 1051 3647 1107 Christianorum

2075 1139 2296 1195 nomine
2327 1154 2448 1196 sese
2491 1142 2850 1197 occultantes.
2894 1141 3052 1197 Unde
3082 1143 3379 1197 concludas
3420 1159 3646 1199 necesse

2072 1240 2176 1296 est,
2216 1234 2463 1289 haeresim
2512 1234 2658 1289 illam
2710 1252 2823 1290 non
2859 1236 2954 1290 diu
2994 1243 3182 1306 postea
3213 1252 3594 1307 perseverasse
3620 1276 3636 1302 ,

2072 1333 2126 1380 et
2151 1326 2259 1380 cito
2285 1325 2453 1382 fuisse
2485 1327 2829 1383 exstinctam.

2669 1418 2897 1474 CAPUT
2947 1418 3036 1475 IV.

2551 1509 2631 1565 De
2657 1510 2844 1566 hwresi
2876 1510 3182 1568 Menandri.

2144 1602 2192 1634 "
2226 1601 2521 1657 Menander
2562 1600 2935 1656 Samaritanus
2981 1619 3163 1674 genere
3213 1619 3241 1658 e
3267 1604 3377 1657 vico
3407 1603 3645 1673 Capara—

2076 1695 2197 1759 teia,
2220 1692 2609 1763 Καπαρατείας
2633 1708 2724 1745 seu
2740 1692 2976 1764 Χάὸραι,
2990 1693 3265 1760 oriundus,
3282 1693 3519 1750 Simonis
3538 1695 3646 1749 dis-

2074 1784 2289 1853 cipulus
2311 1824 2326 1851 ,
2362 1784 2405 1815 "
2429 1784 2683 1853 majorem
2704 1799 2757 1837 se
2782 1792 3106 1838 antecessore
3129 1801 3190 1837 ac
3212 1797 3527 1853 praceptore
3548 1802 3644 1840 suo

406 1873 650 1927 oblivioni
684 1872 872 1927 traditi
925 1878 1067 1925 sunt.
1093 1869 1161 1923 At
1185 1868 1231 1924 si
1257 1865 1559 1939 Hegesippo
1588 1865 1747 1920 ﬁdem
1774 1863 1975 1918 habere
2005 1853 2045 1907 Β
2066 1874 2330 1944 jactabat.
2364 1873 2706 1946 Quapropter
2735 1874 3017 1931 nonnullis
3060 1874 3387 1946 quibusdam
3433 1877 3642 1932 θιοιιοιοί-

409 1967 560 2032 velis,
604 1974 837 2037 quatuor
886 1964 1096 2035 priores
1135 1960 1401 2032 originem
1430 1960 1703 2013 duxerunt
1735 1973 1748 2008 :
1776 1954 1823 2008 E
1857 1971 1974 2025 sep-

407 2068 508 2112 tem
536 2058 688 2111 sectis
719 2057 772 2109 in
794 2053 1021 2109 Iudaico
1050 2052 1239 2123 populo
1291 2050 1685 2120 proseminatis.
1743 2046 1822 2101 Ex
1865 2062 1973 2116 quo

407 2149 653 2204 Valesius
668 2149 809 2203 hanc
824 2146 1009 2202 elicuit
1029 2143 1437 2201 conclusionem
1462 2161 1476 2196 :
1510 2140 1719 2195 Rectius
1750 2138 1973 2193 dixisset

409 2238 777 2301 Theodoretus,
794 2254 882 2291 eas
912 2252 1087 2290 omnes
1117 2248 1182 2288 ex
1211 2231 1454 2285 Judaicis
1478 2230 1633 2284 sectis
1658 2230 1823 2298 fuisse
1850 2244 1973 2297 pro-

404 2339 647 2401 pagatas,
673 2330 899 2383 maxime
926 2342 1044 2381 vero
1069 2341 1188 2379 cum
1213 2320 1453 2393 quaedam
1470 2320 1681 2373 illarum
1703 2315 1975 2371 horreser

407 2422 715 2477 Simoniana
745 2419 1051 2474 vetustiores
1098 2431 1212 2469 esse
1239 2414 1533 2476 videantur,
1589 2410 1730 2465 verbi
1774 2409 1968 2480 gratia,

407 2515 668 2569 Gorthena
719 2522 768 2567 et
802 2510 1144 2565 Dositheana.
1202 2506 1309 2562 Sed
1342 2520 1533 2561 vereor
1560 2514 1620 2559 ut
1650 2504 1767 2558 haec
1809 2501 1970 2556 Vale-

360 2650 375 2667 ,
407 2607 561 2661 siana
600 2603 919 2667 conclusio,
949 2615 1056 2671 qua
1099 2616 1165 2655 ex
1194 2598 1409 2653 duabus
1446 2595 1612 2657 sectis
1656 2594 1971 2651 Simoniana

406 2696 817 2760 vetustioribus,
858 2693 993 2747 alias
1044 2704 1264 2761 quoque
1304 2688 1423 2757 ipsa
1478 2685 1815 2755 antiquiores
1849 2700 1971 2741 esse

408 2786 591 2852 infert,
643 2784 899 2841 omnibus
949 2782 1173 2835 omnino
1230 2779 1510 2850 probetur.
1566 2776 1738 2832 Porro
1789 2784 1969 2833 autem

406 2865 741 2949 Epiphanius
777 2890 844 2929 ex
890 2872 1112 2926 Simone
1158 2868 1449 2924 Gnosticos
1473 2875 1626 2922 ortos
1659 2881 1783 2923 esse
1821 2865 1968 2920 affir-

405 2978 515 3023 mat
542 2970 586 2999 “
619 2989 632 3024 :
665 2967 832 3037 Atque
850 2966 966 3019 hinc
980 2980 1158 3019 eorum
1176 2979 1304 3032 quos
1323 2961 1596 3017 Gnosticos
1620 2959 1966 3029 appellamus,

404 3059 548 3129 origo
565 3058 843 3127 proﬂuxit.

472 3151 731 3207 Testatur
755 3148 1021 3221 Origenes
1050 3147 1099 3178 “
1136 3162 1165 3201 a
1209 3160 1312 3200 suo
1342 3146 1455 3215 jam
1486 3153 1732 3214 tempore
1763 3143 1969 3199 exstir-

401 3253 583 3314 patam
614 3238 1357 3296 Simonianorumlueresim:
1389 3235 1545 3290 Nunc
1572 3252 1830 3306 nusquam
1853 3252 1971 3306 gan-

406 3338 537 3389 tium
566 3343 777 3389 exstant
821 3331 1141 3387 Simoniani.
1171 3329 1245 3385 De
1295 3328 1643 3384 Dositheanis
1693 3336 1873 3385 autem
1936 3343 1967 3383 a

405 3429 565 3482 nobis
624 3427 786 3496 paulo
868 3434 992 3478 ante
1042 3421 1359 3477 memoratis
1392 3459 1408 3484 ,
1464 3420 1580 3475 haec
1639 3420 1967 3491 subjungit:

404 3520 668 3575 Craterum
719 3517 1032 3571 Dasitheani
1082 3531 1173 3569 nec
1228 3530 1465 3585 unquam
1522 3514 1860 3583 ﬂoruerunt,
1922 3522 1971 3569 et

406 3629 541 3665 nunc
577 3611 788 3665 omnino
820 3608 1068 3664 exstincti
1115 3616 1260 3672 sunt,
1297 3615 1356 3659 ut
1384 3607 1592 3661 nomine
1623 3615 1827 3661 tantum
1855 3624 1972 3661 ma-

405 3714 555 3758 nente
578 3742 594 3769 ,
626 3706 762 3758 inter
793 3702 1014 3771 triginta
1063 3708 1396 3756 censeantur.
1430 3697 1537 3753 Sed
1567 3699 1704 3755 falsa
1733 3700 1968 3769 quadam

404 3797 719 3851 narratione
745 3796 1006 3865 deceptus
1037 3800 1122 3849 est
1153 3791 1441 3862 Origenes,
1476 3800 1569 3846 aut
1594 3807 1661 3847 ex
1687 3791 1777 3857 iis,
1834 3806 1971 3861 quas

408 3888 525 3957 ipse
547 3892 952 3956 peragraverat,
984 3882 1304 3953 regionibus
1345 3881 1487 3936 idem
1532 3889 1585 3937 et
1627 3883 1683 3935 in
1713 3882 1969 3939 omnibus

405 3978 593 4034 mundi
649 3977 894 4047 partibus
949 3974 1219 4030 accidisse
1290 3973 1683 4027 arbitrabatur.
1766 3972 1968 4028 Scribit

403 4071 547 4127 enim
604 4068 873 4124 Eusebius
905 4069 949 4098 “
972 4066 1234 4133 quosdam
1283 4064 1462 4118 adhuc
1503 4102 1518 4128 ,
1552 4063 1682 4118 dum
1737 4065 1965 4128 viveret,

403 4164 653 4218 extitisse
701 4160 1031 4215 Simoniana:
1065 4158 1338 4211 haereseos
1381 4163 1683 4211 sectatores
1716 4173 1731 4210 :
1760 4155 1964 4219 Simon,

405 4257 579 4326 inquit
610 4256 720 4317 ille,
754 4250 911 4323 ﬁdem
932 4255 987 4307 in
1009 4252 1278 4307 Christum
1301 4250 1611 4314 simulavit,
1668 4259 1725 4303 ut
1758 4249 1965 4319 baptis-

403 4364 545 4400 mum
564 4346 866 4414 susciperet.
894 4344 1045 4411 Quod
1067 4344 1275 4413 quidem
1307 4343 1597 4396 etiamnum
1640 4341 1756 4410 ﬁeri
1782 4342 1846 4394 ab
1885 4341 1967 4395 his

403 4438 492 4507 qui
516 4438 836 4490 teterrimam
873 4437 985 4506 ejus
1003 4445 1197 4490 sectam
1218 4435 1531 4504 proﬁtentur
1557 4473 1571 4499 ,
1603 4450 1709 4488 non
1730 4435 1841 4489 sine
1871 4433 1968 4486 ad-

2074 1961 2176 2018 bus
2204 1962 2385 2031 impiae
2420 1964 2665 2033 magistri
2693 1963 2779 2020 sui
2819 1962 3084 2019 doctrina:
3106 1964 3311 2022 additis
3336 1967 3423 2022 vel
3451 1966 3646 2022 immuo

2074 2054 2224 2119 tatis,
2258 2068 2455 2109 novam
2485 2052 2731 2109 condidit
2760 2064 2989 2121 sectam,
3023 2065 3079 2113 et
3102 2058 3481 2115 haeresiarchas
3513 2061 3646 2115 titu-

2074 2143 2185 2197 lum
2235 2159 2300 2199 ac
2347 2160 2549 2199 nomen
2611 2149 2938 2216 promeruit.
2973 2147 3024 2204 ls
3056 2149 3242 2220 itaque
3268 2167 3392 2206 cum
3450 2150 3642 2207 Simon

2073 2235 2302 2291 dixisset
2329 2253 2592 2291 summam
2640 2253 2700 2293 se
2740 2254 2863 2295 esse
2903 2239 3004 2294 Dei
3044 2242 3306 2308 virtutem,
3339 2244 3524 2299 docuit
3546 2246 3591 2277 "
3623 2264 3637 2301 :

2072 2324 2314 2379 Primam
2333 2326 2543 2399 quidem
2568 2328 2814 2383 virtutem
2832 2329 3154 2400 incognitam
3178 2332 3439 2397 omnibus,
3463 2348 3517 2386 se
3539 2349 3641 2387 αα·-

2073 2426 2175 2471 tem
2207 2434 2326 2472 eum
2354 2434 2489 2484 esse,
2511 2420 2602 2491 qui
2632 2421 2823 2474 missus
2859 2422 2931 2475 sit
2960 2420 3025 2475 ab
3057 2422 3432 2490 inuisibilibus,
3463 2424 3641 2479 salva-

2074 2516 2237 2562 torem
2262 2522 2355 2575 pro
2375 2508 2545 2563 salute
2581 2509 2836 2563 omnium.
2869 2508 2965 2567 liis
3007 2509 3207 2579 adjecit
3250 2509 3641 2565 :Resurrectio-

2073 2614 2189 2652 nem
2219 2613 2311 2667 per
2340 2598 2393 2652 id
2427 2598 2565 2668 quod
2593 2608 2672 2654 est
2704 2599 2759 2652 in
2786 2615 2905 2653 eum
2932 2599 3214 2669 baptisma,
3247 2600 3477 2669 accipere
3523 2600 3637 2668 ejus

2071 2690 2377 2761 discipulos,
2408 2699 2458 2745 et
2484 2692 2627 2745 ultra
2649 2708 2754 2746 non
2795 2706 2947 2761 posse
2987 2693 3144 2757 mori,
3176 2692 3271 2746 sed
3312 2707 3639 2761 perseverare

2071 2799 2174 2837 non
2196 2795 2515 2839 senescentes
2543 2792 2593 2839 et
2620 2784 2966 2841 immortales.
2999 2782 3209 2841 Caetera
3232 2823 3247 2848 ,
3299 2784 3519 2840 eosdem
3571 2797 3638 2839 ac

2071 2883 2373 2947 praeceptor
2407 2892 2541 2933 suus
2568 2890 2786 2932 errores
2811 2884 2865 2932 et
2888 2875 3131 2948 magicas
3178 2882 3324 2931 artes
3352 2884 3638 2930 consecta-

2070 2968 2252 3024 batur.
2782 2982 2783 2985 ‘

2139 3057 2429 3116 Nonnullis
2471 3068 2651 3115 autem
2690 3060 2962 3131 explicatu
2996 3058 3215 3114 difﬁcile
3258 3058 3491 3125 videtur,
3525 3074 3634 3131 quo

2073 3167 2239 3208 sensu
2288 3152 2525 3209 lrenaeus
2579 3154 2816 3223 primum
2867 3152 3150 3208 Menandri
3213 3167 3455 3208 errorem
3511 3168 3635 3209 esse

2073 3244 2295 3309 dixerit,
2336 3245 2482 3315 quod
2515 3260 2574 3300 se
2598 3254 2929 3315 praeceptore
2963 3260 3064 3301 suo
3101 3242 3323 3299 Simone
3370 3244 3634 3314 majorem

2067 3336 2320 3407 jactarct,
2352 3351 2477 3391 cum
2509 3334 2700 3393 Simon
2734 3353 2948 3393 summa
2978 3336 3074 3393 Dei
3095 3338 3179 3394 vis
3203 3337 3273 3392 ab
3302 3336 3424 3393 aliis
3448 3337 3635 3391 volue-

2070 3426 2142 3481 rit
2169 3426 2383 3495 audire,
2411 3442 2756 3499 nequaquam
2778 3443 2908 3484 vero
2936 3427 3254 3486 Menander.
3290 3427 3545 3483 Attamen
3584 3427 3631 3483 si

2070 3514 2257 3571 lrensei
2283 3518 2449 3572 verba
2476 3526 2682 3573 attente
2712 3518 3140 3589 perpendantur,
3174 3518 3315 3573 haud
3342 3533 3485 3588 aegre
3522 3518 3635 3573 sol-

2070 3616 2225 3663 vetur
2252 3609 2591 3667 difﬁcultatis
2615 3612 2763 3667 illius
2786 3610 2983 3666 nodus.
3010 3610 3130 3665 Non
3165 3610 3271 3664 alia
3300 3610 3499 3680 quippe
3532 3609 3629 3665 viri

2070 3700 2248 3756 sancti
2283 3716 2439 3757 mens
2469 3717 2591 3757 esse
2613 3703 2828 3757 videtur
2850 3744 2865 3769 ,
2898 3702 3005 3758 nisi
3038 3701 3393 3757 Menandrum
3422 3718 3482 3757 se
3511 3716 3630 3756 ma-

2068 3792 2242 3862 gistro
2273 3808 2396 3859 suo,
2431 3810 2543 3848 non
2588 3795 2794 3849 virtute
2844 3794 3065 3864 quidem
3121 3802 3176 3849 et
3227 3794 3487 3864 potentia,
3536 3793 3632 3850 sed

2070 3882 2298 3937 scientia
2321 3892 2375 3937 et
2405 3883 2670 3940 missione
2698 3884 3028 3955 praedicasse
3051 3885 3333 3955 majorem.

2142 3971 2292 4038 Quos
2353 3973 2743 4030 Menandriana
2772 3975 2995 4032 haeresis
3030 3976 3380 4033 adversarios
3419 3977 3631 4031 habue-

2069 4063 2163 4129 rit,
2195 4064 2430 4135 accipies
2457 4080 2489 4119 a
2522 4065 2865 4124 Theodoreto
2886 4068 2931 4100 ¹⁹
2955 4108 2972 4134 ,
3015 4067 3110 4138 qui
3156 4082 3279 4124 eam
3336 4084 3368 4122 a
3414 4066 3633 4123 Iustino

2069 4164 2326 4225 martyre,
2366 4155 2592 4226 lrenaeo,
2636 4172 2701 4212 ac
2727 4156 2962 4229 Origene
3010 4158 3234 4229 scriptis
3271 4166 3631 4229 expugnatam

2070 4253 2469 4302 essetesmtur.
2514 4247 2700 4319 Neque
2730 4250 2874 4305 ullus
2909 4258 3059 4306 certe
3105 4248 3206 4304 ibit
3260 4265 3496 4319 unquam
3549 4250 3637 4303 in-

2073 4336 2227 4393 ﬁcias
2270 4339 2522 4393 nonnihil
2546 4341 2815 4398 adversus
2847 4343 2995 4398 illam
3034 4359 3066 4398 a
3094 4343 3309 4399 Justin
3336 4350 3389 4397 et
3429 4341 3634 4397 Irenaeo

2070 4430 2348 4486 memoria:
2365 4430 2538 4488 fuisse
2560 4433 2857 4503 proditum.
2880 4434 3263 4490 Verumtamen
3277 4450 3436 4504 quem
3456 4433 3634 4489 Theo-

407 4530 684 4581 miratione
706 4529 965 4581 cernimus
994 4543 1011 4579 :
1036 4529 1125 4597 qui
1148 4544 1290 4581 more
1314 4528 1545 4595 parentis
1582 4527 1666 4581 sui
1688 4528 1743 4579 in
1776 4524 1959 4581 Eccle-
1999 4542 2038 4596 ι)
2068 4520 2291 4576 doretus
2320 4522 2515 4576 scribit
2569 4523 2625 4576 in
2675 4524 2917 4588 modum,
2971 4525 3199 4594 ipsemet
3228 4524 3417 4594 procul
3466 4524 3633 4578 dubio

403 4624 539 4675 siam
567 4662 581 4686 ,
615 4632 864 4690 tanquam
886 4622 1043 4688 pestis
1076 4630 1166 4672 aut
1202 4622 1344 4689 lepra
1375 4620 1618 4690 quaedam
1661 4620 1964 4687 irrepentes,

314 4716 317 4719 ’
400 4714 772 4784 gravissimum
808 4712 1057 4765 damnum
1092 4712 1323 4781 inferunt
1350 4713 1437 4776 iis,
1476 4712 1663 4782 quibus
1686 4713 1967 4780 pessimum

401 4804 535 4857 illud
555 4812 606 4857 et
637 4801 1017 4855 immedicabile
1040 4817 1318 4866 venenum,
1344 4801 1480 4870 quod
1510 4800 1768 4854 mentibus
1801 4801 1969 4853 occul-

403 4906 538 4961 tant,
566 4895 831 4949 instillare
860 4894 1141 4961 potuerint.
1176 4892 1252 4945 Ac
1284 4884 1516 4962 plerique
1540 4892 1657 4961 jam
1690 4908 1871 4945 eorum
1902 4892 1967 4943 ab

400 4989 635 5044 Ecclesia
662 4990 813 5059 ejecti
838 4998 958 5042 sunt
988 5029 1001 5051 ,
1034 5004 1152 5041 cum
1189 4987 1340 5055 fraus
1364 4988 1598 5055 ipsorum
1647 4996 1781 5041 esset
1821 4994 1963 5041 dete-

400 5098 503 5138 cta.
528 5082 593 5136 Et
621 5083 820 5137 infra"
849 5102 861 5136 :
888 5080 1033 5134 Unde
1066 5080 1131 5133 ad
1159 5089 1396 5133 nostram
1426 5094 1587 5149 usque
1607 5086 1817 5133 wtatem
1847 5080 1963 5151 qui-

401 5189 598 5242 cunque
626 5174 738 5241 ejus
771 5184 965 5228 sectam
992 5172 1326 5241 proﬁtentur,
1361 5186 1479 5223 cum
1509 5186 1564 5223 se
1595 5168 1961 5224 Christianam

402 5264 721 5332 religionem,
751 5266 959 5331 plenam
992 5262 1246 5316 molestia!
1279 5270 1328 5315 et
1365 5262 1688 5325 sanctitatis,
1721 5262 1963 5330 amplecti

400 5355 757 5408 simulaverint
784 5395 798 5417 ,
834 5367 1004 5408 tamen
1041 5363 1088 5406 et
1124 5353 1192 5406 ad
1221 5353 1638 5420 superstitiosum
1666 5353 1961 5407 daemonum

474 5579 516 5610 "
546 5579 759 5650 Librde
813 5585 993 5636 hazres.
1046 5596 1164 5650 cap.
1219 5584 1265 5635 1.

404 5652 585 5721 Ιὼκιν
642 5649 811 5711 Ilist.,
843 5668 963 5721 cap.
994 5651 1047 5706 σιμ
1117 5649 1169 5682 ⁷¹²
1203 5652 1404 5708 Haeres.
1437 5654 1612 5717 21,4.

404 5723 446 5750 "’
480 5719 803 5793 Theodoret.
834 5719 1013 5793 ιὶὺξᾳιν
1060 5721 1258 5777 "teret.
1318 5722 1509 5779 Fabul.
1569 5740 1686 5793 cap.
1745 5726 1796 5779 5.

404 5796 445 5821 "
477 5791 575 5846 Lib
626 5808 642 5844 ι
688 5790 883 5845 lltcret.
915 5790 1105 5845 Fubul.
1148 5809 1268 5861 cap.
1307 5794 1359 5847 ‘2.

1348 5583 1391 5619 ¹⁹
1418 5581 1534 5637 Lib.
1592 5599 1607 5637 ι
1655 5582 1857 5637 "teret.
1902 5582 2035 5635 Fab.
2070 5598 2190 5653 cap.
2228 5584 2277 5638 1.

1348 5670 1382 5684 ιο
1437 5654 1496 5684 01
1534 5654 1586 5684 ἰ
1692 5655 1735 5684 2³
1760 5653 1776 5684 Ι
1802 5656 1856 5684 η.
1908 5671 1956 5684 ιγ-
1991 5665 2108 5684 Anus!
2164 5654 2277 5684 ΡηΙ.

1759 5653 1875 5708 Lib.
1908 5671 1956 5707 vI
1989 5665 2131 5708 cont.
2164 5654 2302 5708 Cels.
2381 5655 2425 5684 “
2457 5653 2571 5708 Lib.

1759 5727 1796 5779 ἴ.
1875 5726 1916 5756 ³⁷
1972 5723 2238 5793 Epiphan.
2278 5724 2478 5780 flueres.
2504 5724 2592 5778 29..

1440 5796 1481 5826 ³ο
1511 5794 1623 5847 Lib.
1652 5795 1715 5849 de
1744 5798 1943 5861 anima,
1981 5811 2098 5864 cap.
2132 5796 2216 5848 δυ.

2069 4613 2316 4683 quzedam
2348 4615 2454 4668 alia
2483 4629 2669 4670 eorum
2711 4615 2934 4687 scripta,
2967 4619 3165 4687 quibus
3194 4617 3445 4672 haeresim
3483 4618 3632 4671 illam

2070 4706 2287 4774 planius
2318 4706 2609 4776 fusiusque
2636 4707 3014 4773 confutabant,
3046 4708 3118 4763 ibi
3170 4709 3443 4765 indicasse
3482 4708 3633 4762 vide-

2070 4806 2178 4851 tur.
2212 4796 2384 4852 Porro
2414 4808 2595 4853 autem
2629 4815 2751 4869 qua:
2781 4798 3078 4855 Menander
3106 4800 3174 4856 de
3202 4800 3474 4872 baptismo
3508 4814 3629 4863 suo,

2070 4904 2179 4959 quo
2232 4889 2483 4944 homines
2532 4890 2870 4945 immortales
2895 4890 3012 4946 ﬁeri
3056 4891 3351 4963 garriebat,
3384 4890 3522 4945 adeo
3553 4898 3635 4946 te-

2072 4999 2219 5039 mere
2239 4984 2555 5045 venditavit.
2584 5000 2645 5040 ea
2678 4983 3049 5043 Tertullianus
3072 4987 3287 5059 egregie
3316 4984 3535 5049 refellit,
3580 4993 3634 5040 et

2069 5074 2298 5128 ridicula
2343 5088 2467 5129 esse
2515 5073 2858 5133 demonstrat
2920 5076 2988 5136 ⁸⁰.
3033 5076 3219 5147 Neque
3276 5085 3459 5130 tamen
3500 5076 3632 5130 illud

2068 5182 2356 5224 censemus
2384 5166 2772 5238 adjiciendum,
2800 5168 2944 5238 quod
2974 5169 3222 5224 nonnulli
3239 5168 3631 5223 Tertullianuin

2070 5274 2261 5314 rursus
2298 5258 2367 5314 de
2414 5259 2600 5315 eadem
2652 5261 2846 5316 haeresi
2890 5262 3092 5333 aliquid
3129 5262 3184 5316 in
3224 5261 3385 5318 Libro
3416 5262 3480 5317 de
3504 5276 3636 5332 pra:-

2074 5351 2442 5422 scriptionibus
2522 5352 2719 5409 litteris
2767 5354 3056 5411 mandasse
3118 5355 3435 5425 opinantur.
3489 5353 3632 5408 Nihil

2355 5584 2399 5614 ²⁰
2431 5581 2549 5635 Lib.
2574 5597 2647 5638 vn
2673 5581 2893 5653 Strom.,
2929 5600 2983 5653 p.
3019 5583 3139 5639 765'.
3174 5584 3218 5615 ⁹¹
3241 5581 3396 5653 Apud
3430 5582 3627 5653 Euseb.

2381 5655 2425 5684 “
2457 5653 2571 5708 Lib.
2608 5668 2646 5706 ιι
2682 5652 2823 5707 Hist.
2845 5652 2962 5723 cap.
2991 5654 3045 5709 2.
3122 5654 3167 5685 ³⁸
3220 5652 3352 5709 Ibid.
3386 5669 3504 5720 cap.
3542 5652 3625 5723 15.

2696 5725 2739 5755 ’⁸
2781 5722 2922 5781 lrcn.
2953 5726 3069 5780 adv.
3122 5724 3327 5779 limes.
3384 5739 3503 5793 cap.
3537 5722 3627 5777 21.
